4130 6342
56 452 223 512 tetes
1029 453 1387 523 Timonem
1414 469 1615 524 GAZ/E
1657 471 1858 525 mum
1895 472 1981 525 ne
2027 472 2387 529 MENSIBUS.
3153 480 3292 536 1206

51 572 205 627 δῶν.
254 576 344 640 Ὠς
370 577 413 630 δ’
440 580 569 650 ἡμῖν
594 579 775 633 οὐκέτι
802 582 1070 653 χρήσιμος
1096 583 1191 653 ἕνη
1219 586 1312 637 καὶ
1340 584 1454 647 νέα,
1479 563 1649 649 οῦτως

1752 588 2063 657 appellatas.
2100 568 2291 644 Nonas
2319 596 2520 656 aut-3m,
2555 591 2771 662 quando
2810 593 3044 661 primum
3093 594 3159 647 ad
3195 611 3289 648 oc-

50 668 199 721 οὺδὲ
237 668 525 738 Ῥωμαίοις
570 672 629 723 τὸ
673 672 1075 742 Ἰντερλούνιον·
1116 674 1213 745 τὴν
1260 674 1368 745 γὰρ
1414 676 1643 745 ἡμέραν,

54 755 139 833 ἦς
175 761 241 815 τὸ
267 763 363 833 μὲν
389 762 465 833 τῷ
486 754 701 834 λήγοντι
728 767 877 836 μηνὶ,
899 767 958 820 τὸ
984 766 1040 820 δὲ
1072 768 1146 838 τῷ
1170 768 1453 838 ἀρχομένῳ
1476 786 1643 841 προσ-

59 855 205 925 ήκει
255 855 393 909 κατὰ
443 856 687 927 σελήνην,
721 859 975 928 Ῥωμαῖοι
1005 858 1146 913 οὕτω
1177 860 1423 914 καλοῦσι.
1460 860 1644 913 Ταῦτα

68 943 183 1012 μὲν
215 943 282 1014 δὴ
304 944 441 997 οῦτω
475 945 856 1016 λαμόανόμενα
895 944 951 1001 εὖ
982 947 1047 1001 ἂν
1077 948 1207 1019 ἔχοι.
1248 949 1359 1001 Οὐκ
1392 948 1455 1001 ἂν
1485 950 1646 1017 ἀφαι-

69 1036 262 1104 ρεῖται
298 1034 341 1087 δ’
367 1036 396 1088 ὀ
427 1034 581 1105 λόγος
610 1036 728 1089 οὐδὲ
773 1037 983 1101 ἰδιώτας
1015 1038 1111 1109 τὴν
1160 1038 1267 1091 τῶν
1304 1040 1520 1110 ἡμερῶν
1545 1040 1644 1110 τῆς

65 1129 315 1201 σελήνης
344 1132 564 1199 γνῶσιν,
591 1134 783 1186 ὁπόσαι
816 1135 1092 1188 ἑκάστοτε.
1124 1135 1262 1187 Πολὺ
1292 1136 1396 1207 γάρ
1423 1152 1474 1187 τι
1505 1152 1644 1205 συμ-

62 1219 337 1274 ϐάλλεται
359 1224 435 1287 εἰς
459 1222 603 1276 τοῦθ’
626 1227 659 1295 ἡ
681 1225 787 1277 τῶν
809 1224 1030 1296 ἡμερῶν
1053 1225 1146 1277 τοῦ
1169 1224 1288 1278 καθ’
1304 1224 1451 1293 ἦλιον
1481 1226 1646 1296 μηνὸς

61 1314 288 1384 εἰδησις
309 1332 324 1345 '
352 1318 442 1368 καὶ
474 1317 651 1388 ῥᾴδιον
685 1317 1022 1389 προστιθέντι
1058 1319 1175 1380 ταῖς
1212 1319 1473 1380 ὲπακταῖς
1501 1317 1647 1389 εὑρί-

67 1424 242 1461 σκειν
262 1408 351 1461 τὸν
390 1411 635 1482 ἀριθμόν.
672 1412 744 1464 Τὸ
774 1411 817 1464 δ’
855 1412 1075 1481 ἀκριϐὲς
1110 1413 1206 1465 οὐκ
1236 1412 1561 1481 ἀπαιτητέον
1589 1412 1644 1463 ὲν

62 1502 313 1565 τούτοις.
352 1502 613 1556 Ἐπακταὶ
644 1504 726 1571 ἐφ’
762 1497 807 1571 ᾧ
833 1510 881 1557 α’
923 1504 1150 1573 ἀριθμὸς
1193 1496 1412 1574 ἡμερῶν
1455 1504 1647 1570 ἐπαγο-

69 1592 265 1662 μένων
312 1593 533 1664 ἡλιακοῦ
597 1596 798 1665 μηνὸς,
855 1598 937 1665 ἐφ’
972 1589 1015 1663 ᾧ
1056 1596 1119 1667 β’.
1163 1596 1414 1669 Ἀριθμὸς
1465 1595 1645 1667 μηνῶν

64 1686 439 1755 ἐπαγομένων
473 1687 738 1752 ἐνιαυτοῦ,
779 1688 887 1741 ἀπὸ
921 1688 1295 1760 Μουνυχιῶνος
1322 1688 1645 1759 ἀρχομένου,

64 1777 167 1845 ἐφ’
201 1770 247 1845 ᾧ
278 1784 345 1845 γ’.
381 1777 419 1829 Γ
423 1779 667 1857 ινόμενος
701 1780 927 1860 ἀριθμὸς
973 1782 1036 1833 ὲκ
1074 1780 1181 1834 τῶν
1215 1786 1282 1843 α’,
1318 1781 1383 1849 β’,
1425 1788 1473 1849 γ’
1513 1780 1665 1852 ὁμοῦι

65 1868 413 1939 ληφθέντων,
442 1871 525 1939 ἐφ’
553 1864 597 1938 ᾧ
642 1870 703 1924 δ’.
733 1872 1039 1943 ’Υπερέχων
1080 1872 1185 1925 τῶν
1219 1873 1527 1943 τριάκοντα,
1561 1874 1644 1943 ἐφ’

64 1954 124 2028 ᾧ
164 1967 231 2035 εἴ·
275 1961 551 2033 ’Υπεροχὴ
580 1961 663 2030 ἐφ’
690 1956 735 2031 ᾧ
778 1961 844 2026 ξ’.
878 1964 1113 2034 Σελήνης
1160 1965 1381 2034 ἡμερῶν
1420 1965 1649 2035 ἀριθμὸς

62 2052 456 2123 ἐπαγομένων,
486 2054 569 2123 ἐφ’
593 2046 637 2121 ᾧ
668 2062 737 2125 η’.
766 2053 837 2109 Τὸ
867 2054 930 2126 δὴ
967 2055 1009 2107 δ’
1038 2055 1184 2109 ἔσται
1216 2058 1325 2109 ἴσον
1346 2054 1424 2126 τῷ
1456 2064 1525 2127 η’,
1554 2058 1648 2110 ἐὰν

68 2143 158 2211 μὴ
186 2143 251 2196 τὸ
280 2149 321 2195 ε’
353 2143 570 2215 ὑπάρχῃ
607 2145 683 2215 τῷ
710 2145 773 2200 δ’,
816 2147 941 2199 Ἐ-ὰν
968 2146 1023 2200 δ’
1056 2147 1293 2220 ὑπάρχῃ,
1330 2148 1390 2199 τὺ
1424 2149 1465 2211 ζ’
1498 2140 1646 2202 ἔσται

67 2230 199 2284 ἴσον
225 2230 304 2302 τῷ
328 2232 388 2284 δ’.
429 2231 502 2284 Τὸ
540 2232 594 2285 δὲ
625 2239 673 2285 α’
708 2232 936 2303 ληπτέον
960 2234 1056 2286 ὅτι
1094 2234 1257 2287 ἐστίν.
1296 2233 1495 2286 Ἱκανὸν
1541 2233 1647 2302 γὰρ

64 2323 155 2385 ὡς
192 2322 331 2394 πρὸς
356 2323 482 2385 τοὺς
500 2322 724 2387 πολλοὺς
750 2322 811 2376 τὸ
832 2324 859 2376 ὅ
881 2342 952 2378 τι.
981 2324 1132 2377 Ἔστι
1160 2324 1205 2377 δ’
1235 2324 1340 2395 ἄρα
1361 2324 1530 2378 εἴκοσι
1554 2327 1648 2378 καὶ

63 2413 229 2473 ὀκτὼ
254 2413 346 2467 τοῦ
373 2414 467 2468 νῦν
494 2416 754 2487 παρόντος
779 2414 1078 2487 ἡραρχικοῦ
1104 2414 1276 2479 ἔτους.
1310 2415 1650 2479 Ἐπαυξέσθω

64 2506 138 2559 δὲ
166 2506 291 2559 καθ’
337 2507 564 2561 ἕκαστον
608 2508 724 2573 ἔτος
770 2508 1066 2579 ήραρχικὸν
1104 2506 1391 2578 προσθέσει
1431 2508 1537 2560 τῶν
1568 2508 1651 2560 ἒν-

67 2596 239 2650 δεκα.
274 2598 383 2650 Καὶ
407 2598 624 2652 ἐπειδὰν
654 2598 761 2651 τῶν
788 2600 1075 2669 τριάκοντα
1108 2600 1369 2669 ὑπερέχῃ,
1415 2598 1651 2669 εἰλήφθω

67 2688 109 2756 ἡ
146 2686 389 2757 ὑπεροχὴ
422 2694 488 2741 α’.
522 2688 631 2739 Καὶ
661 2686 802 2740 οὕτω
827 2686 891 2758 δὴ
927 2685 1211 2751 ὲπαύξοντι
1245 2689 1351 2741 αἰεὶ
1379 2688 1471 2740 καὶ
1512 2690 1651 2759 λαμ-

70 2777 303 2829 ϐάνοντι
344 2778 571 2849 ληπτέον
602 2779 663 2832 τὸ
699 2785 768 2835 α’.
814 2781 1113 2850 Πρόσθεσις
1143 2780 1239 2849 ’ἐφ’
1274 2773 1317 2847 ᾧ
1358 2778 1421 2831 θ’.
1461 2778 1650 2849 Ἑτέρα

74 2869 332 2941 ὑπεροχὴ
364 2870 446 2938 ἐφ’
483 2864 527 2938 ᾧ
574 2868 623 2923 ι’.
666 2871 1109 2942 Προσληφθέντος
1143 2872 1207 2937 δὴ
1253 2870 1344 2925 τοῦ
1386 2871 1430 2922 θ’
1462 2870 1541 2942 τῷ
1578 2878 1647 2934 α’,

77 2963 245 3016 ἔσται
272 2964 331 3015 τὸ
360 2969 428 3026 α’,
451 2963 526 3027 ὡς
557 2963 711 3019 ἐννέα
753 2964 847 3017 τοῦ
880 2964 1120 3027 ἐπιόντος
1141 2962 1442 3034 ὴραρχικοῦ
1466 2964 1614 3027 ἔτους
1633 2981 1645 2992 ·

76 3056 183 3107 καὶ
214 3054 373 3109 πάλιν
430 3054 880 3127 προσληφθέντος,
917 3055 1066 3108 ἔσται
1104 3055 1177 3119 ὼς
1219 3056 1389 3108 εἴκοσι
1432 3054 1524 3107 τοῦ
1559 3057 1652 3122 ἐφ-

77 3148 219 3217 εξῆς
269 3150 449 3213 ἔτους·
475 3122 703 3212 ἐἷτα-ὧς
754 3122 849 3218 μία
898 3148 990 3201 τοῦ
1032 3146 1168 3218 μετὰ
1201 3146 1388 3200 ταῦτα.
1431 3147 1503 3199 Τὸ
1544 3147 1650 3218 γὰρ

82 3246 116 3289 ι’
153 3239 220 3309 δὴ
250 3239 324 3303 ὡς
355 3241 470 3311 μία.
518 3241 626 3295 Καὶ
667 3239 838 3302 οὕτως
866 3239 981 3292 ἀεί·
1014 3237 1568 3309 ὲπιστημονικάνεερον
1594 3238 1649 3291 δὲ

1745 695 1933 736 casum
1962 681 2259 750 conspicua
2295 696 2431 736 nova
2466 682 2541 736 ﬁt.
2570 683 2715 743 ldus.
2746 684 2963 753 quando
2986 682 3097 753 jam
3133 685 3293 752 pleno

1742 771 1874 845 orbe
1902 771 2069 827 facies
2101 772 2393 826 formosior
2434 774 2788 843 conspicitur.
2840 773 2947 828 Sed
2975 783 3157 829 tamen
3197 790 3293 844 po—

1742 870 1858 918 stea
1908 862 2093 924 etiam,
2125 865 2373 932 quamvis
2423 879 2637 921 menses
2683 865 2751 920 ad
2793 864 2962 919 solem
2998 864 3289 931 deducant,

1741 963 1953 1023 tempus
2015 952 2265 1007 similiter
2314 953 2645 1020 dividentes,
2710 953 3019 1020 Kalendas,
3068 953 3285 1018 Nonas,
3346 1014 3351 1019 η

1741 1042 1902 1108 ldus,
1961 1040 2255 1099 etiamnum
2309 1053 2537 1111 vocant,
2595 1042 2906 1103 nominibus
2954 1047 3307 1103 abutentes:

1742 1137 1939 1205 quibus
1984 1143 2141 1189 antea
2174 1135 2242 1189 ad
2273 1135 2415 1188 luna:
2456 1149 2676 1189 cur-sum
2712 1137 2926 1205 proprie
2976 1135 3287 1191 utebantur.

1744 1221 1861 1277 Non
1894 1221 2057 1292 igitur
2087 1221 2378 1276 absurdum
2406 1221 2588 1287 fuerit,
2621 1224 2667 1277 si
2698 1239 2796 1279 nos
2829 1240 3045 1294 quoque
3076 1226 3289 1280 instan-

1722 1306 1856 1369 tem
1893 1321 1947 1367 et
1989 1313 2317 1383 praecipitem
2366 1312 2682 1378 dixerimus,
2740 1330 2845 1369 .IOII
2892 1317 2958 1370 ad
2994 1316 3136 1371 lunae
3178 1332 3291 1371 am-

1746 1406 1911 1476 plius,
1940 1406 2033 1461 sed
2061 1406 2129 1459 ad
2157 1405 2288 1460 solis
2320 1405 2654 1459 curriculum
2686 1413 2923 1476 tempora
2957 1408 3287 1477 digerentes.

1744 1497 2103 1567 PrOportione
2151 1497 2336 1565 itaque
2370 1494 2510 1564 apud
2560 1511 2660 1551 nos
2698 1497 3042 1567 reSpondebit
3074 1513 3291 1552 neome-

1746 1589 1833 1642 nia
1868 1586 2123 1641 Kalendis
2152 1583 2443 1650 Romanis;
2480 1586 2695 1641 instans
2729 1602 2877 1655 vero,
2914 1586 2966 1641 et
3004 1602 3168 1658 supra
3196 1587 3293 1642 de-

1744 1691 1882 1740 cem,
1916 1684 1969 1732 et
1996 1690 2258 1747 princeps,
2294 1690 2389 1730 seu
2419 1674 2699 1740 desinens,
2728 1678 2834 1733 illis
2864 1678 3076 1733 dicendi
3114 1678 3291 1731 modis

1746 1769 1972 1845 Latinis,
2008 1777 2152 1845 ωηο,
2168 1766 2373 1832 Nonas,
2400 1775 2525 1823 ante
2554 1767 2701 1831 ldus,
2737 1778 2860 1823 ante
2889 1769 3176 1826 Kalendas.
3219 1769 3291 1824 lit

1747 1828 1877 1917 vero
1909 1863 2065 1917 nobis
2095 1877 2201 1917 non
2235 1862 2467 1932 amplius
2497 1879 2631 1919 usus
2658 1863 2881 1919 extremi
2919 1872 2975 1917 et
3006 1864 3188 1932 primi,
3213 1863 3293 1916 sic

1747 1968 1813 2007 ne
1844 1952 2102 2009 Romanis
2143 1954 2359 2023 quidem
2397 1955 2713 2020 interlunii;
2747 1954 2895 2029 diem,
2926 1954 3069 2008 enim
3109 1953 3292 2023 (cuius

1746 2061 1874 2115 pars
1914 2045 2182 2101 desinenti
2216 2047 2412 2112 mensi,
2449 2061 2578 2117 pars
2606 2047 2885 2116 incipienti
2917 2046 3174 2115 competit
3200 2060 3287 2100 se-

1746 2138 1981 2193 cundum
2012 2138 2216 2207 lunam)
2254 2136 2481 2193 Romani
2521 2141 2593 2193 ita
2623 2144 2839 2194 vocant.
2873 2138 2995 2192 llaec
3028 2139 3189 2207 igitur
3214 2136 3293 2191 sic

1749 2235 1967 2297 accepta
2012 2228 2148 2283 bene
2200 2228 2420 2298 quidem
2479 2208 2728 2284 habeant.
2782 2228 2966 2299 Neque
3018 2243 3146 2284 vero
3206 2227 3294 2282 hic

1750 2334 1929 2374 sermo
1957 2320 2133 2399 privat
2166 2320 2352 2385 rudes,
2380 2308 2434 2376 et
2461 2321 2662 2377 idiotas
2694 2322 2901 2376 dierum
2932 2322 3075 2375 lunae
3110 2319 3296 2390 cogni-

1751 2412 1914 2471 tione.
1947 2421 2209 2482 quotnam‘
2230 2413 2441 2469 scilicet
2472 2413 2713 2483 quotidie
2740 2413 2869 2467 sint.
2902 2411 3128 2466 Multum
3152 2412 3297 2467 enim

1748 2504 1815 2557 ad
1841 2505 1894 2559 id
1923 2485 2180 2560 conducit
2203 2506 2415 2562 dierum
2446 2504 2643 2562 solaris
2672 2506 2876 2561 mensis
2905 2504 3129 2576 peritia;
3166 2502 3298 2556 faci-

1700 2616 1704 2619 -
1750 2596 1964 2665 liusque
2002 2604 2087 2651 est
2115 2606 2211 2652 eos
2251 2598 2374 2681 dies
2419 2599 2626 2668 epactis
2676 2597 2953 2668 adjicienti
2981 2594 3297 2680 huiusmodi

1750 2687 1990 2742 lunarem
2019 2675 2305 2744 numerum
2334 2689 2596 2745 invenire.
2643 2689 2822 2759 Atque
2854 2689 2942 2745 hic
2968 2704 3074 2745 nou
3116 2675 3299 2759 requi-

1751 2780 1916 2835 renda
1946 2781 2162 2836 subtilis
2181 2791 2477 2850 exactaque
2511 2781 2810 2852 diligentia.
2844 2781 3056 2852 Epactae
3086 2781 3197 2837 sint
3216 2779 3297 2847 A;

1750 2888 2011 2929 numerus
2043 2873 2253 2928 dierum
2278 2874 2473 2929 solaris
2504 2874 2706 2929 mensis
2739 2875 2980 2929 scriatim
3013 2872 3299 2927 continua-
3348 2918 3353 2935 ,

1752 2974 1931 3020 torum
1965 2968 2037 3021 sit
2066 2964 2147 3032 B;
2189 2982 2447 3022 numerus
2487 2968 2752 3023 mensium
2803 2966 2928 3019 anni
2961 2978 3298 3033 consequen-

1752 3058 1887 3111 tium
1921 3072 1949 3111 a
1990 3057 2181 3113 Martio
2210 3059 2426 3135 quidem
2474 3058 2786 3129 incipientis
2824 3058 2897 3124 C;
2937 3054 3202 3111 conﬁatus
3231 3069 3295 3108 ex

1753 3147 1817 3211 A,
1848 3145 1909 3211 Β,
1940 3145 1980 3202 C
2013 3163 2297 3221 numerus,
2346 3148 2417 3205 sit
2455 3149 2531 3216 D;
2580 3165 2839 3204 numerus
2887 3148 3157 3203 excedens
3200 3146 3299 3198 tri-

1753 3240 1900 3308 ginta
1932 3239 2003 3293 sit
2030 3238 2108 3305 E;
2136 3255 2396 3295 excessus
2426 3241 2512 3294 ille
2539 3250 2760 3296 vocetur
2788 3239 2862 3306 F;
2894 3254 3153 3293 numerus
3186 3236 3298 3291 die-

78 3322 216 3377 ὦδε.
1676 3322 1716 3379 C
1750 3345 1871 3383 rum
1916 3329 2055 3384 lunae
2099 3333 2553 3401 consequentium
2604 3335 2677 3386 sit
2713 3332 2779 3387 G.
2815 3330 3080 3385 Cat-terum
3126 3328 3169 3381 D
3200 3326 3302 3383 erit

78 3422 273 3489 qualis
299 3422 363 3490 G,
402 3422 507 3478 nisi
544 3422 585 3477 E
633 3422 705 3479 sit
752 3421 813 3477 D.
869 3421 1025 3488 Quod
1080 3422 1123 3477 si
1172 3423 1263 3489 sit,
1297 3423 1337 3477 F
1402 3425 1507 3480 erit
1569 3426 1744 3495 qualis
1804 3425 1867 3479 D.
1903 3427 1950 3480 A
1984 3442 2130 3489 vero,
2169 3428 2222 3481 id
2264 3438 2349 3483 est
2392 3436 2707 3499 epactarum
2747 3442 2981 3491 summa,
3047 3440 3303 3495 quaecun-

78 3528 200 3588 que
233 3514 325 3579 sit,
359 3514 621 3569 sumenda
654 3523 756 3571 est.
791 3516 998 3573 Sufficit
1021 3519 1164 3573 enim
1197 3520 1359 3590 vulgo
1413 3519 1505 3574 illa
1558 3536 1896 3592 quaecunque
1934 3523 2024 3577 sit.
2059 3520 2197 3576 Sunt
2263 3524 2446 3593 itaque
2494 3505 2686 3593 viginti
2730 3532 2854 3579 octo
2900 3530 3103 3593 epactze
3158 3534 3299 3590 prae.

81 3607 267 3663 sentis
311 3608 439 3663 anni
479 3623 509 3661 a
546 3624 673 3663 vere
719 3609 1049 3680 incipientis.
1089 3610 1290 3667 Verum
1327 3620 1629 3681 augeantur
1674 3629 1771 3682 per
1794 3615 2038 3685 singulos
2068 3629 2242 3669 annos
2276 3615 2527 3669 similiter
2573 3632 2603 3669 a
2634 3630 2758 3671 vere
2800 3617 3139 3671 inchoantes.
3178 3611 3301 3665 ~ad-

81 3704 301 3756 ditione
332 3699 603 3755 undecim.
639 3699 704 3754 Et
738 3702 956 3772 quando
997 3703 1083 3757 hic
1124 3718 1386 3759 numerus
1418 3704 1637 3773 triginta
1686 3706 2003 3773 excesserit,
2032 3714 2281 3760 sumatur
2308 3707 2398 3761 ille
2444 3722 2706 3762 excessus
2738 3710 2805 3760 A.
2845 3706 2907 3760 Et
2946 3707 3025 3761 sic
3089 3718 3303 3775 semper

81 3797 314 3868 augenti
350 3804 404 3852 et
468 3787 758 3868 accipienti
803 3798 1126 3854 sumendum
1182 3806 1266 3855 est
1328 3800 1393 3852 A.
1440 3797 1562 3852 Fiat
1628 3799 1835 3855 additio
1877 3799 1943 3854 Η.
1999 3801 2151 3858 Alter
2198 3816 2457 3856 excessus
2504 3802 2575 3857 sit
2614 3803 2657 3870 1,
2703 3802 2976 3857 additione
3019 3800 3086 3864 Η,
3142 3800 3306 3854 simul

83 3898 311 3960 sumpta
357 3906 479 3947 cum
511 3891 579 3973 Α,
612 3891 666 3946 id
718 3900 822 3957 est,
873 3908 996 3948 cum
1040 3895 1231 3965 viginti
1280 3890 1651 3965 Octorepactis
1691 3896 1972 3965 praesentis
2015 3897 2145 3953 anni
2198 3896 2277 3964 Α,
2309 3914 2633 3954 excrescens
2676 3907 2884 3952 summa
2934 3897 3037 3952 erit
3097 3895 3305 3951 dierum

84 3997 289 4037 novem
320 3984 597 4053 sequentis
635 3986 762 4038 anni
792 3999 821 4039 a
850 4002 977 4041 vere
1008 3987 1303 4042 inchoativi
1332 4006 1345 4041 :
1374 3996 1426 4043 et
1452 4003 1646 4044 rursus
1684 3989 1827 4044 facta
1859 3990 2159 4080 additione,
2189 4000 2352 4047 erunt
2376 3993 2569 4061 viginti
2600 3991 2759 4063 166
2814 4000 3018 4059 epactaa
3077 4003 3307 4057 sequen—

84 4078 170 4132 tis
220 4075 380 4140 anni;
425 4074 621 4131 deinde
670 4091 777 4132 una
828 4086 1015 4148 epacta
1054 4081 1182 4133 anni
1230 4080 1323 4157 qui
1365 4082 1639 4136 succedet.
1686 4081 1707 4135 l
1742 4084 1889 4140 enim
1915 4074 2173 4142 excessus
2199 4083 2473 4141 secundus
2506 4100 2613 4140 una
2642 4085 2933 4139 duntaxat.
2961 4091 3146 4153 epacta
3202 4091 3303 4141 est.

87 4172 165 4225 Et
198 4170 272 4225 ita
297 4169 517 4226 assidue
542 4170 666 4237 ﬁat;
706 4173 935 4242 peritius
965 4188 1094 4228 vero
1120 4175 1219 4230 sic.

517 4286 769 4355 Εῧρεσις
803 4287 923 4342 τῶν
947 4288 1235 4343 ἐπακτῶν.

2230 4286 2466 4341 Iuventio
2486 4294 2807 4355 epactarum.

170 4402 283 4468 IG'.
301 4400 585 4474 Διῃρήσθω
628 4400 777 4472 παρὰ
808 4403 1156 4456 ὲνεακαίδεκα
1180 4404 1248 4457 τὰ
1266 4403 1372 4457 ἀπὸ
1392 4404 1651 4472 γενέσεως

1789 4430 1803 4441 ι
1827 4396 1965 4453 XVI.
2008 4397 2328 4452 Dividantur
2361 4396 2485 4448 anni
2513 4410 2541 4447 a
2566 4394 2733 4448 natali
2760 4392 3071 4449 Christiano
3093 4411 3188 4465 per
3212 4409 3310 4451 no-

90 4491 192 4546 τοῦ
233 4491 365 4546 Θεοῦ
406 4493 720 4564 ἀπαγόμενα
758 4492 873 4562 ἔτη,
906 4494 1294 4566 προσκειμένου
1324 4496 1530 4559 τούτοις
1561 4497 1651 4549 καὶ

1756 4491 2075 4559 vemdecim,
2106 4491 2192 4545 his
2232 4504 2341 4543 uno
2386 4490 2556 4543 altero
2591 4501 2732 4541 anno
2772 4488 2935 4541 etiam
2973 4488 3176 4543 addito.
3216 4488 3311 4547 Su-

94 4584 219 4647 ἐνὸς
257 4582 337 4636 ἔτι
380 4583 563 4653 ἐτέρου
608 4583 779 4648 ἔτους.
834 4584 1188 4655 Εἰλήφθωσαν
1218 4586 1273 4639 δὲ
1302 4588 1357 4639 αἱ
1394 4586 1531 4661 ὑπὲρ
1559 4589 1651 4651 τὰς

1758 4592 1978 4638 mantur
2004 4597 2132 4637 vero
2168 4581 2307 4642 dies,
2340 4580 2433 4649 qui
2464 4595 2527 4634 ex
2567 4593 2630 4633 ea
2659 4578 2929 4634 divisione
2958 4578 3098 4648 (quae
3123 4579 3181 4632 ﬁt
3215 4594 3311 4648 per

94 4671 546 4739 ὲνεακαιδεκάδας
580 4676 987 4746 περιττεύουσαι
1016 4677 1233 4747 ἡμέραι,
1269 4678 1361 4729 καὶ
1388 4678 1651 4747 πολυπλα-

1762 4673 2155 4745 novemdecim)
2216 4680 2541 4743 supererunt
2586 4690 2601 4724 :
2638 4678 2692 4725 et
2737 4669 3169 4739 multiplicemur
3217 4685 3314 4738 per

99 4763 480 4836 σιασθήτωσαν
530 4767 621 4819 ἐπὶ
669 4766 760 4823 τὸν
817 4767 1036 4821 ἓνδεκα’
1078 4766 1195 4822 εἷτα
1237 4746 1651 4841 διαιρεθήτωσαν

1761 4766 2036 4831 undecim,
2060 4761 2254 4819 deinde
2279 4762 2591 4835 dividantur
2620 4775 2716 4829 per
2760 4760 3002 4830 triginta.
3036 4758 3137 4826 Qui
3167 4769 3315 4815 certe

100 4856 261 4929 παρὰ
316 4858 620 4927 τριάκοντα.
672 4861 738 4913 Αἱ
788 4859 898 4930 γὰρ
956 4859 1093 4930 ὑπὲρ
1134 4862 1232 4924 τὰς
1276 4863 1651 4933 τριακοντάδας

1762 4870 1926 4926 supra
1979 4854 2287 4911 tricesimas
2342 4852 2463 4906 illas
2506 4853 2621 4906 dies
2665 4852 3044 4915 remanebunt,
3100 4862 3226 4905 sunt
3269 4850 3313 4903 Α

100 4947 568 5014 πλεονάζουσαιτὺ
594 4956 642 5002 α’
682 4954 739 5003 al
772 4952 1005 5005 ὲπακταί
1033 4953 1187 5006 εἰσιν.
1215 4947 1355 5017 Οἷον,
1388 4952 1529 5022 χίλια
1564 4955 1651 5023 μὲι¹

1762 4946 1984 5017 epactae.
2011 4944 2174 5001 Verbi
2197 4944 2392 5014 gratia,
2416 4958 2563 4997 nunc
2594 4957 2621 4995 a
2653 4943 2820 4997 natali
2854 4942 3166 4997 Christiano
3189 4952 3317 4997 sunt

100 5044 199 5097 καὶ
224 5041 547 5111 τετρακόσια
581 5043 673 5096 καὶ
713 5042 1075 5114 ἑϐδομήκοντα
1110 5042 1205 5094 νῦν
1245 5044 1313 5096 τὰ
1340 5044 1445 5096 ἀπὸ
1470 5042 1663 5111 Θεογο-

102 5125 371 5202 νίαφέτη.
404 5131 753 5201 Προσκείσθω
783 5132 840 5185 δὲ
869 5132 1074 5194 τούτοις
1120 5132 1212 5184 καὶ
1247 5132 1324 5185 ἓν.
1361 5132 1660 5201 Διαιρεθέν-

104 5242 213 5280 των
251 5224 329 5298 δὴ.
360 5223 561 5276 τούτων
590 5222 739 5294 παρὰ
787 5223 1166 5276 ἐνεακαίδεκα.
1208 5220 1363 5290 δῆλον
1405 5222 1483 5273 ὅτι
1522 5221 1663 5273 ὀκτὼ

103 5317 159 5369 αἱ
197 5312 601 5378 πλεονάζουσαι.
647 5312 964 5382 Ληφθεισῶν
1000 5313 1056 5366 δὲ
1096 5311 1202 5363 τῶν
1246 5312 1388 5364 ὀκτὼ
1439 5310 1528 5363 ἐπὶ
1571 5313 1662 5364 τὸν

104 5403 315 5467 ἕνδεκα,
351 5404 677 5474 ὀγδοήκοντα
705 5404 796 5457 καὶ
827 5402 968 5455 ὀκτὼ
1000 5404 1205 5473 γίνεται
1242 5403 1302 5454 τὸ
1335 5405 1398 5455 ex
1438 5392 1658 5456 τούτων.

76 5502 79 5505 ’
105 5494 474 5565 Διαιρεθέντος
504 5495 547 5547 δ’
574 5492 638 5550 αὖ
664 5496 849 5548 τούτου
881 5496 960 5556 εἰς
986 5494 1388 5565 τριακοντάδας,
1416 5494 1476 5546 τὸ
1504 5495 1660 5547 πλεοο

106 5589 265 5652 νὰζον
294 5585 443 5665 ξσται
472 5588 641 5641 εἴκοσι
668 5589 760 5661 καὶ
796 5587 957 5641 ὀκτώ.
988 5587 1157 5641 Τοῦτο
1192 5586 1236 5639 δ’
1277 5581 1343 5656 ἦν
1372 5593 1418 5637 α’
1447 5586 1538 5639 τοῦ
1570 5587 1663 5640 νῦν

106 5677 373 5753 παρόντος
405 5679 648 5732 ἐνιαυτοῦ
665 5697 679 5711 ο
712 5680 968 5747 ἀνάλογον
995 5679 1050 5731 δὲ
1080 5680 1171 5732 καὶ
1199 5680 1260 5731 τὸ
1287 5678 1465 5731 λοιπὸν
1494 5680 1599 5731 αἰεὶ
1628 5683 1659 5750 ὴ

107 5772 318 5843 εὕρεσις
341 5767 495 5823 ἔσται
518 5769 614 5822 τοῦ
642 5776 709 5823 α’.
746 5770 912 5824 Πάλιν
945 5770 1009 5841 δὴ
1049 5772 1141 5823 καὶ
1178 5770 1319 5822 οὕτω
1352 5769 1580 5821 λαϐόντα
1606 5770 1663 5821 τὸ

109 5873 177 5932 α’,
203 5861 524 5935 προσθετέον
551 5860 694 5933 αὐτῷ
718 5863 777 5916 τὸ
801 5863 847 5935 β’
881 5863 972 5919 καὶ
998 5869 1064 5931 γ’·
1122 5862 1182 5916 τό
1218 5879 1273 5916 τε
1309 5860 1519 5916 σύνολον
1538 5860 1596 5914 τὸ
1622 5860 1662 5913 δ’

1759 5036 1910 5098 mille
1941 5034 2323 5106 quadringenti
2349 5032 2695 5104 septuaginta
2723 5034 2873 5087 anni.
2901 5031 3209 5101 Adjiciatur
3232 5032 3316 5087 bis
3406 5034 3411 5041 '

1764 5145 1921 5183 unus.
1972 5126 2069 5183 His
2101 5142 2230 5196 ergo
2268 5141 2364 5196 per
2408 5125 2778 5180 novemdecim
2814 5124 3146 5185 distributis,
3197 5139 3320 5179 cer-

1762 5230 1876 5277 tum
1907 5228 1990 5275 cst
2035 5228 2159 5273 octo
2202 5232 2480 5289 superare.
2514 5216 2759 5285 Sumptis
2798 5231 2927 5270 vero
2956 5216 3041 5269 his
3083 5223 3227 5278 octo,
3266 5225 3319 5270 et

1763 5324 1858 5379 per
1894 5308 2143 5361 undecim
2190 5307 2584 5377 multiplicatis,
2612 5305 2705 5374 qui
2737 5304 3022 5360 conﬁcitur
3060 5304 3185 5359 inde
3220 5322 3321 5359 nu-

1764 5415 1969 5462 merus,
2001 5399 2245 5454 continet
2267 5398 2544 5468 octoginta
2576 5408 2717 5451 octo.
2755 5396 2871 5452 Hoc
2896 5412 3116 5452 rursum
3145 5397 3322 5452 diviso

1764 5510 1859 5563 per
1888 5493 2131 5563 triginta,
2165 5507 2461 5547 excurrens
2492 5504 2703 5543 summa
2734 5491 2877 5559 capit
2900 5490 3318 5559 duodetriginta.

1765 5588 1819 5641 id
1862 5590 2039 5641 autem
2084 5595 2169 5640 est
2199 5586 2244 5637 A
2278 5594 2464 5653 epacta
2510 5583 2794 5652 praesentis
2839 5583 2965 5635 anni
3002 5602 3013 5634 :
3046 5584 3322 5644 similique

1764 5678 1974 5731 ratione
2004 5676 2056 5729 in
2098 5685 2379 5745 posterum
2417 5674 2522 5729 erit
2571 5683 2881 5743 epactarum
2916 5674 3175 5727 inventio.
3222 5672 3315 5726 Sic

1769 5770 1935 5838 igitur
1958 5768 2153 5822 iterum
2189 5768 2419 5837 sumptis
2444 5767 2673 5835 epactis,
2698 5765 2739 5816 Α
2764 5764 2992 5826 scilicet,
3028 5764 3323 5833 adjiciatur

1771 5871 1823 5915 et
1855 5860 1913 5926 Β,
1950 5859 2092 5925 etC,
2123 5842 2237 5916 tum
2262 5858 2302 5912 D
2330 5878 2341 5913 :
2376 5873 2585 5916 summa
2633 5872 2697 5913 ex
2734 5857 2799 5911 iis
2832 5854 3059 5912 conﬂata
3096 5855 3324 5910 dicenda
