4124 6320
782 332 916 388 1207

1786 332 1877 387 AD
1916 331 2180 388 EUSEBII
2205 331 2596 389 CHRONICON
2625 334 2979 390 APPENDIX.

741 459 857 508 Vest
894 446 960 509 (ἓ,
994 443 1096 499 nisi
1127 445 1424 501 excesserit
1464 446 1706 517 triginta.
1754 445 1890 500 Nam
1936 449 1981 503 si
2012 451 2328 512 excesserit,

2388 468 2406 510 ί
2437 452 2624 521 ῥητέον
2651 447 2789 506 εἶναι
2818 453 2881 504 τὸ
2911 459 2982 522 η’,
3014 452 3109 505 ἐάν
3154 453 3228 524 μὴ
3260 453 3501 526 ὑπερέχῃ
3538 451 3650 505 τῶν
3689 452 3955 522 τριάκοντα.
4045 431 4048 434 ’

777 541 864 594 hic
915 553 1171 594 excessus
1230 541 1334 592 erit
1390 538 1675 594 dicendus.
1722 537 1906 610 Neque
1958 558 2086 595 vero
2133 544 2333 595 horum

774 630 1070 702 quidquam
1089 630 1245 686 festis
1264 631 1458 686 diebus
1485 632 1870 700 impedimento
1886 642 1988 688 est.
2011 635 2167 686 Anno
2190 635 2333 688 enim

774 729 891 776 toto
914 722 967 775 in
1001 720 1138 776 duas
1162 729 1214 774 ct
1235 722 1625 791 quinquaginta
1659 723 1992 791 septimanas
2016 724 2331 787 distributo,

775 827 841 866 ex
865 819 1103 882 quatuor
1141 812 1463 880 septimanis
1489 813 1687 882 singuli
1717 829 1931 868 menses
1963 829 1991 866 a
2021 816 2177 867 nobis
2202 830 2335 868 con-

775 904 1152 964 stiluerentur,
1184 911 1238 956 et
1267 911 1459 972 praeter
1499 902 1548 955 id
1583 904 1790 957 numeri
1821 911 2058 973 quatuor
2085 905 2201 958 dies
2232 906 2333 957 ha-

777 995 981 1051 bebunt
1033 994 1439 1055 sanctissimos,
1497 995 1742 1064 singulos
1789 1011 1884 1065 per
1937 998 2328 1062 septimanam:

778 1088 884 1141 nisi
919 1087 963 1141 si
1000 1085 1137 1140 forte
1181 1092 1578 1140 antevertentes
1628 1086 1792 1155 aliqui
1841 1101 1869 1140 a
1924 1085 2204 1141 Dominico
2246 1088 2334 1142 die

776 1181 1059 1251 incipiant,
1093 1180 1174 1234 vel
1209 1178 1418 1233 tardius
1460 1179 1777 1234 incedentes
1805 1177 1944 1233 intra
1984 1179 2214 1234 mediam
2247 1195 2320 1235 se-

777 1275 1094 1344 ptimanam.
1144 1272 1213 1325 At
1264 1272 1469 1326 mensis
1523 1269 1798 1326 Plethonis
1857 1286 1954 1326 sex
2000 1270 2166 1324 festos
2213 1271 2330 1350 dies

779 1367 1089 1430 continens,
1119 1363 1293 1419 aufert
1331 1364 1451 1433 plus
1477 1363 1630 1432 justo
1660 1363 2089 1417 necessariorum
2123 1363 2328 1418 civitati

768 1464 1019 1528 'operum.
1057 1455 1284 1525 Ignavos
1328 1454 1470 1508 enim
1504 1459 1665 1522 atque
1700 1452 1900 1506 inertes
1947 1467 2068 1506 esse
2106 1466 2335 1528 necesse

772 1555 856 1602 est
883 1562 998 1608 eos,
1034 1545 1128 1616 qui
1169 1544 1307 1599 festa
1360 1545 1588 1618 agitant.
1636 1539 1701 1594 Et
1749 1541 1908 1596 simul
1956 1549 2065 1596 trcs
2101 1541 2218 1594 dies
2251 1539 2330 1595 fe-

773 1649 888 1696 stos
927 1652 1048 1694 esse
1079 1635 1334 1704 deinceps
1358 1650 1425 1688 ex
1457 1632 1734 1686 Pletbonis
1764 1631 2104 1685 institutione
2137 1647 2332 1686 usuve-

771 1731 853 1786 nit
887 1725 1133 1784 :‘mensis
1178 1728 1397 1798 quidem
1452 1725 1699 1778 ultimum
1732 1723 1913 1792 (quem
1949 1730 2325 1777 veterem-vo-

2451 543 2572 597 Ἐὰν
2599 543 2642 595 δ’
2673 545 2932 617 ὑπερέχῃ,
2964 545 3058 616 τὴν
3092 544 3359 615 ὑπεροχὴν
3396 541 3537 598 εἶναι
3560 544 3797 599 λεκτέον.

2408 646 2420 661 ’
2439 631 2543 702 μὴν
2572 633 2690 684 οὐδὲ
2719 636 2836 696 ταῖς
2871 633 3203 704 ἱερομηνίαις
3233 634 3480 704 ἐμποδὼν
3519 635 3840 688 καθίσταται
3869 637 3954 690 τού-

2433 740 2539 775 των
2567 724 2740 778 οὐθέν.
2773 724 2877 777 Τοῦ
2910 726 3017 798 γάρ
3045 726 3165 780 ὅλου
3217 727 3460 781 ἐνιαυτοῦ
3505 728 3874 799 διαιρουμένου
3903 731 3955 791 si;

2433 816 2765 885 πεντήκοντα
2799 819 2893 870 καὶ
2938 818 3028 871 δύο
3070 819 3321 883 ἐπτάδας,
3371 821 3434 874 ὲκ
3475 822 3752 895 τεττάρων
3789 821 3849 891 δὴ
3891 824 3958 874 καὶ

2432 909 2564 979 ἡμῖν
2599 909 2704 962 τῶν
2758 911 2940 980 μηνῶν
2983 913 3204 974 ἕκαστος
3250 913 3397 965 ἔσται
3439 913 3705 982 ἐπτάδων,
3753 914 3853 977 ἔξω
3877 916 3956 966 τῶν

2433 999 2817 1071 ὑπεραρίθμων
2861 1020 2922 1072 γε
2973 994 3229 1074 ἡμερῶν·
3279 1005 3372 1059 καὶ
3426 1005 3689 1077 τέτταρας
3737 1006 3846 1072 ἕξει
3885 1005 3952 1068 τὰς

2434 1093 2736 1162 ἁγιωτάτας
2768 1096 2874 1148 τῶν
2909 1095 3230 1168 ίερομηνιῶν
3267 1088 3332 1151 δι’
3381 1098 3614 1169 ἑϐδόμης
3658 1098 3815 1168 μίαν·
3849 1097 3957 1167 πλὴν

2432 1187 2479 1238 εί
2517 1185 2624 1256 ἄρα
2651 1186 2759 1240 ἀπὸ
2793 1187 2985 1259 κυρίας
3015 1189 3230 1260 ἄρχοιτο
3259 1189 3556 1262 πρπερῶν,
3596 1191 3630 1258 ἢ
3671 1189 3957 1260 pet-15511.34

2432 1276 2657 1339 ὲτπάδος
2683 1293 2785 1329 που
2813 1277 3070 1349 ὑστερῶν.
3113 1279 3207 1346 Ἓξ
3231 1280 3289 1333 δὲ
3327 1281 3355 1332 ὁ
3397 1281 3488 1332 τοῦ
3516 1281 3800 1351 Πλήθωνος
3825 1280 3955 1350 ἔχων,

2429 1367 2588 1422 πλέον
2636 1387 2686 1422 τι
2742 1369 2835 1422 τοῦ
2893 1371 3099 1436 δέοντος
3159 1373 3466 1442 ἀφαιρεῖται
3514 1373 3621 1424 τῶν
3680 1373 3956 1439 ἀναγκαίως

2428 1457 2601 1530 ἔργων
2629 1463 2692 1532 τῇ
2723 1461 2892 1515 πόλει.
2937 1463 3161 1534 Ἀργεῖν,
3189 1463 3298 1534 γὰρ
3335 1463 3544 1532 ἀνάγκη
3591 1463 3713 1525 τοὺς
3757 1464 3956 1530 ἄγοντας

2431 1550 2759 1622 ἱερομηνίαν.
2799 1554 2907 1606 Καὶ
2937 1553 3052 1624 ἅμα
3078 1556 3224 1623 τρεῖς
3262 1552 3457 1623 ἐφεξῆς
3497 1552 3808 1624 ἱερομηνίας
3843 1568 3956 1619 συμ-

2429 1639 2596 1692 ϐαίνει
2631 1642 2928 1694 ποιεῖσθαι’
2983 1642 3109 1713 ’ἐνην
3152 1643 3250 1712 μὲν
3295 1642 3592 1695 Πλούτωνι’
3636 1641 3758 1711 ἓνην
3798 1640 3851 1692 δὲ
3884 1642 3957 1691 καὶ

2429 1732 2552 1785 νέαν
2582 1734 2672 1786 ἐπὶ
2707 1736 2771 1804 τῇ
2803 1732 3006 1787 ἑαυτῶν
3029 1732 3337 1802 ἐπισκέψει·
3369 1733 3658 1804 νουμηνίαν
3682 1731 3736 1783 δὲ
3874 1731 3954 1783 Διί.

771 1823 880 1893 cat)
902 1820 1119 1876 Plutoni
1157 1793 1436 1873 :vetcrem
1469 1825 1523 1872 et
1564 1831 1787 1879 novum,
1810 1815 1862 1868 id
1903 1825 2006 1876 est,
2037 1814 2329 1868 intermen-

2388 1794 2402 1844 ι
2431 1824 2598 1876 Τοῦτο
2627 1824 2684 1883 δὲ
2714 1793 3014 1895 προσκορὲς
3034 1823 3098 1877 ἂν
3126 1825 3211 1894 εἴη
3236 1793 3394 1877 ὀὕτω
3424 1793 3731 1892 συμϐαῖνον,
3762 1793 3955 1897 Βέλτιον

773 1925 984 1970 struum
1010 1913 1095 1968 sui
1131 1912 1398 1982 cujusque
1428 1909 1785 1980 recognitioni
1813 1928 1826 1961 :
1865 1909 2202 1962 novilunium
2234 1923 2330 1962 au-

773 2016 880 2060 tem
926 2002 1066 2058 Jovi.
1118 2001 1322 2056 νοτιιιιι
1369 1997 1416 2048 id
1464 2001 1539 2069 ita
1587 2001 1806 2055 evenire
1849 1999 2189 2054 fastidiosum
2237 2001 2327 2054 sit.

775 2099 961 2168 Itaque
989 2113 1083 2166 per
1117 2083 1574 2149 intermissionem
1607 2109 1764 2164 agere
1795 2092 2002 2162 (eorum
2037 2094 2180 2146 enim
2211 2107 2331 2162 qua:

774 2191 1062 2246 intervallo
1098 2187 1253 2249 fiunt,
1279 2187 1322 2242 si
1351 2185 1591 2255 jucunda
1617 2184 1834 2256 quidem
1864 2194 2012 2246 sunt,
2035 2183 2330 2253 jucundior

772 2290 857 2337 est
908 2296 1101 2336 sensus
1141 2298 1153 2333 :
1187 2280 1269 2333 sin
1321 2287 1502 2332 autem
1556 2277 1806 2336 molesta,
1852 2272 2230 2341 tolerabilior),
2276 2281 2330 2326 et

774 2389 936 2444 quam
1005 2370 1371 2443 paucissimas
1430 2367 1594 2423 ferias
1653 2366 1929 2420 celebrare
1983 2364 2178 2418 melius
2237 2363 2326 2418 sit.

777 2464 952 2520 Unum
1007 2463 1152 2517 enim
1213 2461 1317 2514 hoc
1365 2459 1526 2513 civile
1576 2457 1883 2512 institutum
1940 2455 2327 2525 perniciosum,

774 2554 974 2607 multas
1011 2549 1219 2604 scilicet
1253 2545 1411 2618 agere
1441 2567 1452 2600 :
1479 2562 1543 2600 ac
1575 2547 1787 2616 signum
1825 2552 1908 2598 est
1950 2558 2059 2597 non
2091 2543 2328 2612 pietatis,

773 2644 867 2700 sed
900 2641 1218 2712 voluptatis.
1261 2632 1527 2695 Caeterum
1570 2639 1662 2705 qui
1712 2636 1828 2690 dies
1873 2637 2048 2690 forent
2089 2635 2329 2690 celebres

773 2736 1076 2804 ferialique,
1112 2732 1360 2787 Plcthoni
1398 2728 1614 2801 quidem
1651 2743 1758 2783 non
1802 2735 1918 2783 erat
1957 2726 2213 2782 indecens
2251 2741 2332 2780 re-

771 2843 1016 2892 censere,
1054 2833 1113 2880 ut
1142 2824 1234 2896 qui
1270 2824 1407 2878 alios
1438 2823 1553 2877 dies
1578 2822 1766 2885 festos,
1800 2835 1960 2890 quam
1993 2820 2084 2888 qui
2117 2835 2147 2873 a
2172 2818 2329 2873 nobis

769 2917 971 2987 recepti
1001 2917 1134 2983 sint,
1161 2914 1480 2968 constituat.
1513 2911 1680 2966 Nobis
1709 2926 1836 2964 vero
1865 2909 1918 2963 id
1947 2909 2169 2964 minime
2193 2913 2330 2977 opus

768 3022 852 3068 est
883 3032 896 3067 :
924 3025 1045 3066 cum
1079 3010 1148 3064 de
1172 3007 1255 3061 his
1284 3007 1337 3060 in
1366 3006 1652 3076 praesentia
1693 3017 1873 3057 sermo
1901 3009 2188 3071 susceptus
2219 3015 2329 3055 non

769 3107 861 3160 sit.
905 3101 1041 3155 Nam
1090 3108 1294 3155 certum
1349 3107 1454 3158 est,
1491 3095 1713 3150 Christo
1760 3094 2063 3164 resurgenti
2106 3093 2328 3149 rituales

765 3205 820 3250 et
846 3193 1116 3265 legitimos
1147 3197 1381 3259 quatuor
1415 3188 1530 3243 dies
1570 3201 1808 3240 mensem
1846 3185 2139 3255 quemlibet
2169 3184 2325 3239 habi-

767 3297 970 3344 turum.
1006 3278 1358 3339 Commodius
1384 3282 1548 3343 enim,
1574 3294 1736 3350 quam
1763 3294 2056 3348 possumus
2102 3279 2327 3334 minimo

766 3395 854 3434 res
883 3369 1095 3432 divinas
1121 3373 1465 3428 contrahere.
1495 3370 1564 3424 At
1597 3363 1974 3424 diem'festum
2007 3368 2164 3423 nobis
2196 3368 2326 3439 ipsis

766 3468 1076 3541 spectandis
1125 3464 1356 3536 singulis
1407 3461 1689 3517 mensibus
1735 3460 2233 3531 praescribendum,
2273 3468 2367 3516 et-

764 3576 946 3618 rerum
989 3574 1019 3613 a
1059 3558 1216 3614 nobis
1254 3565 1594 3628 patratarum
1643 3551 2032 3624 inspectionem
2073 3553 2240 3608 semel
2271 3554 2326 3607 in

764 3669 953 3710 mense
997 3650 1319 3713 faciendam,
1365 3655 1426 3703 ut
1461 3655 1646 3703 censet
1687 3645 1934 3711 Plethon,
1979 3661 2081 3701 nos
2108 3647 2326 3717 quidem

762 3757 1043 3815 negamus.
1086 3739 1286 3796 Verum
1315 3739 1461 3809 pium
1492 3744 1848 3808 sanctumque
1881 3736 1954 3791 sit
1983 3735 2036 3789 id
2060 3735 2324 3806 quotidie,

762 3835 961 3892 nedum
992 3834 1162 3898 feriis,
1192 3832 1441 3895 actitare,
1473 3837 1634 3884 nocte
1654 3829 1866 3884 scilicet
1895 3843 1924 3883 a
1953 3843 2144 3885 somno
2181 3828 2328 3883 sufli-

761 3927 949 3992 cienti,
987 3933 1041 3981 et
1069 3925 1177 3981 cibi
1208 3923 1566 3979 concoctione
1598 3921 1794 3991 prima,
1829 3920 2113 3992 nobiscum
2158 3935 2326 3990 repu-

761 4028 960 4085 tantes,
997 4017 1255 4089 quidnam
1291 4016 1491 4086 piaculi
1520 4015 1698 4084 pridie
1731 4013 2029 4070 admissum
2061 4015 2156 4076 sit,
2181 4013 2325 4084 quod

761 4114 1037 4182 expiatum
1077 4112 1142 4164 iri
1171 4117 1419 4178 oporteat
1450 4109 1710 4179 postridie
1737 4129 1748 4162 :
1775 4118 1892 4161 tum
1923 4107 2026 4160 hoc
2051 4108 2231 4161 statim
2259 4109 2350 4163 ab-

2429 1911 2521 1969 οὖν
2545 1915 2910 1979 διαλείποντας
2949 1917 3100 1983 ἄγειν
3145 1917 3271 1987 (τῶν
3306 1918 3412 1986 γὰρ
3472 1917 3536 1966 ἐκ
3565 1913 3955 1982 διαλειμμάτων,

2431 2005 2596 2074 ἡδέων
2644 2004 2741 2076 μὲν
2783 2004 2970 2070 ὅντων,
3013 2005 3174 2076 ἡδίων
3212 2010 3244 2077 ἡ
3298 2006 3566 2076 αἴσθησις,
3610 2003 3859 2074 λυπηρῶν
3893 2003 3954 2064 δὲ,

2429 2095 2871 2166 εὐφορητοτέρα·)
2898 2094 3081 2162 ὀλίγας
3107 2112 3166 2148 τε
3190 2095 3264 2158 ὡς
3300 2095 3376 2148 ἔνι
3425 2095 3655 2165 μάλιστα
3686 2095 3832 2161 ἄγειν
3863 2093 3955 2162 to?

2429 2187 2524 2250 τάς
2543 2203 2556 2218 ·
2597 2187 2654 2240 ἓν
2685 2187 2790 2259 γὰρ
2816 2187 2921 2240 τῶν
2952 2187 3167 2257 φαύλων
3217 2187 3620 2256 πολιτευμάτων
3658 2186 3772 2238 ἐστὶ
3807 2183 3891 2236 καὶ
3911 2183 3956 2235 τὶ

2430 2281 2624 2344 πολλὰς
2656 2282 2807 2349 ἄγειν
2830 2297 2842 2309 ·
2876 2282 2968 2334 καὶ
2995 2283 3215 2351 σημεῖον
3249 2282 3309 2334 οὐ
3349 2279 3671 2341 Θεοσεϐείας,
3709 2277 3836 2329 ἀλλὰ
3856 2291 3957 2345 τρυ-

2430 2371 2534 2440 φῆς
2569 2371 2705 2422 ἐστι.
2756 2370 2911 2434 Τίνες
2957 2370 3000 2422 δ’
3039 2369 3102 2422 ἂν
3148 2370 3333 2440 εἴησαν
3369 2367 3696 2440 ἱερομηνίαι,
3743 2358 3955 2431 Πλὴθωνι

2432 2462 2529 2532 μὲν
2561 2461 2799 2532 ἥρμοττε
2833 2461 3017 2529 φάναι,
3034 2461 3109 2528 ὡς
3133 2460 3196 2532 δὴ
3225 2477 3374 2522 τινας
3408 2460 3598 2529 ἑτέρας
3618 2457 3725 2510 τῶν
3748 2458 3869 2525 ἡμῖν
3891 2470 3957 2506 νο-

2433 2551 2732 2626 μιζομένων
2765 2553 3138 2624 νομοθετοῦντι
3157 2570 3171 2583 ⁸
3212 2555 3342 2624 ἡμῖν
3373 2553 3429 2605 δὲ
3459 2552 3659 2620 ἥκιστα
3683 2549 3778 2612 δεῖ,
3811 2547 3956 2608 ἄλλως

2379 2709 2386 2716 Ι
2426 2663 2485 2698 τε
2511 2647 2603 2714 καὶ
2651 2645 2725 2718 μὴ
2773 2647 2898 2718 περὶ
2924 2646 3111 2699 τούτου
3160 2646 3253 2700 νῦν
3291 2647 3439 2708 ὄντος
3477 2644 3570 2697 τοῦ
3607 2643 3782 2710 λόγου.
3817 2641 3957 2708 Δῆλον

2426 2739 2534 2810 γὰρ
2575 2739 2655 2792 ὅτι
2691 2739 2790 2802 τὰς
2833 2736 3185 2810 νομιζομένας
3222 2739 3483 2809 τέτταρας
3521 2736 3764 2802 ἕξειτῶν
3799 2733 3957 2804 μηνῶν

2427 2829 2650 2892 ἕκαστος
2695 2830 2813 2900 Θεῷ
2855 2831 2934 2900 τῷ
2976 2831 3123 2902 αὑτῷ
3151 2811 3458 2885 ἀναστάντι.
3493 2832 3742 2899 Ἀμεινον
3767 2826 3868 2895 γὰρ
3895 2826 3958 2886 εἰς

2435 2921 2640 2975 ἐλάττω
2667 2922 2742 2985 ὡς
2769 2923 2835 2976 ἂν
2867 2922 3097 2992 μάλιστα
3187 2925 3456 2993 συναιρεῖν
3479 2920 3548 2972 τὰ
3574 2919 3700 2987 περὶ
3725 2915 3782 2969 τὸ
3807 2916 3953 2968 Θείον.

2430 3012 2505 3082 Τῇ
2540 3012 2583 3064 δ’
2617 3011 2770 3084 ἡμῶν
2801 3013 2980 3066 αὐτῶν
3016 3013 3295 3082 ἐπισκέψει
3335 3011 3646 3083 ἱερομηνίαν
3680 3008 3848 3081 ὁρίσαι
3871 3004 3958 3058 ἀνὰ

2429 3107 2654 3158 ἕκαστον
2679 3104 2842 3176 μῆνα,
2873 3108 2965 3160 καὶ
2993 3105 3135 3174 ἅπαξ
3167 3105 3260 3159 τοῦ
3303 3103 3468 3176 μηνὸς
3514 3101 3789 3169 ἐπίσκεψιν
3816 3099 3957 3150 ποιεί-

2435 3200 2555 3252 σθαι
2581 3199 2688 3252 τῶν
2718 3199 3119 3270 πεπραγμένων
3162 3201 3311 3270 ἡμῖν,
3343 3198 3418 3260 ὡς
3452 3197 3591 3259 άξιοί
3620 3189 3855 3265 Πλὴθων,
3878 3191 3957 3259 οὐχ

2377 3328 2386 3333 ·
2430 3293 2589 3362 ἡμεῖς
2620 3291 2684 3359 γέ
2723 3307 2901 3360 φαμεν
2923 3308 2937 3321 °
2994 3289 3129 3345 ἀλλὰ
3164 3289 3284 3344 καθ’
3312 3287 3524 3358 ἡμέραν
3566 3285 3792 3354 ἑκάστην
3829 3279 3958 3334 τοῦτο

2433 3383 2699 3438 ποιεῖσθαι
2725 3385 2849 3438 ἄνευ
2881 3383 3212 3455 ἱερομηνίας,
3243 3381 3458 3449 νύκτωρ
3487 3379 3582 3432 ἐπὶ
3619 3377 3766 3447 ὕπνῳ
3797 3371 3956 3442 ἱκανῷ,

2434 3477 2526 3530 καὶ
2557 3479 2760 3548 τροφῆς
2788 3475 2948 3546 πέψει
2986 3478 3051 3546 τῇ
3086 3475 3275 3548 πρώτῃ
3314 3468 3787 3541 ἀναλογιζομένους
3817 3466 3863 3519 τί
3883 3464 3955 3534 δή·

2433 3585 2562 3622 ποτε
2593 3568 2929 3640 πεπραχότες
2955 3570 3019 3638 τῇ
3050 3566 3348 3638 προτεραίᾳ
3389 3563 3551 3634 ἐσμέν
3569 3580 3583 3592 ο
3611 3561 3710 3615 κᾶν
3736 3577 3787 3611 τι
3877 3571 3955 3608 πε-

2435 3659 2916 3731 πλημμελημένον,
2954 3657 3118 3710 ἕωθεν
3160 3657 3339 3722 εὐθὺς,
3481 3655 3646 3714 ὅσιον,
3681 3647 3954 3721 ἐπανορθω-

2437 3753 2705 3822 σαμένων,
2743 3751 2936 3818 λογίων
2982 3748 3283 3822 ἀκροᾶσθαι
3334 3744 3694 3818 καθαρτικῶν,
3749 3743 3838 3795 καὶ
3881 3743 3956 3792 ἐτ-

2433 3841 2601 3905 όπτας
2629 3841 2737 3893 τῶν
2775 3840 3090 3909 ἁγιωτάτων
3122 3839 3281 3912 ἱερῶν
3325 3836 3662 3907 γενομένους.
3707 3828 3953 3887 Ἐνίοτεῶ

2436 3931 2598 4003 μοίρᾳ
2626 3931 2800 4002 ἁγαθῇ
2822 3930 3022 3984 καὶτοῦ
3045 3929 3113 4006 κθύ
3121 3945 3286 4001 ματος
3311 3928 3694 3997 γευσαμένους,
3717 3927 3802 3978 ἐπ’
3825 3923 3954 3995 ἔργον

2436 4025 2758 4094 πορεύεσθαι
2781 4023 2888 4078 ἀπὸ
2909 4023 3160 4093 τοιαύτης
3190 4021 3380 4093 ἀρχῆς.
3411 4019 3568 4074 Ἀλλὰ
3595 4019 3719 4090 περὶ
3745 4016 3839 4088 μὲν
3858 4011 3951 4067 τοὺ

2432 4130 2537 4166 των
2565 4117 2621 4170 ὲν
2654 4116 2848 4180 ἄλλοις.
3279 4117 3284 4121 ’
3511 4130 3513 4132 ’

764 4219 959 4260 aurora
988 4213 1254 4267 correcta,
1287 4204 1508 4272 puritica
1543 4200 1950 4269 piaculariaque
1980 4189 2210 4258 oracula.
2260 4201 2605 4269 auscultare,
2666 4207 2948 4276 factusque
2995 4204 3462 4260 sanctissimorum
3519 4215 3797 4258 sacrorum
3856 4210 3951 4265 spe-

762 4307 1019 4359 ctatores,
1060 4303 1116 4351 et
1176 4296 1334 4353 bonis
1377 4296 1649 4351 interdum
1689 4294 1881 4349 avibus
1924 4294 2016 4347 illo
2059 4294 2352 4360 sacrificio,

761 4405 954 4462 operas
984 4394 1203 4444 nostras
1234 4388 1403 4443 abire.
1437 4386 1542 4443 Sed
1572 4387 1640 4443 de
1667 4387 1754 4442 his
1782 4387 1935 4442 alias.

943 4519 1214 4600 Qnamodo
1229 4534 1532 4603 septimana:
1552 4533 1662 4606 dies
1682 4541 1801 4586 sunt
1825 4533 2150 4590 numerandi.

831 4645 995 4702 XVII.
1035 4646 1184 4702 Licet
1213 4664 1344 4703 vero
1375 4627 1694 4718 septimanae
1724 4645 1841 4701 dies
1884 4661 2195 4708 numerare,
2237 4649 2322 4703 vel
2360 4708 2364 4712 ,

763 4749 821 4794 ιιι
859 4739 1032 4795 Graeci
1063 4739 1223 4810 hujus
1273 4741 1468 4803 aetatis,
1516 4741 1750 4810 primum
1789 4738 1932 4793 diem
1983 4737 2321 4793 Dominicum

759 4840 1018 4888 vocantes
1050 4851 1062 4887 :
1092 4831 1391 4888 secundum
1421 4847 1572 4894 vero,
1607 4832 1657 4886 id
1698 4831 1843 4901 quOd
1882 4847 2064 4885 revera
2100 4839 2206 4895 est,
2239 4847 2325 4887 se-

760 4924 998 4981 cundum
1053 4941 1066 4978 :
1110 4922 1304 4978 deinde
1359 4922 1574 4976 tertium
1604 4962 1618 4985 ,
1681 4931 1934 4990 quartum
1964 4965 1977 4986 ,
2029 4924 2277 4992 quintum
2306 4963 2321 4986 ,

761 5023 994 5078 sextum,
1022 5015 1309 5084 septimum
1337 5032 1350 5066 :
1380 5016 1468 5070 vel
1500 5023 1554 5066 ut
1583 5014 1743 5067 hodie
1763 5013 1991 5067 Romani
2025 5014 2322 5070 secundum

761 5106 946 5160 stellas
977 5106 1267 5180 erraticas,
1312 5114 1436 5176 post
1469 5103 1808 5158 Dominicum
1843 5105 1989 5168 lunae
2027 5105 2168 5159 diem
2213 5113 2324 5160 sta-

760 5205 998 5260 tuentes,
1027 5197 1223 5251 deinde
1268 5196 1478 5259 Martis,
1511 5197 1577 5250 ad
1612 5197 1725 5250 haec
1755 5194 2029 5258 Mercurii,
2067 5205 2322 5265 praeterea

760 5288 928 5353 Jovis,
959 5297 1145 5358 postea
1180 5280 1430 5352 Veneris,
1465 5290 1680 5343 demum
1710 5285 1952 5342 Saturni.
1986 5288 2323 5344 Parasceven

761 5383 902 5436 enim
937 5383 1079 5437 diem
1112 5394 1325 5438 sextum
1369 5383 1660 5452 appellare,
1697 5391 1750 5437 et
1781 5382 2072 5452 septimum
2114 5382 2322 5437 Sabba-

762 5483 897 5538 tum,
934 5475 985 5529 id
1017 5476 1157 5545 apud
1183 5491 1304 5540 nos,
1340 5484 1399 5529 ut
1426 5475 1658 5540 videtur,
1686 5478 1888 5530 nullam
1926 5477 2190 5532 rationem
2225 5479 2323 5532 lia-

771 5569 876 5633 bet,
903 5567 996 5625 sed
1025 5563 1167 5638 apud
1199 5568 1418 5626 Iudaeos
1449 5568 1678 5634 fortasse
1707 5589 1716 5624 :
1747 5570 2002 5624 nimirum
2034 5580 2161 5625 ante
2191 5570 2324 5625 Sab-

763 5661 946 5715 batum
994 5661 1116 5716 illos
1157 5671 1470 5732 apparatum
1511 5661 1688 5736 facere
1727 5669 1960 5730 oportet.
2002 5663 2180 5733 utqui
2233 5679 2322 5716 su-

769 5770 784 5820 ι,
811 5750 1084 5807 et‘stitiosa
1107 5752 1336 5822 quadam
1367 5752 1625 5824 religione
1653 5753 1920 5820 obstricti,
1961 5752 2092 5806 nihil
2124 5756 2322 5824 negotii

2419 4300 2810 4371 sanctificaque
2859 4303 3036 4355 hostia
3081 4299 3336 4363 delibata,
3383 4313 3413 4351 a
3457 4295 3550 4350 tali
3607 4291 3865 4363 principio
3899 4289 3952 4341 ad

2359 4550 2402 4605 Ῑ)
2519 4535 2649 4602 Πῶς
2679 4533 3028 4605 ἁριθμητέον
3054 4535 3157 4601 τὰς
3185 4532 3294 4600 τῆς
3318 4529 3641 4602 ἑϐδομάδος
3674 4529 3901 4601 ἡμέρας.

2497 4648 2592 4704 IZ'.
2647 4649 2910 4719 Ὑπάρχει
2959 4647 3013 4701 δὲ
3051 4649 3143 4700 καὶ
3199 4647 3298 4710 τὰς
3355 4645 3456 4715 τῆς
3506 4644 3728 4707 ἑπτάδος
3775 4641 3953 4714 ἡμέρας

2425 4741 2675 4812 ἀριθμεῖν
2707 4723 2824 4811 ἡτοί
2857 4741 2931 4804 ὡς
2982 4742 3031 4792 oi
3072 4740 3166 4792 νῦν
3189 4737 3467 4808 Ἕλληνες,
3495 4727 3594 4807 τὴν
3629 4735 3721 4808 μὲν
3765 4734 3952 4806 πρώτην

2427 4832 2622 4902 κυρίαν
2653 4831 2968 4894 καλοῦντας,
3000 4832 3098 4900 τὴν
3137 4830 3193 4882 δὲ
3221 4828 3498 4897 δευτέραν,
3529 4827 3672 4881 τοῦτ’
3706 4826 3831 4880 αὐτὸ
3860 4823 3950 4875 δεν-

2427 4925 2592 4996 τέραν
2615 4943 2626 4954 ·
2660 4920 2777 4978 εἶτα
2810 4903 3020 4997 τρίτην,
3071 4919 3320 4991 τετράδα,
3356 4907 3631 4996 πέμπτην,
3673 4920 3848 4986 ἕκτην,
3884 4912 3952 4966 ἑό-

2428 5016 2630 5086 δὸμην·
2663 5015 2696 5086 ἡ
2727 5014 2801 5078 ὡς
2845 5018 2894 5067 οἱ
2939 5014 3034 5068 νῦν
3073 5011 3328 5080 Ῥωμαῖοι
3369 5009 3508 5063 κατὰ
3545 5011 3671 5072 τοὺς
3718 5006 3950 5073 πλάνητας

2427 5108 2534 5159 τῶν
2568 5108 2829 5178 ἀστέρων,
2865 5106 3000 5175 μετὰ
3024 5104 3120 5175 τὴν
3148 5103 3337 5174 κυρίαν
3363 5086 3590 5172 σελήνης
3613 5101 3837 5171 ἡμέραν,
3860 5089 3950 5148 εἶτα

2431 5200 2642 5271 νΑρεος,
2677 5198 2792 5262 εἶτα
2829 5197 3030 5270 Ἑρμοῦ
3055 5237 3069 5259 ,
3107 5191 3222 5248 εἶτα
3271 5194 3424 5258 Διὸς,
3471 5189 3592 5246 εἷτα
3643 5190 3946 5262 Ἀφροδίτης.

2421 5287 2540 5346 εἶτα
2565 5293 2792 5359 Κρόνοο.
2818 5291 2890 5344 Τὸ
2920 5290 2976 5344 δὲ
2996 5287 3352 5359 Παρασκευὴν
3380 5287 3475 5357 μὲν
3501 5285 3600 5355 τὴν
3631 5283 3813 5353 ἕκτην,
3839 5278 3949 5333 2&6-

2431 5385 2590 5438 ϐατον
2617 5383 2672 5437 δὲ
2707 5381 2988 5453 ὀνομάζειν
3021 5381 3117 5450 τὴν
3152 5381 3402 5451 ἑϐδόμην,
3436 5377 3536 5430 οῦκ
3564 5376 3696 5446 ἔχει,
3725 5377 3795 5440 ὡς
3817 5375 3946 5430 ἔοικε.

2429 5478 2583 5544 λόγον
2611 5479 2740 5547 ἡμῖν
2765 5494 2777 5506 ·
2816 5473 2949 5528 ἀλλὰ
3010 5473 3281 5536 Ἰουδαίοις
3338 5472 3464 5531 ἴσως
3488 5486 3501 5498 ·
3552 5464 3948 5538 παρεσκευάσθαι

2430 5570 2535 5639 γὰρ
2567 5570 2804 5632 ἐκείνους
2833 5566 2937 5638 πρὸ
2972 5565 3064 5619 τοῦ
3094 5564 3368 5620 Σαὸὁὰτου
3408 5561 3510 5624 δεῖ,
3536 5559 3613 5624 ὼς
3650 5561 3716 5632 δὴ
3761 5552 3948 5630 μηθενδς

2430 5665 2588 5734 ἔργου
2634 5662 2968 5729 ἁπτομένους
3011 5659 3116 5712 ὑπὸ
3155 5655 3570 5725 δεισιδαιμονίας
3615 5657 3679 5724 τῇ
3713 5647 3946 5721 ὑστεραίᾳ.

2445 5757 2601 5825 ὐμῖν
2627 5753 2679 5806 δὲ
2706 5753 2857 5806 οᾶῧὲν
2897 5752 2991 5806 δεῖ.
3037 5750 3172 5804 Οῦτε
3216 5747 3323 5820 γὰρ
3369 5749 3432 5819 τῇ
3483 5745 3684 5818 ἐϐδόμῃ
3718 5741 3945 5816 ἁργοῦμιν

3860 336 3960 391 £288
4027 335 4030 338 ’
