4124 6320
204 384 351 453 Ιῖθθ

1184 364 1530 459 resonent
1569 404 1772 460 eam
1810 405 2009 459 LIBER
2047 405 2133 460 DE
2174 404 2534 461 usususus.

3280 403 3418 459 1210

202 515 393 584 ἡμεῖς,
442 517 504 585 τῇ
551 514 851 586 καλουμένῃ
886 516 1154 570 Σάϐϐατον
1191 519 1486 581 Ἰουδαίοις·
1531 522 1665 574 ἀλλὰ
1706 526 1765 593 τῇ

1875 525 2071 576 ohcant
2113 524 2392 593 postridie.
2437 520 2633 575 Verum
2671 522 2721 573 id
2766 530 2947 575 nostra
2990 518 3119 572 nihil
3171 519 3412 575 interest.

208 606 427 678 πρώτῃ,
457 608 615 676 κυρίᾳ
646 609 775 677 ἡμῖν
803 606 936 679 οὔσῃ
966 608 1060 659 καὶ
1092 608 1371 679 ἱερομηνίᾳ
1398 613 1614 680 Χριστῴ
1642 614 1771 663 ἀνα-

208 698 433 751 στάντι·
488 697 597 750 οὗθ’
647 696 816 761 οὕτως
864 697 1139 769 ἀργοῦμεν
1190 702 1406 769 ἄγοντες
1453 703 1656 773 ἑορτὴν,
1695 705 1768 766 ὡς

208 788 352 858 μηδὲ
380 787 573 859 ἑψῆσαί
610 805 683 851 τι,
719 789 811 841 καὶ
853 788 1126 859 τράπεζαν
1170 791 1503 860 παραθέσθαι
1553 791 1769 860 θεμιτὸν

204 877 381 933 «εἶναι⁶
414 881 547 933 ἀλλά
583 882 693 933 δεῖν
727 881 1158 951 παρεσκευάσθαι
1200 884 1306 935 πᾶν
1346 886 1408 952 τῇ
1451 883 1766 952 προτεραίᾳ.

206 971 425 1024 Οὐκοῦν
450 970 573 1023 οὔτε
607 990 658 1023 τι
692 973 978 1041 χρήσιμον,
1013 971 1121 1024 οὔτ’
1149 973 1318 1036 ἄλλως
1342 973 1609 1043 εὔσχημον
1639 976 1769 1043 ἡμῖν

205 1062 282 1115 τὰ
320 1062 585 1115 Ἰουδαίων
638 1062 813 1135 ταῦτα
860 1063 1095 1134 ὀνόματα
1146 1066 1224 1127 εἰς
1271 1065 1663 1134 καταρίθμησίν
1709 1082 1769 1133 γε

205 1154 504 1223 ἑϐδομάδος
536 1156 634 1224 τῆς
678 1154 947 1226 ἡμετέρας
978 1155 1287 1224 λαμϐάνειν.
1338 1156 1467 1208 Οὐδὲ
1500 1154 1562 1225 δὴ
1592 1155 1684 1207 καὶ
1713 1154 1771 1207 τὸ

202 1245 487 1298 Σάϐϐατον
512 1241 602 1297 οὖν
621 1244 817 1314 ὁμοίως
840 1244 950 1314 ἔχει
971 1244 1047 1315 τῷ
1075 1247 1297 1299 Ὠσαννᾶ
1324 1247 1412 1298 καὶ
1431 1247 1508 1315 τῷ
1528 1244 1768 1298 Σαϐαὼθο

206 1335 359 1405 ἅπερ
388 1334 592 1403 ἔκφυλα
627 1336 723 1404 μὲν
752 1336 843 1387 καὶ
870 1336 1069 1388 ταῦτα·
1101 1337 1443 1403 ἐπιφωνείται
1472 1335 1514 1386 δ’
1545 1336 1689 1404 ὅμως
1714 1336 1770 1386 ὲν

200 1429 333 1489 ταῖς
376 1424 687 1495 ἱεροποιίαις
736 1425 989 1477 ἑκάστοτε
1037 1426 1185 1496 παρὰ
1234 1423 1339 1476 τῶν
1387 1424 1626 1493 ζακόρων
1674 1427 1769 1476 ἐπ-

205 1515 467 1583 άναγκες.
489 1515 567 1567 Τὰ
593 1516 687 1585 μὲν
710 1514 818 1586 γὰρ
844 1514 1188 1585 ὲξωσιωμένα
1203 1516 1263 1585 δὴ
1288 1519 1398 1578 τοῖς
1421 1516 1768 1586 κυριωτάτοις

204 1607 306 1659 καὶ
344 1606 616 1675 μεγίστοις
641 1605 745 1658 τῶν
776 1604 931 1675 ἱερῶν
957 1606 1082 1659 ὄντα
1114 1608 1250 1660 κατά
1274 1624 1326 1658 τι
1356 1608 1661 1677 ἀπόρρητον
1696 1607 1769 1679 μὴ

201 1698 267 1749 ού
302 1693 572 1769 θεμιτὸνῇ
607 1696 998 1767 παραλλάττειν
1023 1713 1037 1726 ⁸
1066 1696 1123 1748 τὸ
1150 1696 1205 1747 δὲ
1244 1696 1649 1765 περιειργάσθαι
1682 1698 1772 1749 καὶ

207 1790 484 1859 μηδεμίαν
514 1790 634 1860 ἔχον
660 1790 900 1859 ἀνάγκην
940 1788 1229 1851 Ίουδαῖζει,
1259 1788 1443 1856 Ἡμεῖς
1476 1788 1770 1858 μὲντοίνυν

1872 615 2054 683 Neque
2098 616 2239 668 enim
2285 616 2514 682 septimo
2551 614 2637 667 die
2684 614 2750 667 ab
2781 613 2925 666 omni
2964 627 3123 679 opere
3160 610 3416 665 feriantur

1869 706 2090 766 inertes,
2123 706 2211 775 qui
2242 706 2357 759 dies
2388 720 2415 758 a
2440 703 2638 759 Iudaeis
2680 703 2979 757 Sahbatum‘
3004 717 3032 754 a
3062 703 3239 769 quiete
3270 718 3414 755 nun-

1869 802 2129 862 cupatur;
2160 796 2251 849 sed
2287 796 2402 864 ipso
2434 795 2520 849 die
2542 797 2735 864 primo,
2766 794 2857 863 qui
2884 794 3037 847 nobis
3061 800 3143 847 est
3175 792 3416 846 Domini-

1869 901 1989 951 cus,
2044 902 2305 956 sacerque
2351 886 2458 939 Deo
2515 887 2839 954 resurgenti.
2875 885 3059 955 Neque
3114 894 3288 938 tamen
3332 886 3414 939 sic

1869 978 2121 1036 otiamur.
2162 986 2221 1030 ut
2246 978 2329 1031 vel
2362 978 2583 1041 elixare,
2624 976 2707 1029 vel
2747 991 2987 1030 mensam
3020 985 3261 1031 sternere
3294 976 3420 1029 reli—

1870 1068 1957 1138 gio
1990 1068 2060 1123 sit
2080 1052 2108 1131 ,’
2126 1083 2408 1136 operasque
2439 1068 2506 1123 sit
2534 1068 2762 1136 pretium
2805 1068 2985 1122 omnia
3012 1067 3182 1137 pridie
3214 1070 3420 1136 praepa-

1869 1172 1984 1213 rata
2017 1160 2233 1213 habere.
2267 1159 2404 1229 Ergo
2436 1174 2536 1212 nec
2562 1160 2711 1223 utile,
2745 1175 2843 1212 nec
2872 1160 3072 1229 alioqui
3106 1159 3415 1221 honestum,

1870 1247 1983 1300 haec
2013 1246 2317 1301 Iudaeorum
2366 1249 2581 1301 nomina
2610 1248 2665 1302 in
2704 1257 2901 1303 nostra
2950 1233 3266 1317 septimanae
3306 1247 3420 1301 cal-

1870 1338 2050 1391 culum
2082 1353 2377 1393 assumere.
2408 1338 2516 1393 Nec
2548 1340 2687 1393 enim
2714 1340 2792 1394 sic
2824 1355 2879 1394 se
2911 1339 3069 1393 habet
3097 1338 3416 1403 Sabbatum,

1870 1434 1929 1480 ut
1960 1429 2115 1498 167
2145 1428 2398 1483 Hosanna
2428 1441 2480 1484 et
2525 1430 2756 1485 Sabaoth
2782 1450 2795 1484 :
2821 1447 2941 1499 qua:
2990 1432 3163 1483 aliena
3198 1431 3416 1499 quidem

1869 1534 1989 1571 cum
2023 1528 2076 1572 et
2103 1520 2216 1588 ipsa
2244 1521 2372 1581 sint,
2417 1529 2592 1574 tamen
2618 1522 2671 1574 in
2698 1522 2839 1574 hunc
2867 1535 3039 1590 usque
3070 1521 3209 1574 diem
3236 1521 3291 1573 in
3326 1534 3421 1574 sa-

1869 1606 2089 1660 criﬁciis
2130 1609 2513 1664 acclamatione
2557 1610 2827 1666 communi
2861 1609 2928 1661 ab
2963 1609 3097 1677 ipsis
3137 1623 3415 1663 sacrorum

1870 1701 2141 1755 ministris
2164 1703 2469 1755 necessario
2495 1709 2840 1772 usurpantur.
2872 1701 3001 1765 Quae
3018 1702 3160 1755 enim
3188 1716 3216 1753 a
3245 1700 3417 1775 maxi-

1872 1788 1974 1841 mis
1996 1788 2339 1857 pontiﬁcibus
2372 1791 2600 1858 alicujus
2622 1789 2806 1842 arcani
2833 1789 3005 1856 gratia
3032 1789 3239 1859 sancita
3265 1796 3414 1852 sunt,

204 1877 341 1946 περὶ
383 1878 562 1947 μηνῶν
610 1895 668 1929 τε
715 1878 806 1929 καὶ
855 1874 1111 1948 ἡμερῶν,
1157 1876 1251 1928 καὶ
1300 1874 1540 1927 ἐνιαυτοῦ
1564 1915 1579 1940 ,
1629 1874 1765 1929 οὕτω

1870 1877 2022 1933 nefas
2067 1880 2137 1933 sit
2189 1880 2490 1935 immutare.
2556 1878 2940 1950 Superstitiose
2984 1892 3113 1933 vero
3155 1888 3208 1933 et
3258 1880 3416 1933 anxie

205 1968 444 2037 χρῆσθαι
471 1966 699 2035 μάλιστα
725 1967 999 2036 ἀξιοῦμεν.

1808 1988 1811 1989 ν
1869 1985 2046 2041 agere,
2077 1972 2219 2042 quod
2259 1974 2468 2027 nullum
2492 1990 2671 2037 usum,
2703 1983 3093 2044 cogentemque
3124 1973 3418 2028 necessita-

202 2070 320 2117 tem
353 2062 552 2116 habet:
584 2061 638 2115 id
667 2060 1251 2148 redoletJudaismum.
1278 2060 1388 2115 Nos
1425 2061 1589 2131 igitur
1646 2064 1948 2129 mensibus,
1984 2066 2177 2123 diebus
2230 2076 2283 2123 et
2334 2082 2477 2122 anno
2540 2068 2619 2122 sic
2660 2069 2737 2123 uti
2777 2070 3007 2123 maxime
3042 2070 3260 2140 dignum
3316 2082 3416 2137 pu-

204 2167 413 2210 tamus.

254 2249 391 2317 Πὼς
420 2250 514 2303 δεῖ
534 2249 697 2319 ἄγειν
725 2248 863 2314 τοὺς
896 2250 1150 2318 χρόνους
1176 2251 1302 2302 κατ’
1345 2250 1699 2318 Ἀθηναίους.

276 2404 388 2456 lH'.
424 2404 484 2456 Εἰ
511 2404 565 2456 δέ
594 2421 671 2474 τῳ
702 2404 943 2474 διαφέροι
972 2405 1123 2472 ἄγειν
1150 2404 1224 2468 ὡς
1262 2405 1551 2475 Ἀθηναῖοι,
1580 2411 1644 2477 τῇ
1670 2407 1765 2475 μὲν

200 2494 360 2558 τάξει
388 2497 644 2565 χρήσεται
669 2496 731 2567 δὴ
762 2498 827 2566 τῇ
860 2496 1239 2569 ὲπιδειχθείσῃ,
1272 2497 1322 2548 εἴ
1350 2515 1405 2549 τι
1437 2501 1465 2551 ὁ
1498 2498 1651 2566 λόγος
1680 2499 1767 2552 ὅδε

200 2588 427 2655 διαιρεῖο
454 2589 622 2657 ἀρχὴν
643 2588 697 2639 δὲ
714 2588 878 2653 τάξας
900 2587 991 2640 τοῦ
1014 2588 1165 2651 ἔτους
1186 2589 1281 2652 τὰς
1306 2588 1519 2659 θερινὰς
1538 2591 1763 2661 τροπὰς,
1794 2608 1795 2611 ‘

200 2679 349 2747 ὀριεί
374 2676 479 2727 τῶν
508 2678 689 2747 μηνῶν
722 2680 843 2741 τοὺς
873 2679 971 2748 μὲν
1000 2678 1490 2750 τριακονθημέρους
1513 2682 1603 2732 καὶ
1632 2680 1764 2751 πλή-

200 2778 346 2838 ρεις,
396 2768 519 2831 τοὺς
558 2770 613 2821 δὲ
652 2772 746 2839 μιᾷ
785 2771 889 2822 τῶν
942 2756 1140 2841 ἑτέρων
1195 2770 1541 2839 λειπομένους
1585 2772 1765 2843 ἡμέρα

202 2856 435 2924 ἐναλλὰξ
461 2862 587 2932 παρ’
616 2861 731 2923 ἕνα,
770 2861 844 2924 ὡς
865 2863 1101 2931 ήμίσεώς
1150 2880 1250 2913 που
1302 2863 1562 2926 ἐνδέοντος
1616 2865 1762 2935 μιᾶς,

202 2953 345 3021 πρὸς
360 2952 420 3004 τὸ
454 2951 909 3021 τριακονθήμερον
949 2948 1087 3003 εἶναι
1126 2952 1215 3005 τὸν
1255 2952 1350 3023 τῆς
1400 2950 1623 3022 σελήνης
1664 2971 1766 3023 μη-

203 3045 377 3094 νιαίον
413 3042 615 3113 χρόνον.
655 3041 799 3112 Ἀριθ
810 3043 1035 3113 μήσεται
1063 3042 1117 3094 δὲ
1144 3040 1242 3103 τὰς
1269 3041 1474 3111 ἡμέρας
1516 3042 1640 3111 ἄχρι
1666 3042 1765 3111 τῆς

1859 2249 2129 2315 Quomodo
2172 2249 2469 2306 secundum
2496 2248 2827 2304 Athenienses
2873 2248 3073 2318 agenda
3114 2258 3236 2303 sunt
3282 2260 3415 2306 tem-

2560 2337 2708 2388 pora.

1928 2407 2112 2463 XVIII.
2151 2410 2302 2476 Quod
2339 2412 2385 2466 si
2418 2411 2575 2479 cujus
2616 2412 2902 2466 interesset
2931 2408 3225 2465 secundum
3249 2410 3413 2477 Athe-

1859 2502 2075 2557 nienses
2113 2517 2291 2572 agere,
2320 2502 2510 2577 ordine
2543 2502 2759 2573 quidem
2791 2511 2973 2557 utetur
3002 2504 3409 2558 demonstrato:

1859 2591 1906 2646 si
1939 2592 2065 2660 quid
2095 2591 2299 2645 ordinis
2328 2592 2577 2660 praesenti
2617 2606 2866 2645 sermone
2893 2592 3411 2647 consecuti-sumus.

1859 2677 2057 2732 Verum
2089 2690 2368 2749 postquam
2395 2681 2462 2734 ab
2484 2683 2669 2735 testivo
2724 2681 2977 2735 solstitio
3024 2682 3152 2734 anni
3211 2683 3422 2751 ι)τὶηοί-

1864 2770 2010 2841 pium
2040 2773 2386 2835 ordinaverit,
2419 2771 2683 2826 mensium
2710 2771 2980 2826 describet
3009 2774 3144 2827 alios
3175 2775 3412 2828 tricena-

1862 2863 1974 2919 rios
2000 2871 2054 2918 et
2087 2864 2293 2932 plenos,
2334 2864 2470 2917 alios
2524 2877 2650 2917 vero
2680 2878 2787 2916 uno
2828 2863 2914 2917 die
2944 2864 3123 2918 minus
3171 2865 3291 2919 aliis
3333 2866 3412 2918 al-

1864 2954 2033 3009 ternis
2070 2953 2280 3007 vicibus
2329 2967 2554 3017 censos;
2616 2950 2769 3020 quasi
2823 2950 3103 3005 deﬁciente
3129 2951 3234 3004 diei
3264 2961 3409 3005 certe

1820 3046 1823 3047 ⁷
1864 3043 2106 3107 dimidio,
2163 3051 2220 3096 ut
2277 3051 2611 3118 menstruum
2650 3040 2788 3093 lunae
2812 3049 3020 3109 tempus
3052 3041 3121 3094 sit
3148 3028 3427 3093 tricenum'

203 3132 477 3200 εἰκοστῆς,
525 3131 584 3183 ὃν
633 3131 839 3201 εἴρηται
890 3130 1106 3201 τρόπον’
1152 3129 1283 3199 μετά
1321 3130 1376 3181 δὲ
1412 3130 1631 3199 ταύτην,
1681 3129 1764 3182 δε-

1862 3138 2091 3192 dierum.
2126 3133 2514 3204 Supputabitur
2551 3141 2725 3187 autem
2756 3132 2963 3186 dierum
2992 3132 3151 3193 ratio,
3187 3147 3294 3201 quo
3321 3147 3415 3186 su—

203 3214 393 3291 κάτην
414 3220 704 3290 φθίνοντος,
742 3223 787 3271 εί
818 3220 1025 3290 πλήρης
1062 3223 1088 3272 ὁ
1120 3221 1243 3290 μήν·
1283 3215 1399 3272 εἶτα
1432 3221 1643 3290 ἐνάτην,
1671 3220 1763 3275 καὶ

204 3312 338 3382 ἑξῆς
383 3312 729 3383 ἀναστρέφων
770 3312 898 3381 ἄχρι
940 3311 1211 3382 δευτέρας·
1260 3312 1373 3382 μεθ’
1410 3311 1475 3381 ἢν
1512 3312 1635 3381 ἕνην
1670 3311 1762 3363 καὶ

202 3406 353 3457 νέαν.
391 3404 453 3455 Et
487 3403 659 3465 κοῖλος
687 3405 714 3455 ὁ
743 3403 867 3471 μὴν,
899 3403 1089 3473 ὲνάτην
1114 3402 1406 3469 φθίνοντος.
1440 3403 1531 3455 καὶ
1557 3402 1679 3471 ἑξῆς
1703 3402 1762 3455 τὸ

203 3495 490 3561 ἀνάλογον,
517 3495 591 3556 ὡς
610 3494 703 3548 καὶ
728 3493 1061 3561 Πολυδεύκης
1084 3493 1319 3564 ἀριθμεῐο
1348 3495 1441 3562 οὐχ
1468 3492 1663 3555 ἱκανῶς
1684 3494 1759 3557 δὲ,

202 3587 344 3639 διότι
366 3586 543 3639 κοίλου
568 3587 729 3656 μόνου
753 3584 1038 3652 καταλέγει
1063 3584 1290 3655 ἡμέρας.
1320 3584 1541 3656 Πλήθων
1560 3584 1614 3636 δὲ
1636 3585 1760 3655 ένην

206 3678 315 3749 μὲν
343 3678 439 3748 τὴν
458 3677 701 3748 εἰκοστὴν
731 3678 943 3748 ἐνάτην,
976 3677 1100 3747 ἕνην
1127 3677 1183 3729 δὲ
1212 3678 1302 3729 καὶ
1328 3676 1451 3729 νέαν
1481 3677 1576 3746 τὴν
1608 3693 1761 3746 τρια-

204 3769 412 3839 κοστὴν
442 3764 632 3838 λέγων,
670 3769 819 3821 οὐδὲν
857 3768 1059 3839 ἀπᾷδον
1085 3767 1240 3839 ήμῶν
1272 3785 1421 3839 φησι,
1451 3768 1510 3837 τό
1544 3784 1604 3836 γε
1637 3768 1762 3839 περὶ

202 3863 269 3915 τὸ
304 3864 551 3932 πρᾶγμα.
590 3863 691 3914 Ἦν
724 3860 830 3930 γὰρ
866 3860 1119 3929 δευτέραν
1154 3858 1426 3927 φθίνοντος
1454 3861 1608 3929 ἡμεῖς
1642 3859 1760 3927 ἀρι-

205 3951 476 4023 θμοῦμεν,
514 3952 638 4021 ἕνην
675 3950 845 4014 καλεῖ,
884 3950 950 4002 ἶν’
981 3950 1106 4013 ἴσως
1137 3950 1281 4020 αὐτῷ
1317 3950 1593 4021 ἱερομηνία
1631 3946 1763 4001 οὖσα

201 4044 287 4116 τῷ
325 4043 623 4105 Πλούτωνι,
662 4042 883 4095 αὐτόθεν
922 4042 985 4112 δὴ
1026 4043 1133 4095 κάκ
1174 4042 1273 4111 τῆς
1310 4040 1671 4111 προσηγορίας
1703 4041 1762 4093 τὸ

205 4137 408 4209 σεμνὸν
442 4136 539 4208 ἔχῃ
566 4136 659 4189 καὶ
687 4136 964 4207 τραγικόν.
988 4137 1076 4187 Δεῖ
1106 4134 1213 4205 γὰρ
1237 4135 1325 4186 καί
1357 4151 1497 4196 τινος
1525 4133 1759 4185 τοιούτου

203 4234 323 4294 τοῖς
354 4230 479 4299 περὶ
519 4228 586 4280 τὰ
626 4227 744 4281 ὅσια
778 4227 1334 4296 πραγματευομένοις.
1361 4224 1666 4295 ιΠειρατέον
1706 4225 1765 4277 δὲ

203 4320 351 4376 κατά
380 4320 602 4389 σελήνην
626 4317 873 4389 ἀριθμεῖν
896 4318 990 4381 τὰς
1014 4319 1242 4388 ἡμέρας.
1282 4317 1430 4369 Ἐπεὶ
1460 4318 1551 4369 καὶ
1576 4316 1635 4369 τὸ
1655 4316 1760 4368 τῶν

206 4411 397 4486 μηνῶν
430 4386 676 4480 τους-μὲν
705 4386 947 4479 πλήρέις,
979 4386 1101 4470 τοὺς
1213 4408 1418 4471 κοίλους
1448 4406 1756 4478 λαμϐάνειν,

199 4465 361 4557 ἓρξδτι
393 4465 655 4571 βούλεται.
683 4465 1006 4570 οὐχ”ικοίνδν
1032 4465 1108 4552 δέ’·
1140 4499 1273 4552 ἀλλά
1305 4498 1385 4551 δεῖ
1400 4465 1627 4551 ’που’και
1646 4465 1754 4551 an;
1788 4465 1831 4521 Ῑ)

201 4595 343 4647 ἄττα
381 4591 854 4662 πραγματεύεσθαι
897 4590 1083 4659 συχνὰ,
1112 4592 1159 4643 εἰ
1193 4591 1369 4661 μέλλοι
1406 4590 1666 4654 σώζεσθαι
1700 4590 1759 4642 τὸ

201 4686 486 4757 ὁμόλογον·
529 4684 760 4754 χαλεπὸν
806 4684 861 4736 δὲ
905 4682 993 4735 διὰ
1028 4683 1125 4752 τὴν
1170 4680 1365 4752 πολλὴν
1408 4683 1506 4752 τῆς
1534 4682 1759 4753 σελήνης

203 4777 452 4843 ἀταξίαν.
502 4779 576 4828 Δι’
608 4778 744 4846 ὅπερ
788 4775 896 4829 οὐδ’
948 4774 1214 4845 Ἀθηναῖοι
1257 4775 1529 4843 φαίνονται
1571 4792 1761 4845 κατορ-

202 4870 444 4933 θοῦντες
468 4868 541 4930 ὡς
563 4868 675 4920 ἔστι
698 4866 1069 4940 τεκμήρασθαι
1098 4866 1187 4919 καὶ
1214 4865 1270 4931 ἐξ
1292 4859 1363 4918 ὧν
1385 4865 1448 4934 δὴ
1470 4868 1497 4917 ὁ
1524 4865 1760 4935 κωμικὸς

203 4962 474 5032 ποιεῖτὴν
505 4961 729 5031 σελήνην
756 4960 1052 5029 θυμαίνειν,
1089 4960 1169 5011 ὅτι
1195 4957 1343 5009 οὐδὲν
1370 4956 1510 5009 κατὰ
1538 4957 1759 5027 σελήνην

198 5057 340 5131 ἦγον
362 5056 469 5120 τὰς
502 5044 711 5127 ἡμέρας
757 5054 1022 5124 Ἀθηναῖοι
1059 5053 1249 5124 ὀρθῶς,
1289 5047 1400 5105 ἀλλ’
1439 5051 1548 5103 ἀνω
1578 5067 1633 5103 τε
1667 5051 1759 5103 καὶ

202 5152 358 5204 κάτω
390 5147 756 5202 ὲκυδοιδὸπων·
779 5143 918 5197 οὕτω
944 5144 1050 5215 γὰρ
1079 5143 1335 5215 κέχρηται
1356 5143 1419 5211 τῇ
1449 5140 1607 5207 λέξει.
1630 5140 1757 5191 Hat-

206 5240 403 5312 ρατέον
440 5240 619 5310 μέντοι
655 5235 791 5289 κατὰ
820 5234 880 5287 τὸ
905 5234 1123 5287 δυνατὸν
1163 5230 1517 5302 διορθοῦσθαι,
1546 5230 1759 5301 χρωμέ-

202 5348 331 5393 νους
357 5334 467 5393 τοῖς
500 5327 907 5400 ἐμπειροτάτοις
944 5326 1030 5379 ἀεὶ
1060 5325 1167 5379 τῶν
1200 5323 1592 5396 ἀστρολογικῶν
1622 5324 1755 5375 θεω-

205 5443 275 5497 ρη
285 5424 469 5494 μάτων
498 5440 561 5476 συ
570 5420 835 5494 μϐούλοις.

1862 3230 2163 3301 pradictum
2186 3234 2268 3282 est
2300 3226 2480 3286 modo,
2517 3240 2683 3294 usque
2721 3225 2785 3278 ad
2812 3223 3124 3279 vicesimum
3163 3242 3175 3277 :
3217 3240 3415 3279 secun-

1860 3325 1986 3377 dum
2018 3336 2200 3390 quem,
2236 3320 2281 3374 si
2314 3318 2515 3373 mensis
2572 3325 2653 3371 est
2690 3317 2899 3384 plenus,
2948 3316 3094 3370 dices
3147 3317 3412 3391 decimum

1861 3412 2171 3485 praecipitis,
2214 3410 2404 3464 deinde
2438 3392 2659 3471 nonum,
2712 3416 2765 3461 et
2817 3408 2891 3461 ita
2942 3408 3192 3478 deinceps
3224 3408 3415 3462 ordine

1862 3494 2188 3576 praepostero
2218 3487 2388 3571 usque
2411 3500 2477 3554 ad
2508 3498 2801 3554 secundum
2845 3516 2857 3551 :
2890 3506 3011 3567 post
3039 3514 3196 3567 quem
3234 3506 3414 3552 extre-

1862 3615 2005 3665 mum
2030 3596 2283 3666 primum,
2320 3610 2413 3649 seu
2440 3603 2670 3647 veterem
2695 3598 2747 3646 et
2776 3586 3005 3645 novum.'
3025 3590 3094 3643 At
3121 3591 3167 3645 si
3202 3588 3407 3644 mensis

1860 3706 2027 3746 cavus
2060 3690 2150 3750 sit,
2185 3702 2383 3741 nonum
2408 3684 2707 3741 desinentis
2736 3691 2858 3754 post
2884 3684 3201 3738 vicesimum
3237 3682 3409 3748 dices,

1860 3790 1914 3837 et
1933 3780 2093 3836 simili
2134 3777 2389 3845 deinceps
2422 3777 2649 3837 ratione,
2680 3780 2738 3827 ut
2768 3774 2928 3828 etiam
2958 3772 3146 3826 Pollux
3187 3786 3412 3825 enume-

1862 3880 1967 3938 rat,
1998 3870 2091 3925 sed
2123 3885 2230 3924 non
2258 3866 2581 3923 sumcienter
2617 3863 2853 3934 quidem,
2883 3870 2941 3916 ut
2968 3862 3059 3931 qui
3088 3860 3268 3915 solius
3292 3860 3411 3914 cavi

1862 3964 1976 4018 dies
2008 3967 2307 4017 recenseat.
2342 3956 2563 4012 Plethon
2591 3970 2717 4007 vero
2746 3953 3061 4006 vicesimum
3097 3963 3295 4003 nonum
3316 3962 3412 4002 ve-

1862 4060 2029 4107 terem
2066 4050 2362 4121 appellans,
2394 4058 2446 4101 et
2477 4044 2806 4098 tricesimum
2839 4050 3068 4097 veterem
3106 4049 3162 4095 et
3186 4055 3407 4106 novum,

1864 4144 2000 4199 nihil
2029 4143 2212 4209 nobis,
2270 4148 2528 4211 quantum
2563 4139 2629 4201 ad
2664 4138 2800 4191 hanc
2854 4150 2987 4197 rem,
3017 4134 3295 4189 dissonum
3327 4132 3411 4186 af-

1861 4236 1981 4290 fert.
2010 4234 2159 4288 Diem
2200 4233 2363 4295 enim,
2406 4247 2561 4300 quem
2596 4228 2889 4285 secundum
2936 4226 3227 4296 praecipitis
3276 4225 3443 4297 dici-7

1861 4341 2003 4390 mus,
2043 4324 2129 4379 ille
2186 4333 2418 4377 veterem
2474 4322 2722 4391 appellat,
2755 4329 2812 4372 ut
2866 4318 3001 4373 forte
3064 4332 3274 4372 sacrum
3306 4317 3409 4386 ipsi

1862 4413 2078 4469 Plutoni
2130 4410 2671 4469 exsistentem.Nam'
2705 4425 2769 4465 ex
2819 4409 3127 4478 hujusmodi
3172 4407 3407 4477 appella-

1863 4508 2015 4563 tione
2034 4507 2216 4561 nescio
2248 4506 2377 4576 quid
2407 4520 2598 4587 'grave,
2631 4504 3040 4573 superciliosum
3068 4508 3121 4555 et
3151 4499 3407 4567 tragicum

1862 4614 1971 4669 pra:
2000 4614 2057 4653 se
2087 4598 2189 4652 fert
2224 4614 2234 4648 :
2263 4613 2381 4667 quin
2404 4612 2497 4665 res
2527 4595 2766 4665 apprime
2790 4608 2925 4663 Opus
2952 4603 3036 4647 est
3064 4592 3130 4643 iis
3177 4590 3267 4659 qui
3298 4598 3411 4641 tra-

1863 4692 2076 4745 ctandis
2119 4692 2288 4746 sacris
2320 4689 2689 4743 vehementius
2746 4674 3093 4753 occupantur.
3125 4680 3411 4735 Enimvero

1864 4780 2277 4851 periclitandum
2306 4789 2389 4833 est
2410 4779 2475 4832 ad
2494 4776 2674 4831 lunam
2704 4776 2819 4829 dies
2851 4785 3155 4855 numerare.
3186 4767 3411 4834 Quando

1863 4874 2023 4927 etiam
2064 4871 2115 4924 id
2169 4871 2269 4925 sibi
2302 4870 2414 4923 vult
2467 4884 2528 4923 ea
2574 4868 2839 4922 mensium
2896 4862 3228 4925 constitutio,
3285 4873 3411 4931 cum

1863 4965 2003 5033 pleni
2052 4964 2164 5025 alii,
2199 4963 2289 5015 alii
2324 4960 2440 5014 cavi
2468 4967 2777 5033 sumuntur.
2812 4956 2917 5011 Sed
2950 4970 3057 5009 non
3087 4951 3277 5007 suﬂlcit
3323 4957 3408 5003 ta-

1862 5032 2007 5105 men.
2035 5049 2311 5120 Siquidem
2350 5057 2403 5103 et
2423 5049 2523 5101 alia
2557 5048 2797 5117 quadam
2821 5044 3029 5105 .crehro
3059 5040 3409 5096 commentari
3460 5032 3463 5035 ’

1862 5151 2094 5212 oportet,
2137 5142 2181 5195 si
2224 5141 2632 5195 consonantiam
2680 5137 3141 5207 arqualitatemque
3198 5144 3411 5186 servare

1861 5236 2089 5291 velimus
2121 5251 2134 5284 :
2168 5234 2217 5287 id
2240 5233 2381 5302 quod
2414 5242 2630 5303 propter
2651 5246 2756 5284 non
2783 5243 2999 5297 parvam
3048 5228 3191 5279 lunae
3222 5219 3410 5276 confu-

1865 5306 2077 5381 sionem
2103 5332 2185 5380 est
2219 5323 2452 5378 diﬂicile.
2494 5322 2610 5387 Quo
2643 5320 2720 5384 lit,
2751 5327 2811 5374 ut
2851 5332 3024 5387 neque
3055 5313 3409 5369 Athenienses

1862 5417 2143 5469 videantur
2185 5425 2332 5471 recte
2364 5423 2522 5483 atque
2559 5413 2747 5466 ordine
2804 5408 3111 5481 procedere,
3154 5411 3213 5457 ut
3251 5417 3311 5456 ex
3343 5415 3409 5454 eo

202 5496 506 5590 coniectari
569 5526 673 5584 est,
712 5517 856 5588 quod
916 5515 1155 5571 comicus
1216 5515 1401 5567 lunam
1469 5511 1595 5565 facit
1656 5511 1722 5565 iis
1769 5525 2107 5581 succensere,
2140 5510 2282 5579 quod
2326 5525 2431 5563 non
2468 5515 2614 5561 recte
2646 5506 2711 5561 ad
2742 5520 2896 5560 suum
2955 5501 3122 5572 ipsius
3164 5496 3407 5552 curricu-

201 5617 317 5671 lum
347 5622 591 5684 tempora
629 5613 939 5685 dirigerent,
960 5610 1053 5667 sed
1080 5610 1219 5664 infra
1251 5624 1411 5679 supra
1457 5606 1869 5671 confunderent;
1904 5605 1982 5661 sic
2039 5605 2184 5658 enirn
2242 5606 2332 5658 ille
2386 5602 2643 5671 loquitur.
2703 5597 3092 5669 Experiendum
3115 5600 3292 5647 tamen
3326 5596 3408 5643 est

200 5711 496 5767 emendare
538 5702 635 5779 pro
707 5710 871 5774 virili,
924 5708 1123 5765 utendo
1189 5706 1405 5764 assidue
1459 5702 1804 5775 peritissimis
1872 5700 2175 5769 astrologiae
2248 5698 2670 5769 Speculationum
2731 5699 3221 5765 prmocptorumque
3278 5699 3409 5739 cono

202 5802 443 5861 sliariis.
