4124 6320
747 421 876 481 uti
1787 425 1878 481 AD
1919 426 2182 483 EUSEBII
2223 429 2610 488 cuncmcon
2640 405 2998 488 Apésnmx.
3851 431 3960 491 tau

1195 537 1272 592 De
1298 555 1467 594 mense
1504 541 1866 598 intercalario.
2343 556 2392 612 Α

2343 556 2392 612 Α
2835 551 2971 618 Περὶ
2998 550 3316 619 ἐμϐολίμου
3343 553 3560 617 μηνός.

820 627 958 682 ΧΙΧ.
993 630 1060 683 Et
1088 644 1275 685 mense
1295 631 1511 701 quidem
1543 634 1891 689 intercalario
1920 636 2114 693 Atticis
2155 640 2312 698 annis
2440 704 2448 720 ί

2440 704 2450 720 γ
2488 624 2588 693 19'.
2625 642 2734 694 Καὶ
2768 641 2864 710 μὲν
2901 641 2965 712 δὴ
3000 641 3091 692 και
3131 641 3298 710 μηνὸς
3340 640 3640 710 ἐμϐολίμου
3667 639 3849 708 δεήσει
3873 643 3953 691 τοῖς

721 719 912 787 etiam
942 735 1079 792 Opus
1099 731 1202 784 est,
1245 725 1323 776 uti
1364 725 1516 792 prius
1559 726 1969 797 explicavimus,
2000 740 2059 785 ut
2104 749 2316 789 menses

2431 719 2690 791 ’Ᾱττικοῖς
2735 731 2898 792 ἔτεσι,
2945 730 3195 799 καθάπερ
3237 730 3448 800 εἴρηται
3491 730 3786 799 πρότερον,
3830 730 3888 781 ἶν’
3919 732 3950 781 o‘

751 818 1099 881 perseverent
1121 814 1455 885 temporibus
1477 818 1796 872 concordes.
1827 819 2176 877 lnserendum
2216 827 2318 878 ita-

2420 822 2582 891 μῆνες
2608 823 2988 891 συμϐαίνοντες
3009 823 3285 875 διατελῶσι
3310 825 3429 885 ταῖς
3455 821 3650 891 ῶραις.
3677 822 3951 891 Ἐπεμϐλη-

750 918 857 971 que
889 903 1300 973 Scirophorioni
1341 910 1535 971 mensi,
1567 907 1659 978 qui
1690 911 1980 978 respondet
2013 912 2170 980 Maio,
2203 916 2317 972 dies

2415 913 2534 962 τέον
2555 910 2599 963 δ’
2620 912 2725 980 ἄρα
2751 913 2842 964 ἐπὶ
2862 913 3244 983 Σκιροφοριῶνι
3277 913 3405 982 μηνὶ
3426 912 3727 983 τριάκοντα
3748 913 3946 982 ἡμέρας.

750 993 996 1064 triginta.
1029 993 1327 1064 Testesque
1382 996 1542 1065 hujus
1606 1000 1682 1053 rei
1722 999 2029 1057 Macrobius
2083 1007 2318 1074 scriptor

2415 1000 2704 1070 Μάρτυρες
2745 1001 2801 1054 δὲ
2844 1001 3046 1054 τούτων
3079 1002 3390 1072 Μακρόϐιος
3432 1002 3703 1073 Ῥωμαῖος
3747 1020 3953 1073 συγγρα-

765 1080 1041 1136 Romanus
1067 1091 1120 1136 et
1150 1081 1473 1140 Herodotus.
1503 1084 1636 1140 Nam
1690 1087 1779 1142 ille
1811 1089 1864 1142 in
1920 1089 2314 1159 Saturnalibus,

2416 1093 2547 1158 φεὺς
2568 1093 2658 1144 καὶ
2674 1092 2970 1161 Ἡρόδοτος·
2991 1095 3020 1145 ό
3049 1093 3144 1162 μὲν
3165 1093 3336 1160 λέγων
3361 1096 3419 1146 ἐν
3442 1096 3554 1156 τοῖς
3577 1094 3849 1160 Κρονίοις
3870 1095 3951 1146 τῶν

662 1232 664 1234 τ
752 1173 884 1227 dum
929 1172 1280 1244 Glaucippum
1322 1175 1374 1229 in
1410 1181 1816 1235 commentariis
1842 1181 2125 1248 de,sacris
2153 1186 2289 1239 Athe

2419 1186 2881 1256 συγγραμμάτων,
2939 1185 3471 1255 μεθερμηνευόμενος
3520 1184 3870 1239 Γλαύκιππον
3909 1187 3951 1237 ἐν

753 1263 1025 1318 niensium
1073 1265 1478 1334 interpretatur,
1544 1266 1678 1321 dicit
1722 1269 2080 1327 Athenienses
2129 1275 2318 1329 ultimo

2416 1278 2525 1336 τοῖς
2577 1277 2703 1345 περὶ
2749 1275 2855 1327 τῶν
2895 1274 3173 1347 Ἀθήνῃσιν
3213 1275 3370 1345 ἱερῶν
3411 1275 3504 1327 καὶ
3528 1275 3696 1328 ὁσίων
3733 1275 3950 1345 ὑπομνήι

755 1359 929 1410 mensi
961 1356 1085 1409 anni
1120 1357 1422 1426 superﬂuos
1452 1357 1569 1414 dies
1600 1359 1852 1428 injicere;
1893 1365 2041 1434 atqui
2093 1366 2343 1424 ultimus-

2338 1393 2343 1399 -
2420 1365 2572 1431 μασι,
2611 1366 2772 1430 φάναι
2813 1364 3121 1433 Ἀθηναίους
3148 1347 3243 1428 τὰς
3267 1365 3520 1435 περιττὰς
3546 1365 3763 1435 ἡμέρας
3881 1382 3951 1418 τε-

752 1455 838 1501 est
875 1445 1283 1518 Scirophorion.
1343 1447 1577 1513 Rursum
1623 1450 1922 1508 Herodotus
1954 1455 2315 1512 intercalatio-

2416 1455 2644 1525 λευταξῳ
2677 1455 3035 1526 ἐπεμϐάλλειν
3083 1458 3212 1527 μηνὶ
3241 1456 3334 1510 τοῦ
3369 1457 3635 1510 ἐνιαυτοῦ·
3673 1457 3952 1519 τελευταῖος

753 1556 877 1594 nem
912 1557 1032 1596 esse
1082 1542 1291 1595 dierum
1345 1541 1612 1596 tricenum
1645 1544 1855 1600 abunde
1885 1548 2193 1604 manifestat
2233 1552 2316 1607 bis

2415 1545 2470 1597 δὲ
2500 1546 2864 1618 Σκιροφοριὼν
2891 1544 2976 1618 ἦν·
2999 1551 3027 1601 ό
3043 1548 3098 1600 δὲ
3125 1545 3190 1602 αὖ
3213 1550 3278 1600 ἐκ
3302 1548 3506 1601 τούτων
3526 1548 3806 1617 διασαφῶν
3829 1565 3953 1619 apta-

751 1633 935 1687 verbis
957 1652 969 1686 :
993 1652 1011 1684 t
1042 1630 1194 1698 Quod
1231 1633 1277 1687 si
1306 1635 1468 1699 volet,
1493 1635 1691 1706 inquit,
1723 1637 1949 1692 alterum
1980 1655 2179 1694 annum
2195 1657 2317 1696 esse

2419 1637 2750 1708 κονθήμερον
2779 1638 2868 1691 τὸν
2897 1639 3186 1710 ἐμϐόλιμον
3216 1635 3372 1692 εἶναι·
3407 1659 3425 1691 ι
3459 1641 3522 1692 Ei
3549 1640 3606 1692 δὲ
3636 1640 3703 1710 δὴ
3733 1639 3953 1709 ἐθελήσει

747 1739 914 1796 quam
942 1726 1192 1791 alterum,
1230 1741 1338 1782 uno
1366 1742 1548 1783 mense
1570 1730 1852 1797 majorem,
1883 1739 1942 1785 ut
1969 1740 2210 1801 tempora
2231 1750 2317 1788 eo-

2416 1727 2509 1780 τοῦ
2544 1729 2588 1781 θ’
2619 1731 2800 1800 ἕτερον
2829 1729 2938 1783 τῶν
2971 1730 3133 1784 ἐτέων
3167 1730 3298 1800 μηνὶ
3336 1730 3670 1800 μακρότερον
3705 1727 3948 1796 γίνεσθαι,

751 1816 875 1870 dem
901 1824 1205 1886 opportune
1240 1826 1548 1883 recurrant,
1575 1835 1789 1874 menses
1825 1821 2040 1890 quidem
2083 1825 2306 1879 interca-

2419 1819 2504 1871 ἵνα
2517 1819 2579 1888 δὴ
2602 1823 2655 1871 αἱ
2680 1815 2815 1891 ὧραι
2840 1820 3170 1891 συμϐαίνωσι
3198 1819 3622 1890 παραγινόμεναι
3642 1819 3724 1881 εἰς
3746 1819 3807 1870 τὸ
3829 1819 3947 1882 δέον,

752 1903 872 1958 larii
901 1905 1119 1975 triginta
1147 1905 1386 1974 quinque
1420 1905 1554 1960 ﬁunt
1584 1923 1679 1976 per
1715 1923 1889 1964 annos
1947 1915 2309 1981 septuaginta,
2345 1895 2380 1946 Β

2345 1895 2384 1946 Β
2407 1911 2582 1980 ’μῆνες
2616 1914 2711 1980 μὲν
2734 1912 2893 1985 ,παρὰ
2940 1912 3006 1964 τά
3043 1911 3407 1982 ἑϐδομήκοντα
3444 1910 3566 1962 ἔτεα
3600 1911 3647 1962 οἱ
3693 1909 3950 1981 ἐμϐόλιμοι

751 1995 869 2052 dies
895 2011 1024 2050 vero
1050 2011 1118 2051 ex
1153 1997 1241 2051 his
1277 1997 1555 2054 mensibus
1595 1999 1742 2054 mille
1771 2007 1826 2056 et
1851 2002 2261 2075 quinquaginta.
2291 2025 2308 2056 ι

2414 2002 2648 2069 γίνονται
2685 2005 2972 2074 τριάκοντα
3014 2002 3195 2063 πέντε,
3230 2002 3431 2072 ἡμέραι
3467 2001 3524 2053 δέ
3556 2003 3620 2053 ἐκ
3650 2000 3760 2054 τῶν
3792 2002 3951 2072 μηνῶν

2413 2093 2614 2146 τούτων
2648 2095 2812 2163 χίλιαι
2838 2095 2929 2146 καὶ
2960 2094 3311 2161 πεντήκοντα.
3349 2110 3366 2142 ι

824 2168 1003 2235 Quoto
1038 2178 1217 2227 autem
1235 2187 1452 2243 quoque
1473 2188 1616 2229 anno
1667 2176 2094 2233 intercalandum
2127 2179 2219 2246 sit,
2268 2181 2314 2235 si

2484 2185 2562 2236 At‘
2588 2185 2781 2236 ὁπόσου
2814 2185 2870 2236 δέ
2900 2183 3087 2254 χρόνου
3113 2181 3566 2252 ἐπεμϐλητέον,εῐ
3592 2199 3676 2246 τις
3709 2181 3952 2254 Ἡροδότῳ

754 2262 878 2331 quis
901 2260 1185 2317 Herodoto.
1224 2263 1379 2320 ﬁdem
1435 2265 1737 2321 habendam
1790 2264 1970 2338 putat,
2029 2286 2096 2324 ex
2146 2287 2317 2342 nuper

2415 2275 2693 2328 πείθεσθαι
2722 2274 2879 2341 ἀξιοῖ,
2912 2257 3139 2353 αὐτόθεν
3156 2275 3218 2326 ἐκ
3239 2273 3346 2326 τῶν
3373 2272 3466 2325 νῦν
3486 2272 3549 2342 δὴ
3566 2273 3952 2343 παρατεθέντων

753 2356 1024 2427 appositis
1054 2355 1199 2425 quod
1220 2355 1415 2427 quierit
1440 2372 1654 2411 sumere
1677 2365 1876 2413 potest.
1908 2361 2148 2416 Alternis
2171 2364 2315 2417 enim

2416 2365 2527 2442 ἔχει
2548 2366 2729 2419 λαϐεῖν
2754 2368 2814 2418 τὸ
2840 2365 3184 2436 ζητούμενον.
3221 2363 3477 2428 Ἐναλλὰξ
3497 2365 3604 2436 γάρ
3625 2382 3706 2418 τοι
3730 2365 3952 2437 παρ’-ἕνα

754 2444 1227 2501 intercalationem
1295 2445 1412 2500 ﬁeri
1448 2445 1709 2514 declarat,
1745 2485 1762 2501 ι
1811 2465 1872 2502 νιο
1929 2451 2060 2505 dicit
2090 2455 2315 2508 alterum

2417 2458 2658 2526 γίνεσθαι
2677 2460 2764 2510 τὸν
2785 2457 3110 2528 ἐμϐολισμὸν
3132 2456 3281 2526 δηλοῖ
3300 2456 3394 2509 τοῦ
3414 2456 3460 2508 θ’
3480 2457 3666 2527 ἔτερον
3688 2456 3795 2510 τῶν
3811 2458 3952 2510 ἐτέων

753 2553 821 2592 ex
860 2537 1072 2593 duobus
1117 2537 1284 2602 annis,
1324 2537 1438 2593 ﬁeri
1490 2540 1662 2596 altero
1712 2537 2041 2612 longiorem,
2097 2554 2152 2601 et
2188 2547 2318 2602 dum

2417 2547 2608 2614 λέγων,
2621 2549 2714 2599 καὶ
2725 2546 3173 2618 τριακονταπέντε
3191 2545 3364 2616 μῆνας
3377 2545 3701 2615 ἐμϐολίμους
3714 2545 3822 2598 τῶν
3836 2545 3953 2598 ἐϐδο-

752 2628 997 2698 quinque
1023 2635 1077 2683 et
1109 2628 1329 2701 triginta
1355 2645 1570 2686 menses
1590 2631 1966 2692 intercalarios
1980 2653 2076 2708 per
2104 2648 2320 2710 septua-

2421 2639 2661 2710 μήκοντα
2683 2637 2817 2690 ἐτῶν
2840 2637 3104 2708 ἀριθμῶν.
3124 2638 3194 2690 Ἦ
3208 2636 3372 2716 τοῦτο¹
3391 2638 3489 2707 μὲν
3513 2636 3641 2699 ἴσως
3667 2637 3830 2689 δεῖται
3848 2636 3951 2687 σκέ-

755 2718 903 2784 ginta
936 2732 1108 2778 annos
1130 2729 1434 2776 enumerat.
1458 2719 1517 2776 ld
1566 2723 1712 2793 quod
1739 2724 1924 2782 forsan
1955 2727 2131 2783 adhuc
2179 2730 2320 2785 indi-

2417 2730 2580 2798 ψεως,
2606 2730 2720 2794 πῶς
2744 2731 2828 2792 ἂν,
2848 2729 3056 2800 θατέρῳ
3073 2729 3156 2782 ἀεὶ
3172 2728 3278 2781 τῶν
3307 2729 3442 2782 ἐτῶν
3466 2728 3949 2799 ἐπμϐαλλομένων.

755 2818 847 2879 get
874 2809 1329 2875 consideratione,
1359 2827 1595 2882 quonam
1638 2823 1797 2885 pacto
1823 2833 1918 2887 per
1952 2819 2192 2878 alternos
2219 2838 2319 2878 an-

2419 2823 2709 2892 τριάκοντα
2737 2821 2974 2892 ἡμερῶν,
3009 2819 3292 2890 συμϐαίνοι
3321 2821 3448 2883 τοὺς
3487 2819 3664 2890 μῆνας
3694 2819 3951 2889 ὁμολογεῖν

755 2915 858 2955 nos
898 2899 1234 2954 intercalatis
1269 2899 1462 2957 diebus
1508 2902 1733 2972 triginta
1777 2907 2054 2978 contingat
2107 2924 2320 2966 menses

2418 2916 2536 2974 ταῖς
2559 2912 2726 2982 ὧραις
2749 2910 2853 2964 ἀεί·
2877 2909 2998 2962 ἐπεὶ
3022 2908 3077 2960 δὲ
3105 2909 3279 2981 μάτην
3298 2907 3363 2962 ἂν
3383 2907 3583 2978 γίνοιτο
3609 2907 3696 2961 διὰ
3719 2907 3952 2961 πλειόνων

754 2989 1168 3058 tempestatibus
1194 2997 1522 3060 competere.
1554 2991 1783 3058 Quando
1810 3010 1940 3051 sane
1967 3005 2169 3056 temere
2228 3015 2322 3070 per

2420 3005 2479 3055 τὸ
2496 3003 2561 3054 δι’
2590 3002 2889 3054 ἐλασσόνων
2915 3002 3208 3072 δυνάμενον
3228 2999 3492 3069 γίνεσθαι·
3516 2999 3718 3068 γίνοιτο
3742 2999 3792 3052 δ“-
3810 2998 3872 3052 ἂν
3895 2998 3951 3051 δι’

753 3079 911 3148 plura
934 3077 1044 3145 ﬁat,
1073 3078 1220 3148 quod
1249 3079 1365 3134 ﬁeri
1390 3081 1567 3150 possit
1596 3097 1692 3152 per
1713 3085 1999 3153 pauciora;
2051 3090 2194 3160 atqui
2226 3105 2323 3159 per

2421 3093 2739 3154 ἐλασσόνων,
2771 3094 2819 3144 εί
2850 3091 2938 3144 διὰ
2968 3091 3226 3165 τετάρτου
3264 3089 3435 3162 ταύτῃ
3476 3089 3753 3160 γινόμενον
3797 3085 3853 3142 εὖ
3898 3089 3953 3143 ἂν

753 3172 1010 3242 pauciora
1041 3171 1154 3237 ﬁat,
1179 3170 1227 3226 si
1253 3181 1448 3242 quarto
1476 3189 1692 3244 quoque
1721 3191 1891 3260 anno‘
1918 3176 2120 3240 factum
2172 3196 2323 3252 aeque
2348 3222 2381 3260 Γ

2321 3206 2323 3229 τ
2348 3222 2393 3260 ρ
2423 3185 2552 3255 ἔχοι·
2597 3183 2904 3253 ληφθέντων
2956 3183 3054 3252 μὲν
3102 3181 3209 3238 τῶν
3264 3181 3448 3254 μηνῶν
3493 3181 3616 3235 καθ’
3657 3181 3694 3235 ἃ
3741 3182 3949 3252 εἴρηται,

755 3270 909 3318 recte
932 3263 1148 3318 habeat.
1176 3260 1422 3333 Sumptis
1451 3263 1670 3334 quidem
1700 3268 2001 3333 mensibus,
2049 3278 2107 3324 ut
2137 3273 2322 3327 retuli-
2349 3260 2383 3286 “

2349 3260 2395 3286 υ
2425 3279 2520 3329 ἐπε
2529 3274 2908 3346 μϐαλλομένων
2933 3276 2990 3328 δὲ
3014 3273 3302 3346 τριάκοντα
3326 3274 3545 3345 ἡμερῶν
3577 3273 3654 3345 τῷ
3674 3273 3832 3344 τρίτῳ
3860 3273 3952 3324 ἔτει

755 3367 899 3416 mus,
924 3358 978 3406 et
1019 3352 1354 3408 intercalatis
1391 3355 1584 3412 diebus
1643 3357 1866 3427 triginta
1924 3369 2049 3430 post
2103 3363 2318 3417 tertium

2413 3369 2528 3432 ἀεὶ,
2549 3367 2704 3420 τοῦτο
2724 3365 2768 3420 δ’
2798 3366 2914 3419 ἐστὶ
2942 3364 3092 3436 παρὰ
3121 3364 3213 3418 δύο
3239 3364 3484 3432 γίνεσθαι
3511 3365 3602 3417 τὸν
3629 3362 3947 3434 ἐμϐολισμόν·

755 3462 1027 3517 quemque
1049 3461 1269 3512 annum,
1289 3447 1391 3501 hoc
1406 3455 1489 3502 est
1515 3447 1799 3504 intervallo
1809 3450 2038 3506 duorum
2056 3467 2322 3509 annorum

2422 3457 2558 3528 πλὴν
2582 3459 2629 3509 εἰ
2656 3455 2762 3528 ἄρα
2784 3455 2891 3509 ἀπό
2917 3472 3061 3519 τινος
3083 3455 3189 3508 τῶν
3217 3454 3457 3525 ἀρχικῶν
3475 3450 3952 3526 τροπικῶνημερῶν

755 3539 1222 3594 intercalationem
1250 3539 1384 3605 ﬁeri,
1409 3541 1514 3611 nisi
1536 3542 1581 3596 si
1599 3543 1666 3597 ab
1694 3543 1797 3599 hoc
1844 3544 2152 3600 inchoativo
2182 3561 2319 3616 quo-

2421 3550 2642 3623 άρχεται
2674 3551 2702 3602 ὁ
2735 3546 2996 3612 ἐνιαυτός.
3047 3540 3217 3602 Αὗται
3263 3547 3309 3601 δ’
3343 3549 3449 3600 sict
3488 3545 3701 3618 πρώτη,
3732 3543 3951 3614 δευτέρα.

758 3629 903 3698 piam
929 3628 1018 3683 die
1047 3628 1321 3683 solstitiali
1350 3644 1528 3686 annus
1556 3631 1800 3700 incipiat.
1833 3630 1973 3687 Sunt
2025 3641 2205 3688 autem
2237 3619 2322 3688 iri-

2629 3641 2728 3710 τῆς
2750 3642 2876 3712 ὅλης
2901 3640 2994 3694 καὶ
3023 3637 3339 3702 αὐτοτελοῦς
3368 3639 3638 3709 περιόδου·
3664 3636 3846 3708 πρώτη
3874 3635 3953 3704 μὲν

758 3719 999 3774 choativi
1029 3720 1366 3785 solstitiales,
1392 3722 1620 3791 primus,
1655 3722 1946 3789 secundus,
1976 3727 2187 3791 tertius,
2208 3727 2325 3781 uni-

2324 3760 2325 3765 η
2421 3730 2519 3799 τῆς
2552 3727 2772 3800 πρώτης
2799 3727 3077 3802 ἑνδεκάδος
3097 3727 3192 3780 καὶ
3213 3725 3436 3790 ἀτελοῦς
3459 3726 3723 3798 περιόδου·
3751 3723 3952 3794 δευτέρα

759 3825 931 3865 versa:
959 3808 1317 3879 perfectaque
1342 3811 1571 3879 periodi.
1631 3810 1846 3868 Primus
1883 3814 2101 3883 quidem
2162 3817 2322 3886 primi

2422 3821 2479 3874 δὲ
2496 3820 2592 3889 τῆς
2610 3818 2866 3890 δευτέρας
2885 3817 3162 3882 ἑνδεκάδος
3183 3816 3278 3870 καὶ
3296 3815 3519 3880 ἀτελοῦς
3536 3809 3799 3887 περιόδου·
3817 3814 3951 3884 τρίτη

761 3914 1026 3956 annomm
1061 3901 1366 3968 undenarii,
1397 3911 1451 3957 et
1481 3903 1812 3974 imperfectae
1847 3906 2090 3976 periodi;
2131 3924 2325 3963 secun-

2323 3941 2325 3948 π
2423 3911 2479 3962 δὲ
2498 3911 2594 3979 τῆς
2614 3907 2740 3979 ἐξῆς
2761 3908 2983 3972 ὸκτάδος
3008 3905 3428 3978 συμπληρούσης
3447 3907 3546 3978 τὴν
3560 3906 3687 3976 ὅλην
3699 3923 3755 3957 τε
3770 3905 3858 3958 καὶ
3870 3902 3951 3955 αὐ-

760 3991 863 4046 dus
885 4006 1016 4047 vero
1038 3990 1262 4046 secundi
1282 3991 1591 4058 undenarii,
1611 4001 1666 4047 et
1704 3993 2030 4063 imperfectae
2078 3997 2323 4066 periodi;

2424 4001 2612 4070 τοτελῆ
2641 3999 2903 4070 περίοδον.
2931 3999 3184 4054 Βούλεται
3202 4000 3298 4071 μὲν
3312 3999 3421 4070 γὰρ
3442 4001 3476 4070 ἠ
3497 3997 3682 4068 ἔφοδος
3704 3995 3834 4050 κάπὶ
3855 3992 3952 4047 τού-

761 4085 954 4139 tertius
994 4094 1171 4140 autem
1229 4086 1502 4156 sequentis
1551 4086 1816 4140 octonarii
1874 4087 2083 4156 justum
2137 4105 2326 4143 nume-

2325 4120 2326 4126 η
2423 4110 2531 4146 των
2561 4093 2660 4164 τὴν
2695 4091 2905 4162 τριάδα·
2949 4092 3232 4163 συμϐαίνει
3263 4091 3320 4165 δὲ
3351 4090 3686 4164 περιττεύειν
3713 4087 3872 4160 μηθὲν
3891 4085 3953 4156 τῷ

762 4189 884 4229 rum
930 4176 1197 4231 universae
1242 4175 1597 4246 perfectaeque
1652 4175 1812 4247 168
1841 4177 2046 4246 periodi
2097 4177 2348 4250 implen—l

2322 4208 2348 4250 ν,
2424 4185 2715 4256 τελευταίῳ
2735 4185 2863 4238 ἔτει·
2892 4183 3004 4240 ἀλλ’
3031 4185 3150 4256 ἦτοι
3177 4177 3457 4247 ἐλλείπειν,
3486 4184 3562 4246 ὡς
3589 4183 3679 4234 ἐπὶ⁷
3706 4181 3800 4250 τῆς
3826 4175 3950 4248 πρώ-

764 4273 855 4326 tis.
886 4271 1022 4324 Nam
1045 4273 1149 4326 hoc
1171 4287 1340 4343 genus
1382 4273 1666 4342 curriculi,
1701 4280 1760 4326 ut
1794 4273 1954 4343 plena
1995 4272 2052 4328 in
2086 4273 2185 4329 his
2234 4274 2327 4330 ﬁat

2323 4315 2327 4329 .
2425 4295 2524 4349 της
2554 4277 2830 4340 ἑνδεκάδος
2866 4277 2961 4331 καὶ
2994 4276 3092 4346 τῆς
3130 4275 3404 4348 δευτέρας,
3437 4275 3490 4347 ἢκ
3518 4273 3738 4339 ἰσάζειν,
3780 4272 3852 4334 ὡς
3881 4270 3951 4324 ιςά

764 4380 1030 4418 annorum
1068 4366 1354 4430 revolutio,
1379 4367 1682 4421 ternarium
1725 4367 1879 4421 illum
1913 4382 2178 4422 annorum
2204 4383 2326 4439 gra-

2324 4399 2326 4408 ι
2426 4371 2522 4440 τῆς
2563 4369 2688 4440 ἐξῆς
2728 4385 2791 4436 γε
2823 4367 3067 4432 ὀκτάδος.
3111 4368 3187 4421 Δι’
3226 4367 3362 4439 ὅπερ
3390 4367 3604 4434 ἀνάγκη
3643 4364 3720 4434 τῷ
3756 4359 3952 4432 want

763 4458 895 4512 dum
923 4457 1147 4527 expetit.
1186 4455 1356 4510 Porro
1403 4455 1605 4511 accidit
1637 4456 1772 4510 nihil
1801 4459 1992 4512 ultimo
2043 4473 2186 4516 anno
2235 4477 2327 4515 su-

2325 4492 2327 4500 ·
2428 4463 2653 4534 ἀρχικὸν
2679 4460 2840 4524 εὐθὺς
2866 4459 2974 4513 ἔτει
3004 4460 3229 4528 ἐπάγειν
3256 4461 3353 4523 τὰς
3377 4456 3655 4529 περιττάς.
3684 4455 3771 4506 Δεῖ

765 4549 1062 4620 perﬂuere;
1091 4549 1184 4628 sed
1220 4549 1304 4606 vel
1333 4548 1587 4614 deﬁcere,
1620 4557 1682 4604 ut
1709 4550 1762 4603 in
1788 4549 1964 4619 primo
1993 4559 2046 4603 et
2088 4549 2326 4606 secundo
2356 4563 2393 4621 ι]

2325 4580 2326 4593 ι
2356 4563 2404 4621 υ
2430 4551 2523 4605 καί
2547 4567 2690 4612 τινος
2727 4550 2917 4622 ἐτέρας
2949 4549 3265 4622 προσθήκης
3294 4548 3382 4603 διὰ
3409 4547 3478 4601 τὰ
3509 4545 3852 4617 ἐπιτρέχοντα
3873 4540 3953 4612 μι-

766 4642 1102 4710 und'enario;
1157 4643 1241 4697 vel
1287 4657 1526 4712 aequare,
1586 4649 1645 4696 ut
1694 4641 1750 4694 in
1799 4649 2058 4710 sequente
2102 4642 2320 4710 quidem

2433 4659 2542 4713 ρια,
2571 4642 2624 4695 εἴ
2642 4659 2706 4711 γε
2732 4642 2944 4713 ἡμέρας
2973 4641 3206 4696 ἐλλείπει
3240 4642 3368 4712 μιᾶς
3396 4655 3499 4691 που
3525 4637 3614 4695 διὰ
3639 4629 3953 4709 τετραετηρί-

767 4734 1067 4788 octonario.
1114 4733 1454 4803 Quapropter
1506 4747 1729 4788 necesse
1769 4741 1851 4787 est
1921 4731 2178 4785 continuo
2241 4733 2318 4786 illi

1977 4731 2178 4784 intinuo
2241 4733 2318 4786 illi
2425 4733 2533 4796 δος.
2579 4733 3016 4805 Ἀναπληρωτέον
3046 4733 3102 4785 δὲ
3129 4731 3270 4787 κατὰ
3297 4730 3460 4801 μέρος
3482 4720 3605 4782 ὧδε.

766 4843 928 4892 anno,
953 4829 1042 4898 qui
1090 4819 1604 4898 initialem'excipit,
1637 4828 1754 4884 dies
1816 4827 2156 4882 abundantes
2187 4828 2441 4896 adjicere.
2467 4828 2652 4882 Altera
2726 4836 2906 4899 tamen
2961 4827 3236 4882 additione
3296 4826 3459 4881 etiam
3522 4841 3662 4896 opus
3697 4827 3798 4884 est',
3847 4828 3952 4888 ΡΝ·

667 4990 670 4993 π
766 4932 885 4989 pter
904 4927 1283 4976 excurrentem
1340 4921 1663 4990 particulam
1711 4936 1725 4972 :
1764 4921 2036 4992 siquidem
2079 4926 2276 4990 quarto
2322 4937 2541 4993 quoque
2579 4936 2721 4977 anno
2745 4922 2863 4977 dies
2903 4935 3046 4976 unus
3098 4919 3272 4975 deest.
3325 4917 3621 4991 Repleatur
3663 4919 3838 4986 itaque
3878 4923 3956 4980 per

765 5014 912 5067 vices
951 5014 1054 5068 hoc
1081 5012 1264 5068 modo.
3199 5064 3219 5068 -

838 5105 944 5159 Fac
993 5120 1116 5160 esse
1179 5103 1644 5161 Hecatombaeonis
1700 5104 1983 5160 ncomenia
2035 5103 2326 5160 solstitium

2325 5147 2326 5154 η
2509 5096 2844 5150 Ὑποκείσθω
2883 5091 3351 5165 Ἑκατομϐαιῶνος
3373 5093 3638 5164 νουμηνία
3657 5091 3753 5163 τὴν
3777 5089 3953 5162 τροπὴν

765 5199 944 5269 primo
973 5203 1117 5251 anno
1141 5214 1154 5251 :
1183 5204 1443 5267 sequente
1481 5194 1726 5266 profecto
1754 5196 1858 5248 erit
1883 5194 2205 5249 duodecimo
2239 5194 2327 5248 die

2323 5214 2327 5244 ε
2426 5185 2563 5244 εἶναι
2587 5190 2665 5260 τῷ
2696 5188 2905 5266 πρώτῳ,
2919 5188 3046 5241 ἔτει·
3076 5184 3270 5256 οὐκοῦν
3293 5184 3370 5257 τῷ
3389 5185 3627 5257 δευτέρῳ
3648 5182 3860 5255 δευτέρα
3880 5181 3951 5236 ἐπὶ

766 5290 1266 5356 Ιίεοοιοπώεεοηίε;
1289 5290 1448 5359 eique
1477 5287 1660 5342 addito
1716 5287 2084 5352 intercalario,
2114 5287 2326 5356 ipsique

2323 5309 2326 5337 ε
2428 5281 2575 5335 δέκα.
2610 5280 2794 5351 Τούτῳ
2823 5279 2865 5332 δ’
2894 5277 3221 5348 ἐπαχθέντος
3247 5277 3356 5331 τοῦ
3395 5275 3722 5348 ἐμϐολίμου,
3762 5274 3883 5328 αὐτό
3907 5288 3951 5324 τε

769 5383 1200 5452 supplementum
1257 5381 1562 5435 confectum
1607 5387 1711 5442 est,
1761 5383 1815 5432 et
1869 5377 2115 5447 sequenti
2159 5392 2323 5438 anno,

2433 5375 2908 5446 συμπεπλήρωται,
2954 5371 3048 5445 καὶ
3088 5372 3122 5442 ή
3163 5370 3337 5443 τροπὴ
3363 5369 3522 5440 ὀγδόῃ
3559 5366 3654 5421 τοῦ
3693 5367 3952 5439 ἐμϐολίμου

767 5483 897 5546 puta
930 5473 1110 5538 tertio,
1137 5472 1430 5529 solstitium
1453 5470 1669 5526 exsistit
1689 5469 1950 5524 vicesimo
1979 5469 2220 5523 secundo
2237 5468 2326 5522 die

2319 5487 2326 5521 ε
2427 5467 2701 5536 φθίνοντος
2734 5467 2968 5538 ὑπάρχει
3007 5461 3084 5534 τῷ
3126 5464 3352 5527 ἐπιόντι,
3401 5461 3494 5515 καὶ
3531 5461 3777 5531 περιτταὶ
3815 5455 3947 5546 διττῶς

769 5541 975 5620 mensis
1040 5562 1393 5626 intercalarii,
1439 5570 1494 5617 et
1535 5558 1797 5631 superﬁui
1843 5567 1971 5615 sunt
2000 5560 2118 5615 dies
2161 5569 2323 5624 octo;

2321 5607 2323 5614 ,
2427 5558 2508 5609 δεῖ
2537 5558 2594 5609 δὲ
2636 5558 2845 5610 ἕνδεκα.
2891 5553 3095 5610 Οὐκοῦν
3132 5556 3211 5618 είς
3255 5552 3518 5634 τετάρτην
3560 5551 3840 5622 ἱσταμένου
3878 5541 3949 5600 τώ

770 5658 916 5726 atqui
938 5655 1185 5711 undecim
1215 5656 1520 5726 Oportebat.
1545 5655 1729 5723 Itaque
1754 5653 1807 5708 in
1829 5662 2081 5724 quartum
2113 5653 2326 5708 instan-

2320 5677 2326 5688 -
2440 5648 2908 5719 Ἑκατομϐαιῶνος
2941 5648 3202 5717 ἐπανήκει
3225 5643 3304 5716 τῷ
3329 5642 3454 5713 ἑξῆς
3477 5643 3735 5714 ήτροπή·
3762 5637 3869 5694 εἶτα
3890 5637 3948 5726 εἰς

768 5720 859 5801 tis-
894 5720 1358 5802 Hccatombeonis
1415 5720 1707 5801 solstitium
1738 5720 1934 5814 quarto
1984 5759 2125 5799 anno
2156 5745 2327 5808 redit;

2319 5762 2327 5807 ;
2433 5743 2686 5813 πέμπτην
2718 5741 2810 5793 ἐπὶ
2840 5739 2968 5792 δέκα
2999 5737 3075 5810 τῷ
3104 5735 3342 5809 ἐχομένῳ
3371 5734 3601 5805 πρόεισι.
3637 5733 3801 5787 Τοῦτο
3835 5730 3874 5784 δ’
3899 5720 3947 5781 αὖ

769 5839 964 5896 deinde
985 5840 1039 5894 in
1072 5839 1341 5896 decimum
1374 5839 1623 5910 quintum
1682 5853 1826 5892 anno
1874 5836 2245 5908 consequenti,
2277 5836 2329 5889 in

2317 5852 2329 5887 ι
2433 5832 2724 5902 ὲμϐολάζον
2772 5831 2851 5892 είς
2904 5828 3158 5898 πέμπτην
3209 5823 3303 5896 τοῦ
3357 5822 3650 5896 ἐμϐολίμου
3713 5819 3945 5891 φθίνοντος
