4130 6342
89 478 252 531 1213

1081 479 1425 534 THEODORI
1464 482 1663 545 GAZA‘J
1703 483 1900 537 LIBER
1942 486 2029 539 DE
2068 487 2425 546 MENSIBUS.

3168 501 3303 552 f2”

86 594 415 663 καθίστησι¹
446 594 543 664 τὴν
588 596 790 663 τροπὴν
844 595 918 665 τῷ
967 597 1205 657 ἐπιόντι,
1262 598 1351 649 καὶ
1407 598 1650 667 περιττὰς

1701 609 1731 656 tt
1757 616 1863 667 quo
1890 602 2292 661 interealatione
2321 606 2459 661 facta
2482 608 2672 676 quinto
2695 618 2747 663 et
2777 610 3030 665 vicesimo
3053 612 3134 665 die
3149 629 3298 667 men-

84 685 293 738 πέντε.
329 686 485 737 Ὥστε
536 685 594 737 τὸ
643 685 834 755 ἐφεξῆς
885 689 949 757 δὴ
992 688 1191 759 ἐϐδόμῃ
1245 690 1524 758 ἱσταμένου
1569 689 1659 740 τοῦ

96 777 584 846 Ἐκατομὸαιῶνος
631 778 939 848 τροπιάσει,
979 782 1069 831 καὶ
1108 780 1266 851 ὀγδόῃ
1307 782 1397 831 ἐπὶ
1434 779 1560 832 δέκα
1602 781 1659 832 τὸ

84 869 221 933 μετ’
261 869 413 920 αὑτό.
455 868 651 923 Τούτου
685 869 739 921 δὲ
776 870 934 921 πάλιν
979 870 1383 938 ἐμϐολάζοντος,
1424 874 1455 939 ἡ
1488 870 1657 941 τροπὴ

77 957 330 1028 δευτέρᾳ
364 958 453 1009 τοῦ
502 959 793 1028 ἐμϐολίμου
835 960 1106 1028 φθίνοντος
1145 962 1290 1012 ἔσται
1326 962 1403 1029 τῷ
1435 962 1654 1025 ἐπιόντι,

82 1049 194 1100 καὶ
252 1049 500 1118 περιτταὶ
552 1049 660 1101 δύο.
719 1050 806 1119 Τῷ
851 1052 955 1120 ἄρα
1003 1051 1127 1117 ἑξῆς
1169 1055 1245 1113 εἰς
1290 1053 1517 1121 δεκάτην
1564 1053 1655 1104 τοῦ

90 1138 579 1209 Ἑκατομϐαιῶνος
618 1140 958 1209 περιΐσταται
991 1143 1023 1210 ἡ
1064 1141 1259 1210 τροπὴ,
1305 1143 1397 1194 καὶ
1447 1141 1523 1211 τῷ
1565 1146 1656 1195 ἐπὶ

77 1229 273 1299 τούτῳ
309 1234 386 1292 εἰς
416 1231 640 1301 δεκάτην
675 1231 735 1299 δὴ
772 1230 1064 1297 φθίνοντος.
1105 1232 1263 1283 Τουτὶ
1290 1232 1333 1284 δ’
1364 1234 1654 1301 ἐμϐολάζον

78 1320 402 1372 τελευταῖον
434 1322 531 1390 τῆς
562 1320 777 1390 πρώτης
809 1322 1100 1385 ἑνδεκάδος,
1128 1325 1204 1384 είς
1228 1323 1481 1391 δευτέραν
1511 1326 1653 1375 ἱστα-

82 1410 263 1477 μένου
288 1410 379 1462 τοῦ
412 1410 873 1479 Ἑκατομϐαιῶνος
895 1410 1285 1479 ἀποκαθίστησι
1311 1411 1406 1480 τὴν
1428 1413 1651 1480 τροπὴν,

80 1500 356 1571 περιττὴν
388 1501 483 1570 μὲν
524 1499 786 1569 μηδεμίαν
816 1500 1119 1560 ὑπολεῖπον,
1158 1500 1280 1565 μιᾶς
1331 1498 1374 1549 δ’
1407 1500 1485 1549 ἓτι
1516 1499 1648 1551 δέον.

77 1591 244 1662 Αὕτη
282 1592 377 1662 μὲν
406 1588 496 1645 οὖν
532 1590 719 1662 πρώτη
753 1585 993 1651 ἑνδεκάς,
1021 1590 1110 1641 καὶ
1142 1588 1381 1659 περίοδος
1414 1591 1469 1640 ὲν
1500 1588 1651 1658 μέρει

72 1684 185 1734 καὶ
214 1683 440 1752 ἀτελὴς,
476 1681 745 1750 ἀρχομένη
778 1682 874 1749 μὲν
904 1680 1009 1732 ἀπὸ
1041 1679 1331 1747 νουμηνίας
1362 1677 1453 1729 τοῦ
1499 1679 1653 1729 Ἐκα-

72 1772 449 1842 τομϐαιῶνος,
496 1771 794 1825 τελευτῶσα
830 1771 885 1823 δὲ
925 1773 1003 1833 εἰς
1048 1770 1298 1838 δευτέραν
1346 1769 1647 1837 ἱσταμένου,

67 1863 151 1915 δι’
188 1864 419 1925 ὲπτάδος
451 1861 727 1931 ίθαγενούς
768 1862 965 1931 δηλαδὴ
1007 1860 1370 1931 βοηθουμένης
1401 1859 1650 1929 τετράδος

69 1955 460 2024 ὲμϐολιμαίων
488 1955 637 2006 ἐτῶψ
671 1955 895 2023 δευτέρα
923 1953 977 2004 δὲ
1004 1953 1161 2021 ὁμοία
1191 1954 1268 2013 εὶς
1292 1952 1476 2022 τρίτην
1502 1953 1648 2003 ἱστα-
1680 1934 1721 1987 Β

74 2046 256 2113 μένου
306 2044 698 2113 ἀποκαθίστησι
742 2044 1107 2119 τὴνῦτροπην·
1149 2042 1335 2111 τρίτην
1371 2042 1412 2094 δ’
1456 2043 1648 2111 ἔχουσα

68 2136 243 2202 τάξιν
286 2137 468 2198 ὀκτάς,
514 2137 715 2204 ὁμοίιος
760 2122 1135 2204 ἐφοδευομένη,
1185 2134 1380 2204 πληροῖ
1419 2135 1514 2203 τὴν
1554 2133 1648 2202 τῆς

64 2229 215 2296 ὅλης
262 2228 354 2280 καὶ
404 2226 719 2289 αὐτοτελοῦς
773 2226 1018 2296 περιόδου
1061 2226 1518 2288 ἀποκατάστασιν,
1568 2226 1646 2286 είς

68 2320 383 2390 νουμηνίαν
431 2317 837 2371 ἀποκαθιστᾶσα
876 2316 968 2368 τοῦ
1010 2316 1494 2385 Ἑκατομϐαιῶνος.
1538 2316 1645 2367 Καὶ

66 2414 176 2465 ἀεὶ
215 2411 387 2475 οὕτως
434 2411 860 2481 περιϊστάμεναι“
890 2411 944 2462 αἱ
983 2410 1196 2478 τροπαὶ,
1236 2406 1503 2476 ὁμολόγως
1536 2409 1644 2470 τοῖς

73 2507 259 2575 μησὶν
285 2505 485 2571 ἕξουσι,
528 2503 957 2576 προστιθεμένων
996 2502 1087 2554 καὶ
1119 2501 1221 2554 τῶν
1258 2500 1643 2570 ἐπιτρεχόντων

73 2596 315 2666 μορίων,
346 2586 491 2658 ὅπως
523 2595 588 2647 ἂν
622 2586 837 2665 ἄμεινον
870 2594 995 2664 δοκῇ
1024 2593 1382 2663 προστιθέναι.
1414 2591 1642 2660 Θεωρεῖ-

70 2687 203 2739 σθω
229 2687 285 2737 δὲ
307 2686 473 2739 ταῦτα
495 2687 629 2738 κάπὶ
658 2687 753 2755 τῆς
783 2684 1088 2754 ἐκτεθείσης
1112 2684 1433 2754 διαγραφῆς.
1462 2684 1643 2737 Ταῦτα

75 2777 192 2845 μὲν
221 2779 285 2829 ὲκ
318 2776 517 2835 τούτων
565 2776 889 2846 θεωρείσθω,
933 2777 1038 2843 ὅτῳ
1088 2775 1359 2844 ἐπιμελέςσ
1403 2776 1450 2826 εἰ
1481 2774 1536 2826 δέ
1564 2792 1640 2843 τῳ

74 2870 242 2935 φίλον
281 2869 369 2920 καὶ
408 2867 545 2920 κατά
584 2867 842 2935 Πλήθωνα
886 2866 1108 2935 διαιρεῖν
1148 2882 1204 2918 τε
1246 2866 1339 2918 καὶ
1368 2865 1636 2935 ἀριθμεῖν,

71 2959 200 3012 οὐδ’
224 2958 369 3028 αὐτῷ
388 2975 439 3009 τι
466 2956 661 3010 κωλύει
688 2955 915 3026 χρῆσθαι
936 2959 1000 3025 τῇ
1023 2954 1168 3019 τάξει
1190 2973 1248 3007 τε
1273 2958 1363 3008 καὶ
1382 2956 1639 3026 ὀνομασίᾳ,

72 3051 197 3103 τῶν
230 3049 407 3120 μηνῶν
443 3051 507 3120 τῇ
544 3047 880 3117 ἀποδοθείση.
914 3047 1030 3099 Κᾶν
1060 3047 1282 3117 Πλήθων
1311 3048 1448 3099 οὕτω
1476 3047 1637 3110 διονο-

79 3142 275 3213 μάζων
303 3142 428 3211 περὶ
455 3140 635 3211 μηνῶν
655 3140 910 3209 ἔγραφεν,
934 3141 980 3192 εἰ
1005 3142 1129 3210 παρ’
1156 3139 1314 3190 ἄλλου
1343 3139 1518 3191 λαὸεῐν
1539 3139 1636 3209 τὴν

76 3236 224 3306 πρὸς
253 3234 507 3303 ἀλλήλους
544 3230 787 3295 σύνταξιν
818 3232 925 3285 τῶν
958 3232 1138 3302 μηνῶν
1171 3228 1308 3301 εἶχεν
1338 3231 1525 3301 ὀρθῶς·
1551 3232 1637 3283 οὑο
1664 3272 1707 3330 C

74 3326 179 3378 θεν
206 3324 311 3395 γάρ
335 3323 479 3393 αὑτῷ
507 3322 627 3375 οὕτε
655 3324 752 3385 τὰς
785 3324 1113 3392 ἱερομηνίας,
1138 3321 1259 3374 οὔτε
1284 3322 1387 3374 τῶν
1420 3321 1636 3392 ἡμερῶν

73 3417 183 3486 τὴν
228 3415 620 3485 καταρίθμησιν
670 3413 971 3481 ἐλυμαίνετ’
1012 3412 1145 3481 ἆνῆ
1193 3430 1255 3480 γε
1306 3414 1411 3465 τῶν
1458 3414 1637 3483 μηνῶν

74 3506 362 3576 ὀνομασία,
386 3506 459 3568 ὡς
500 3505 765 3573 Ἀθηναῖοι
800 3499 951 3573 ἦγον·
983 3503 1056 3554 ἐῶ
1083 3502 1277 3568 λέγειν.
1308 3503 1380 3564 ὡς
1407 3506 1498 3555 καὶ
1521 3504 1637 3555 ἐσέ-

81 3615 284 3669 μνυνεν
308 3597 371 3650 ἂν
398 3597 589 3667 κομιδῇ
617 3594 981 3665 ἐπικοσμοῦσα
1010 3594 1068 3647 τὸ
1094 3596 1340 3665 γράμμα.
1368 3593 1477 3647 Νῦν
1492 3595 1533 3647 δ’
1552 3597 1635 3648 ὅδε

74 3693 139 3743 τὸ
168 3690 265 3761 μὲν
280 3690 471 3743 ἄτοπον
497 3690 627 3759 ἡμῖν
651 3684 749 3757 τῆς
778 3687 1010 3756 ἐκφορᾶς
1038 3685 1143 3737 τῶν
1179 3686 1495 3755 Ῥωμαϊκῶν
1522 3687 1635 3738 ὀνο-

81 3782 271 3852 μάτων
311 3782 543 3850 φεύγων,
586 3777 904 3846 Ἰανουάριον
931 3776 1022 3829 καὶ
1048 3776 1422 3846 Φεϐρουάριον.
1448 3776 1540 3828 καὶ
1566 3777 1635 3829 τὰ

76 3870 303 3924 τοιαῦτα
342 3872 438 3922 οὐκ
468 3868 736 3938 ὀνομάζει*
780 3866 993 3936 ἀπορῶν
1024 3867 1079 3918 δὲ
1108 3866 1202 3935 τὴν
1242 3866 1486 3931 σύνταξιν
1526 3866 1632 3919 τῶν

90 3960 432 4030 Ἑλληνικῶν,
458 3961 550 4012 καὶ
582 3960 639 4011 τὸ
666 3958 792 4027 περὶ
818 3956 912 4026 τὴν
936 3955 1154 4027 ζήτησιν
1177 3955 1513 4026 ταλαίπωρον
1541 3958 1631 4008 εὑ-

84 4051 429 4120 )αὗούμενος,
462 4050 551 4101 ἐπὶ
577 4049 636 4101 τὸ
668 4049 949 4118 πρόχειρον
989 4047 1239 4116 τρέπεται
1265 4046 1357 4099 τοῦ
1380 4046 1627 4117 ἀριθμοῦ.

82 4126 242 4198 nobis
273 4141 630 4197 Romanorum
654 4142 917 4195 mensium
952 4140 1371 4194 enuntiationem
1402 4128 1689 4210 refugiens.

1760 693 1835 747 sis
1864 695 2189 749 intercalarii
2219 700 2464 767 sequenti
2488 715 2650 763 anno,
2684 702 2885 755 scilicet
2915 712 3084 766 sexto,
3118 706 3325 759 solsti'r

1759 783 1888 841 tium
1914 786 2228 848 collocatur,
2260 798 2314 841 et
2350 789 2688 857 superfluunt
2742 792 2995 860 quinque.
3049 794 3294 863 Quapro-

1753 883 1874 941 pter
1934 892 2108 931 anuns
2160 881 2419 946 septimus
2487 897 2718 950 sequens
2794 885 3015 952 septimo
3061 886 3295 940 ineuntis

1756 962 2211 1041 llecatombaeonis
2242 969 2531 1023 solstitium
2555 981 2791 1041 peraget,
2811 988 2861 1027 et
2885 973 3091 1028 decimo
3108 987 3294 1029 octavo

1754 1071 1927 1110 annus
1952 1065 2193 1112 octavus.
2236 1059 2347 1114 Hoc
2376 1078 2591 1114 rursum
2626 1064 2931 1117 interealari
2986 1066 3143 1127 facto,
3186 1068 3294 1119 sol-

1754 1148 1957 1201 stitium
1990 1150 2091 1202 erit
2115 1150 2372 1205 vicesimo
2398 1168 2538 1205 nono
2572 1152 2659 1206 die
2716 1158 2917 1210 mensis
2968 1155 3291 1209 intercalarii

1753 1252 1894 1289 anno
1923 1247 2202 1306 sequente,
2236 1248 2286 1293 et
2310 1241 2424 1293 dies
2465 1243 2798 1297 abundantes
2825 1244 2953 1297 duo.
2986 1245 3139 1298 Anno
3168 1262 3292 1299 vero

1751 1328 2003 1393 decimo,
2058 1330 2110 1382 in
2177 1330 2442 1385 decimum
2487 1333 2943 1389 llecatombzeonis
3007 1337 3292 1389 solstitium

1752 1419 2137 1487 circumagitur
2171 1439 2183 1472 :
2211 1430 2264 1474 et
2290 1423 2539 1489 proximo
2583 1424 2638 1476 in
2671 1426 2987 1478 vicesimum
3035 1429 3290 1494 primum.

1750 1508 1843 1575 qui
1873 1508 2047 1563 factus
2078 1511 2415 1566 intercalaris
2462 1515 2683 1569 ultimus
2741 1517 2954 1584 quidem
2994 1518 3148 1587 primi
3192 1535 3292 1571 un-

1749 1598 1974 1660 denarii,
2027 1602 2079 1652 in
2128 1604 2423 1655 secundum
2486 1604 2945 1681 Hecatombazonis
2996 1610 3289 1662 solstitium

1750 1691 2004 1753 restituit,
2032 1692 2235 1744 nullum
2272 1684 2597 1761 superfluum
2630 1696 2955 1765 relinquens,
2986 1700 3078 1753 sed
3116 1699 3289 1752 adhuc

1750 1782 1835 1835 die
1864 1798 1969 1836 uno
2001 1783 2263 1853 indigens.
2299 1785 2593 1855 lpseigitur
2623 1788 2832 1856 primus
2854 1791 3198 1857 undenar‘ius,
3235 1806 3288 1845 et

1751 1874 2093 1941 particularis
2125 1875 2397 1943 periodus,
2428 1886 2480 1929 et
2510 1878 2847 1945 imperfecta,
2880 1881 3144 1950 incipiens
3170 1884 3291 1951 qui-

1748 1963 1866 2017 dem
1904 1978 1932 2016 a
1965 1964 2243 2017 novilunio
2279 1964 2758 2031 Hecatombaeonis,
2790 1970 2876 2024 die
2899 1986 3022 2024 vero
3050 1973 3289 2027 secundo

1748 2053 1989 2120 ejusdem
2018 2054 2230 2119 ﬁniens,
2262 2071 2356 2123 per
2377 2064 2579 2124 septem
2629 2058 2835 2112 scilicet
2866 2073 3034 2114 annos
3070 2067 3289 2113 natura-

1748 2144 1845 2207 les,
1870 2144 2169 2212 0pitulante
2198 2145 2596 2199 intercalarium
2622 2162 2883 2213 annorum
2910 2150 3283 2217 quaternitrne.

1749 2234 2027 2290 Secundus
2052 2243 2306 2303 praeterea
2346 2237 2675 2292 undenarius
2730 2239 2977 2293 similiter
3033 2238 3099 2293 in
3144 2242 3283 2295 diem

1746 2325 1962 2379 tertium
1993 2325 2453 2381 Hecatombaeonis
2484 2328 2771 2381 solstitium
2806 2328 2997 2397 rejicit,
3030 2337 3084 2381 at
3125 2330 3286 2382 tertio

1745 2414 1867 2470 loco
1892 2418 2202 2474 octonarius
2247 2419 2455 2488 positus
2473 2420 2695 2488 .pariter
2737 2420 3017 2483 decursus,
3078 2420 3284 2489 perficit

1746 2505 2184 2577 illamuniversa:
2206 2508 2557 2579 perfectasque
2587 2510 2793 2579 periodi
2816 2511 3026 2578 plenam
3077 2511 3281 2565 instau-

1743 2598 2026 2662 rationem,
2058 2600 2349 2654 solstitium
2379 2602 2433 2655 in
2461 2602 2799 2655 neomeniam
2827 2600 3282 2658 Hecatomhzmis

1743 2689 2053 2744 restituens.
2080 2688 2144 2743 Et
2165 2690 2245 2744 sic
2276 2706 2487 2760 semper
2522 2691 2849 2745 circumacta
2883 2692 3120 2747 solstitia
3159 2708 3280 2747 cum

1741 2779 2016 2837 mensibus
2048 2788 2380 2849 congruent,
2416 2779 2613 2834 additis
2664 2782 2825 2835 etiam
2882 2783 3160 2849 turticulis
3189 2798 3282 2836 ex-

1742 2872 2081 2924 currentibus
2114 2887 2271 2941 quam
2303 2870 2745 2926 commodissime
2773 2872 2896 2925 addi
2928 2888 3086 2941 posse
3134 2874 3281 2929 vide-

1740 2962 1961 3015 buntur.
1986 2960 2153 3015 Porro
2175 2961 2566 3015 consideranda
2596 2961 2710 3015 haec
2763 2969 2889 3016 sunt
2917 2962 3076 3017 etiam
3106 2964 3157 3017 in
3188 2979 3281 3017 ex-

1741 3056 1915 3120 posita
1938 3047 1960 3054 "
1979 3052 2359 3122 descriptaque
2415 3054 2628 3118 tabella,
2666 3054 2712 3108 si
2766 3044 2958 3108 cui.id
3006 3070 3150 3108 cura:
3174 3064 3276 3111 est.

1740 3139 1892 3205 Quod
1923 3139 2092 3195 sicui
2144 3142 2318 3209 placet
2380 3142 2677 3196 secundum
2723 3138 3032 3195 Plethonem
3097 3140 3279 3195 distri-

1741 3232 1923 3294 buere,
1954 3238 2008 3284 et
2037 3246 2340 3295 numerare,
2373 3232 2507 3286 nihil
2565 3232 2713 3284 illum
2768 3230 3039 3299 impediat,
3072 3232 3280 3299 quomi.

1691 3311 1709 3332 ⁸
1738 3341 1841 3380 nus
1860 3332 1913 3379 et
1946 3323 2135 3378 ordine
2163 3330 2365 3387 utatur,
2396 3303 2460 3377 et
2477 3324 2752 3377 nominum
2781 3323 2987 3375 ratione
3030 3332 3156 3389 ante
3178 3340 3277 3377 ex—

1739 3418 1954 3488 plicata.
2000 3416 2175 3485 Atque
2205 3416 2366 3470 etiam
2420 3414 2644 3469 Plethon
2705 3415 2806 3467 hac
2847 3414 3278 3468 denominatione

1740 3524 1869 3563 usus
1909 3514 2071 3571 esset,
2094 3522 2215 3560 cum
2247 3507 2313 3561 de
2344 3508 2619 3561 mensibus
2653 3508 2931 3569 scriberet,
2959 3505 3005 3559 si
3033 3513 3178 3560 recte
3209 3507 3279 3562 ab

1740 3600 1844 3652 alio
1870 3599 2100 3652 mutuari
2120 3598 2257 3651 hanc
2284 3607 2523 3652 mutuam
2554 3600 2817 3653 mensium
2854 3597 3044 3651 seriem
3072 3599 3278 3667 potuis-

1740 3688 2050 3758 set.,Neque
2084 3689 2226 3745 enim
2257 3688 2357 3757 ipsi
2389 3704 2517 3744 suas
2549 3687 2732 3751 ferias,
2779 3687 3093 3757 dierumque
3141 3703 3277 3742 enu-

1737 3782 2089 3845 merationem
2119 3781 2496 3851 labefactasset
2520 3779 2816 3833 Atticorum
2859 3779 3125 3833 mensium
3177 3792 3276 3831 no-

1734 3872 2065 3925 menclatura
2091 3891 2104 3923 :
2132 3879 2189 3925 ut
2220 3871 2434 3925 interim
2464 3877 2692 3933 taceam,
2724 3876 2987 3939 quantum
3040 3868 3273 3937 dignita-

1734 3961 1805 4014 tis
1826 3960 2208 4031 et/splendoris
2257 3959 2543 4023 attulisset,
2572 3959 2767 4011 librum
2806 3958 2978 4025 ipsum
3036 3956 3271 4025 scriptu-

1734 4032 1961 4121 ramque'
1983 4052 2196 4106 abunde
2222 4064 2513 4105 exornans.
2546 4048 2700 4102 Nune
2729 4064 2854 4102 vero
2876 4047 2964 4102 ille
2987 4046 3271 4101 absurdam

1732 4160 1831 4201 nec
1861 4143 2195 4209 Ianuarium,
2234 4156 2332 4196 nec
2358 4139 2733 4202 Februarium,
2768 4154 2867 4192 nec
2906 4138 3140 4206 reliquos
3172 4152 3271 4190 no-

82 4220 249 4287 minat
277 4250 289 4286 :
322 4230 490 4300 deque
526 4229 833 4286 Grecorum
863 4232 1126 4286 mensium
1148 4231 1335 4285 ordine
1362 4220 1781 4302 dubitabundns,
1812 4245 1865 4291 et
1894 4235 2091 4291 laboris
2125 4231 2476 4304 investigandi
2509 4230 2763 4301 fugitans,
2793 4229 2874 4283 .ad
2902 4227 3111 4283 numeri
3138 4227 3272 4282 faci~

80 4326 279 4381 litatem
303 4324 599 4381 divertitur.

270 4416 273 4419 ¹
469 4417 604 4485 Περὶ
631 4416 821 4486 ἀρχῆς
847 4417 954 4484 τῆς
981 4418 1222 4486 ἡμέρας·

151 4511 231 4563 Κ’.
284 4509 522 4581 Ἡμέρας
546 4508 589 4560 δ’
621 4508 789 4578 ἀρχὴν
829 4508 1105 4577 (συγγενὲς
1129 4510 1235 4579 γὰρ
1267 4509 1495 4581 τῷ-περὶ
1525 4526 1627 4580 μη·-

84 4599 186 4652 νῶν
215 4600 353 4670 λόγῳ
377 4601 469 4653 καὶ
496 4600 669 4669 τοῦτο)
705 4598 967 4669 Ἀθηναῖοι
996 4600 1091 4669 μὲν
1118 4601 1207 4668 ἀφ’
1238 4601 1383 4670 ἡλίου
1410 4600 1625 4671 δυσμῶν

85 4687 231 4759 ἦγον,
258 4691 355 4761 τὴν
385 4691 553 4743 νύκτα
578 4680 642 4760 τῇ
680 4692 795 4760 μετ’
846 4690 1012 4759 αὐτὴν
1060 4690 1236 4760 ἡμέρᾳ
1270 4690 1620 4760 λογιζόμενοι,

87 4781 299 4833 καὶτὸν
344 4781 543 4848 μεταξὺ
587 4780 773 4849 γρςιον
820 4779 977 4849 μέχρι
1022 4779 1127 4831 τῶν
1170 4782 1367 4850 ἑτέρων
1410 4779 1623 4848 δυσμῶν

92 4869 213 4935 μίαν
239 4866 507 4937 τιθέμενοι
540 4869 765 4938 ημέραν,
815 4868 887 4929 ὣς
925 4863 1090 4929 Αὖλος
1140 4867 1418 4937 Ῥωμαίων
1450 4869 1625 4935 λόγιος

88 4960 303 5029 Μάρκον
326 4959 549 5028 Βάρωνα
571 4959 1001 5029 ἀναγεγραφὼαι
1032 4958 1180 5026 φησί·
1217 4959 1471 5028 Ῥωμαῖοι
1498 4960 1553 5012 δὲ
1575 4961 1622 5011 οί

94 5055 185 5121 μὲν
212 5054 421 5121 ἀρχαῖοι
450 5050 556 5105 ἀπὸ
582 5051 755 5120 μέσων
776 5046 1240 5119 νυκτῶνῆρχοντο,
1263 5044 1342 5110 οἷς
1365 5050 1458 5102 καὶ
1480 5049 1623 5120 Πλή-

92 5146 192 5197 Οων
221 5144 476 5214 ἑπόμενος
508 5141 679 5212 ἀρχὴν
706 5142 952 5209 τοιαύτην
979 5142 1226 5192 ποιεῖται·
1257 5141 1306 5191 οἱ
1336 5139 1428 5193 νῦν
1452 5141 1508 5193 δὲ
1532 5141 1621 5209 ἀφ’

97 5237 234 5302 ηλίου
260 5235 559 5306 ἀνίσχοντος
592 5235 798 5301 ἄγουσι·
840 5233 1225 5304 παραπλησίως
1256 5232 1311 5285 δὲ
1338 5232 1431 5285 καὶ
1456 5235 1505 5285 οἱ
1533 5233 1625 5285 νῦν

98 5324 355 5395 Ἕλληνες.
375 5325 560 5379 Καίτοι
584 5322 882 5376 τούναντίον
907 5320 1068 5390 ὲχρῆν
1101 5319 1413 5389 σύμπαντας
1427 5318 1548 5381 τούς
1562 5337 1623 5385 γε

97 5416 195 5467 ἀπὸ
232 5412 457 5485 Χριστοῦ
489 5415 777 5477 ποιεῖσθαι,
811 5412 1191 5483 χαριζομένους
1220 5409 1295 5479 τῷ
1328 5411 1619 5481 ἀρχηγέτῃ.

97 5504 243 5557 υῦτω
260 5506 361 5576 γὰρ
396 5509 550 5577 μόνον
584 5505 729 5559 ἔσται
760 5508 997 5574 τριταῖον
1029 5502 1319 5556 ἀναϐιῶναι
1351 5502 1510 5553 αὑτὸν
1539 5519 1624 5553 τε-

99 5594 310 5659 θνεῶτα,
342 5599 431 5650 ἐὰν
454 5600 487 5670 ἡ
631 5598 837 5668 ἡμέρας
869 5595 1007 5664 ἀρχὴ
1033 5593 1368 5664 λαμϐάνηται
1395 5595 1509 5662 ἦτοι
1531 5594 1621 5646 ἀπ’

102 5686 268 5753 ἄκρας
294 5689 505 5754 νυκτὸς,
537 5688 611 5752 ὡς
652 5687 917 5756 Ἀθηναῖοι
944 5682 1094 5755 ἦγον,
1129 5686 1160 5755 ἢ
1190 5684 1296 5736 ἀπὸ
1327 5685 1512 5753 μέσης,
1549 5684 1621 5746 ὡς

105 5775 368 5847 Ῥωμαῖοι.
407 5781 634 5852 Πότερον
680 5782 754 5842 δὲ,
798 5777 857 5831 οὐ
900 5779 1076 5849 ῥᾴδιον
1121 5778 1515 5845 ἀποφήνασθαι.
1562 5781 1622 5834 Οἱ

103 5870 184 5934 μὲν
214 5869 318 5941 γὰρ
341 5872 454 5943 περὶ
478 5872 563 5927 τὸν
584 5871 759 5926 Ἄθων
784 5870 1012 5938 Οεολόγοι
1042 5887 1176 5924 κατσ
1200 5870 1366 5942 μέσην
1386 5870 1620 5940 ἀκριϐῶς

2249 4412 2327 4466 De
2353 4411 2611 4482 principio
2628 4408 2750 4463 dici.

1796 4501 1913 4557 XX.
1941 4501 2272 4571 Principium
2307 4516 2434 4555 vero
2463 4499 2569 4552 diei
2615 4491 3073 4567 (quandoquidem
3133 4504 3270 4559 prae-

1654 4581 1698 4635 Ῑ)
1727 4598 1862 4653 senti
1886 4595 1953 4650 de
1996 4595 2275 4650 mensibus
2305 4592 2539 4648 sermoni
2585 4590 2638 4661 id
2688 4601 2902 4658 quoque
2957 4598 3301 4667 germanum.

1721 4688 1822 4759 est)
1854 4687 2208 4741 Athenienses
2241 4700 2269 4737 a
2299 4683 2427 4738 solis
2473 4694 2672 4733 occasu
2734 4675 3121 4740 observabant,
3171 4688 3268 4727 no-

1722 4788 1857 4835 ctem
1876 4778 1980 4832 diei
2002 4775 2246 4845 sequenti
2275 4772 2629 4832 aseribentes,
2672 4777 2725 4825 et
2755 4769 2913 4823 omne
2950 4766 3006 4819 in
3033 4764 3266 4819 medium

1724 4879 1934 4936 tempus
1973 4866 2040 4920 ad
2074 4866 2299 4918 alterum
2331 4862 2666 4915 occidentem
2700 4872 2865 4912 unum
2896 4856 3039 4909 diem
3064 4853 3268 4908 consti-

1721 4937 1956 5024 tuentes,
1986 4966 2042 5010 ut
2062 4956 2231 5009 Aulus
2260 4953 2482 5017 Gellius,
2513 4951 2735 5005 Latinus
2770 4955 2957 5002 auctor
3001 4961 3109 4999 non
3152 4946 3267 5000 ine-

1722 5065 1865 5123 ptus,
1903 5051 2135 5103 Marcum
2177 5040 2731 5111 Varronetnscriptis
2769 5039 3053 5093 mandasse
3083 5038 3263 5091 tradit.

1720 5145 1788 5197 At
1811 5140 2035 5194 Romani
2064 5138 2262 5207 priscis
2294 5134 2627 5204 temporibus
2659 5147 2686 5184 a
2708 5131 2891 5184 media
2921 5130 3137 5194 quidem
3172 5145 3267 5181 no-

1721 5244 1804 5289 cte
1836 5230 2161 5285 inchoabant
2193 5248 2205 5282 ε
2235 5243 2371 5282 auos
2396 5225 2613 5278 Plethon
2651 5222 2867 5275 imitans
2897 5221 3034 5273 idem
3060 5216 3263 5286 princi-

1720 5327 1865 5395 pium
1914 5322 2065 5375 facit.
2095 5323 2245 5373 Nune
2296 5331 2421 5370 vero
2452 5315 2519 5367 ab
2560 5314 2767 5367 oriente
2823 5312 2933 5365 sole
2966 5311 3264 5375 inceptant,

1722 5414 2013 5482 itidemque
2046 5410 2236 5465 Graeci.
2260 5406 2578 5473 Quanquam
2611 5411 2795 5456 contra
2819 5397 3263 5467 oportebatChri-

1721 5505 1926 5560 stianos
1950 5517 2135 5556 omnes
2165 5500 2358 5558 facere,
2399 5497 2452 5549 id
2486 5494 2735 5562 obsequii
2766 5505 2866 5546 suo
2894 5490 3128 5558 Principi
3173 5505 3264 5542 ex-

1720 5594 1984 5649 hibentes.
2010 5592 2099 5646 Sic
2127 5592 2267 5645 enim
2301 5589 2472 5643 solum
2507 5584 2776 5640 constabit
2820 5582 2963 5635 illum
2993 5588 3259 5632 mortuum

1720 5688 1879 5740 tertio
1906 5686 1995 5739 die
2024 5683 2301 5747 revixisse,
2338 5684 2382 5736 si
2408 5683 2490 5734 vel
2516 5695 2545 5732 a
2578 5689 2788 5731 summa
2825 5681 2997 5733 nocte,
3031 5681 3091 5725 ut
3125 5673 3257 5725 sole-

1720 5779 1849 5833 bant
1870 5776 2223 5829 Athenienses
2243 5815 2257 5838 ,
2287 5774 2369 5827 vel
2420 5787 2449 5823 a
2475 5770 2671 5831 media,
2700 5774 2757 5819 ut
2798 5764 3044 5823 Romani,
3112 5761 3260 5829 prin—

1723 5870 1923 5941 cipium
1944 5866 2046 5924 diei
2078 5874 2341 5922 sumatur.
2368 5862 2556 5919 L'trum
2587 5873 2712 5915 vero
2739 5856 2937 5925 potius,
2978 5853 3122 5908 dictu
3151 5864 3258 5905 non
