4124 6320
754 392 892 449 ιειδ

1796 391 1884 445 AD
1934 389 2200 447 EUSEBII
2237 389 2629 446 CHRONICON
2667 391 3024 446 APPENDIX.

3836 381 3944 440 ιειδ

751 492 837 566 est
875 507 1053 564 facile.
1080 506 1215 563 Nam
1247 507 1505 580 theologi,
1539 509 1633 577 qui
1660 509 1914 564 accolunt
1940 510 2119 563 Athon
2156 500 2309 562 mon-
2337 515 2379 569 Λ

2337 515 2383 569 Λ
2410 510 2576 562 νύκτα
2619 511 2870 578 γενέσθαι
2906 510 3003 582 τὴν
3037 508 3323 562 ἀναϐίωσιν
3359 505 3699 576 ἐξηγοῦνται,
3746 506 3943 559 καὶτῶν

754 611 884 664 lem,
919 602 1045 656 totis
1081 601 1288 655 viribus
1319 600 1649 654 contendunt
1694 601 1910 654 circiter
1961 600 2138 654 noctis
2195 589 2306 655 me-

753 695 902 746 dium
932 693 1383 747 resurrectionem
1420 689 1612 744 factam
1644 707 1798 757 esse;
1833 700 1885 746 et
1910 707 2065 746 sacra
2103 691 2189 744 illa
2219 707 2310 760 an-

756 786 1006 838 telucana
1042 785 1094 837 in
1116 785 1234 850 ejus
1263 783 1340 836 rei
1378 783 1690 837 memoriam
1715 798 1744 836 a
1779 783 1954 836 media
1986 789 2142 835 nocte
2172 781 2309 835 inci-

758 877 932 947 piunt.
958 878 1197 941 Quorum
1246 876 1384 928 ratio
1445 877 1550 928 hoc
1587 875 1781 939 habet,
1839 873 1980 944 quod
2022 875 2310 943 contigerit

759 969 1015 1023 mulieres
1048 970 1314 1037 profundo
1343 968 1559 1037 quidem
1606 966 1844 1019 diluculo
1873 966 1939 1019 ad
1991 980 2309 1019 monumen-

761 1069 876 1113 tum
932 1060 1226 1128 profectas,
1281 1066 1339 1113 ut
1392 1059 1774 1128 exsrquiarum
1830 1059 1977 1127 justa
2034 1058 2102 1110 de
2164 1071 2312 1110 more

761 1160 1100 1222 peragerent,
1128 1150 1438 1205 defunctum
1476 1165 1583 1203 non
1615 1149 1910 1206 invenisse.
1944 1156 2002 1200 ut
2044 1145 2219 1199 Lucas
2257 1144 2310 1196 in

761 1259 865 1298 suo
906 1242 1195 1313 Evangelio
1235 1243 1570 1313 perscripsit.
1611 1238 1743 1294 Illud
1783 1240 1926 1293 enim
1985 1224 2310 1307 profundum

762 1335 1061 1388 diluculum
1087 1334 1391 1404 proximum
1429 1342 1642 1400 tempus
1680 1330 1870 1384 media:
1919 1327 2065 1381 nocti
2115 1324 2313 1396 signiﬂ-
2359 1322 2366 1334 '

763 1440 889 1479 care
913 1419 1245 1480 existimant.
1277 1421 1452 1475 Simul
1485 1437 1612 1476 vero
1654 1419 1735 1474 sie
1772 1433 1988 1488 quoque
2047 1417 2171 1486 plus
2213 1414 2312 1466 ali-

758 1527 968 1588 quanto
994 1518 1138 1572 tertii
1162 1516 1269 1571 diei
1292 1502 1654 1570 contineatur.
1690 1511 1949 1580 lstudque
1980 1510 2102 1579 plus
2155 1507 2314 1577 169

764 1611 978 1679 signum
995 1607 1298 1663 evidentius
1329 1613 1412 1661 est
1452 1601 1623 1675 ipsius
1658 1603 1870 1657 dierum
1897 1597 2182 1654 ternionis.
2209 1596 2312 1651 Sed

761 1716 826 1753 ex
861 1700 1006 1754 Italis
1059 1698 1288 1752 Romani
1319 1704 1454 1767 post
1507 1694 1737 1749 mediam
1773 1699 1985 1747 noctem
2033 1689 2087 1744 id
2149 1687 2316 1742 fuisse

763 1792 934 1852 aiunt,
963 1800 1018 1845 et
1049 1788 1375 1860 profundum
1429 1786 1560 1840 illud
1607 1785 1686 1839 sic
1713 1782 2039 1851 intelligunt,
2071 1787 2130 1834 ut
2157 1793 2184 1831 a
2217 1794 2316 1832 no-

2410 601 2780 654 ἁναστατικῶν
2816 601 3070 670 ἄρχονται
3105 599 3300 669 ὀργίων
3334 599 3492 660 εὐθὺς
3533 599 3642 650 ἀπὸ
3673 597 3848 664 μέσων
3877 612 3945 646 νυ-

2412 691 2574 743 κτῶν.
2608 691 2776 757 Λόγος
2809 690 2852 741 δ’
2876 690 3072 762 αὐτῶν,
3112 690 3191 741 ὅτι
3218 687 3315 750 τὰς
3348 690 3426 751 είς
3461 685 3522 739 τὸ
3560 686 3751 756 μνῆμα
3780 685 3943 750 ἀφικο-

2416 783 2581 852 μένας
2601 785 2861 849 γυναῖκας
2881 779 3280 852 ἐπαμείψασθαι
3305 778 3370 831 τά
3395 778 3755 848 νενομισμένα
3776 776 3945 844 ὄρθρον

2417 874 2512 943 μὲν
2541 873 2620 925 ἒτι
2658 871 2849 942 βαθέος
2895 871 3312 943 παραγενέσθαι,
3355 871 3428 941 μὴ
3457 869 3753 940 εὑρηκέναι
3795 868 3847 920 δὲ
3874 869 3945 917 τὸν

2413 966 2622 1034 νεκρὸν,
2649 967 2697 1016 οί
2728 966 2854 1036 περὶ
2881 966 3088 1017 Λουκᾶν
3117 964 3221 1016 τῶν
3254 957 3650 1030 εὐαγγελιστῶν
3686 961 3943 1030 γεγράφα-

2417 1075 2499 1110 σιν
2544 1057 2895 1130 ἱστοροῦντες.
2941 1037 3012 1108 Τδ
3042 1057 3148 1125 γὰρ
3176 1055 3267 1108 τοῦ
3299 1055 3492 1126 ὄρθρου
3532 1053 3668 1124 βαθὺ
3708 1054 3771 1105 τὸ
3807 1053 3944 1120 ἐγγύς

2416 1167 2516 1202 που
2539 1150 2635 1218 τῆς
2663 1148 2832 1219 μέσης
2852 1149 3041 1211 νυκτὸς
3064 1147 3285 1218 μηνύειν
3306 1145 3796 1216 ὑπολαμϐάνουσιν.
3821 1146 3948 1213 Ἅμα

2415 1239 2471 1292 δὲ
2500 1240 2592 1305 καί
2623 1257 2675 1294 τι
2714 1240 2873 1292 πλέον
2915 1239 3319 1309 ἐπιλαμϐάνοιτ’
3357 1237 3421 1292 ἂν
3459 1237 3600 1290 οὕτω
3642 1237 3741 1305 τῆς
3782 1236 3947 1305 τρίτης

2416 1331 2643 1401 ἡμέρας.
2677 1330 2751 1383 Τὸ
2776 1331 2832 1383 δὲ
2859 1330 3038 1392 πλέον,
3077 1333 3298 1401 σημεῖον
3329 1330 3392 1400 δὴ
3431 1328 3529 1398 τῆς
3567 1327 3786 1400 τριάδος
3824 1329 3949 1378 ἐστὶν

2415 1422 2821 1494 ἐναργέστερον.
2846 1422 2963 1475 Τῶν
2994 1423 3039 1476 δ’
3072 1423 3384 1497 Ἰταλιωτῶν
3407 1423 3454 1474 οἱ
3479 1423 3606 1492 περὶ
3625 1422 3724 1490 τὴν
3757 1419 3946 1488 Ῥώμην

2415 1512 2556 1583 μετά
2577 1515 2746 1584 μέσην
2767 1531 2869 1567 που
2894 1514 3060 1567 νύκτα
3088 1515 3239 1584 φασὶ,
3274 1516 3368 1568 καὶ
3395 1514 3455 1567 τὸ
3472 1513 3624 1583 βαθὺ,
3650 1513 3949 1581 ἀφιστάντες

2421 1605 2613 1669 ἱκανῶς
2654 1607 2747 1659 τοῦ
2797 1608 2980 1678 μέσου,
3020 1606 3292 1660 ἀκούουσι.
3340 1606 3580 1676 Μηδενὸς
3621 1605 3666 1658 δ’
3714 1606 3821 1675 ἄρα
3861 1603 3948 1656 τῶν

2421 1698 2778 1768 συγγραφέων
2816 1698 3236 1768 ἁποσαφοῦντος,
3270 1697 3428 1751 ὁπότε
3453 1699 3553 1766 τῆς
3585 1697 3775 1759 νυκτὸς
3794 1698 3821 1747 ὁ
3839 1695 3949 1756 Θεὸς

2419 1790 2681 1862 ἀναϐιῴη,
2708 1792 2849 1845 ἔοικε
2875 1793 2970 1862 μὲν
2997 1791 3409 1861 ἀσφαλεστέρως
3431 1790 3494 1844 ἂν
3515 1790 3679 1860 ἔχειν,
3696 1791 3748 1842 εἴ
3769 1806 3849 1851 τις
3872 1789 3950 1841 ἀπ’

763 1884 867 1936 clis
901 1882 1078 1936 medio
1102 1878 1429 1935 suﬂicienter
1453 1876 1732 1930 dirimant.
1773 1873 1908 1928 Cum
1957 1885 2087 1941 ergo
2135 1869 2320 1923 nullus
2353 1870 2391 1924 Β

2353 1870 2392 1924 Β
2420 1882 2592 1950 ἄκρας
2617 1883 2805 1945 νυκτὸς
2830 1883 3027 1936 τιοείτο
3048 1884 3143 1953 τὴν
3161 1885 3258 1952 τῆς
3283 1884 3491 1955 ἡμέρας
3513 1883 3707 1951 ἀρχὴν.
3734 1879 3948 1950 Συμϐαἱ-

765 1974 1041 2043 Evangelii
1075 1973 1306 2041 scriptor
1326 1971 1537 2032 doceat,
1580 1983 1686 2038 qua
1739 1973 1894 2036 parte
1942 1964 2132 2020 noctis
2166 1962 2318 2017 Chri-

766 2071 885 2117 stus
905 2062 1220 2121 surrexerit,
1255 2060 1425 2113 tutius
1453 2056 1667 2126 quidem
1696 2054 1926 2118 videtur,
1959 2053 2005 2109 si
2036 2054 2158 2122 quis
2185 2066 2316 2106 con-

767 2155 956 2208 stituat
978 2168 1008 2206 a
1037 2166 1247 2208 summa
1277 2158 1435 2204 nocte
1464 2147 1570 2203 diei
1617 2147 1963 2217 principium.
1995 2144 2129 2198 Nam
2173 2142 2317 2213 quod

763 2244 996 2298 mediam
1047 2249 1259 2296 noctem
1305 2239 1678 2319 subsequitur,
1725 2237 1933 2299 accedit
1981 2237 2057 2289 illi
2095 2251 2191 2304 pro
2218 2250 2314 2287 au-

765 2337 963 2391 ctario.
1007 2334 1213 2400 Quibus
1245 2346 1372 2385 vero
1407 2330 1462 2383 in
1490 2330 1592 2383 hoc
1638 2329 1813 2382 solum
1873 2328 2016 2381 ratio
2051 2327 2154 2380 sita
2199 2332 2315 2387 est,

698 2419 702 2422 “
765 2443 874 2480 non
903 2426 1076 2494 major
1099 2434 1182 2478 est
1212 2421 1407 2475 ﬁducia
1430 2417 1576 2488 quod
1602 2417 1788 2471 volunt
1812 2416 2133 2488 assequendi
2156 2429 2316 2483 quam

769 2515 1070 2587 periculum
1103 2515 1170 2568 ab
1198 2499 1260 2568 eo
1289 2508 1596 2565 aberrandi.
1650 2506 1760 2562 Hos
1800 2507 1945 2562 enim
1998 2506 2116 2559 vice
2164 2519 2320 2557 versa

766 2607 870 2660 hoc
911 2603 1297 2659 inconveniens
1354 2606 1631 2668 sequetur,
1664 2597 1792 2651 dum
1837 2596 2074 2664 primam
2109 2601 2320 2648 noctem

765 2699 870 2753 diei
903 2697 1226 2768 principium
1261 2703 1500 2764 ponunt;
1529 2690 1674 2762 quod
1719 2705 1843 2743 cum
1895 2688 2216 2758 permissum
2248 2687 2317 2748 sit

764 2789 1023 2843 carnibus
1050 2787 1194 2842 vesci
1221 2786 1504 2855 postridie,
1537 2784 1588 2838 id
1620 2781 1836 2852 quidem
1860 2779 2044 2834 licebit
2064 2793 2317 2833 asumma

765 2881 1100 2950 praecedente
1131 2887 1332 2932 nocte:
1371 2885 1565 2930 contra
1611 2889 1739 2928 vero
1791 2886 1914 2926 cum
1971 2870 2041 2924 sit
2090 2860 2316 2923 vetitum

762 2973 950 3026 eadem
984 2973 1072 3025 die
1091 2985 1300 3023 coenam
1335 2970 1401 3023 de
1429 2967 1688 3021 carnibus
1724 2978 1959 3025 sumere,
1989 2977 2096 3016 non
2123 2976 2339 3036 conce-q

764 3065 926 3119 detur
961 3067 1150 3119 eadem
1176 3071 1351 3117 nocte.
1383 3059 1495 3114 Hac
1529 3061 1692 3128 igitur
1725 3059 1792 3113 de
1849 3072 1906 3112 re
1951 3057 2143 3110 melius
2197 3055 2319 3108 dili-

764 3176 798 3228 ε
819 3159 1088 3226 -ntiusque
1113 3159 1290 3218 denuo
1310 3165 1389 3210 est
1417 3153 1868 3210 considerandum
1903 3172 1921 3207 ι
1947 3151 2319 3206 commodum-

2421 1990 2497 2025 νει
2525 1974 2632 2044 γὰρ
2664 1975 2811 2045 αὐτῷ
2843 1975 2901 2040 ἐξ
2935 1975 3225 2044 ὲπιμέτρου
3262 1975 3321 2028 τὸ
3353 1974 3488 2044 μετά
3513 1975 3609 2045 τὴν
3646 1974 3836 2043 μέσην.
3874 1966 3948 2033 Οἷς

2419 2061 2464 2114 δ’
2499 2063 2590 2116 ἐπὶ
2632 2063 2804 2132 τούτῳ
2843 2063 2998 2132 μόνον
3042 2066 3070 2116 ὁ
3107 2063 3261 2132 λόγος
3298 2063 3544 2133 βέϐηκεν,
3585 2064 3644 2115 ού
3692 2063 3883 2134 μᾶλλόν
3907 2079 3950 2113 τι

2423 2152 2620 2224 θάρρος
2675 2154 3071 2224 ἐπιτυγχάνειν,
3127 2154 3160 2226 ἦ
3216 2155 3456 2206 κίνδυνον
3517 2155 3947 2224 παραναστατείν.

2423 2246 2651 2298 ΙἌτοπον
2705 2246 2949 2315 μέντοιγε
2992 2247 3174 2317 ἕτερον
3210 2241 3275 2299 αὖ
3319 2245 3665 2315 ἀκολουθήσει
3725 2245 3948 2313 θεμένοις

2416 2335 2710 2405 ἀκρόνυχον
2748 2336 2844 2406 τὴν
2884 2336 3074 2406 ἀρχὴν,
3118 2337 3196 2399 τὸ,
3241 2340 3304 2407 τῇ
3353 2337 3612 2407 ὑστεραίᾳ
3648 2336 3873 2405 νόμιμον
3904 2333 3949 2386 ὃν

2419 2424 2612 2478 ἐσθίειν
2655 2426 2848 2497 κρεῶν,
2901 2427 3097 2492 ἐξεῖναι
3139 2431 3477 2498 κρεωφαγείν
3522 2428 3614 2480 ἀπ’
3660 2428 3832 2497 ἄκρας
3870 2425 3948 2492 τῆς

2419 2515 2726 2586 ἡγουμένης
2749 2517 2957 2580 νυκτός
2996 2501 3088 2570 καὶ
3118 2518 3275 2570 πάλιν
3303 2518 3740 2588 ἀπηγορευμένον
3774 2512 3860 2576 αὖ,
3889 2516 3947 2583 μὶ

2422 2604 2855 2673 ὲξεῖναῖδεῖπνον
2888 2611 2950 2661 ἐκ
2979 2611 3202 2680 κρέατος
3230 2611 3329 2680 τῆς
3356 2613 3524 2680 αὐτῆς
3549 2611 3745 2678 ταύτης
3783 2607 3946 2663 νυκτός

2421 2714 2482 2765 γε
2503 2696 2734 2750 ἑλέσθαι.
2760 2700 2895 2770 Περὶ
2917 2700 3104 2752 τούτου
3131 2701 3225 2770 μὲν
3245 2697 3337 2753 οὖν
3359 2700 3596 2762 εἰσαῦθις
3622 2696 3938 2751 emensa-im

2423 2790 2536 2841 ἐστὶ
2567 2789 2792 2858 βέλτιον,
2821 2792 2914 2843 καὶ
2939 2793 3063 2854 τοὺς
3087 2793 3214 2863 περὶ
3241 2793 3410 2845 ταῦτα
3435 2793 3637 2855 δεινοὺς
3664 2789 3928 2861 παρακαὶέ

2426 2897 2620 2941 σαντας
2655 2880 3173 2951 συμϐουλεύσασθαι,
3223 2883 3399 2946 καλῶς
3441 2883 3571 2952 ἔχει.
3609 2885 3696 2934 Δεῖ
3728 2882 3832 2948 γὰρ
3868 2877 3952 2947 τὴν

2427 2973 2611 3042 σκέψιν
2649 2973 2788 3027 οὓτω
2821 2976 3110 3038 ποιεῖσθαι,
3143 2979 3218 3038 ὡς
3258 2978 3390 3045 μήτε
3432 2975 3738 3046 συμϐαίνειν
3776 2977 3837 3025 ὲκ
3871 2971 3948 3023 τοῦ

2422 3064 2579 3131 λόγου
2608 3065 2845 3116 ὲναντίον
2866 3069 2976 3128 τοῖς
2997 3066 3159 3129 ὁσίοις
3191 3067 3376 3137 μηθὲν,
3406 3066 3617 3134 εύαγῶς
3641 3081 3697 3117 τε
3718 3065 3811 3134 τῆς
3837 3064 3950 3134 ημέο

2425 3172 2521 3225 ρας
2551 3155 2840 3226 κατάρχειν
2860 3157 2952 3209 τοῦ
2978 3157 3107 3228 Θεοῦ
3140 3159 3316 3228 χάριν.

675 4444 678 4447 1
773 4381 1044 4441 putantes,
1085 4386 1390 4440 quanquam
1421 4371 1585 4439 prisci
1617 4371 1693 4423 illi
1725 4371 1792 4424 ab
1822 4371 1952 4424 urbe
1983 4368 2196 4423 condita
2222 4385 2324 4421 nu-

764 3266 869 3319 que
899 3249 1059 3305 fuerit
1125 3249 1314 3302 harum
1380 3262 1561 3302 rerum
1635 3247 1839 3318 peritos
1911 3258 2104 3313 rogare
2159 3249 2214 3296 et
2257 3247 2559 3322 consulere.
2611 3243 2733 3300 Haec
2785 3262 3020 3316 namque
3078 3251 3150 3302 ita
3204 3251 3550 3305 considerari.
3590 3249 3947 3315 observarique

764 3353 996 3415 oportet,
1033 3352 1090 3398 ut
1112 3359 1174 3398 ex
1209 3334 1459 3397 sermone
1491 3342 1626 3396 nihil
1651 3341 1946 3412 quidquam
1973 3337 2145 3394 sacris
2186 3339 2521 3394 contrarium
2544 3341 2787 3406 eveniat,
2821 3342 3073 3412 diemque
3095 3344 3179 3414 pie
3241 3361 3303 3400 ac
3365 3357 3554 3401 sancte
3609 3346 3661 3399 in
3721 3343 3811 3399 Dei
3847 3358 3948 3412 gra-

765 3439 894 3491 tiam
925 3435 1286 3506 auspieemur.

2669 3543 2848 3596 Ὅθεν
2873 3545 3222 3614 ἀριθμητέον
3257 3535 3705 3616 τοὺςίχρόνους.

2493 3631 2619 3688 ΚΑ’.
2659 3635 2840 3687 Ὅσιον
2873 3633 2929 3685 δὲ
2985 3635 3076 3685 καὶ
3119 3635 3241 3696 τοὺς
3295 3634 3514 3704 χρόνους
3561 3636 3804 3705 ἀριθμεῖν
3856 3634 3945 3686 ἀπὸ

2423 3726 2645 3796 γενετῆς
2671 3726 2762 3778 τοῦ
2797 3727 2960 3780 αὐτοῦ
3005 3727 3165 3780 Θεοῦ’
3199 3727 3328 3780 ἀλλά
3366 3730 3464 3799 μὴ,
3495 3729 3570 3791 ὡς
3618 3731 3666 3781 οί
3711 3729 3803 3781 νῦν
3836 3730 3942 3780 Ἐλ-

2423 3817 2598 3887 ληνες,
2638 3819 2744 3870 ἀπὸ
2766 3819 2966 3888 κόσμου
3000 3819 3278 3888 γενέσεως,
3308 3819 3753 3889 ἑξακισχιλιοστὸν
3781 3823 3943 3874 ἐνακο-

2426 3911 2630 3963 σιοστὸν
2663 3911 3052 3982 ἑϐδομηκοστὸν
3076 3913 3255 3981 ὄγδοον
3286 3913 3401 3965 τόδε
3432 3912 3548 3975 έτος
3579 3912 3942 3984 καταριθμοῦν-

2421 4023 2528 4068 τες.
2563 4006 2857 4076 Προφητῶν
2889 3991 2986 4076 μὲν
3011 3986 3119 4076 γὰρ
3145 4007 3269 4068 ἴσως
3298 4005 3390 4057 καὶ
3413 4004 3586 4058 ταῦτα
3603 4023 3618 4038 ο
3645 4007 3856 4076 ἄμεινον
3877 4004 3940 4062 δὲ.

2421 4099 2691 4168 τιμῶντας
2733 4101 2985 4170 Χριστὸν,
3013 4099 3104 4152 ἀπ’
3148 4096 3308 4150 αὑτοῦ
3341 4097 3621 4168 ἄρχεσθαι,
3645 4099 3878 4168 καθάπερ
3903 4098 3939 4148 οι

2421 4192 2514 4244 νῦν
2536 4193 2685 4255 ὄντες
2717 4195 2973 4263 Ῥωμαῖοι
3007 4191 3215 4259 ἄγουσι,
3245 4189 3503 4260 χιλιοστὺν
3533 4189 3940 4263 τετρακοσιοστὸν

2421 4271 2812 4354 ἑϐδομηκοστὸν
2862 4283 2976 4336 τόδε
3014 4281 3452 4353 διαριθμούμενοι
3480 4281 3626 4344 ἕτοςο
3659 4283 3828 4334 καίτοι
3854 4281 3939 4332 τῶν

2420 4376 2583 4430 πάλαι
2615 4377 2896 4446 Ῥωμαίων
2919 4375 3025 4428 ἀπὸ
3059 4374 3284 4436 κτίσεως
3316 4371 3530 4444 Ῥώμης
3563 4373 3936 4442 ἀριθμούντων

2420 4467 2604 4538 ὥσπερ
2635 4467 2898 4537 Ἀθηναῖοι
2934 4466 3027 4536 μὲν
3043 4465 3149 4518 ἀπὸ
3182 4463 3534 4536 Ὀλυμπιάδος
3563 4463 3797 4535 πρώτης,
3819 4463 3938 4518 ἄλλοι

2404 4560 2474 4612 ,δὲ
2510 4557 2616 4612 ἀπὸ
2640 4557 2746 4610 τῶν
2779 4556 3056 4627 Τρωῖκῶν.

1084 3548 1228 3603 Unde
1247 3546 1573 3602 numeranda
1605 3555 1725 3600 sunt
1753 3554 2000 3613 tempora.
2345 3545 2386 3602 C

838 3643 978 3696 XXI.
1014 3641 1300 3694 Enimvero
1348 3640 1509 3692 etiam
1538 3636 1619 3691 fas
1651 3648 1733 3690 est
1756 3653 1784 3691 a
1814 3640 1974 3714 natali
2019 3637 2326 3698 Christiano

769 3745 1012 3802 tempora
1041 3738 1358 3801 supputare.
1396 3745 1506 3783 non
1533 3738 1592 3782 ut
1613 3728 1784 3782 Graeci
1816 3745 1846 3782 a
1881 3731 2065 3784 mundi
2096 3731 2322 3802 origine,

770 3839 916 3878 nunc
937 3838 1137 3877 annum
1165 3820 1715 3890 noningentesimum,
1750 3828 2000 3875 octavum
2039 3829 2092 3875 et
2109 3829 2326 3891 septua-

771 3913 1034 3982 gesimum
1095 3919 1441 3966 numerantes
1499 3922 1662 3978 supra
1731 3909 1909 3963 sexies
1961 3909 2321 3965 millesimum.

768 4003 1054 4074 PrOphetis
1077 4003 1290 4072 quidem
1324 4003 1403 4058 sic
1432 4001 1664 4055 fortasse
1706 4001 1940 4066 licebat;
1997 4017 2180 4055 verum
2212 4019 2324 4057 me-

770 4099 874 4151 lius
896 4110 977 4152 est
1001 4097 1204 4151 Christi
1229 4095 1464 4150 cultores
1493 4095 1672 4149 abillo
1702 4094 1958 4163 incipere.
1983 4093 2134 4160 Quod
2164 4095 2324 4146 etiam

771 4197 936 4257 agunt
960 4187 1204 4250 Romani,
1233 4187 1406 4255 hujus
1430 4187 1527 4240 aevi
1576 4184 1918 4240 millesimum
1959 4185 2322 4255 quadringen—

771 4281 1022 4334 tesimum
1052 4287 1105 4333 et
1130 4280 1579 4348 septuagesimum
1609 4287 1924 4348 praesentem
1947 4291 2148 4330 annum
2178 4292 2324 4330 corn-

773 4469 1073 4529 merabant,
1136 4465 1590 4534 quemadmodum
1651 4463 2010 4517 Athenienses
2067 4477 2098 4516 a
2150 4463 2321 4532 prima

767 4553 1081 4624 Olympiade
1111 4571 1129 4618 ;
1159 4554 1251 4607 alii
1287 4568 1411 4606 vero
1433 4569 1462 4606 a
1496 4553 1633 4607 bello
1661 4549 1915 4621 Trojano.

844 4648 915 4700 De
933 4647 1207 4700 mensibus
1241 4646 1406 4715 igitur
1428 4646 1540 4700 haec
1571 4647 1838 4715 descripta
1870 4651 2050 4709 sunto,
2083 4643 2150 4698 ad
2178 4660 2321 4701 eme-

2310 4676 2321 4687 -
2489 4649 2622 4719 Περὶ
2668 4648 2764 4718 μὲν
2810 4643 2900 4700 οὖν
2935 4646 3040 4701 τῶν
3091 4646 3272 4717 μηνῶν
3325 4645 3492 4716 ταύτῃ
3549 4644 3811 4716 διωρίσθω
3850 4645 3938 4697 τῶν

768 4742 987 4796 rendam
1021 4740 1449 4808 antiquariorum
1473 4738 1906 4806 disertorumque
1938 4737 2174 4790 virorum
2219 4737 2320 4792 lioc

2310 4754 2320 4792 :
2418 4737 2610 4805 λογίων
2639 4737 2794 4808 χάριν
2826 4738 3030 4808 ἀνδρῶν
3047 4753 3060 4765 ·
3085 4736 3137 4790 εἴ
3159 4753 3241 4798 τις
3263 4737 3368 4800 ἄρα
3391 4735 3540 4798 ἐλπὶς
3565 4735 3829 4790 διάλεκτον
3850 4737 3938 4796 τοῖς

766 4835 1081 4906 olisequiolo
1108 4835 1334 4906 gratiam
1369 4847 1382 4883 :
1424 4831 1469 4886 si
1497 4831 1623 4900 quid
1653 4828 1881 4885 tortasse
1903 4828 2016 4897 spei
2046 4836 2128 4883 est
2170 4827 2316 4883 Grae-
2352 4903 2379 4906 __

2309 4858 2316 4868 -
2352 4903 2379 4906 __
2417 4828 2804 4897 ἐπιγινομένοις
2825 4827 3039 4880 ἔσεσθαι
3082 4815 3421 4897 Ἑλληνικήν·
3461 4825 3594 4906 ἀλλά
3628 4829 3722 4898 μὴ.
3758 4827 3830 4890 ὡς
3864 4825 3937 4880 ἄλ-

764 4945 880 4982 cam
911 4903 1166 4998 linguam,
1200 4925 1425 4994 ejusque
1456 4923 1691 4978 studium
1741 4921 1982 4990 adusque
2035 4919 2318 4989 posterita-
2350 4903 2392 4956 Ῑ)

2309 4949 2318 4960 -
2350 4903 2394 4956 D
2421 4920 2526 4973 λων
2559 4918 2725 4972 πάλαι
2757 4918 2944 4981 ἐθνῶν,
2967 4918 3059 4970 καὶ
3085 4916 3176 4970 τοῦ
3212 4905 3518 4984 Ἑλληνικοῦ
3548 4905 3640 4970 νῦν
3664 4915 3937 4981 παντὸςκώ

763 5030 869 5076 tem
893 5019 1008 5074 fore
1046 5034 1198 5072 :non
1227 5007 1429 5084 autem,
1463 5023 1524 5069 ut
1579 5014 1803 5066 aliarum
1863 5012 2131 5082 quondam
2190 5028 2318 5083 gen—

2009 5012 2131 5065 dam
2190 5028 2318 5083 gen-
2423 5009 2609 5078 γένους
2640 5007 2732 5060 καὶ
2764 5007 2922 5074 λόγου
2945 5005 3196 5076 τελευτὴν
3223 5004 3451 5074 ἕίμαρτο
3479 5000 3637 5079 εἶναι.

763 5115 916 5174 tium.
943 5110 1121 5166 Graeci
1137 5125 1352 5180 quoque
1376 5122 1524 5163 nunc
1556 5107 1722 5161 totius
1750 5113 1802 5159 ct
1828 5105 2062 5175 generis,
2093 5114 2146 5158 et
2192 5103 2458 5160 sermonis
2481 5104 2637 5156 tinem
2661 5116 2781 5156 esse
2814 5101 2866 5154 in
2900 5096 3024 5153 fatis
3056 5106 3154 5152 est.

1185 5226 1354 5277 Testes
1371 5224 1424 5276 in
1440 5224 1534 5276 hoc
1571 5221 1707 5276 libro
1728 5219 1894 5273 citati.

1873 5221 1894 5271 τ.
2900 5214 3201 5285 Μάρτυρες
3223 5214 3304 5282 τῷ
3325 5215 3456 5285 λόπ
3497 5262 3501 5266 .

1033 5313 1283 5368 Basilius.
2363 5363 2366 5366 .

2363 5363 2366 5366 .
2701 5309 2990 5371 Βασίλειος.

1037 5385 1243 5440 Plelho.

2697 5380 2934 5450 Πλήθων.

1036 5457 1205 5515 Aulus
1240 5453 1534 5511 Romanus.

2695 5448 2863 5513 Αὖλος
2905 5450 3181 5518 Ῥωμαῖος.

1035 5526 1374 5582 Aristoteles.

2710 5519 3095 5588 Ἀριστοτέλης.

1036 5540 1374 5582 aristoteles.

1036 5594 1289 5651 Galenus.

1039 5665 1338 5721 Macrobius
1359 5665 1652 5724 Romanus.

2699 5660 3004 5729 Μακρόϐιος
3037 5659 3315 5730 Ῥωμαῖος.

1037 5734 1457 5806 Theophrastus.

1415 5754 1436 5790 s
1447 5778 1457 5788 .
2697 5733 2832 5806 Θεόφ
2841 5746 3043 5806 ραστος.

1045 5799 1444 5864 Demosthenes.

1431 5846 1444 5860 .
2697 5799 3051 5875 Δημοσθένης.
