  <div class='ocr_page' id='page_1' title='image "/cluster/home/n/w/nwhite01/storage/ocr_20150623/19/pst.000005712045/626.png"; bbox 0 0 4124 6320; ppageno 0'>
   <div class='ocr_carea' id='block_1_1' title="bbox 224 375 368 433">
    <p class='ocr_par' dir='ltr' id='par_1_1' title="bbox 224 375 368 433">
     <span class='ocr_line' id='line_1_1' title="bbox 224 375 368 433; baseline 0 0"><span class='ocrx_word' id='word_1_1' title='bbox 224 375 368 433; x_wconf 71' lang='grc' dir='ltr'>ηει</span> 
     </span>
    </p>
   </div>
   <div class='ocr_carea' id='block_1_2' title="bbox 1075 377 2695 436">
    <p class='ocr_par' dir='ltr' id='par_1_2' title="bbox 1075 377 2695 436">
     <span class='ocr_line' id='line_1_2' title="bbox 1075 377 2695 436; baseline 0.002 -4"><span class='ocrx_word' id='word_1_2' title='bbox 1075 379 1129 432; x_wconf 81' lang='lat' dir='ltr'><strong>S.</strong></span> <span class='ocrx_word' id='word_1_3' title='bbox 1172 380 1414 433; x_wconf 65' lang='grc' dir='ltr'><strong>ΜΛἮΜΙ</strong></span> <span class='ocrx_word' id='word_1_4' title='bbox 1456 377 1809 434; x_wconf 75' lang='lat' dir='ltr'><strong>MARTYRIS</strong></span> <span class='ocrx_word' id='word_1_5' title='bbox 1848 378 2221 436; x_wconf 82' lang='lat' dir='ltr'><strong>COMPUTUS</strong></span> <span class='ocrx_word' id='word_1_6' title='bbox 2257 379 2695 435; x_wconf 79' lang='lat' dir='ltr'><strong>ECCLESIAST.</strong></span> 
     </span>
    </p>
   </div>
   <div class='ocr_carea' id='block_1_3' title="bbox 3308 384 3443 438">
    <p class='ocr_par' dir='ltr' id='par_1_3' title="bbox 3308 384 3443 438">
     <span class='ocr_line' id='line_1_3' title="bbox 3308 384 3443 438; baseline 0.007 -1"><span class='ocrx_word' id='word_1_7' title='bbox 3308 384 3443 438; x_wconf 65' lang='lat'><strong>£222.</strong></span> 
     </span>
    </p>
   </div>
   <div class='ocr_carea' id='block_1_4' title="bbox 229 488 1815 563">
    <p class='ocr_par' dir='ltr' id='par_1_4' title="bbox 229 488 1789 557">
     <span class='ocr_line' id='line_1_4' title="bbox 229 488 1789 557; baseline -0.002 -12"><span class='ocrx_word' id='word_1_8' title='bbox 229 492 300 545; x_wconf 73' lang='lat' dir='ltr'><strong>Ti</strong></span> <span class='ocrx_word' id='word_1_9' title='bbox 337 490 407 545; x_wconf 80' lang='grc' dir='ltr'>τὸ</span> <span class='ocrx_word' id='word_1_10' title='bbox 456 490 771 554; x_wconf 76' lang='grc' dir='ltr'>κανόνων,</span> <span class='ocrx_word' id='word_1_11' title='bbox 812 488 908 542; x_wconf 74' lang='grc' dir='ltr'>καὶ</span> <span class='ocrx_word' id='word_1_12' title='bbox 959 490 1016 540; x_wconf 84' lang='grc' dir='ltr'><strong>τί</strong></span> <span class='ocrx_word' id='word_1_13' title='bbox 1056 488 1307 556; x_wconf 76' lang='grc' dir='ltr'><strong>περιέχει</strong></span> <span class='ocrx_word' id='word_1_14' title='bbox 1352 492 1390 557; x_wconf 70' lang='grc' dir='ltr'>ἡ</span> <span class='ocrx_word' id='word_1_15' title='bbox 1435 490 1645 543; x_wconf 83' lang='grc' dir='ltr'>τούτου</span> <span class='ocrx_word' id='word_1_16' title='bbox 1686 490 1789 542; x_wconf 84' lang='grc' dir='ltr'><strong>δύ-</strong></span> 
     </span>
    </p>
   </div>
   <div class='ocr_carea' id='block_1_5' title="bbox 1887 488 3443 563">
    <p class='ocr_par' dir='ltr' id='par_1_5' title="bbox 1897 489 3443 563">
     <span class='ocr_line' id='line_1_5' title="bbox 1897 489 3443 563; baseline 0.001 -18"><span class='ocrx_word' id='word_1_17' title='bbox 1897 489 2048 557; x_wconf 77' lang='lat'><strong>171</strong></span> <span class='ocrx_word' id='word_1_18' title='bbox 2070 520 2094 529; x_wconf 88' lang='lat'><strong>-</strong></span> <span class='ocrx_word' id='word_1_19' title='bbox 2117 490 2273 561; x_wconf 75' lang='grc'><strong>172</strong></span> <span class='ocrx_word' id='word_1_20' title='bbox 2306 489 2618 559; x_wconf 75' lang='lat' dir='ltr'><strong>Cujusmodi</strong></span> <span class='ocrx_word' id='word_1_21' title='bbox 2645 492 2711 544; x_wconf 80' lang='lat' dir='ltr'><strong>sit</strong></span> <span class='ocrx_word' id='word_1_22' title='bbox 2737 491 3066 556; x_wconf 84' lang='lat' dir='ltr'><strong>latcrculum,</strong></span> <span class='ocrx_word' id='word_1_23' title='bbox 3106 502 3156 545; x_wconf 80' lang='lat' dir='ltr'><strong>et</strong></span> <span class='ocrx_word' id='word_1_24' title='bbox 3207 512 3323 563; x_wconf 76' lang='lat' dir='ltr'><strong>qua:</strong></span> <span class='ocrx_word' id='word_1_25' title='bbox 3364 498 3443 552; x_wconf 73' lang='lat' dir='ltr'><strong>vis</strong></span> 
     </span>
    </p>
   </div>
   <div class='ocr_carea' id='block_1_6' title="bbox 916 593 1113 645">
    <p class='ocr_par' dir='ltr' id='par_1_6' title="bbox 916 593 1113 645">
     <span class='ocr_line' id='line_1_6' title="bbox 916 593 1113 645; baseline -0.005 -15"><span class='ocrx_word' id='word_1_26' title='bbox 916 593 1113 645; x_wconf 64' lang='grc' dir='ltr'>νημις,</span> 
     </span>
    </p>
   </div>
   <div class='ocr_carea' id='block_1_7' title="bbox 308 700 1783 783">
    <p class='ocr_par' dir='ltr' id='par_1_7' title="bbox 308 700 1783 783">
     <span class='ocr_line' id='line_1_7' title="bbox 308 700 1783 783; baseline -0.001 -18"><span class='ocrx_word' id='word_1_27' title='bbox 308 714 381 767; x_wconf 88' lang='lat' dir='ltr'><strong>B&#39;.</strong></span> <span class='ocrx_word' id='word_1_28' title='bbox 400 713 461 764; x_wconf 86' lang='grc' dir='ltr'><strong>Ἥ</strong></span> <span class='ocrx_word' id='word_1_29' title='bbox 478 711 626 765; x_wconf 76' lang='grc' dir='ltr'>τοῦδε</span> <span class='ocrx_word' id='word_1_30' title='bbox 638 711 729 765; x_wconf 79' lang='grc' dir='ltr'>τοῦ</span> <span class='ocrx_word' id='word_1_31' title='bbox 750 700 1100 783; x_wconf 79' lang='grc' dir='ltr'><strong>προκειμένου</strong></span> <span class='ocrx_word' id='word_1_32' title='bbox 1136 712 1401 781; x_wconf 69' lang='grc' dir='ltr'>ὑφήγησις</span> <span class='ocrx_word' id='word_1_33' title='bbox 1427 710 1519 763; x_wconf 76' lang='grc' dir='ltr'>τοῦ</span> <span class='ocrx_word' id='word_1_34' title='bbox 1541 712 1783 765; x_wconf 83' lang='grc' dir='ltr'>κανονίου</span> 
     </span>
    </p>
   </div>
   <div class='ocr_carea' id='block_1_8' title="bbox 223 802 1782 874">
    <p class='ocr_par' dir='ltr' id='par_1_8' title="bbox 223 802 1782 874">
     <span class='ocr_line' id='line_1_8' title="bbox 223 802 1782 874; baseline 0 -19"><span class='ocrx_word' id='word_1_35' title='bbox 223 804 424 856; x_wconf 75' lang='grc' dir='ltr'>τοῦτον</span> <span class='ocrx_word' id='word_1_36' title='bbox 450 803 558 871; x_wconf 82' lang='grc' dir='ltr'>ἔχει</span> <span class='ocrx_word' id='word_1_37' title='bbox 590 803 678 855; x_wconf 79' lang='grc' dir='ltr'><strong>τὸν</strong></span> <span class='ocrx_word' id='word_1_38' title='bbox 712 803 925 874; x_wconf 80' lang='grc' dir='ltr'>τρόπον.</span> <span class='ocrx_word' id='word_1_39' title='bbox 956 802 1222 873; x_wconf 80' lang='grc' dir='ltr'>Τριπλοῦν</span> <span class='ocrx_word' id='word_1_40' title='bbox 1250 802 1407 853; x_wconf 73' lang='grc' dir='ltr'>τοῦτο</span> <span class='ocrx_word' id='word_1_41' title='bbox 1432 804 1782 871; x_wconf 73' lang='grc' dir='ltr'><strong>καθέστηκεν,</strong></span> 
     </span>
    </p>
   </div>
   <div class='ocr_carea' id='block_1_9' title="bbox 223 891 1785 963">
    <p class='ocr_par' dir='ltr' id='par_1_9' title="bbox 223 891 1785 963">
     <span class='ocr_line' id='line_1_9' title="bbox 223 891 1785 963; baseline 0.001 -20"><span class='ocrx_word' id='word_1_42' title='bbox 223 891 309 954; x_wconf 80' lang='grc' dir='ltr'>ὡς</span> <span class='ocrx_word' id='word_1_43' title='bbox 334 892 585 963; x_wconf 72' lang='grc' dir='ltr'>περιέχον</span> <span class='ocrx_word' id='word_1_44' title='bbox 616 893 674 944; x_wconf 85' lang='grc' dir='ltr'>ὲν</span> <span class='ocrx_word' id='word_1_45' title='bbox 711 892 884 963; x_wconf 80' lang='grc' dir='ltr'>ἐαυτῷ</span> <span class='ocrx_word' id='word_1_46' title='bbox 919 894 1016 962; x_wconf 82' lang='grc' dir='ltr'><strong>τήν</strong></span> <span class='ocrx_word' id='word_1_47' title='bbox 1048 910 1101 944; x_wconf 83' lang='grc' dir='ltr'><strong>τε</strong></span> <span class='ocrx_word' id='word_1_48' title='bbox 1148 894 1251 943; x_wconf 62' lang='grc' dir='ltr'>τῶν</span> <span class='ocrx_word' id='word_1_49' title='bbox 1283 892 1448 957; x_wconf 80' lang='grc' dir='ltr'>άγίων</span> <span class='ocrx_word' id='word_1_50' title='bbox 1488 892 1785 962; x_wconf 78' lang='grc' dir='ltr'>παρείσὸα-</span> 
     </span>
    </p>
   </div>
   <div class='ocr_carea' id='block_1_10' title="bbox 228 981 1784 1055">
    <p class='ocr_par' dir='ltr' id='par_1_10' title="bbox 228 981 1784 1055">
     <span class='ocr_line' id='line_1_10' title="bbox 228 981 1784 1055; baseline 0.003 -24"><span class='ocrx_word' id='word_1_51' title='bbox 228 998 323 1032; x_wconf 73' lang='grc' dir='ltr'><strong>σιν</strong></span> <span class='ocrx_word' id='word_1_52' title='bbox 362 981 619 1052; x_wconf 82' lang='grc' dir='ltr'><strong>νηστειῶν</strong></span> <span class='ocrx_word' id='word_1_53' title='bbox 640 984 741 1035; x_wconf 77' lang='grc' dir='ltr'>,καὶ</span> <span class='ocrx_word' id='word_1_54' title='bbox 785 983 883 1052; x_wconf 83' lang='grc' dir='ltr'><strong>τὴν</strong></span> <span class='ocrx_word' id='word_1_55' title='bbox 922 982 1513 1055; x_wconf 64' lang='grc' dir='ltr'>τεσσαρεσκαιδεκάτην</span> <span class='ocrx_word' id='word_1_56' title='bbox 1542 982 1634 1034; x_wconf 65' lang='grc' dir='ltr'>τοῦ</span> <span class='ocrx_word' id='word_1_57' title='bbox 1666 982 1784 1036; x_wconf 77' lang='grc' dir='ltr'>καθ’</span> 
     </span>
    </p>
   </div>
   <div class='ocr_carea' id='block_1_11' title="bbox 241 1069 1786 1142">
    <p class='ocr_par' dir='ltr' id='par_1_11' title="bbox 241 1069 1786 1142">
     <span class='ocr_line' id='line_1_11' title="bbox 241 1069 1786 1142; baseline 0.003 -21"><span class='ocrx_word' id='word_1_58' title='bbox 241 1071 531 1141; x_wconf 72' lang='grc' dir='ltr'>Ἐϐραίους</span> <span class='ocrx_word' id='word_1_59' title='bbox 554 1069 765 1141; x_wconf 79' lang='grc' dir='ltr'>πρώτου</span> <span class='ocrx_word' id='word_1_60' title='bbox 788 1070 970 1142; x_wconf 66' lang='grc' dir='ltr'>μηνὸς,</span> <span class='ocrx_word' id='word_1_61' title='bbox 1007 1069 1147 1136; x_wconf 79' lang='grc' dir='ltr'>λέγω</span> <span class='ocrx_word' id='word_1_62' title='bbox 1180 1070 1241 1136; x_wconf 69' lang='grc' dir='ltr'><strong>δὴ</strong></span> <span class='ocrx_word' id='word_1_63' title='bbox 1265 1071 1357 1122; x_wconf 77' lang='grc' dir='ltr'>τοῦ</span> <span class='ocrx_word' id='word_1_64' title='bbox 1392 1070 1587 1122; x_wconf 54' lang='grc' dir='ltr'>Νισάν·</span> <span class='ocrx_word' id='word_1_65' title='bbox 1617 1073 1692 1132; x_wconf 80' lang='grc' dir='ltr'><strong>εἰς</strong></span> <span class='ocrx_word' id='word_1_66' title='bbox 1720 1072 1786 1140; x_wconf 78' lang='grc' dir='ltr'>ἦν</span> 
     </span>
    </p>
   </div>
   <div class='ocr_carea' id='block_1_12' title="bbox 227 1160 1784 1230">
    <p class='ocr_par' dir='ltr' id='par_1_12' title="bbox 227 1160 1784 1230">
     <span class='ocr_line' id='line_1_12' title="bbox 227 1160 1784 1230; baseline -0.001 -17"><span class='ocrx_word' id='word_1_67' title='bbox 227 1162 296 1213; x_wconf 83' lang='grc' dir='ltr'><strong>τὸ</strong></span> <span class='ocrx_word' id='word_1_68' title='bbox 326 1162 444 1213; x_wconf 84' lang='grc' dir='ltr'>κατ’</span> <span class='ocrx_word' id='word_1_69' title='bbox 486 1162 678 1224; x_wconf 83' lang='grc' dir='ltr'>αὐτοὺς</span> <span class='ocrx_word' id='word_1_70' title='bbox 701 1162 897 1230; x_wconf 30' lang='grc' dir='ltr'>*Πάσχα</span> <span class='ocrx_word' id='word_1_71' title='bbox 920 1160 1174 1212; x_wconf 83' lang='grc' dir='ltr'>τελεῖται·</span> <span class='ocrx_word' id='word_1_72' title='bbox 1208 1161 1298 1212; x_wconf 68' lang='grc' dir='ltr'>καὶ</span> <span class='ocrx_word' id='word_1_73' title='bbox 1328 1162 1425 1230; x_wconf 78' lang='grc' dir='ltr'><strong>τὴν</strong></span> <span class='ocrx_word' id='word_1_74' title='bbox 1446 1161 1671 1229; x_wconf 80' lang='grc' dir='ltr'>δεκάτην</span> <span class='ocrx_word' id='word_1_75' title='bbox 1693 1160 1784 1213; x_wconf 82' lang='grc' dir='ltr'>τοῦ</span> 
     </span>
    </p>
   </div>
   <div class='ocr_carea' id='block_1_13' title="bbox 230 1242 1785 1319">
    <p class='ocr_par' dir='ltr' id='par_1_13' title="bbox 230 1242 1785 1319">
     <span class='ocr_line' id='line_1_13' title="bbox 230 1242 1785 1319; baseline 0 -19"><span class='ocrx_word' id='word_1_76' title='bbox 230 1248 467 1317; x_wconf 70' lang='grc' dir='ltr'>ἑϐδόμου</span> <span class='ocrx_word' id='word_1_77' title='bbox 500 1242 697 1319; x_wconf 81' lang='grc' dir='ltr'>μηνὸς,</span> <span class='ocrx_word' id='word_1_78' title='bbox 731 1250 893 1319; x_wconf 80' lang='grc' dir='ltr'>ήγουν</span> <span class='ocrx_word' id='word_1_79' title='bbox 948 1248 1040 1300; x_wconf 70' lang='grc' dir='ltr'>τοῦ</span> <span class='ocrx_word' id='word_1_80' title='bbox 1080 1248 1239 1318; x_wconf 60' lang='grc' dir='ltr'>Θερυι</span> <span class='ocrx_word' id='word_1_81' title='bbox 1263 1264 1274 1277; x_wconf 72' lang='grc' dir='ltr'><strong>ο</strong></span> <span class='ocrx_word' id='word_1_82' title='bbox 1322 1251 1441 1302; x_wconf 79' lang='grc' dir='ltr'>καθ’</span> <span class='ocrx_word' id='word_1_83' title='bbox 1474 1250 1535 1319; x_wconf 79' lang='grc' dir='ltr'>ἣν</span> <span class='ocrx_word' id='word_1_84' title='bbox 1570 1251 1597 1299; x_wconf 88' lang='grc' dir='ltr'>ὁ</span> <span class='ocrx_word' id='word_1_85' title='bbox 1630 1250 1785 1319; x_wconf 87' lang='grc' dir='ltr'>ἁρχι-</span> 
     </span>
    </p>
   </div>
   <div class='ocr_carea' id='block_1_14' title="bbox 229 1340 1784 1412">
    <p class='ocr_par' dir='ltr' id='par_1_14' title="bbox 229 1340 1784 1412">
     <span class='ocr_line' id='line_1_14' title="bbox 229 1340 1784 1412; baseline -0.001 -17"><span class='ocrx_word' id='word_1_86' title='bbox 229 1344 396 1412; x_wconf 80' lang='grc' dir='ltr'>ερεὺς</span> <span class='ocrx_word' id='word_1_87' title='bbox 429 1344 486 1395; x_wconf 80' lang='grc' dir='ltr'><strong>τὸ</strong></span> <span class='ocrx_word' id='word_1_88' title='bbox 505 1342 727 1395; x_wconf 82' lang='grc' dir='ltr'>παλαιὸν</span> <span class='ocrx_word' id='word_1_89' title='bbox 748 1343 845 1412; x_wconf 83' lang='grc' dir='ltr'><strong>τὴν</strong></span> <span class='ocrx_word' id='word_1_90' title='bbox 874 1344 951 1404; x_wconf 87' lang='grc' dir='ltr'><strong>είς</strong></span> <span class='ocrx_word' id='word_1_91' title='bbox 981 1341 1050 1393; x_wconf 78' lang='grc' dir='ltr'>τὰ</span> <span class='ocrx_word' id='word_1_92' title='bbox 1075 1342 1191 1408; x_wconf 75' lang='grc' dir='ltr'><strong>Ἃγς</strong></span> <span class='ocrx_word' id='word_1_93' title='bbox 1214 1362 1229 1391; x_wconf 78' lang='lat'><em>;</em></span> <span class='ocrx_word' id='word_1_94' title='bbox 1270 1342 1373 1393; x_wconf 84' lang='grc' dir='ltr'><strong>τῶν</strong></span> <span class='ocrx_word' id='word_1_95' title='bbox 1398 1342 1562 1409; x_wconf 80' lang='grc' dir='ltr'>ἁγίων</span> <span class='ocrx_word' id='word_1_96' title='bbox 1583 1340 1784 1394; x_wconf 78' lang='grc' dir='ltr'>εἴσοδον</span> 
     </span>
    </p>
   </div>
   <div class='ocr_carea' id='block_1_15' title="bbox 229 1432 1786 1502">
    <p class='ocr_par' dir='ltr' id='par_1_15' title="bbox 229 1432 1786 1502">
     <span class='ocr_line' id='line_1_15' title="bbox 229 1432 1786 1502; baseline 0 -18"><span class='ocrx_word' id='word_1_97' title='bbox 229 1435 488 1485; x_wconf 79' lang='grc' dir='ltr'>ἐποιείτο.</span> <span class='ocrx_word' id='word_1_98' title='bbox 524 1434 631 1485; x_wconf 77' lang='grc' dir='ltr'><strong>Καὶ</strong></span> <span class='ocrx_word' id='word_1_99' title='bbox 650 1432 761 1484; x_wconf 72' lang='grc' dir='ltr'>ἐστι</span> <span class='ocrx_word' id='word_1_100' title='bbox 789 1432 889 1500; x_wconf 81' lang='grc' dir='ltr'><strong>τῆς</strong></span> <span class='ocrx_word' id='word_1_101' title='bbox 925 1432 1020 1501; x_wconf 82' lang='grc' dir='ltr'><strong>μὲν</strong></span> <span class='ocrx_word' id='word_1_102' title='bbox 1046 1432 1451 1502; x_wconf 78' lang='grc' dir='ltr'>παρεισῦάσεως</span> <span class='ocrx_word' id='word_1_103' title='bbox 1489 1432 1595 1483; x_wconf 84' lang='grc' dir='ltr'><strong>τῶν</strong></span> <span class='ocrx_word' id='word_1_104' title='bbox 1622 1432 1786 1497; x_wconf 85' lang='grc' dir='ltr'>ἁγίων</span> 
     </span>
    </p>
   </div>
   <div class='ocr_carea' id='block_1_16' title="bbox 230 1520 1785 1593">
    <p class='ocr_par' dir='ltr' id='par_1_16' title="bbox 230 1520 1785 1593">
     <span class='ocr_line' id='line_1_16' title="bbox 230 1520 1785 1593; baseline -0.001 -18"><span class='ocrx_word' id='word_1_105' title='bbox 230 1520 497 1591; x_wconf 72' lang='grc' dir='ltr'>νηστειῶν</span> <span class='ocrx_word' id='word_1_106' title='bbox 528 1526 560 1593; x_wconf 89' lang='grc' dir='ltr'><strong>ή</strong></span> <span class='ocrx_word' id='word_1_107' title='bbox 592 1523 897 1593; x_wconf 66' lang='grc' dir='ltr'>,σημείωσις</span> <span class='ocrx_word' id='word_1_108' title='bbox 932 1520 991 1585; x_wconf 75' lang='grc' dir='ltr'><strong>ἐξ</strong></span> <span class='ocrx_word' id='word_1_109' title='bbox 1026 1523 1317 1585; x_wconf 58' lang='grc' dir='ltr'>εὐωνύμων</span> <span class='ocrx_word' id='word_1_110' title='bbox 1359 1521 1452 1574; x_wconf 77' lang='grc' dir='ltr'>τοῦ</span> <span class='ocrx_word' id='word_1_111' title='bbox 1485 1522 1646 1574; x_wconf 81' lang='grc' dir='ltr'>αὑτοῦ</span> <span class='ocrx_word' id='word_1_112' title='bbox 1686 1538 1785 1573; x_wconf 84' lang='grc' dir='ltr'>κα-</span> 
     </span>
    </p>
   </div>
   <div class='ocr_carea' id='block_1_17' title="bbox 229 1607 1785 1683">
    <p class='ocr_par' dir='ltr' id='par_1_17' title="bbox 229 1607 1785 1683">
     <span class='ocr_line' id='line_1_17' title="bbox 229 1607 1785 1683; baseline -0.003 -18"><span class='ocrx_word' id='word_1_113' title='bbox 229 1613 412 1665; x_wconf 74' lang='grc' dir='ltr'>νονίου</span> <span class='ocrx_word' id='word_1_114' title='bbox 434 1607 872 1683; x_wconf 77' lang='grc' dir='ltr'>διαγεγραμμένη</span> <span class='ocrx_word' id='word_1_115' title='bbox 891 1629 903 1641; x_wconf 88' lang='grc'><strong>·</strong></span> <span class='ocrx_word' id='word_1_116' title='bbox 937 1613 969 1681; x_wconf 86' lang='grc' dir='ltr'>ἡ</span> <span class='ocrx_word' id='word_1_117' title='bbox 998 1611 1052 1663; x_wconf 78' lang='grc' dir='ltr'><strong>δὲ</strong></span> <span class='ocrx_word' id='word_1_118' title='bbox 1076 1628 1173 1663; x_wconf 77' lang='grc' dir='ltr'><strong>τεσ</strong></span> <span class='ocrx_word' id='word_1_119' title='bbox 1196 1609 1637 1679; x_wconf 70' lang='grc' dir='ltr'>ρεσκαιδεκάτη</span> <span class='ocrx_word' id='word_1_120' title='bbox 1692 1610 1785 1662; x_wconf 79' lang='grc' dir='ltr'>τοῦ</span> 
     </span>
    </p>
   </div>
   <div class='ocr_carea' id='block_1_18' title="bbox 232 1701 1787 1775">
    <p class='ocr_par' dir='ltr' id='par_1_18' title="bbox 232 1701 1787 1775">
     <span class='ocr_line' id='line_1_18' title="bbox 232 1701 1787 1775; baseline -0.003 -20"><span class='ocrx_word' id='word_1_121' title='bbox 232 1704 362 1756; x_wconf 80' lang='grc' dir='ltr'>καθ’</span> <span class='ocrx_word' id='word_1_122' title='bbox 405 1705 683 1775; x_wconf 78' lang='grc' dir='ltr'>Ἐὅραίους</span> <span class='ocrx_word' id='word_1_123' title='bbox 722 1702 934 1774; x_wconf 84' lang='grc' dir='ltr'>πρώτου</span> <span class='ocrx_word' id='word_1_124' title='bbox 986 1704 1152 1772; x_wconf 66' lang='grc' dir='ltr'>μηνὶς</span> <span class='ocrx_word' id='word_1_125' title='bbox 1186 1704 1247 1753; x_wconf 81' lang='grc' dir='ltr'><strong>ὲκ</strong></span> <span class='ocrx_word' id='word_1_126' title='bbox 1297 1701 1482 1766; x_wconf 75' lang='grc' dir='ltr'>δεξιῶν</span> <span class='ocrx_word' id='word_1_127' title='bbox 1534 1701 1787 1768; x_wconf 63' lang='grc' dir='ltr'>σύνεγγυς</span> 
     </span>
    </p>
   </div>
   <div class='ocr_carea' id='block_1_19' title="bbox 230 1791 1787 1864">
    <p class='ocr_par' dir='ltr' id='par_1_19' title="bbox 230 1791 1787 1864">
     <span class='ocr_line' id='line_1_19' title="bbox 230 1791 1787 1864; baseline -0.001 -19"><span class='ocrx_word' id='word_1_128' title='bbox 230 1794 332 1847; x_wconf 77' lang='grc' dir='ltr'><strong>τοῦ</strong></span> <span class='ocrx_word' id='word_1_129' title='bbox 380 1795 518 1847; x_wconf 76' lang='grc' dir='ltr'>κατὰ</span> <span class='ocrx_word' id='word_1_130' title='bbox 574 1795 732 1864; x_wconf 80' lang='grc' dir='ltr'>μέσον</span> <span class='ocrx_word' id='word_1_131' title='bbox 778 1792 1221 1863; x_wconf 75' lang='grc' dir='ltr'><strong>ἐγγεγραμμένου</strong></span> <span class='ocrx_word' id='word_1_132' title='bbox 1272 1791 1492 1861; x_wconf 77' lang='grc' dir='ltr'>τροχοῦ·</span> <span class='ocrx_word' id='word_1_133' title='bbox 1548 1793 1680 1859; x_wconf 77' lang='grc' dir='ltr'>μετὰ</span> <span class='ocrx_word' id='word_1_134' title='bbox 1730 1792 1787 1843; x_wconf 80' lang='grc' dir='ltr'>δὲ</span> 
     </span>
    </p>
   </div>
   <div class='ocr_carea' id='block_1_20' title="bbox 2550 581 2818 636">
    <p class='ocr_par' dir='ltr' id='par_1_20' title="bbox 2550 581 2818 636">
     <span class='ocr_line' id='line_1_20' title="bbox 2550 581 2818 636; baseline 0.011 -3"><span class='ocrx_word' id='word_1_135' title='bbox 2550 581 2621 633; x_wconf 76' lang='lat' dir='ltr'><strong>sit</strong></span> <span class='ocrx_word' id='word_1_136' title='bbox 2652 581 2818 636; x_wconf 76' lang='lat' dir='ltr'><strong>illius.</strong></span> 
     </span>
    </p>
   </div>
   <div class='ocr_carea' id='block_1_21' title="bbox 1958 712 3441 783">
    <p class='ocr_par' dir='ltr' id='par_1_21' title="bbox 1958 712 3441 783">
     <span class='ocr_line' id='line_1_21' title="bbox 1958 712 3441 783; baseline 0.005 -18"><span class='ocrx_word' id='word_1_137' title='bbox 1958 712 2023 767; x_wconf 87' lang='lat' dir='ltr'><strong>ll.</strong></span> <span class='ocrx_word' id='word_1_138' title='bbox 2062 712 2331 781; x_wconf 87' lang='lat' dir='ltr'><strong>Propositi</strong></span> <span class='ocrx_word' id='word_1_139' title='bbox 2390 715 2616 768; x_wconf 82' lang='lat' dir='ltr'><strong>canonis</strong></span> <span class='ocrx_word' id='word_1_140' title='bbox 2646 715 2913 783; x_wconf 76' lang='lat' dir='ltr'><strong>expositio</strong></span> <span class='ocrx_word' id='word_1_141' title='bbox 2951 717 3016 770; x_wconf 90' lang='lat' dir='ltr'><strong>ad</strong></span> <span class='ocrx_word' id='word_1_142' title='bbox 3044 717 3186 771; x_wconf 89' lang='lat' dir='ltr'><strong>hunc</strong></span> <span class='ocrx_word' id='word_1_143' title='bbox 3223 719 3441 773; x_wconf 91' lang='lat' dir='ltr'><strong>modum</strong></span> 
     </span>
    </p>
   </div>
   <div class='ocr_carea' id='block_1_22' title="bbox 1890 802 3424 861">
    <p class='ocr_par' dir='ltr' id='par_1_22' title="bbox 1890 802 3424 861">
     <span class='ocr_line' id='line_1_22' title="bbox 1890 802 3424 861; baseline 0.002 -4"><span class='ocrx_word' id='word_1_144' title='bbox 1890 818 1949 857; x_wconf 90' lang='lat' dir='ltr'><strong>se</strong></span> <span class='ocrx_word' id='word_1_145' title='bbox 1983 803 2166 856; x_wconf 87' lang='lat' dir='ltr'><strong>habet.</strong></span> <span class='ocrx_word' id='word_1_146' title='bbox 2199 802 2293 857; x_wconf 87' lang='lat' dir='ltr'><strong>Est</strong></span> <span class='ocrx_word' id='word_1_147' title='bbox 2322 803 2412 857; x_wconf 90' lang='lat' dir='ltr'><strong>ille</strong></span> <span class='ocrx_word' id='word_1_148' title='bbox 2438 803 2647 858; x_wconf 81' lang='lat' dir='ltr'><strong>divisus</strong></span> <span class='ocrx_word' id='word_1_149' title='bbox 2678 804 2965 860; x_wconf 75' lang='lat' dir='ltr'><strong>trifariam.</strong></span> <span class='ocrx_word' id='word_1_150' title='bbox 3000 804 3249 861; x_wconf 89' lang='lat' dir='ltr'><strong>Continet</strong></span> <span class='ocrx_word' id='word_1_151' title='bbox 3281 808 3424 861; x_wconf 91' lang='lat' dir='ltr'><strong>enim</strong></span> 
     </span>
    </p>
   </div>
   <div class='ocr_carea' id='block_1_23' title="bbox 1888 893 3439 965">
    <p class='ocr_par' dir='ltr' id='par_1_23' title="bbox 1888 893 3439 965">
     <span class='ocr_line' id='line_1_23' title="bbox 1888 893 3439 965; baseline 0.001 -18"><span class='ocrx_word' id='word_1_152' title='bbox 1888 894 2169 948; x_wconf 91' lang='lat' dir='ltr'><strong>introitum</strong></span> <span class='ocrx_word' id='word_1_153' title='bbox 2195 907 2474 965; x_wconf 75' lang='lat' dir='ltr'><strong>sacrorum</strong></span> <span class='ocrx_word' id='word_1_154' title='bbox 2504 893 2835 962; x_wconf 87' lang='lat' dir='ltr'><strong>jejuniorum</strong></span> <span class='ocrx_word' id='word_1_155' title='bbox 2858 913 2873 961; x_wconf 88' lang='lat'><strong>;</strong></span> <span class='ocrx_word' id='word_1_156' title='bbox 2893 904 3142 964; x_wconf 84' lang='lat' dir='ltr'><strong>quartam</strong></span> <span class='ocrx_word' id='word_1_157' title='bbox 3173 897 3439 951; x_wconf 83' lang='lat' dir='ltr'><strong>decimam</strong></span> 
     </span>
    </p>
   </div>
   <div class='ocr_carea' id='block_1_24' title="bbox 1892 982 3432 1054">
    <p class='ocr_par' dir='ltr' id='par_1_24' title="bbox 1892 982 3432 1054">
     <span class='ocr_line' id='line_1_24' title="bbox 1892 982 3432 1054; baseline 0.003 -18"><span class='ocrx_word' id='word_1_158' title='bbox 1892 985 2050 1054; x_wconf 81' lang='lat' dir='ltr'><strong>primi</strong></span> <span class='ocrx_word' id='word_1_159' title='bbox 2082 984 2286 1037; x_wconf 86' lang='lat' dir='ltr'><strong>mensis</strong></span> <span class='ocrx_word' id='word_1_160' title='bbox 2317 983 2617 1038; x_wconf 90' lang='lat' dir='ltr'><strong>secundum</strong></span> <span class='ocrx_word' id='word_1_161' title='bbox 2648 982 2921 1050; x_wconf 72' lang='lat' dir='ltr'><strong>Hebra-os,</strong></span> <span class='ocrx_word' id='word_1_162' title='bbox 2965 988 3067 1040; x_wconf 90' lang='lat' dir='ltr'><strong>hoc</strong></span> <span class='ocrx_word' id='word_1_163' title='bbox 3110 999 3193 1043; x_wconf 90' lang='lat' dir='ltr'><strong>est</strong></span> <span class='ocrx_word' id='word_1_164' title='bbox 3223 988 3387 1043; x_wconf 88' lang='lat' dir='ltr'><strong>Nisan</strong></span> <span class='ocrx_word' id='word_1_165' title='bbox 3420 1009 3432 1040; x_wconf 87' lang='lat'>:</span> 
     </span>
    </p>
   </div>
   <div class='ocr_carea' id='block_1_25' title="bbox 1891 1074 3435 1146">
    <p class='ocr_par' dir='ltr' id='par_1_25' title="bbox 1891 1074 3435 1146">
     <span class='ocr_line' id='line_1_25' title="bbox 1891 1074 3435 1146; baseline 0.001 -17"><span class='ocrx_word' id='word_1_166' title='bbox 1891 1078 1946 1129; x_wconf 90' lang='lat' dir='ltr'><strong>in</strong></span> <span class='ocrx_word' id='word_1_167' title='bbox 1970 1090 2131 1146; x_wconf 89' lang='lat' dir='ltr'><strong>quam</strong></span> <span class='ocrx_word' id='word_1_168' title='bbox 2159 1074 2371 1130; x_wconf 82' lang='lat' dir='ltr'><strong>Pascha</strong></span> <span class='ocrx_word' id='word_1_169' title='bbox 2402 1075 2620 1129; x_wconf 90' lang='lat' dir='ltr'><strong>illorum</strong></span> <span class='ocrx_word' id='word_1_170' title='bbox 2654 1074 2843 1128; x_wconf 84' lang='lat' dir='ltr'><strong>incidit</strong></span> <span class='ocrx_word' id='word_1_171' title='bbox 2868 1094 2881 1130; x_wconf 89' lang='lat'><strong>:</strong></span> <span class='ocrx_word' id='word_1_172' title='bbox 2906 1093 3006 1132; x_wconf 87' lang='lat' dir='ltr'><strong>nec</strong></span> <span class='ocrx_word' id='word_1_173' title='bbox 3039 1094 3147 1132; x_wconf 89' lang='lat' dir='ltr'><strong>non</strong></span> <span class='ocrx_word' id='word_1_174' title='bbox 3170 1079 3435 1133; x_wconf 81' lang='lat' dir='ltr'><strong>decimam</strong></span> 
     </span>
    </p>
   </div>
   <div class='ocr_carea' id='block_1_26' title="bbox 1891 1166 3491 1237">
    <p class='ocr_par' dir='ltr' id='par_1_26' title="bbox 1891 1166 3491 1237">
     <span class='ocr_line' id='line_1_26' title="bbox 1891 1166 3491 1237; baseline 0 -16"><span class='ocrx_word' id='word_1_175' title='bbox 1891 1166 2103 1237; x_wconf 82' lang='lat' dir='ltr'><strong>septimi</strong></span> <span class='ocrx_word' id='word_1_176' title='bbox 2126 1166 2352 1229; x_wconf 82' lang='lat' dir='ltr'><strong>mensis,</strong></span> <span class='ocrx_word' id='word_1_177' title='bbox 2393 1166 2639 1220; x_wconf 90' lang='lat' dir='ltr'><strong>videlicet</strong></span> <span class='ocrx_word' id='word_1_178' title='bbox 2667 1166 2857 1221; x_wconf 87' lang='lat' dir='ltr'><strong>Thersl</strong></span> <span class='ocrx_word' id='word_1_179' title='bbox 2888 1186 2901 1217; x_wconf 89' lang='lat'><strong>:</strong></span> <span class='ocrx_word' id='word_1_180' title='bbox 2938 1183 3040 1236; x_wconf 89' lang='lat' dir='ltr'><strong>qua</strong></span> <span class='ocrx_word' id='word_1_181' title='bbox 3078 1184 3323 1224; x_wconf 88' lang='lat' dir='ltr'><strong>summus</strong></span> <span class='ocrx_word' id='word_1_182' title='bbox 3347 1182 3439 1227; x_wconf 72' lang='grc' dir='ltr'>ιιι-</span> <span class='ocrx_word' id='word_1_183' title='bbox 3487 1206 3491 1211; x_wconf 62' lang='grc' dir='ltr'><strong>ρ</strong></span> 
     </span>
    </p>
   </div>
   <div class='ocr_carea' id='block_1_27' title="bbox 1892 1254 3440 1313">
    <p class='ocr_par' dir='ltr' id='par_1_27' title="bbox 1892 1254 3440 1313">
     <span class='ocr_line' id='line_1_27' title="bbox 1892 1254 3440 1313; baseline 0.001 -1"><span class='ocrx_word' id='word_1_184' title='bbox 1892 1258 2085 1312; x_wconf 89' lang='lat' dir='ltr'><strong>cerdos</strong></span> <span class='ocrx_word' id='word_1_185' title='bbox 2112 1258 2240 1312; x_wconf 91' lang='lat' dir='ltr'><strong>olim</strong></span> <span class='ocrx_word' id='word_1_186' title='bbox 2271 1254 2468 1310; x_wconf 78' lang='lat' dir='ltr'><strong>Sancta</strong></span> <span class='ocrx_word' id='word_1_187' title='bbox 2489 1264 2801 1311; x_wconf 81' lang='lat' dir='ltr'><strong>sanctorum</strong></span> <span class='ocrx_word' id='word_1_188' title='bbox 2824 1256 3025 1310; x_wconf 88' lang='lat' dir='ltr'><strong>adibat.</strong></span> <span class='ocrx_word' id='word_1_189' title='bbox 3059 1256 3227 1313; x_wconf 89' lang='lat' dir='ltr'><strong>Porro</strong></span> <span class='ocrx_word' id='word_1_190' title='bbox 3252 1260 3440 1313; x_wconf 85' lang='lat' dir='ltr'><strong>intro-</strong></span> 
     </span>
    </p>
   </div>
   <div class='ocr_carea' id='block_1_28' title="bbox 1890 1345 3436 1417">
    <p class='ocr_par' dir='ltr' id='par_1_28' title="bbox 1890 1345 3436 1417">
     <span class='ocr_line' id='line_1_28' title="bbox 1890 1345 3436 1417; baseline 0.001 -18"><span class='ocrx_word' id='word_1_191' title='bbox 1890 1348 1998 1402; x_wconf 85' lang='lat' dir='ltr'><strong>itus</strong></span> <span class='ocrx_word' id='word_1_192' title='bbox 2022 1360 2308 1401; x_wconf 87' lang='lat' dir='ltr'><strong>saerorum</strong></span> <span class='ocrx_word' id='word_1_193' title='bbox 2328 1345 2657 1413; x_wconf 89' lang='lat' dir='ltr'><strong>jejuniorum</strong></span> <span class='ocrx_word' id='word_1_194' title='bbox 2685 1348 2893 1399; x_wconf 85' lang='lat' dir='ltr'><strong>notatio</strong></span> <span class='ocrx_word' id='word_1_195' title='bbox 2917 1346 2984 1399; x_wconf 88' lang='lat' dir='ltr'><strong>ad</strong></span> <span class='ocrx_word' id='word_1_196' title='bbox 3012 1346 3287 1401; x_wconf 83' lang='lat' dir='ltr'><strong>sinistram</strong></span> <span class='ocrx_word' id='word_1_197' title='bbox 3313 1364 3436 1417; x_wconf 89' lang='lat' dir='ltr'><strong>par-</strong></span> 
     </span>
    </p>
   </div>
   <div class='ocr_carea' id='block_1_29' title="bbox 1889 1435 3436 1505">
    <p class='ocr_par' dir='ltr' id='par_1_29' title="bbox 1889 1435 3436 1505">
     <span class='ocr_line' id='line_1_29' title="bbox 1889 1435 3436 1505; baseline 0 -16"><span class='ocrx_word' id='word_1_198' title='bbox 1889 1448 2032 1505; x_wconf 91' lang='lat' dir='ltr'><strong>ptem</strong></span> <span class='ocrx_word' id='word_1_199' title='bbox 2055 1437 2279 1490; x_wconf 84' lang='lat' dir='ltr'><strong>canonis</strong></span> <span class='ocrx_word' id='word_1_200' title='bbox 2309 1436 2578 1504; x_wconf 89' lang='lat' dir='ltr'><strong>descripta</strong></span> <span class='ocrx_word' id='word_1_201' title='bbox 2629 1443 2752 1499; x_wconf 88' lang='lat' dir='ltr'><strong>est;</strong></span> <span class='ocrx_word' id='word_1_202' title='bbox 2796 1443 2988 1504; x_wconf 83' lang='lat' dir='ltr'><strong>quarta</strong></span> <span class='ocrx_word' id='word_1_203' title='bbox 3038 1435 3246 1489; x_wconf 88' lang='lat' dir='ltr'><strong>decima</strong></span> <span class='ocrx_word' id='word_1_204' title='bbox 3305 1453 3436 1491; x_wconf 87' lang='lat' dir='ltr'><strong>vero</strong></span> 
     </span>
    </p>
   </div>
   <div class='ocr_carea' id='block_1_30' title="bbox 1890 1523 3437 1594">
    <p class='ocr_par' dir='ltr' id='par_1_30' title="bbox 1890 1523 3437 1594">
     <span class='ocr_line' id='line_1_30' title="bbox 1890 1523 3437 1594; baseline -0.001 -16"><span class='ocrx_word' id='word_1_205' title='bbox 1890 1526 2046 1594; x_wconf 87' lang='lat' dir='ltr'><strong>primi</strong></span> <span class='ocrx_word' id='word_1_206' title='bbox 2086 1524 2288 1578; x_wconf 90' lang='lat' dir='ltr'><strong>mensis</strong></span> <span class='ocrx_word' id='word_1_207' title='bbox 2326 1523 2536 1577; x_wconf 85' lang='lat' dir='ltr'><strong>Judaici</strong></span> <span class='ocrx_word' id='word_1_208' title='bbox 2577 1524 2642 1575; x_wconf 91' lang='lat' dir='ltr'><strong>ad</strong></span> <span class='ocrx_word' id='word_1_209' title='bbox 2686 1524 2929 1576; x_wconf 78' lang='lat' dir='ltr'><strong>dextram</strong></span> <span class='ocrx_word' id='word_1_210' title='bbox 2956 1562 2969 1584; x_wconf 94' lang='lat'><strong>,</strong></span> <span class='ocrx_word' id='word_1_211' title='bbox 3030 1538 3197 1591; x_wconf 84' lang='lat' dir='ltr'><strong>prope</strong></span> <span class='ocrx_word' id='word_1_212' title='bbox 3240 1523 3437 1577; x_wconf 84' lang='lat' dir='ltr'><strong>inscri-</strong></span> 
     </span>
    </p>
   </div>
   <div class='ocr_carea' id='block_1_31' title="bbox 1891 1613 3434 1686">
    <p class='ocr_par' dir='ltr' id='par_1_31' title="bbox 1891 1613 3434 1686">
     <span class='ocr_line' id='line_1_31' title="bbox 1891 1613 3434 1686; baseline -0.001 -19"><span class='ocrx_word' id='word_1_213' title='bbox 1891 1626 2034 1686; x_wconf 85' lang='lat' dir='ltr'><strong>ptam</strong></span> <span class='ocrx_word' id='word_1_214' title='bbox 2062 1617 2115 1667; x_wconf 90' lang='lat' dir='ltr'><strong>in</strong></span> <span class='ocrx_word' id='word_1_215' title='bbox 2140 1615 2318 1667; x_wconf 90' lang='lat' dir='ltr'><strong>medio</strong></span> <span class='ocrx_word' id='word_1_216' title='bbox 2349 1623 2543 1667; x_wconf 89' lang='lat' dir='ltr'><strong>rotam.</strong></span> <span class='ocrx_word' id='word_1_217' title='bbox 2570 1614 2699 1668; x_wconf 87' lang='lat' dir='ltr'><strong>Post</strong></span> <span class='ocrx_word' id='word_1_218' title='bbox 2724 1615 2861 1667; x_wconf 88' lang='lat' dir='ltr'><strong>hanc</strong></span> <span class='ocrx_word' id='word_1_219' title='bbox 2886 1614 3065 1668; x_wconf 88' lang='lat' dir='ltr'><strong>statim</strong></span> <span class='ocrx_word' id='word_1_220' title='bbox 3090 1615 3155 1666; x_wconf 88' lang='lat' dir='ltr'><strong>ad</strong></span> <span class='ocrx_word' id='word_1_221' title='bbox 3190 1613 3434 1667; x_wconf 72' lang='lat' dir='ltr'><strong>dextram</strong></span> 
     </span>
    </p>
   </div>
   <div class='ocr_carea' id='block_1_32' title="bbox 1890 1703 3516 1776">
    <p class='ocr_par' dir='ltr' id='par_1_32' title="bbox 1890 1703 3516 1776">
     <span class='ocr_line' id='line_1_32' title="bbox 1890 1703 3516 1776; baseline -0.002 -17"><span class='ocrx_word' id='word_1_222' title='bbox 1890 1706 2061 1776; x_wconf 81' lang='lat' dir='ltr'><strong>magis</strong></span> <span class='ocrx_word' id='word_1_223' title='bbox 2101 1703 2310 1759; x_wconf 85' lang='lat' dir='ltr'><strong>accedit</strong></span> <span class='ocrx_word' id='word_1_224' title='bbox 2342 1704 2452 1769; x_wconf 88' lang='lat' dir='ltr'><strong>illa,</strong></span> <span class='ocrx_word' id='word_1_225' title='bbox 2484 1719 2644 1772; x_wconf 88' lang='lat' dir='ltr'><strong>quam</strong></span> <span class='ocrx_word' id='word_1_226' title='bbox 2678 1705 2935 1770; x_wconf 82' lang='lat' dir='ltr'><strong>diximus,</strong></span> <span class='ocrx_word' id='word_1_227' title='bbox 2965 1704 3172 1757; x_wconf 89' lang='lat' dir='ltr'><strong>decima</strong></span> <span class='ocrx_word' id='word_1_228' title='bbox 3200 1704 3316 1758; x_wconf 88' lang='lat' dir='ltr'><strong>dies</strong></span> <span class='ocrx_word' id='word_1_229' title='bbox 3348 1719 3435 1757; x_wconf 84' lang='lat' dir='ltr'><strong>se-</strong></span> <span class='ocrx_word' id='word_1_230' title='bbox 3511 1741 3516 1749; x_wconf 85' lang='lat'><strong>.</strong></span> 
     </span>
    </p>
   </div>
   <div class='ocr_carea' id='block_1_33' title="bbox 1889 1793 3437 1868">
    <p class='ocr_par' dir='ltr' id='par_1_33' title="bbox 1889 1793 3437 1868">
     <span class='ocr_line' id='line_1_33' title="bbox 1889 1793 3437 1868; baseline -0.004 -17"><span class='ocrx_word' id='word_1_231' title='bbox 1889 1799 2042 1868; x_wconf 90' lang='lat' dir='ltr'><strong>ptimi</strong></span> <span class='ocrx_word' id='word_1_232' title='bbox 2070 1796 2298 1859; x_wconf 87' lang='lat' dir='ltr'><strong>mensis,</strong></span> <span class='ocrx_word' id='word_1_233' title='bbox 2332 1794 2466 1849; x_wconf 86' lang='lat' dir='ltr'><strong>adeo</strong></span> <span class='ocrx_word' id='word_1_234' title='bbox 2500 1802 2560 1847; x_wconf 89' lang='lat' dir='ltr'><strong>ut</strong></span> <span class='ocrx_word' id='word_1_235' title='bbox 2601 1794 2738 1847; x_wconf 84' lang='lat' dir='ltr'><strong>nihil</strong></span> <span class='ocrx_word' id='word_1_236' title='bbox 2764 1809 2795 1846; x_wconf 73' lang='grc' dir='ltr'><strong>ε</strong></span> <span class='ocrx_word' id='word_1_237' title='bbox 2821 1796 3045 1850; x_wconf 85' lang='lat' dir='ltr'><strong>sinistra</strong></span> <span class='ocrx_word' id='word_1_238' title='bbox 3078 1801 3271 1863; x_wconf 60' lang='lat' dir='ltr'><strong>prater</strong></span> <span class='ocrx_word' id='word_1_239' title='bbox 3294 1793 3437 1862; x_wconf 84' lang='lat' dir='ltr'><strong>jeju-</strong></span> 
     </span>
    </p>
   </div>
   <div class='ocr_carea' id='block_1_34' title="bbox 229 1871 1815 1955">
    <p class='ocr_par' dir='ltr' id='par_1_34' title="bbox 229 1883 1792 1955">
     <span class='ocr_line' id='line_1_34' title="bbox 229 1883 1792 1955; baseline 0 -20"><span class='ocrx_word' id='word_1_240' title='bbox 229 1885 441 1955; x_wconf 78' lang='grc' dir='ltr'>ταύτην</span> <span class='ocrx_word' id='word_1_241' title='bbox 506 1885 664 1948; x_wconf 78' lang='grc' dir='ltr'>εὐθὺς</span> <span class='ocrx_word' id='word_1_242' title='bbox 724 1884 1037 1953; x_wconf 64' lang='grc' dir='ltr'>δεξιώτερον</span> <span class='ocrx_word' id='word_1_243' title='bbox 1097 1885 1128 1951; x_wconf 84' lang='grc' dir='ltr'>ἠ</span> <span class='ocrx_word' id='word_1_244' title='bbox 1193 1884 1439 1952; x_wconf 75' lang='grc' dir='ltr'>λεχθεῖσα</span> <span class='ocrx_word' id='word_1_245' title='bbox 1469 1884 1661 1951; x_wconf 65' lang='grc' dir='ltr'>δεκάτη</span> <span class='ocrx_word' id='word_1_246' title='bbox 1698 1883 1792 1935; x_wconf 81' lang='grc' dir='ltr'>τοῦ</span> 
     </span>
    </p>
   </div>
   <div class='ocr_carea' id='block_1_35' title="bbox 1887 1871 3438 1955">
    <p class='ocr_par' dir='ltr' id='par_1_35' title="bbox 1896 1885 3438 1954">
     <span class='ocr_line' id='line_1_35' title="bbox 1896 1885 3438 1954; baseline -0.003 -11"><span class='ocrx_word' id='word_1_247' title='bbox 1896 1890 2107 1943; x_wconf 76' lang='lat' dir='ltr'><strong>nierum</strong></span> <span class='ocrx_word' id='word_1_248' title='bbox 2151 1888 2431 1941; x_wconf 89' lang='lat' dir='ltr'><strong>introitum</strong></span> <span class='ocrx_word' id='word_1_249' title='bbox 2471 1885 2800 1954; x_wconf 84' lang='lat' dir='ltr'><strong>descriptum</strong></span> <span class='ocrx_word' id='word_1_250' title='bbox 2840 1886 3128 1948; x_wconf 86' lang='lat' dir='ltr'><strong>habeatur;</strong></span> <span class='ocrx_word' id='word_1_251' title='bbox 3170 1900 3201 1937; x_wconf 87' lang='lat' dir='ltr'><strong>a</strong></span> <span class='ocrx_word' id='word_1_252' title='bbox 3246 1888 3438 1939; x_wconf 73' lang='lat' dir='ltr'><strong>dextra</strong></span> 
     </span>
    </p>
   </div>
   <div class='ocr_carea' id='block_1_36' title="bbox 234 1966 1788 2044">
    <p class='ocr_par' dir='ltr' id='par_1_36' title="bbox 234 1966 1788 2044">
     <span class='ocr_line' id='line_1_36' title="bbox 234 1966 1788 2044; baseline -0.001 -19"><span class='ocrx_word' id='word_1_253' title='bbox 234 1973 465 2043; x_wconf 71' lang='grc' dir='ltr'>ἑϐδόμου</span> <span class='ocrx_word' id='word_1_254' title='bbox 504 1975 700 2044; x_wconf 82' lang='grc' dir='ltr'>μηνός·</span> <span class='ocrx_word' id='word_1_255' title='bbox 748 1974 821 2035; x_wconf 70' lang='grc' dir='ltr'><strong>ὡς</strong></span> <span class='ocrx_word' id='word_1_256' title='bbox 856 1970 989 2025; x_wconf 73' lang='grc' dir='ltr'>εἶναι</span> <span class='ocrx_word' id='word_1_257' title='bbox 1037 1972 1199 2040; x_wconf 74' lang='grc' dir='ltr'>μόνην</span> <span class='ocrx_word' id='word_1_258' title='bbox 1251 1974 1307 2037; x_wconf 74' lang='grc' dir='ltr'><strong>ἐξ</strong></span> <span class='ocrx_word' id='word_1_259' title='bbox 1350 1973 1648 2042; x_wconf 51' lang='grc' dir='ltr'>ἀριστειῶν</span> <span class='ocrx_word' id='word_1_260' title='bbox 1679 1966 1788 2041; x_wconf 78' lang='grc' dir='ltr'>’τὴν</span> 
     </span>
    </p>
   </div>
   <div class='ocr_carea' id='block_1_37' title="bbox 229 2063 1791 2133">
    <p class='ocr_par' dir='ltr' id='par_1_37' title="bbox 229 2063 1791 2133">
     <span class='ocr_line' id='line_1_37' title="bbox 229 2063 1791 2133; baseline -0.002 -17"><span class='ocrx_word' id='word_1_261' title='bbox 229 2067 338 2133; x_wconf 79' lang='grc' dir='ltr'><strong>τῆς</strong></span> <span class='ocrx_word' id='word_1_262' title='bbox 368 2064 772 2133; x_wconf 75' lang='grc' dir='ltr'>παρεισὸἁσεως</span> <span class='ocrx_word' id='word_1_263' title='bbox 812 2064 1145 2132; x_wconf 59' lang='grc' dir='ltr'>διαγραφὴν·</span> <span class='ocrx_word' id='word_1_264' title='bbox 1185 2065 1248 2115; x_wconf 76' lang='grc' dir='ltr'><strong>ἐκ</strong></span> <span class='ocrx_word' id='word_1_265' title='bbox 1295 2063 1482 2126; x_wconf 76' lang='grc' dir='ltr'>δεξιῶν</span> <span class='ocrx_word' id='word_1_266' title='bbox 1518 2080 1569 2114; x_wconf 61' lang='lat' dir='ltr'><strong>et</strong></span> <span class='ocrx_word' id='word_1_267' title='bbox 1615 2066 1791 2130; x_wconf 74' lang='grc' dir='ltr'>ἀμφο-</span> 
     </span>
    </p>
   </div>
   <div class='ocr_carea' id='block_1_38' title="bbox 230 2151 1786 2225">
    <p class='ocr_par' dir='ltr' id='par_1_38' title="bbox 230 2151 1786 2225">
     <span class='ocr_line' id='line_1_38' title="bbox 230 2151 1786 2225; baseline 0 -22"><span class='ocrx_word' id='word_1_268' title='bbox 230 2153 410 2222; x_wconf 79' lang='grc' dir='ltr'>τέρων</span> <span class='ocrx_word' id='word_1_269' title='bbox 465 2154 563 2224; x_wconf 83' lang='grc' dir='ltr'>τῆς</span> <span class='ocrx_word' id='word_1_270' title='bbox 611 2154 1197 2225; x_wconf 79' lang='grc' dir='ltr'>τεσσαρεσκαιδεκάτης</span> <span class='ocrx_word' id='word_1_271' title='bbox 1246 2155 1386 2222; x_wconf 70' lang='grc' dir='ltr'>φημὶ</span> <span class='ocrx_word' id='word_1_272' title='bbox 1434 2151 1528 2204; x_wconf 81' lang='grc' dir='ltr'>τοῦ</span> <span class='ocrx_word' id='word_1_273' title='bbox 1573 2153 1786 2223; x_wconf 73' lang='grc' dir='ltr'>πρώτου</span> 
     </span>
    </p>
   </div>
   <div class='ocr_carea' id='block_1_39' title="bbox 1896 1974 3437 2045">
    <p class='ocr_par' dir='ltr' id='par_1_39' title="bbox 1896 1974 3437 2045">
     <span class='ocr_line' id='line_1_39' title="bbox 1896 1974 3437 2045; baseline -0.003 -16"><span class='ocrx_word' id='word_1_274' title='bbox 1896 1991 2025 2029; x_wconf 86' lang='lat' dir='ltr'><strong>vero</strong></span> <span class='ocrx_word' id='word_1_275' title='bbox 2068 1984 2221 2045; x_wconf 89' lang='lat' dir='ltr'><strong>parte</strong></span> <span class='ocrx_word' id='word_1_276' title='bbox 2250 1984 2539 2042; x_wconf 85' lang='lat' dir='ltr'><strong>utrumque</strong></span> <span class='ocrx_word' id='word_1_277' title='bbox 2582 1974 2673 2035; x_wconf 90' lang='lat' dir='ltr'><strong>sit,</strong></span> <span class='ocrx_word' id='word_1_278' title='bbox 2709 1983 2900 2042; x_wconf 86' lang='lat' dir='ltr'><strong>quarta</strong></span> <span class='ocrx_word' id='word_1_279' title='bbox 2941 1974 3149 2026; x_wconf 78' lang='lat' dir='ltr'><strong>decima</strong></span> <span class='ocrx_word' id='word_1_280' title='bbox 3182 1974 3437 2026; x_wconf 87' lang='lat' dir='ltr'><strong>nimirmn</strong></span> 
     </span>
    </p>
   </div>
   <div class='ocr_carea' id='block_1_40' title="bbox 1893 2054 3489 2133">
    <p class='ocr_par' dir='ltr' id='par_1_40' title="bbox 1893 2054 3489 2133">
     <span class='ocr_line' id='line_1_40' title="bbox 1893 2054 3489 2133; baseline 0 -18"><span class='ocrx_word' id='word_1_281' title='bbox 1893 2064 2052 2133; x_wconf 75' lang='lat' dir='ltr'><strong>primi</strong></span> <span class='ocrx_word' id='word_1_282' title='bbox 2082 2064 2283 2117; x_wconf 87' lang='lat' dir='ltr'><strong>mensis</strong></span> <span class='ocrx_word' id='word_1_283' title='bbox 2315 2070 2369 2115; x_wconf 90' lang='lat' dir='ltr'><strong>et</strong></span> <span class='ocrx_word' id='word_1_284' title='bbox 2406 2054 2612 2116; x_wconf 80' lang='lat' dir='ltr'><strong>decima</strong></span> <span class='ocrx_word' id='word_1_285' title='bbox 2655 2063 2888 2132; x_wconf 88' lang='lat' dir='ltr'><strong>septimi.</strong></span> <span class='ocrx_word' id='word_1_286' title='bbox 2917 2060 3104 2115; x_wconf 86' lang='lat' dir='ltr'><strong>Totius</strong></span> <span class='ocrx_word' id='word_1_287' title='bbox 3134 2069 3313 2115; x_wconf 87' lang='lat' dir='ltr'><strong>autem</strong></span> <span class='ocrx_word' id='word_1_288' title='bbox 3343 2060 3437 2114; x_wconf 89' lang='lat' dir='ltr'><strong>de-</strong></span> <span class='ocrx_word' id='word_1_289' title='bbox 3488 2112 3489 2115; x_wconf 44' lang='grc' dir='ltr'><strong>η</strong></span> 
     </span>
    </p>
   </div>
   <div class='ocr_carea' id='block_1_41' title="bbox 1894 2155 2928 2224">
    <p class='ocr_par' dir='ltr' id='par_1_41' title="bbox 1894 2155 2928 2224">
     <span class='ocr_line' id='line_1_41' title="bbox 1894 2155 2928 2224; baseline 0.003 -16"><span class='ocrx_word' id='word_1_290' title='bbox 1894 2155 2208 2224; x_wconf 83' lang='lat' dir='ltr'><strong>scriptionis</strong></span> <span class='ocrx_word' id='word_1_291' title='bbox 2238 2155 2385 2208; x_wconf 86' lang='lat' dir='ltr'><strong>illius</strong></span> <span class='ocrx_word' id='word_1_292' title='bbox 2418 2155 2499 2209; x_wconf 88' lang='lat' dir='ltr'><strong>vis</strong></span> <span class='ocrx_word' id='word_1_293' title='bbox 2531 2164 2613 2209; x_wconf 90' lang='lat' dir='ltr'><strong>est</strong></span> <span class='ocrx_word' id='word_1_294' title='bbox 2639 2156 2928 2224; x_wconf 87' lang='lat' dir='ltr'><strong>ejusmodi.</strong></span> 
     </span>
    </p>
   </div>
   <div class='ocr_carea' id='block_1_42' title="bbox 238 2238 3435 2318">
    <p class='ocr_par' dir='ltr' id='par_1_42' title="bbox 238 2238 3435 2318">
     <span class='ocr_line' id='line_1_42' title="bbox 238 2238 3435 2318; baseline -0 -21"><span class='ocrx_word' id='word_1_295' title='bbox 238 2246 409 2316; x_wconf 79' lang='grc' dir='ltr'>μηνὸς</span> <span class='ocrx_word' id='word_1_296' title='bbox 441 2246 531 2298; x_wconf 77' lang='grc' dir='ltr'>καὶ</span> <span class='ocrx_word' id='word_1_297' title='bbox 575 2246 673 2315; x_wconf 82' lang='grc' dir='ltr'>τῆς</span> <span class='ocrx_word' id='word_1_298' title='bbox 712 2238 939 2313; x_wconf 79' lang='grc' dir='ltr'>δεκάτης</span> <span class='ocrx_word' id='word_1_299' title='bbox 980 2242 1072 2295; x_wconf 76' lang='grc' dir='ltr'>τοῦ</span> <span class='ocrx_word' id='word_1_300' title='bbox 1128 2242 1349 2311; x_wconf 44' lang='lat' dir='ltr'><strong>title-iam)</strong></span> <span class='ocrx_word' id='word_1_301' title='bbox 1400 2242 1583 2313; x_wconf 37' lang='grc' dir='ltr'>μηνός»</span> <span class='ocrx_word' id='word_1_302' title='bbox 1632 2242 1751 2293; x_wconf 82' lang='grc' dir='ltr'>Τῶν</span> <span class='ocrx_word' id='word_1_303' title='bbox 1787 2241 1843 2294; x_wconf 77' lang='grc' dir='ltr'>δὲ</span> <span class='ocrx_word' id='word_1_304' title='bbox 1879 2243 2471 2314; x_wconf 56' lang='grc' dir='ltr'>διαγεγραμμένωνλεν</span> <span class='ocrx_word' id='word_1_305' title='bbox 2523 2243 2662 2308; x_wconf 82' lang='grc' dir='ltr'>ὅλοις</span> <span class='ocrx_word' id='word_1_306' title='bbox 2693 2246 2727 2314; x_wconf 88' lang='grc' dir='ltr'><strong>ή</strong></span> <span class='ocrx_word' id='word_1_307' title='bbox 2797 2245 3024 2318; x_wconf 81' lang='grc' dir='ltr'>δύναμις</span> <span class='ocrx_word' id='word_1_308' title='bbox 3070 2247 3206 2318; x_wconf 72' lang='grc' dir='ltr'>αὕτη</span> <span class='ocrx_word' id='word_1_309' title='bbox 3272 2243 3435 2298; x_wconf 87' lang='grc' dir='ltr'>καθέ-</span> 
     </span>
    </p>
   </div>
   <div class='ocr_carea' id='block_1_43' title="bbox 232 2347 463 2403">
    <p class='ocr_par' dir='ltr' id='par_1_43' title="bbox 232 2347 463 2403">
     <span class='ocr_line' id='line_1_43' title="bbox 232 2347 463 2403; baseline 0.004 -16"><span class='ocrx_word' id='word_1_310' title='bbox 232 2347 463 2403; x_wconf 77' lang='grc' dir='ltr'>στηκεν.</span> 
     </span>
    </p>
   </div>
   <div class='ocr_carea' id='block_1_44' title="bbox 544 2483 1482 2555">
    <p class='ocr_par' dir='ltr' id='par_1_44' title="bbox 544 2483 1482 2555">
     <span class='ocr_line' id='line_1_44' title="bbox 544 2483 1482 2555; baseline -0.003 -15"><span class='ocrx_word' id='word_1_311' title='bbox 544 2486 638 2552; x_wconf 61' lang='lat' dir='ltr'><strong>TI;-</strong></span> <span class='ocrx_word' id='word_1_312' title='bbox 668 2487 707 2555; x_wconf 76' lang='grc' dir='ltr'>ἡ</span> <span class='ocrx_word' id='word_1_313' title='bbox 738 2485 806 2549; x_wconf 83' lang='grc' dir='ltr'><strong>ἐξ</strong></span> <span class='ocrx_word' id='word_1_314' title='bbox 834 2486 1148 2554; x_wconf 71' lang='grc' dir='ltr'>εὐωνύμων</span> <span class='ocrx_word' id='word_1_315' title='bbox 1175 2483 1482 2554; x_wconf 59' lang='grc' dir='ltr'>διαγραφή.</span> 
     </span>
    </p>
   </div>
   <div class='ocr_carea' id='block_1_45' title="bbox 300 2616 1785 2689">
    <p class='ocr_par' dir='ltr' id='par_1_45' title="bbox 300 2616 1785 2689">
     <span class='ocr_line' id='line_1_45' title="bbox 300 2616 1785 2689; baseline 0 -20"><span class='ocrx_word' id='word_1_316' title='bbox 300 2616 382 2669; x_wconf 83' lang='grc' dir='ltr'><strong>Τ¹.</strong></span> <span class='ocrx_word' id='word_1_317' title='bbox 404 2617 500 2670; x_wconf 81' lang='grc' dir='ltr'>Ἕν</span> <span class='ocrx_word' id='word_1_318' title='bbox 521 2618 617 2687; x_wconf 86' lang='grc' dir='ltr'><strong>μὲν</strong></span> <span class='ocrx_word' id='word_1_319' title='bbox 630 2618 707 2688; x_wconf 83' lang='grc' dir='ltr'>τῷ</span> <span class='ocrx_word' id='word_1_320' title='bbox 720 2619 980 2687; x_wconf 80' lang='grc' dir='ltr'><strong>εὐωνύμῳ</strong></span> <span class='ocrx_word' id='word_1_321' title='bbox 997 2620 1223 2689; x_wconf 85' lang='grc' dir='ltr'>κανονίῳ</span> <span class='ocrx_word' id='word_1_322' title='bbox 1238 2620 1293 2672; x_wconf 79' lang='grc' dir='ltr'>ὲν</span> <span class='ocrx_word' id='word_1_323' title='bbox 1310 2617 1505 2689; x_wconf 83' lang='grc' dir='ltr'>πρώτῳ</span> <span class='ocrx_word' id='word_1_324' title='bbox 1513 2616 1683 2686; x_wconf 76' lang='grc' dir='ltr'>στίχῳ</span> <span class='ocrx_word' id='word_1_325' title='bbox 1698 2618 1785 2669; x_wconf 78' lang='grc' dir='ltr'><strong>αὒ-</strong></span> 
     </span>
    </p>
   </div>
   <div class='ocr_carea' id='block_1_46' title="bbox 234 2694 1780 2778">
    <p class='ocr_par' dir='ltr' id='par_1_46' title="bbox 234 2694 1780 2778">
     <span class='ocr_line' id='line_1_46' title="bbox 234 2694 1780 2778; baseline -0.001 -18"><span class='ocrx_word' id='word_1_326' title='bbox 234 2707 332 2760; x_wconf 77' lang='grc' dir='ltr'><strong>τοῦ</strong></span> <span class='ocrx_word' id='word_1_327' title='bbox 352 2707 525 2777; x_wconf 82' lang='grc' dir='ltr'>ὀρθῶς</span> <span class='ocrx_word' id='word_1_328' title='bbox 539 2694 846 2778; x_wconf 81' lang='grc' dir='ltr'>κάθιέμενοι</span> <span class='ocrx_word' id='word_1_329' title='bbox 867 2711 913 2761; x_wconf 80' lang='grc' dir='ltr'><strong>οἱ</strong></span> <span class='ocrx_word' id='word_1_330' title='bbox 940 2709 1086 2761; x_wconf 78' lang='grc' dir='ltr'>’ἐπτὰ</span> <span class='ocrx_word' id='word_1_331' title='bbox 1107 2708 1387 2778; x_wconf 74' lang='grc' dir='ltr'>ἐμϐόλιμοι</span> <span class='ocrx_word' id='word_1_332' title='bbox 1419 2708 1581 2777; x_wconf 84' lang='grc' dir='ltr'>μῆνές</span> <span class='ocrx_word' id='word_1_333' title='bbox 1614 2710 1748 2759; x_wconf 77' lang='grc' dir='ltr'>εἰσιν</span> <span class='ocrx_word' id='word_1_334' title='bbox 1764 2724 1780 2737; x_wconf 85' lang='grc'><strong>·</strong></span> 
     </span>
    </p>
   </div>
   <div class='ocr_carea' id='block_1_47' title="bbox 235 2797 1784 2869">
    <p class='ocr_par' dir='ltr' id='par_1_47' title="bbox 235 2797 1784 2869">
     <span class='ocr_line' id='line_1_47' title="bbox 235 2797 1784 2869; baseline -0.001 -18"><span class='ocrx_word' id='word_1_335' title='bbox 235 2800 297 2851; x_wconf 82' lang='grc' dir='ltr'>ὲν</span> <span class='ocrx_word' id='word_1_336' title='bbox 328 2799 383 2851; x_wconf 80' lang='grc' dir='ltr'>δὲ</span> <span class='ocrx_word' id='word_1_337' title='bbox 410 2798 488 2868; x_wconf 81' lang='grc' dir='ltr'><strong>τῷ</strong></span> <span class='ocrx_word' id='word_1_338' title='bbox 518 2800 561 2869; x_wconf 84' lang='grc' dir='ltr'><strong>β’</strong></span> <span class='ocrx_word' id='word_1_339' title='bbox 591 2800 755 2869; x_wconf 88' lang='grc' dir='ltr'>στίχῳ</span> <span class='ocrx_word' id='word_1_340' title='bbox 777 2797 929 2851; x_wconf 80' lang='grc' dir='ltr'>τὰίθ⁹</span> <span class='ocrx_word' id='word_1_341' title='bbox 958 2800 1053 2868; x_wconf 79' lang='grc' dir='ltr'><strong>τῆς</strong></span> <span class='ocrx_word' id='word_1_342' title='bbox 1082 2798 1302 2869; x_wconf 85' lang='grc' dir='ltr'>σελήνης</span> <span class='ocrx_word' id='word_1_343' title='bbox 1327 2797 1439 2867; x_wconf 77' lang='grc' dir='ltr'>ἔτη,</span> <span class='ocrx_word' id='word_1_344' title='bbox 1467 2798 1571 2850; x_wconf 84' lang='grc' dir='ltr'>ἀπὸ</span> <span class='ocrx_word' id='word_1_345' title='bbox 1597 2798 1658 2850; x_wconf 83' lang='grc' dir='ltr'>ιθ¹</span> <span class='ocrx_word' id='word_1_346' title='bbox 1686 2798 1784 2868; x_wconf 86' lang='grc' dir='ltr'>τὴν</span> 
     </span>
    </p>
   </div>
   <div class='ocr_carea' id='block_1_48' title="bbox 234 2888 1782 2960">
    <p class='ocr_par' dir='ltr' id='par_1_48' title="bbox 234 2888 1782 2960">
     <span class='ocr_line' id='line_1_48' title="bbox 234 2888 1782 2960; baseline -0.001 -19"><span class='ocrx_word' id='word_1_347' title='bbox 234 2889 413 2960; x_wconf 82' lang='grc' dir='ltr'>ἀρχὴν</span> <span class='ocrx_word' id='word_1_348' title='bbox 440 2890 655 2960; x_wconf 76' lang='grc' dir='ltr'>ἔχοντα·</span> <span class='ocrx_word' id='word_1_349' title='bbox 688 2889 783 2942; x_wconf 77' lang='grc' dir='ltr'><strong>καὶ</strong></span> <span class='ocrx_word' id='word_1_350' title='bbox 813 2889 981 2954; x_wconf 79' lang='grc' dir='ltr'>οὕτως</span> <span class='ocrx_word' id='word_1_351' title='bbox 1004 2890 1090 2943; x_wconf 78' lang='grc' dir='ltr'><strong>διὰ</strong></span> <span class='ocrx_word' id='word_1_352' title='bbox 1131 2888 1365 2959; x_wconf 85' lang='grc' dir='ltr'><strong>πρώτου,</strong></span> <span class='ocrx_word' id='word_1_353' title='bbox 1393 2889 1484 2941; x_wconf 78' lang='grc' dir='ltr'><strong>καὶ</strong></span> <span class='ocrx_word' id='word_1_354' title='bbox 1515 2888 1782 2957; x_wconf 84' lang='grc' dir='ltr'>δευτέρου,</span> 
     </span>
    </p>
   </div>
   <div class='ocr_carea' id='block_1_49' title="bbox 234 2978 1781 3050">
    <p class='ocr_par' dir='ltr' id='par_1_49' title="bbox 234 2978 1781 3050">
     <span class='ocr_line' id='line_1_49' title="bbox 234 2978 1781 3050; baseline -0.001 -19"><span class='ocrx_word' id='word_1_355' title='bbox 234 2980 337 3031; x_wconf 77' lang='grc' dir='ltr'>καὶ</span> <span class='ocrx_word' id='word_1_356' title='bbox 373 2980 480 3031; x_wconf 86' lang='grc' dir='ltr'>τῶν</span> <span class='ocrx_word' id='word_1_357' title='bbox 524 2979 757 3050; x_wconf 82' lang='grc' dir='ltr'><strong>καθεξῆς</strong></span> <span class='ocrx_word' id='word_1_358' title='bbox 805 2981 883 3043; x_wconf 83' lang='grc' dir='ltr'><strong>είς</strong></span> <span class='ocrx_word' id='word_1_359' title='bbox 926 2980 986 3032; x_wconf 87' lang='grc' dir='ltr'><strong>τὸ</strong></span> <span class='ocrx_word' id='word_1_360' title='bbox 1025 2978 1478 3033; x_wconf 82' lang='grc' dir='ltr'>ὀκτωκαιδέκατον</span> <span class='ocrx_word' id='word_1_361' title='bbox 1522 2978 1781 3049; x_wconf 78' lang='grc' dir='ltr'>λήγοντα·</span> 
     </span>
    </p>
   </div>
   <div class='ocr_carea' id='block_1_50' title="bbox 237 3069 1809 3141">
    <p class='ocr_par' dir='ltr' id='par_1_50' title="bbox 237 3069 1809 3141">
     <span class='ocr_line' id='line_1_50' title="bbox 237 3069 1809 3141; baseline 0.002 -19"><span class='ocrx_word' id='word_1_362' title='bbox 237 3073 300 3122; x_wconf 78' lang='grc' dir='ltr'>ὲν</span> <span class='ocrx_word' id='word_1_363' title='bbox 320 3069 487 3139; x_wconf 85' lang='grc' dir='ltr'>τρίτῳ</span> <span class='ocrx_word' id='word_1_364' title='bbox 520 3070 686 3141; x_wconf 82' lang='grc' dir='ltr'>στίχῳ</span> <span class='ocrx_word' id='word_1_365' title='bbox 733 3072 787 3124; x_wconf 76' lang='grc' dir='ltr'>αἱ</span> <span class='ocrx_word' id='word_1_366' title='bbox 814 3071 923 3123; x_wconf 85' lang='grc' dir='ltr'><strong>τῶν</strong></span> <span class='ocrx_word' id='word_1_367' title='bbox 969 3071 1065 3140; x_wconf 75' lang='grc' dir='ltr'><strong>τῆς</strong></span> <span class='ocrx_word' id='word_1_368' title='bbox 1088 3070 1311 3141; x_wconf 82' lang='grc' dir='ltr'>σελήνης</span> <span class='ocrx_word' id='word_1_369' title='bbox 1339 3069 1473 3122; x_wconf 78' lang='grc' dir='ltr'>ἐτῶν</span> <span class='ocrx_word' id='word_1_370' title='bbox 1519 3069 1747 3122; x_wconf 79' lang='grc' dir='ltr'>ἐπακταί</span> <span class='ocrx_word' id='word_1_371' title='bbox 1768 3086 1780 3099; x_wconf 96' lang='grc'><strong>·</strong></span> <span class='ocrx_word' id='word_1_372' title='bbox 1808 3118 1809 3125; x_wconf 50' lang='grc' dir='ltr'><strong>η</strong></span> 
     </span>
    </p>
   </div>
   <div class='ocr_carea' id='block_1_51' title="bbox 238 3158 1786 3234">
    <p class='ocr_par' dir='ltr' id='par_1_51' title="bbox 238 3158 1786 3234">
     <span class='ocr_line' id='line_1_51' title="bbox 238 3158 1786 3234; baseline 0.001 -24"><span class='ocrx_word' id='word_1_373' title='bbox 238 3160 301 3211; x_wconf 88' lang='grc' dir='ltr'>ὲν</span> <span class='ocrx_word' id='word_1_374' title='bbox 328 3160 569 3228; x_wconf 82' lang='grc' dir='ltr'>τετάρτῳ</span> <span class='ocrx_word' id='word_1_375' title='bbox 594 3158 767 3234; x_wconf 24' lang='grc' dir='ltr'>,στίχῳ</span> <span class='ocrx_word' id='word_1_376' title='bbox 801 3161 850 3211; x_wconf 82' lang='grc' dir='ltr'>οἱ</span> <span class='ocrx_word' id='word_1_377' title='bbox 892 3160 1186 3229; x_wconf 78' lang='grc' dir='ltr'>Ῥωμαϊκαὶ</span> <span class='ocrx_word' id='word_1_378' title='bbox 1227 3161 1411 3230; x_wconf 84' lang='grc' dir='ltr'>μῆνες,</span> <span class='ocrx_word' id='word_1_379' title='bbox 1470 3160 1786 3230; x_wconf 82' lang='grc' dir='ltr'>Ἱανουάριος</span> 
     </span>
    </p>
   </div>
   <div class='ocr_carea' id='block_1_52' title="bbox 236 3249 1785 3321">
    <p class='ocr_par' dir='ltr' id='par_1_52' title="bbox 236 3249 1785 3321">
     <span class='ocr_line' id='line_1_52' title="bbox 236 3249 1785 3321; baseline 0 -20"><span class='ocrx_word' id='word_1_380' title='bbox 236 3250 337 3301; x_wconf 76' lang='grc' dir='ltr'><strong>καὶ</strong></span> <span class='ocrx_word' id='word_1_381' title='bbox 384 3250 771 3321; x_wconf 62' lang='grc' dir='ltr'><strong>⁴ιῡεόρουάριος·</strong></span> <span class='ocrx_word' id='word_1_382' title='bbox 826 3252 884 3302; x_wconf 78' lang='grc' dir='ltr'><strong>έν</strong></span> <span class='ocrx_word' id='word_1_383' title='bbox 930 3249 1161 3319; x_wconf 79' lang='grc' dir='ltr'>πέμπτῳ</span> <span class='ocrx_word' id='word_1_384' title='bbox 1210 3251 1373 3320; x_wconf 82' lang='grc' dir='ltr'>στίχῳ</span> <span class='ocrx_word' id='word_1_385' title='bbox 1432 3251 1487 3302; x_wconf 67' lang='grc' dir='ltr'>αἱ</span> <span class='ocrx_word' id='word_1_386' title='bbox 1533 3254 1785 3317; x_wconf 84' lang='grc' dir='ltr'>ποσταῖαι</span> 
     </span>
    </p>
   </div>
   <div class='ocr_carea' id='block_1_53' title="bbox 1996 2478 3324 2552">
    <p class='ocr_par' dir='ltr' id='par_1_53' title="bbox 1996 2478 3324 2552">
     <span class='ocr_line' id='line_1_53' title="bbox 1996 2478 3324 2552; baseline 0.008 -23"><span class='ocrx_word' id='word_1_387' title='bbox 1996 2478 2135 2543; x_wconf 81' lang='lat' dir='ltr'><strong>Quid</strong></span> <span class='ocrx_word' id='word_1_388' title='bbox 2163 2478 2261 2530; x_wconf 78' lang='lat' dir='ltr'><strong>sibi</strong></span> <span class='ocrx_word' id='word_1_389' title='bbox 2290 2478 2410 2531; x_wconf 79' lang='lat' dir='ltr'><strong>velit</strong></span> <span class='ocrx_word' id='word_1_390' title='bbox 2436 2478 2631 2532; x_wconf 81' lang='lat' dir='ltr'><strong>tabella</strong></span> <span class='ocrx_word' id='word_1_391' title='bbox 2661 2478 2730 2531; x_wconf 85' lang='lat' dir='ltr'><strong>ad</strong></span> <span class='ocrx_word' id='word_1_392' title='bbox 2755 2482 3027 2535; x_wconf 69' lang='lat' dir='ltr'><strong>sinistram</strong></span> <span class='ocrx_word' id='word_1_393' title='bbox 3051 2483 3324 2552; x_wconf 77' lang='lat' dir='ltr'><strong>inscripta.</strong></span> 
     </span>
    </p>
   </div>
   <div class='ocr_carea' id='block_1_54' title="bbox 1957 2611 3431 2687">
    <p class='ocr_par' dir='ltr' id='par_1_54' title="bbox 1957 2611 3431 2687">
     <span class='ocr_line' id='line_1_54' title="bbox 1957 2611 3431 2687; baseline 0.009 -24"><span class='ocrx_word' id='word_1_394' title='bbox 1957 2611 2040 2663; x_wconf 82' lang='grc' dir='ltr'>ιιι.</span> <span class='ocrx_word' id='word_1_395' title='bbox 2079 2612 2135 2665; x_wconf 85' lang='lat' dir='ltr'><strong>In</strong></span> <span class='ocrx_word' id='word_1_396' title='bbox 2160 2611 2382 2666; x_wconf 91' lang='lat' dir='ltr'><strong>sinistro</strong></span> <span class='ocrx_word' id='word_1_397' title='bbox 2411 2612 2691 2675; x_wconf 90' lang='lat' dir='ltr'><strong>laterculo,</strong></span> <span class='ocrx_word' id='word_1_398' title='bbox 2731 2615 2957 2687; x_wconf 86' lang='lat' dir='ltr'><strong>ejusque</strong></span> <span class='ocrx_word' id='word_1_399' title='bbox 2989 2618 3164 2686; x_wconf 81' lang='lat' dir='ltr'><strong>primo</strong></span> <span class='ocrx_word' id='word_1_400' title='bbox 3191 2634 3351 2676; x_wconf 88' lang='lat' dir='ltr'><strong>versu</strong></span> <span class='ocrx_word' id='word_1_401' title='bbox 3374 2622 3431 2677; x_wconf 90' lang='lat' dir='ltr'><strong>in</strong></span> 
     </span>
    </p>
   </div>
   <div class='ocr_carea' id='block_1_55' title="bbox 1889 2688 3432 2773">
    <p class='ocr_par' dir='ltr' id='par_1_55' title="bbox 1889 2688 3432 2773">
     <span class='ocr_line' id='line_1_55' title="bbox 1889 2688 3432 2773; baseline 0.005 -16"><span class='ocrx_word' id='word_1_402' title='bbox 1889 2703 2153 2758; x_wconf 90' lang='lat' dir='ltr'><strong>directum</strong></span> <span class='ocrx_word' id='word_1_403' title='bbox 2183 2688 2543 2758; x_wconf 82' lang='lat' dir='ltr'><strong>descendente</strong></span> <span class='ocrx_word' id='word_1_404' title='bbox 2591 2714 2796 2773; x_wconf 79' lang='lat' dir='ltr'><strong>septem</strong></span> <span class='ocrx_word' id='word_1_405' title='bbox 2826 2713 2952 2761; x_wconf 83' lang='lat' dir='ltr'><strong>sunt</strong></span> <span class='ocrx_word' id='word_1_406' title='bbox 2977 2708 3250 2762; x_wconf 86' lang='lat' dir='ltr'><strong>embolimi</strong></span> <span class='ocrx_word' id='word_1_407' title='bbox 3279 2725 3432 2765; x_wconf 83' lang='lat' dir='ltr'><strong>men-</strong></span> 
     </span>
    </p>
   </div>
   <div class='ocr_carea' id='block_1_56' title="bbox 1892 2796 3431 2865">
    <p class='ocr_par' dir='ltr' id='par_1_56' title="bbox 1892 2796 3431 2865">
     <span class='ocr_line' id='line_1_56' title="bbox 1892 2796 3431 2865; baseline 0.004 -16"><span class='ocrx_word' id='word_1_408' title='bbox 1892 2811 1998 2850; x_wconf 87' lang='lat' dir='ltr'><strong>ses.</strong></span> <span class='ocrx_word' id='word_1_409' title='bbox 2045 2796 2111 2848; x_wconf 89' lang='lat' dir='ltr'><strong>ln-</strong></span> <span class='ocrx_word' id='word_1_410' title='bbox 2131 2796 2370 2850; x_wconf 82' lang='lat' dir='ltr'><strong>secundo</strong></span> <span class='ocrx_word' id='word_1_411' title='bbox 2414 2811 2596 2859; x_wconf 84' lang='lat' dir='ltr'><strong>versu,</strong></span> <span class='ocrx_word' id='word_1_412' title='bbox 2642 2811 2731 2850; x_wconf 65' lang='grc' dir='ltr'>χιιι</span> <span class='ocrx_word' id='word_1_413' title='bbox 2760 2798 2978 2852; x_wconf 88' lang='lat' dir='ltr'><strong>lunares</strong></span> <span class='ocrx_word' id='word_1_414' title='bbox 3016 2799 3183 2865; x_wconf 86' lang='lat' dir='ltr'><strong>anni;</strong></span> <span class='ocrx_word' id='word_1_415' title='bbox 3214 2800 3371 2856; x_wconf 80' lang='lat' dir='ltr'><strong>initio</strong></span> <span class='ocrx_word' id='word_1_416' title='bbox 3398 2816 3431 2855; x_wconf 86' lang='lat' dir='ltr'><strong>a</strong></span> 
     </span>
    </p>
   </div>
   <div class='ocr_carea' id='block_1_57' title="bbox 1891 2883 3429 2953">
    <p class='ocr_par' dir='ltr' id='par_1_57' title="bbox 1891 2883 3429 2953">
     <span class='ocr_line' id='line_1_57' title="bbox 1891 2883 3429 2953; baseline 0.003 -17"><span class='ocrx_word' id='word_1_417' title='bbox 1891 2898 2032 2937; x_wconf 90' lang='lat' dir='ltr'><strong>nono</strong></span> <span class='ocrx_word' id='word_1_418' title='bbox 2075 2884 2284 2938; x_wconf 86' lang='lat' dir='ltr'><strong>decimo</strong></span> <span class='ocrx_word' id='word_1_419' title='bbox 2318 2883 2459 2936; x_wconf 78' lang='lat' dir='ltr'><strong>iacto</strong></span> <span class='ocrx_word' id='word_1_420' title='bbox 2493 2902 2504 2937; x_wconf 90' lang='lat'><strong>:</strong></span> <span class='ocrx_word' id='word_1_421' title='bbox 2540 2884 2682 2937; x_wconf 90' lang='lat' dir='ltr'><strong>unde</strong></span> <span class='ocrx_word' id='word_1_422' title='bbox 2718 2884 2783 2938; x_wconf 89' lang='lat' dir='ltr'><strong>ad</strong></span> <span class='ocrx_word' id='word_1_423' title='bbox 2824 2886 3077 2953; x_wconf 88' lang='lat' dir='ltr'><strong>primum,</strong></span> <span class='ocrx_word' id='word_1_424' title='bbox 3108 2888 3429 2953; x_wconf 87' lang='lat' dir='ltr'><strong>secundum,</strong></span> 
     </span>
    </p>
   </div>
   <div class='ocr_carea' id='block_1_58' title="bbox 1890 2975 3431 3046">
    <p class='ocr_par' dir='ltr' id='par_1_58' title="bbox 1890 2975 3431 3046">
     <span class='ocr_line' id='line_1_58' title="bbox 1890 2975 3431 3046; baseline 0.005 -19"><span class='ocrx_word' id='word_1_425' title='bbox 1890 2989 1953 3028; x_wconf 88' lang='lat' dir='ltr'><strong>ac</strong></span> <span class='ocrx_word' id='word_1_426' title='bbox 1982 2982 2209 3029; x_wconf 65' lang='lat' dir='ltr'><strong>caeteros</strong></span> <span class='ocrx_word' id='word_1_427' title='bbox 2263 2976 2453 3030; x_wconf 87' lang='lat' dir='ltr'><strong>ordine</strong></span> <span class='ocrx_word' id='word_1_428' title='bbox 2481 2975 2803 3046; x_wconf 80' lang='lat' dir='ltr'><strong>progressus</strong></span> <span class='ocrx_word' id='word_1_429' title='bbox 2846 2978 3047 3033; x_wconf 68' lang='lat' dir='ltr'><strong>desinit</strong></span> <span class='ocrx_word' id='word_1_430' title='bbox 3088 2980 3143 3033; x_wconf 82' lang='lat' dir='ltr'><strong>in</strong></span> <span class='ocrx_word' id='word_1_431' title='bbox 3181 2990 3431 3036; x_wconf 83' lang='lat' dir='ltr'><strong>octavum</strong></span> 
     </span>
    </p>
   </div>
   <div class='ocr_carea' id='block_1_59' title="bbox 1889 3062 3432 3139">
    <p class='ocr_par' dir='ltr' id='par_1_59' title="bbox 1889 3062 3432 3139">
     <span class='ocr_line' id='line_1_59' title="bbox 1889 3062 3432 3139; baseline 0.007 -24"><span class='ocrx_word' id='word_1_432' title='bbox 1889 3062 2195 3127; x_wconf 89' lang='lat' dir='ltr'><strong>decimum;</strong></span> <span class='ocrx_word' id='word_1_433' title='bbox 2229 3063 2388 3117; x_wconf 88' lang='lat' dir='ltr'><strong>tertio</strong></span> <span class='ocrx_word' id='word_1_434' title='bbox 2417 3078 2578 3117; x_wconf 64' lang='lat' dir='ltr'><strong>versu</strong></span> <span class='ocrx_word' id='word_1_435' title='bbox 2610 3064 2877 3119; x_wconf 86' lang='lat' dir='ltr'><strong>lunarium</strong></span> <span class='ocrx_word' id='word_1_436' title='bbox 2925 3082 3191 3122; x_wconf 89' lang='lat' dir='ltr'><strong>annorum</strong></span> <span class='ocrx_word' id='word_1_437' title='bbox 3228 3081 3432 3139; x_wconf 69' lang='lat' dir='ltr'><strong>epacta:</strong></span> 
     </span>
    </p>
   </div>
   <div class='ocr_carea' id='block_1_60' title="bbox 1889 3140 3431 3221">
    <p class='ocr_par' dir='ltr' id='par_1_60' title="bbox 1889 3140 3431 3221">
     <span class='ocr_line' id='line_1_60' title="bbox 1889 3140 3431 3221; baseline 0.006 -15"><span class='ocrx_word' id='word_1_438' title='bbox 1889 3154 2231 3207; x_wconf 87' lang='lat' dir='ltr'><strong>continentur</strong></span> <span class='ocrx_word' id='word_1_439' title='bbox 2248 3140 2268 3219; x_wconf 69' lang='grc' dir='ltr'><em>ξ</em></span> <span class='ocrx_word' id='word_1_440' title='bbox 2305 3161 2520 3221; x_wconf 81' lang='lat' dir='ltr'><strong>quarto,</strong></span> <span class='ocrx_word' id='word_1_441' title='bbox 2554 3151 2782 3206; x_wconf 82' lang='lat' dir='ltr'><strong>Romani</strong></span> <span class='ocrx_word' id='word_1_442' title='bbox 2822 3171 3033 3211; x_wconf 83' lang='lat' dir='ltr'><strong>menses</strong></span> <span class='ocrx_word' id='word_1_443' title='bbox 3067 3157 3195 3221; x_wconf 85' lang='lat' dir='ltr'><strong>duo,</strong></span> <span class='ocrx_word' id='word_1_444' title='bbox 3229 3157 3431 3214; x_wconf 76' lang='lat' dir='ltr'><strong>Janua-</strong></span> 
     </span>
    </p>
   </div>
   <div class='ocr_carea' id='block_1_61' title="bbox 1870 3242 3433 3317">
    <p class='ocr_par' dir='ltr' id='par_1_61' title="bbox 1870 3242 3433 3317">
     <span class='ocr_line' id='line_1_61' title="bbox 1870 3242 3433 3317; baseline 0.005 -22"><span class='ocrx_word' id='word_1_445' title='bbox 1870 3244 2003 3296; x_wconf 69' lang='lat' dir='ltr'><strong>rius</strong></span> <span class='ocrx_word' id='word_1_446' title='bbox 2027 3251 2080 3297; x_wconf 94' lang='lat' dir='ltr'><strong>et</strong></span> <span class='ocrx_word' id='word_1_447' title='bbox 2105 3242 2464 3307; x_wconf 86' lang='lat' dir='ltr'><strong>Februarius;</strong></span> <span class='ocrx_word' id='word_1_448' title='bbox 2510 3246 2735 3313; x_wconf 87' lang='lat' dir='ltr'><strong>quintus</strong></span> <span class='ocrx_word' id='word_1_449' title='bbox 2770 3248 3035 3302; x_wconf 89' lang='lat' dir='ltr'><strong>mensium</strong></span> <span class='ocrx_word' id='word_1_450' title='bbox 3068 3258 3261 3317; x_wconf 87' lang='lat' dir='ltr'><strong>quotas</strong></span> <span class='ocrx_word' id='word_1_451' title='bbox 3284 3254 3433 3306; x_wconf 82' lang='lat' dir='ltr'><strong>exhi-</strong></span> 
     </span>
    </p>
   </div>
   <div class='ocr_carea' id='block_1_62' title="bbox 235 3312 1815 3409">
    <p class='ocr_par' dir='ltr' id='par_1_62' title="bbox 235 3312 1815 3409">
     <span class='ocr_line' id='line_1_62' title="bbox 235 3312 1815 3409; baseline 0.001 -19"><span class='ocrx_word' id='word_1_452' title='bbox 235 3336 427 3403; x_wconf 81' lang='grc' dir='ltr'>αὐτῶν</span> <span class='ocrx_word' id='word_1_453' title='bbox 464 3312 571 3390; x_wconf 63' lang='grc' dir='ltr'><strong>των</strong></span> <span class='ocrx_word' id='word_1_454' title='bbox 622 3312 833 3409; x_wconf 76' lang='grc' dir='ltr'>μηνῶν,</span> <span class='ocrx_word' id='word_1_455' title='bbox 873 3340 951 3402; x_wconf 81' lang='grc' dir='ltr'><strong>είς</strong></span> <span class='ocrx_word' id='word_1_456' title='bbox 992 3312 1058 3400; x_wconf 68' lang='grc' dir='ltr'><strong>άς</strong></span> <span class='ocrx_word' id='word_1_457' title='bbox 1090 3312 1370 3408; x_wconf 64' lang='grc' dir='ltr'>συμϐαίνει</span> <span class='ocrx_word' id='word_1_458' title='bbox 1407 3314 1647 3406; x_wconf 84' lang='grc' dir='ltr'>γίνεσθαι</span> <span class='ocrx_word' id='word_1_459' title='bbox 1688 3328 1815 3409; x_wconf 81' lang='grc' dir='ltr'>τὴν⁴</span> 
     </span>
    </p>
   </div>
   <div class='ocr_carea' id='block_1_63' title="bbox 1887 3312 3430 3409">
    <p class='ocr_par' dir='ltr' id='par_1_63' title="bbox 1887 3312 3430 3406">
     <span class='ocr_line' id='line_1_63' title="bbox 1887 3312 3430 3406; baseline 0.005 -19"><span class='ocrx_word' id='word_1_460' title='bbox 1887 3333 1992 3397; x_wconf 86' lang='lat' dir='ltr'><strong>bet,</strong></span> <span class='ocrx_word' id='word_1_461' title='bbox 2043 3334 2097 3387; x_wconf 91' lang='lat' dir='ltr'><strong>in</strong></span> <span class='ocrx_word' id='word_1_462' title='bbox 2141 3332 2277 3401; x_wconf 79' lang='lat' dir='ltr'><strong>quas</strong></span> <span class='ocrx_word' id='word_1_463' title='bbox 2317 3335 2665 3403; x_wconf 83' lang='lat' dir='ltr'><strong>Carnisprivii</strong></span> <span class='ocrx_word' id='word_1_464' title='bbox 2718 3336 2910 3390; x_wconf 86' lang='lat' dir='ltr'><strong>l&#39;estum</strong></span> <span class='ocrx_word' id='word_1_465' title='bbox 2936 3312 3185 3406; x_wconf 36' lang='lat' dir='ltr'><strong>qincidit;</strong></span> <span class='ocrx_word' id='word_1_466' title='bbox 3238 3350 3430 3395; x_wconf 74' lang='lat' dir='ltr'><strong>sextus</strong></span> 
     </span>
    </p>
   </div>
   <div class='ocr_carea' id='block_1_64' title="bbox 236 3414 1786 3501">
    <p class='ocr_par' dir='ltr' id='par_1_64' title="bbox 236 3414 1786 3501">
     <span class='ocr_line' id='line_1_64' title="bbox 236 3414 1786 3501; baseline -0.003 -15"><span class='ocrx_word' id='word_1_467' title='bbox 236 3429 653 3501; x_wconf 83' lang='grc' dir='ltr'>ἀποκρεώσιμον</span> <span class='ocrx_word' id='word_1_468' title='bbox 689 3414 912 3501; x_wconf 74' lang='grc' dir='ltr'>ἑορτήν·</span> <span class='ocrx_word' id='word_1_469' title='bbox 943 3433 999 3483; x_wconf 82' lang='grc' dir='ltr'>ὲν</span> <span class='ocrx_word' id='word_1_470' title='bbox 1030 3422 1173 3499; x_wconf 74' lang='grc' dir='ltr'>ἕκτῳ</span> <span class='ocrx_word' id='word_1_471' title='bbox 1214 3430 1377 3500; x_wconf 86' lang='grc' dir='ltr'>στίχῳ</span> <span class='ocrx_word' id='word_1_472' title='bbox 1410 3432 1465 3481; x_wconf 77' lang='lat' dir='ltr'><strong>at</strong></span> <span class='ocrx_word' id='word_1_473' title='bbox 1500 3429 1786 3499; x_wconf 74' lang='grc' dir='ltr'>προσθεταὶ</span> 
     </span>
    </p>
   </div>
   <div class='ocr_carea' id='block_1_65' title="bbox 235 3520 1786 3594">
    <p class='ocr_par' dir='ltr' id='par_1_65' title="bbox 235 3520 1786 3594">
     <span class='ocr_line' id='line_1_65' title="bbox 235 3520 1786 3594; baseline -0.001 -21"><span class='ocrx_word' id='word_1_474' title='bbox 235 3522 465 3594; x_wconf 71' lang='grc' dir='ltr'>ἡμέραι,</span> <span class='ocrx_word' id='word_1_475' title='bbox 520 3522 606 3575; x_wconf 82' lang='grc' dir='ltr'><strong>διά</strong></span> <span class='ocrx_word' id='word_1_476' title='bbox 640 3522 862 3594; x_wconf 88' lang='grc' dir='ltr'>σηρικοῦ</span> <span class='ocrx_word' id='word_1_477' title='bbox 901 3522 1298 3594; x_wconf 80' lang='grc' dir='ltr'>γεγραμμέναι.</span> <span class='ocrx_word' id='word_1_478' title='bbox 1340 3522 1449 3575; x_wconf 61' lang='grc' dir='ltr'>Καὶ</span> <span class='ocrx_word' id='word_1_479' title='bbox 1488 3521 1657 3573; x_wconf 80' lang='grc' dir='ltr'>ταῦτα</span> <span class='ocrx_word' id='word_1_480' title='bbox 1688 3520 1786 3589; x_wconf 86' lang='grc' dir='ltr'>μὲν</span> 
     </span>
    </p>
   </div>
   <div class='ocr_carea' id='block_1_66' title="bbox 237 3611 1000 3683">
    <p class='ocr_par' dir='ltr' id='par_1_66' title="bbox 237 3611 1000 3683">
     <span class='ocr_line' id='line_1_66' title="bbox 237 3611 1000 3683; baseline 0.001 -19"><span class='ocrx_word' id='word_1_481' title='bbox 237 3611 305 3676; x_wconf 69' lang='grc' dir='ltr'><strong>ἐξ</strong></span> <span class='ocrx_word' id='word_1_482' title='bbox 326 3611 639 3683; x_wconf 67' lang='grc' dir='ltr'>εὐωνύμων.</span> <span class='ocrx_word' id='word_1_483' title='bbox 994 3658 1000 3665; x_wconf 89' lang='grc'><strong>.</strong></span> 
     </span>
    </p>
   </div>
   <div class='ocr_carea' id='block_1_67' title="bbox 582 3742 1437 3814">
    <p class='ocr_par' dir='ltr' id='par_1_67' title="bbox 582 3742 1437 3814">
     <span class='ocr_line' id='line_1_67' title="bbox 582 3742 1437 3814; baseline -0.004 -14"><span class='ocrx_word' id='word_1_484' title='bbox 582 3747 687 3812; x_wconf 81' lang='grc' dir='ltr'>Τίς</span> <span class='ocrx_word' id='word_1_485' title='bbox 717 3746 755 3813; x_wconf 81' lang='grc' dir='ltr'>ἠ</span> <span class='ocrx_word' id='word_1_486' title='bbox 785 3745 853 3799; x_wconf 77' lang='grc' dir='ltr'>ἐκ</span> <span class='ocrx_word' id='word_1_487' title='bbox 884 3742 1095 3809; x_wconf 72' lang='grc' dir='ltr'>δεξιῶν</span> <span class='ocrx_word' id='word_1_488' title='bbox 1126 3742 1437 3814; x_wconf 67' lang='grc' dir='ltr'>διαγραφή.</span> 
     </span>
    </p>
   </div>
   <div class='ocr_carea' id='block_1_68' title="bbox 313 3852 1787 3925">
    <p class='ocr_par' dir='ltr' id='par_1_68' title="bbox 313 3852 1787 3925">
     <span class='ocr_line' id='line_1_68' title="bbox 313 3852 1787 3925; baseline -0.003 -16"><span class='ocrx_word' id='word_1_489' title='bbox 313 3858 385 3909; x_wconf 86' lang='grc' dir='ltr'><strong>Δ’.</strong></span> <span class='ocrx_word' id='word_1_490' title='bbox 436 3857 529 3909; x_wconf 83' lang='grc' dir='ltr'>Ἐκ</span> <span class='ocrx_word' id='word_1_491' title='bbox 559 3856 740 3922; x_wconf 77' lang='grc' dir='ltr'>δεξιῶν</span> <span class='ocrx_word' id='word_1_492' title='bbox 760 3854 815 3907; x_wconf 84' lang='grc' dir='ltr'>δὲ</span> <span class='ocrx_word' id='word_1_493' title='bbox 844 3857 899 3909; x_wconf 82' lang='grc' dir='ltr'>ὲν</span> <span class='ocrx_word' id='word_1_494' title='bbox 924 3852 1119 3925; x_wconf 86' lang='grc' dir='ltr'>πρώτῳ</span> <span class='ocrx_word' id='word_1_495' title='bbox 1144 3856 1309 3925; x_wconf 86' lang='grc' dir='ltr'>στίχῳ</span> <span class='ocrx_word' id='word_1_496' title='bbox 1332 3853 1402 3907; x_wconf 86' lang='grc' dir='ltr'>τὰ</span> <span class='ocrx_word' id='word_1_497' title='bbox 1428 3854 1687 3924; x_wconf 75' lang='grc' dir='ltr'>εἰρημένα</span> <span class='ocrx_word' id='word_1_498' title='bbox 1723 3853 1787 3906; x_wconf 86' lang='grc' dir='ltr'>ιθ¹</span> 
     </span>
    </p>
   </div>
   <div class='ocr_carea' id='block_1_69' title="bbox 237 3944 1786 4016">
    <p class='ocr_par' dir='ltr' id='par_1_69' title="bbox 237 3944 1786 4016">
     <span class='ocr_line' id='line_1_69' title="bbox 237 3944 1786 4016; baseline -0.003 -16"><span class='ocrx_word' id='word_1_499' title='bbox 237 3946 343 4016; x_wconf 83' lang='grc' dir='ltr'>τῆς</span> <span class='ocrx_word' id='word_1_500' title='bbox 377 3947 597 4016; x_wconf 77' lang='grc' dir='ltr'>σελήνης</span> <span class='ocrx_word' id='word_1_501' title='bbox 620 3945 735 4015; x_wconf 68' lang='grc' dir='ltr'>ἐτη,</span> <span class='ocrx_word' id='word_1_502' title='bbox 756 3946 863 3999; x_wconf 81' lang='grc' dir='ltr'>ἀπὸ</span> <span class='ocrx_word' id='word_1_503' title='bbox 891 3945 1105 4016; x_wconf 84' lang='grc' dir='ltr'>πρώτου</span> <span class='ocrx_word' id='word_1_504' title='bbox 1133 3944 1252 4010; x_wconf 79' lang='grc' dir='ltr'>καθ’</span> <span class='ocrx_word' id='word_1_505' title='bbox 1280 3944 1465 4015; x_wconf 76' lang='grc' dir='ltr'>ειρμὸν</span> <span class='ocrx_word' id='word_1_506' title='bbox 1493 3944 1786 4015; x_wconf 85' lang='grc' dir='ltr'>ἀρχόμενα,</span> 
     </span>
    </p>
   </div>
   <div class='ocr_carea' id='block_1_70' title="bbox 242 4031 1788 4106">
    <p class='ocr_par' dir='ltr' id='par_1_70' title="bbox 242 4031 1788 4106">
     <span class='ocr_line' id='line_1_70' title="bbox 242 4031 1788 4106; baseline -0.003 -17"><span class='ocrx_word' id='word_1_507' title='bbox 242 4037 342 4090; x_wconf 75' lang='grc' dir='ltr'>καὶ</span> <span class='ocrx_word' id='word_1_508' title='bbox 373 4036 461 4088; x_wconf 82' lang='grc' dir='ltr'>διὰ</span> <span class='ocrx_word' id='word_1_509' title='bbox 490 4034 583 4088; x_wconf 84' lang='grc' dir='ltr'>τοῦ</span> <span class='ocrx_word' id='word_1_510' title='bbox 615 4036 885 4106; x_wconf 85' lang='grc' dir='ltr'>δευτέρου,</span> <span class='ocrx_word' id='word_1_511' title='bbox 918 4036 1010 4088; x_wconf 74' lang='grc' dir='ltr'><strong>καὶ</strong></span> <span class='ocrx_word' id='word_1_512' title='bbox 1038 4036 1241 4104; x_wconf 84' lang='grc' dir='ltr'>τρίτου,</span> <span class='ocrx_word' id='word_1_513' title='bbox 1276 4034 1369 4088; x_wconf 80' lang='grc' dir='ltr'>καὶ</span> <span class='ocrx_word' id='word_1_514' title='bbox 1401 4033 1508 4086; x_wconf 84' lang='grc' dir='ltr'>τῶν</span> <span class='ocrx_word' id='word_1_515' title='bbox 1554 4031 1788 4103; x_wconf 79' lang='grc' dir='ltr'>καθεξῆς</span> 
     </span>
    </p>
   </div>
   <div class='ocr_carea' id='block_1_71' title="bbox 241 4124 1789 4196">
    <p class='ocr_par' dir='ltr' id='par_1_71' title="bbox 241 4124 1789 4196">
     <span class='ocr_line' id='line_1_71' title="bbox 241 4124 1789 4196; baseline -0.005 -15"><span class='ocrx_word' id='word_1_516' title='bbox 241 4130 328 4189; x_wconf 77' lang='grc' dir='ltr'><strong>εἰς</strong></span> <span class='ocrx_word' id='word_1_517' title='bbox 348 4127 439 4180; x_wconf 82' lang='grc' dir='ltr'><strong>τὸν</strong></span> <span class='ocrx_word' id='word_1_518' title='bbox 482 4125 547 4178; x_wconf 83' lang='grc' dir='ltr'>ιθ⁹</span> <span class='ocrx_word' id='word_1_519' title='bbox 573 4126 804 4196; x_wconf 85' lang='grc' dir='ltr'>λήγοντα</span> <span class='ocrx_word' id='word_1_520' title='bbox 822 4144 835 4157; x_wconf 91' lang='grc'><strong>·</strong></span> <span class='ocrx_word' id='word_1_521' title='bbox 872 4127 929 4179; x_wconf 83' lang='grc' dir='ltr'>ὲν</span> <span class='ocrx_word' id='word_1_522' title='bbox 956 4126 1188 4195; x_wconf 81' lang='grc' dir='ltr'>δευτέρῳ</span> <span class='ocrx_word' id='word_1_523' title='bbox 1220 4124 1382 4193; x_wconf 81' lang='grc' dir='ltr'>στίχῳ</span> <span class='ocrx_word' id='word_1_524' title='bbox 1411 4125 1459 4175; x_wconf 80' lang='grc' dir='ltr'>οἱ</span> <span class='ocrx_word' id='word_1_525' title='bbox 1498 4124 1789 4192; x_wconf 79' lang='grc' dir='ltr'>Ῥωμαῖκοὶ</span> 
     </span>
    </p>
   </div>
   <div class='ocr_carea' id='block_1_72' title="bbox 244 4213 1789 4290">
    <p class='ocr_par' dir='ltr' id='par_1_72' title="bbox 244 4213 1789 4290">
     <span class='ocr_line' id='line_1_72' title="bbox 244 4213 1789 4290; baseline -0.005 -18"><span class='ocrx_word' id='word_1_526' title='bbox 244 4218 435 4290; x_wconf 82' lang='grc' dir='ltr'>μῆνες,</span> <span class='ocrx_word' id='word_1_527' title='bbox 465 4218 825 4289; x_wconf 80' lang='grc' dir='ltr'>Σεπτέμβριος</span> <span class='ocrx_word' id='word_1_528' title='bbox 853 4218 945 4270; x_wconf 74' lang='grc' dir='ltr'><strong>καὶ</strong></span> <span class='ocrx_word' id='word_1_529' title='bbox 970 4215 1289 4286; x_wconf 72' lang='grc' dir='ltr'>Ὀκτώδριος</span> <span class='ocrx_word' id='word_1_530' title='bbox 1308 4231 1320 4244; x_wconf 90' lang='grc'><strong>·</strong></span> <span class='ocrx_word' id='word_1_531' title='bbox 1356 4217 1414 4267; x_wconf 85' lang='grc' dir='ltr'>ὲν</span> <span class='ocrx_word' id='word_1_532' title='bbox 1438 4214 1602 4285; x_wconf 80' lang='grc' dir='ltr'>τρίτῳ</span> <span class='ocrx_word' id='word_1_533' title='bbox 1625 4213 1789 4283; x_wconf 82' lang='grc' dir='ltr'>στίχῳ</span> 
     </span>
    </p>
   </div>
   <div class='ocr_carea' id='block_1_73' title="bbox 241 4303 1787 4377">
    <p class='ocr_par' dir='ltr' id='par_1_73' title="bbox 241 4303 1787 4377">
     <span class='ocr_line' id='line_1_73' title="bbox 241 4303 1787 4377; baseline -0.005 -15"><span class='ocrx_word' id='word_1_534' title='bbox 241 4312 301 4363; x_wconf 74' lang='grc' dir='ltr'><strong>αἱ</strong></span> <span class='ocrx_word' id='word_1_535' title='bbox 331 4308 531 4361; x_wconf 81' lang='grc' dir='ltr'>τούτων</span> <span class='ocrx_word' id='word_1_536' title='bbox 564 4308 673 4360; x_wconf 86' lang='grc' dir='ltr'><strong>τῶν</strong></span> <span class='ocrx_word' id='word_1_537' title='bbox 726 4306 907 4377; x_wconf 84' lang='grc' dir='ltr'>μηνῶν</span> <span class='ocrx_word' id='word_1_538' title='bbox 955 4309 1225 4369; x_wconf 87' lang='grc' dir='ltr'>ποσταῖαι,</span> <span class='ocrx_word' id='word_1_539' title='bbox 1258 4307 1337 4369; x_wconf 81' lang='grc' dir='ltr'><strong>εἰς</strong></span> <span class='ocrx_word' id='word_1_540' title='bbox 1364 4304 1429 4368; x_wconf 81' lang='grc' dir='ltr'>ἃς</span> <span class='ocrx_word' id='word_1_541' title='bbox 1471 4305 1657 4358; x_wconf 81' lang='grc' dir='ltr'>πίπτει</span> <span class='ocrx_word' id='word_1_542' title='bbox 1694 4303 1787 4356; x_wconf 82' lang='grc' dir='ltr'>τοῦ</span> 
     </span>
    </p>
   </div>
   <div class='ocr_carea' id='block_1_74' title="bbox 242 4395 1791 4467">
    <p class='ocr_par' dir='ltr' id='par_1_74' title="bbox 242 4395 1791 4467">
     <span class='ocr_line' id='line_1_74' title="bbox 242 4395 1791 4467; baseline -0.003 -16"><span class='ocrx_word' id='word_1_543' title='bbox 242 4398 469 4467; x_wconf 76' lang='grc' dir='ltr'>ἑϐδόμου</span> <span class='ocrx_word' id='word_1_544' title='bbox 515 4396 633 4452; x_wconf 86' lang='grc' dir='ltr'>καθ’</span> <span class='ocrx_word' id='word_1_545' title='bbox 675 4397 952 4467; x_wconf 74' lang='grc' dir='ltr'>Ἐϐραίους</span> <span class='ocrx_word' id='word_1_546' title='bbox 990 4395 1160 4465; x_wconf 84' lang='grc' dir='ltr'>μηνὸς</span> <span class='ocrx_word' id='word_1_547' title='bbox 1192 4396 1224 4466; x_wconf 83' lang='grc' dir='ltr'><strong>ή</strong></span> <span class='ocrx_word' id='word_1_548' title='bbox 1270 4396 1464 4465; x_wconf 84' lang='grc' dir='ltr'>δεκάτη</span> <span class='ocrx_word' id='word_1_549' title='bbox 1509 4398 1627 4449; x_wconf 80' lang='grc' dir='ltr'>κατ’</span> <span class='ocrx_word' id='word_1_550' title='bbox 1674 4395 1791 4456; x_wconf 72' lang='grc' dir='ltr'>ἔτος</span> 
     </span>
    </p>
   </div>
   <div class='ocr_carea' id='block_1_75' title="bbox 242 4482 1789 4557">
    <p class='ocr_par' dir='ltr' id='par_1_75' title="bbox 242 4482 1789 4557">
     <span class='ocr_line' id='line_1_75' title="bbox 242 4482 1789 4557; baseline -0.003 -18"><span class='ocrx_word' id='word_1_551' title='bbox 242 4486 471 4540; x_wconf 71' lang='grc' dir='ltr'>ἕκαστον</span> <span class='ocrx_word' id='word_1_552' title='bbox 489 4503 501 4516; x_wconf 93' lang='grc'><strong>·</strong></span> <span class='ocrx_word' id='word_1_553' title='bbox 533 4489 589 4542; x_wconf 85' lang='grc' dir='ltr'>ὲν</span> <span class='ocrx_word' id='word_1_554' title='bbox 612 4486 851 4557; x_wconf 83' lang='grc' dir='ltr'>τετάρτῳ</span> <span class='ocrx_word' id='word_1_555' title='bbox 872 4484 1036 4554; x_wconf 83' lang='grc' dir='ltr'>στίχῳ</span> <span class='ocrx_word' id='word_1_556' title='bbox 1063 4486 1119 4535; x_wconf 80' lang='grc' dir='ltr'>αἱ</span> <span class='ocrx_word' id='word_1_557' title='bbox 1144 4484 1434 4554; x_wconf 75' lang='grc' dir='ltr'>προσθεταὶ</span> <span class='ocrx_word' id='word_1_558' title='bbox 1461 4485 1681 4554; x_wconf 80' lang='grc' dir='ltr'>ἡμέραι,</span> <span class='ocrx_word' id='word_1_559' title='bbox 1703 4482 1789 4535; x_wconf 83' lang='grc' dir='ltr'>διὰ</span> 
     </span>
    </p>
   </div>
   <div class='ocr_carea' id='block_1_76' title="bbox 247 4575 1788 4649">
    <p class='ocr_par' dir='ltr' id='par_1_76' title="bbox 247 4575 1788 4649">
     <span class='ocr_line' id='line_1_76' title="bbox 247 4575 1788 4649; baseline -0.004 -17"><span class='ocrx_word' id='word_1_560' title='bbox 247 4580 475 4649; x_wconf 66' lang='lat' dir='ltr'><strong>anpth</strong></span> <span class='ocrx_word' id='word_1_561' title='bbox 520 4579 932 4649; x_wconf 81' lang='grc' dir='ltr'>γεγραμμέναι·</span> <span class='ocrx_word' id='word_1_562' title='bbox 982 4579 1038 4629; x_wconf 79' lang='grc' dir='ltr'>ἐν</span> <span class='ocrx_word' id='word_1_563' title='bbox 1071 4576 1302 4645; x_wconf 83' lang='grc' dir='ltr'>πέμπτῳ</span> <span class='ocrx_word' id='word_1_564' title='bbox 1349 4576 1512 4645; x_wconf 88' lang='grc' dir='ltr'>στίχῳ</span> <span class='ocrx_word' id='word_1_565' title='bbox 1551 4578 1599 4628; x_wconf 74' lang='grc' dir='ltr'>οἱ</span> <span class='ocrx_word' id='word_1_566' title='bbox 1655 4575 1788 4626; x_wconf 82' lang='grc' dir='ltr'><strong>Ῥω-</strong></span> 
     </span>
    </p>
   </div>
   <div class='ocr_carea' id='block_1_77' title="bbox 1882 3422 3431 3492">
    <p class='ocr_par' dir='ltr' id='par_1_77' title="bbox 1882 3422 3431 3492">
     <span class='ocr_line' id='line_1_77' title="bbox 1882 3422 3431 3492; baseline 0.006 -19"><span class='ocrx_word' id='word_1_567' title='bbox 1882 3436 2073 3475; x_wconf 72' lang='lat' dir='ltr'><strong>versus</strong></span> <span class='ocrx_word' id='word_1_568' title='bbox 2104 3422 2385 3475; x_wconf 82' lang='lat' dir='ltr'><strong>addititios</strong></span> <span class='ocrx_word' id='word_1_569' title='bbox 2425 3423 2563 3485; x_wconf 89' lang='lat' dir='ltr'><strong>dies,</strong></span> <span class='ocrx_word' id='word_1_570' title='bbox 2602 3426 2714 3477; x_wconf 83' lang='lat' dir='ltr'><strong>sive</strong></span> <span class='ocrx_word' id='word_1_571' title='bbox 2748 3426 3021 3492; x_wconf 80' lang='lat' dir='ltr'><strong>regulares</strong></span> <span class='ocrx_word' id='word_1_572' title='bbox 3062 3428 3303 3483; x_wconf 74' lang='lat' dir='ltr'><strong>continet</strong></span> <span class='ocrx_word' id='word_1_573' title='bbox 3344 3443 3431 3483; x_wconf 83' lang='lat' dir='ltr'><strong>se-</strong></span> 
     </span>
    </p>
   </div>
   <div class='ocr_carea' id='block_1_78' title="bbox 1884 3511 3127 3583">
    <p class='ocr_par' dir='ltr' id='par_1_78' title="bbox 1884 3511 3127 3583">
     <span class='ocr_line' id='line_1_78' title="bbox 1884 3511 3127 3583; baseline 0.006 -18"><span class='ocrx_word' id='word_1_574' title='bbox 1884 3512 1998 3567; x_wconf 89' lang='lat' dir='ltr'><strong>rico</strong></span> <span class='ocrx_word' id='word_1_575' title='bbox 2022 3512 2252 3583; x_wconf 79' lang='lat' dir='ltr'><strong>scripto.</strong></span> <span class='ocrx_word' id='word_1_576' title='bbox 2288 3511 2413 3568; x_wconf 68' lang='lat' dir='ltr'><strong>Haec</strong></span> <span class='ocrx_word' id='word_1_577' title='bbox 2430 3516 2502 3568; x_wconf 87' lang='lat' dir='ltr'><strong>ad</strong></span> <span class='ocrx_word' id='word_1_578' title='bbox 2532 3516 2813 3569; x_wconf 84' lang='lat' dir='ltr'><strong>sinistram</strong></span> <span class='ocrx_word' id='word_1_579' title='bbox 2839 3514 3127 3572; x_wconf 84' lang='lat' dir='ltr'><strong>habentur.</strong></span> 
     </span>
    </p>
   </div>
   <div class='ocr_carea' id='block_1_79' title="bbox 1885 3736 3427 3812">
    <p class='ocr_par' dir='ltr' id='par_1_79' title="bbox 1885 3736 3427 3812">
     <span class='ocr_line' id='line_1_79' title="bbox 1885 3736 3427 3812; baseline 0.005 -23"><span class='ocrx_word' id='word_1_580' title='bbox 1885 3736 2023 3803; x_wconf 78' lang='lat' dir='ltr'><strong>Quid</strong></span> <span class='ocrx_word' id='word_1_581' title='bbox 2059 3736 2127 3789; x_wconf 81' lang='lat' dir='ltr'><strong>ad</strong></span> <span class='ocrx_word' id='word_1_582' title='bbox 2151 3737 2391 3792; x_wconf 71' lang='lat' dir='ltr'><strong>dextram</strong></span> <span class='ocrx_word' id='word_1_583' title='bbox 2416 3747 2550 3793; x_wconf 70' lang='lat' dir='ltr'><strong>rotm</strong></span> <span class='ocrx_word' id='word_1_584' title='bbox 2574 3747 2777 3809; x_wconf 86' lang='lat' dir='ltr'><strong>partem</strong></span> <span class='ocrx_word' id='word_1_585' title='bbox 2797 3740 2915 3795; x_wconf 71' lang='lat' dir='ltr'><strong>sita:</strong></span> <span class='ocrx_word' id='word_1_586' title='bbox 2939 3741 3122 3795; x_wconf 74' lang='lat' dir='ltr'><strong>tabula</strong></span> <span class='ocrx_word' id='word_1_587' title='bbox 3144 3742 3281 3812; x_wconf 78' lang='lat' dir='ltr'><strong>signi</strong></span> <span class='ocrx_word' id='word_1_588' title='bbox 3287 3744 3427 3811; x_wconf 73' lang='lat' dir='ltr'><strong>licet.</strong></span> 
     </span>
    </p>
   </div>
   <div class='ocr_carea' id='block_1_80' title="bbox 1920 3845 3428 3922">
    <p class='ocr_par' dir='ltr' id='par_1_80' title="bbox 1920 3845 3428 3922">
     <span class='ocr_line' id='line_1_80' title="bbox 1920 3845 3428 3922; baseline 0.002 -23"><span class='ocrx_word' id='word_1_589' title='bbox 1920 3845 2039 3899; x_wconf 75' lang='grc' dir='ltr'><strong>ιν.</strong></span> <span class='ocrx_word' id='word_1_590' title='bbox 2077 3846 2284 3900; x_wconf 73' lang='lat' dir='ltr'><strong>Dextra:</strong></span> <span class='ocrx_word' id='word_1_591' title='bbox 2321 3847 2517 3901; x_wconf 78' lang='lat' dir='ltr'><strong>tabulze</strong></span> <span class='ocrx_word' id='word_1_592' title='bbox 2550 3849 2762 3917; x_wconf 83' lang='lat' dir='ltr'><strong>primus</strong></span> <span class='ocrx_word' id='word_1_593' title='bbox 2804 3862 2996 3903; x_wconf 85' lang='lat' dir='ltr'><strong>versus</strong></span> <span class='ocrx_word' id='word_1_594' title='bbox 3034 3848 3428 3922; x_wconf 30' lang='lat' dir='ltr'><strong>novem‘decin,</strong></span> 
     </span>
    </p>
   </div>
   <div class='ocr_carea' id='block_1_81' title="bbox 1886 3935 3431 4010">
    <p class='ocr_par' dir='ltr' id='par_1_81' title="bbox 1886 3935 3431 4010">
     <span class='ocr_line' id='line_1_81' title="bbox 1886 3935 3431 4010; baseline 0.002 -22"><span class='ocrx_word' id='word_1_595' title='bbox 1886 3942 1944 3988; x_wconf 90' lang='lat' dir='ltr'><strong>ut</strong></span> <span class='ocrx_word' id='word_1_596' title='bbox 1975 3935 2108 3998; x_wconf 81' lang='lat' dir='ltr'><strong>dixi,</strong></span> <span class='ocrx_word' id='word_1_597' title='bbox 2135 3950 2311 3989; x_wconf 88' lang='lat' dir='ltr'><strong>annus</strong></span> <span class='ocrx_word' id='word_1_598' title='bbox 2333 3935 2473 3990; x_wconf 61' lang='lat' dir='ltr'><strong>lunae</strong></span> <span class='ocrx_word' id='word_1_599' title='bbox 2509 3936 2908 4010; x_wconf 87' lang='lat' dir='ltr'><strong>complectitur,</strong></span> <span class='ocrx_word' id='word_1_600' title='bbox 2950 3937 3044 4006; x_wconf 86' lang='lat' dir='ltr'><strong>qui</strong></span> <span class='ocrx_word' id='word_1_601' title='bbox 3070 3952 3101 3990; x_wconf 87' lang='lat' dir='ltr'><strong>a</strong></span> <span class='ocrx_word' id='word_1_602' title='bbox 3127 3936 3302 4006; x_wconf 87' lang='lat' dir='ltr'><strong>primo</strong></span> <span class='ocrx_word' id='word_1_603' title='bbox 3334 3950 3431 4005; x_wconf 84' lang='lat' dir='ltr'><strong>per</strong></span> 
     </span>
    </p>
   </div>
   <div class='ocr_carea' id='block_1_82' title="bbox 1886 4024 3427 4096">
    <p class='ocr_par' dir='ltr' id='par_1_82' title="bbox 1886 4024 3427 4096">
     <span class='ocr_line' id='line_1_82' title="bbox 1886 4024 3427 4096; baseline 0 -17"><span class='ocrx_word' id='word_1_604' title='bbox 1886 4024 2204 4088; x_wconf 87' lang='lat' dir='ltr'><strong>secundum,</strong></span> <span class='ocrx_word' id='word_1_605' title='bbox 2243 4026 2484 4088; x_wconf 89' lang='lat' dir='ltr'><strong>tertium,</strong></span> <span class='ocrx_word' id='word_1_606' title='bbox 2517 4040 2580 4079; x_wconf 91' lang='lat' dir='ltr'><strong>ac</strong></span> <span class='ocrx_word' id='word_1_607' title='bbox 2613 4027 2853 4095; x_wconf 86' lang='lat' dir='ltr'><strong>reliquos</strong></span> <span class='ocrx_word' id='word_1_608' title='bbox 2886 4026 3077 4081; x_wconf 91' lang='lat' dir='ltr'><strong>ordine</strong></span> <span class='ocrx_word' id='word_1_609' title='bbox 3107 4026 3427 4096; x_wconf 91' lang='lat' dir='ltr'><strong>procedunt,</strong></span> 
     </span>
    </p>
   </div>
   <div class='ocr_carea' id='block_1_83' title="bbox 1885 4114 3442 4187">
    <p class='ocr_par' dir='ltr' id='par_1_83' title="bbox 1885 4114 3442 4187">
     <span class='ocr_line' id='line_1_83' title="bbox 1885 4114 3442 4187; baseline 0 -18"><span class='ocrx_word' id='word_1_610' title='bbox 1885 4124 2046 4187; x_wconf 91' lang='lat' dir='ltr'><strong>atque</strong></span> <span class='ocrx_word' id='word_1_611' title='bbox 2077 4116 2135 4171; x_wconf 89' lang='lat' dir='ltr'><strong>in</strong></span> <span class='ocrx_word' id='word_1_612' title='bbox 2162 4115 2428 4170; x_wconf 88' lang='lat' dir='ltr'><strong>decimum</strong></span> <span class='ocrx_word' id='word_1_613' title='bbox 2454 4130 2655 4169; x_wconf 91' lang='lat' dir='ltr'><strong>nonum</strong></span> <span class='ocrx_word' id='word_1_614' title='bbox 2690 4116 2973 4182; x_wconf 89' lang='lat' dir='ltr'><strong>desinunt;</strong></span> <span class='ocrx_word' id='word_1_615' title='bbox 3009 4114 3278 4171; x_wconf 88' lang='lat' dir='ltr'><strong>secundus</strong></span> <span class='ocrx_word' id='word_1_616' title='bbox 3308 4120 3442 4169; x_wconf 54' lang='lat' dir='ltr'><strong>vers‘</strong></span> 
     </span>
    </p>
   </div>
   <div class='ocr_carea' id='block_1_84' title="bbox 1887 4206 3431 4277">
    <p class='ocr_par' dir='ltr' id='par_1_84' title="bbox 1887 4206 3431 4277">
     <span class='ocr_line' id='line_1_84' title="bbox 1887 4206 3431 4277; baseline 0.001 -17"><span class='ocrx_word' id='word_1_617' title='bbox 1887 4223 1980 4263; x_wconf 89' lang='lat' dir='ltr'><strong>sus</strong></span> <span class='ocrx_word' id='word_1_618' title='bbox 2016 4207 2288 4261; x_wconf 78' lang='lat' dir='ltr'><strong>Romanos</strong></span> <span class='ocrx_word' id='word_1_619' title='bbox 2324 4220 2538 4262; x_wconf 89' lang='lat' dir='ltr'><strong>menses</strong></span> <span class='ocrx_word' id='word_1_620' title='bbox 2579 4207 2741 4262; x_wconf 83' lang='lat' dir='ltr'><strong>habet</strong></span> <span class='ocrx_word' id='word_1_621' title='bbox 2777 4206 3151 4277; x_wconf 85' lang='lat' dir='ltr'><strong>Septembrem</strong></span> <span class='ocrx_word' id='word_1_622' title='bbox 3181 4214 3236 4261; x_wconf 90' lang='lat' dir='ltr'><strong>et</strong></span> <span class='ocrx_word' id='word_1_623' title='bbox 3265 4206 3431 4262; x_wconf 90' lang='lat' dir='ltr'><strong>Octo-</strong></span> 
     </span>
    </p>
   </div>
   <div class='ocr_carea' id='block_1_85' title="bbox 1888 4295 3432 4367">
    <p class='ocr_par' dir='ltr' id='par_1_85' title="bbox 1888 4295 3432 4367">
     <span class='ocr_line' id='line_1_85' title="bbox 1888 4295 3432 4367; baseline 0 -16"><span class='ocrx_word' id='word_1_624' title='bbox 1888 4298 2066 4365; x_wconf 89' lang='lat' dir='ltr'><strong>brem;</strong></span> <span class='ocrx_word' id='word_1_625' title='bbox 2126 4298 2182 4351; x_wconf 90' lang='lat' dir='ltr'><strong>in</strong></span> <span class='ocrx_word' id='word_1_626' title='bbox 2220 4296 2381 4352; x_wconf 88' lang='lat' dir='ltr'><strong>tertio</strong></span> <span class='ocrx_word' id='word_1_627' title='bbox 2413 4298 2530 4352; x_wconf 90' lang='lat' dir='ltr'><strong>dies</strong></span> <span class='ocrx_word' id='word_1_628' title='bbox 2576 4305 2702 4353; x_wconf 90' lang='lat' dir='ltr'><strong>sunt</strong></span> <span class='ocrx_word' id='word_1_629' title='bbox 2746 4295 3034 4362; x_wconf 88' lang='lat' dir='ltr'><strong>mensium,</strong></span> <span class='ocrx_word' id='word_1_630' title='bbox 3074 4297 3129 4351; x_wconf 92' lang='lat' dir='ltr'><strong>in</strong></span> <span class='ocrx_word' id='word_1_631' title='bbox 3162 4312 3297 4367; x_wconf 87' lang='lat' dir='ltr'><strong>quas</strong></span> <span class='ocrx_word' id='word_1_632' title='bbox 3326 4295 3432 4351; x_wconf 86' lang='lat' dir='ltr'><strong>He-</strong></span> 
     </span>
    </p>
   </div>
   <div class='ocr_carea' id='block_1_86' title="bbox 1886 4386 3427 4457">
    <p class='ocr_par' dir='ltr' id='par_1_86' title="bbox 1886 4386 3427 4457">
     <span class='ocr_line' id='line_1_86' title="bbox 1886 4386 3427 4457; baseline -0.003 -15"><span class='ocrx_word' id='word_1_633' title='bbox 1886 4389 2055 4443; x_wconf 89' lang='lat' dir='ltr'><strong>braici</strong></span> <span class='ocrx_word' id='word_1_634' title='bbox 2101 4388 2302 4443; x_wconf 89' lang='lat' dir='ltr'><strong>mensis</strong></span> <span class='ocrx_word' id='word_1_635' title='bbox 2346 4389 2562 4457; x_wconf 89' lang='lat' dir='ltr'><strong>septimi</strong></span> <span class='ocrx_word' id='word_1_636' title='bbox 2595 4388 2802 4441; x_wconf 83' lang='lat' dir='ltr'><strong>decima</strong></span> <span class='ocrx_word' id='word_1_637' title='bbox 2831 4388 3125 4457; x_wconf 87' lang='lat' dir='ltr'><strong>quotannis</strong></span> <span class='ocrx_word' id='word_1_638' title='bbox 3161 4386 3427 4451; x_wconf 86' lang='lat' dir='ltr'><strong>incurrit;</strong></span> 
     </span>
    </p>
   </div>
   <div class='ocr_carea' id='block_1_87' title="bbox 1882 4474 3427 4549">
    <p class='ocr_par' dir='ltr' id='par_1_87' title="bbox 1882 4474 3427 4549">
     <span class='ocr_line' id='line_1_87' title="bbox 1882 4474 3427 4549; baseline -0.002 -18"><span class='ocrx_word' id='word_1_639' title='bbox 1882 4479 1943 4533; x_wconf 86' lang='lat' dir='ltr'><strong>.in</strong></span> <span class='ocrx_word' id='word_1_640' title='bbox 1974 4484 2168 4549; x_wconf 83' lang='lat' dir='ltr'><strong>quarto</strong></span> <span class='ocrx_word' id='word_1_641' title='bbox 2205 4477 2483 4548; x_wconf 75' lang='lat' dir='ltr'><strong>regulares</strong></span> <span class='ocrx_word' id='word_1_642' title='bbox 2526 4476 2701 4533; x_wconf 89' lang='lat' dir='ltr'><strong>serico</strong></span> <span class='ocrx_word' id='word_1_643' title='bbox 2745 4477 2964 4546; x_wconf 90' lang='lat' dir='ltr'><strong>scripti;</strong></span> <span class='ocrx_word' id='word_1_644' title='bbox 3008 4478 3063 4531; x_wconf 91' lang='lat' dir='ltr'><strong>in</strong></span> <span class='ocrx_word' id='word_1_645' title='bbox 3100 4478 3291 4546; x_wconf 91' lang='lat' dir='ltr'><strong>quinto</strong></span> <span class='ocrx_word' id='word_1_646' title='bbox 3320 4474 3427 4529; x_wconf 85' lang='lat' dir='ltr'><strong>Ro-</strong></span> 
     </span>
    </p>
   </div>
   <div class='ocr_carea' id='block_1_88' title="bbox 1888 4554 3430 4634">
    <p class='ocr_par' dir='ltr' id='par_1_88' title="bbox 1888 4554 3430 4634">
     <span class='ocr_line' id='line_1_88' title="bbox 1888 4554 3430 4634; baseline -0.002 -14"><span class='ocrx_word' id='word_1_647' title='bbox 1888 4568 2031 4621; x_wconf 90' lang='lat' dir='ltr'><strong>mani</strong></span> <span class='ocrx_word' id='word_1_648' title='bbox 2062 4554 2273 4621; x_wconf 88' lang='lat' dir='ltr'><strong>menses</strong></span> <span class='ocrx_word' id='word_1_649' title='bbox 2311 4565 2534 4621; x_wconf 80' lang='lat' dir='ltr'><strong>Martius</strong></span> <span class='ocrx_word' id='word_1_650' title='bbox 2560 4572 2612 4619; x_wconf 91' lang='lat' dir='ltr'><strong>et</strong></span> <span class='ocrx_word' id='word_1_651' title='bbox 2650 4564 2886 4634; x_wconf 75' lang='lat' dir='ltr'><strong>Aprilis;</strong></span> <span class='ocrx_word' id='word_1_652' title='bbox 2924 4566 2981 4619; x_wconf 90' lang='lat' dir='ltr'><strong>in</strong></span> <span class='ocrx_word' id='word_1_653' title='bbox 3027 4571 3180 4619; x_wconf 78' lang='lat' dir='ltr'><strong>sexto</strong></span> <span class='ocrx_word' id='word_1_654' title='bbox 3212 4579 3430 4618; x_wconf 90' lang='lat' dir='ltr'><strong>eorum-</strong></span> 
     </span>
    </p>
   </div>
   <div class='ocr_carea' id='block_1_89' title="bbox 248 4652 1815 4743">
    <p class='ocr_par' dir='ltr' id='par_1_89' title="bbox 248 4666 1787 4743">
     <span class='ocr_line' id='line_1_89' title="bbox 248 4666 1787 4743; baseline -0.005 -18"><span class='ocrx_word' id='word_1_655' title='bbox 248 4672 436 4742; x_wconf 75' lang='grc' dir='ltr'>μαῖκοὶ</span> <span class='ocrx_word' id='word_1_656' title='bbox 466 4671 648 4741; x_wconf 85' lang='grc' dir='ltr'>μῆνες,</span> <span class='ocrx_word' id='word_1_657' title='bbox 668 4671 907 4743; x_wconf 83' lang='grc' dir='ltr'>Μάρτιος</span> <span class='ocrx_word' id='word_1_658' title='bbox 930 4668 1023 4721; x_wconf 78' lang='grc' dir='ltr'>καὶ</span> <span class='ocrx_word' id='word_1_659' title='bbox 1055 4667 1323 4737; x_wconf 80' lang='grc' dir='ltr'>Ἀπρίλιος</span> <span class='ocrx_word' id='word_1_660' title='bbox 1340 4685 1353 4697; x_wconf 93' lang='grc'><strong>·</strong></span> <span class='ocrx_word' id='word_1_661' title='bbox 1378 4669 1435 4719; x_wconf 86' lang='grc' dir='ltr'>ὲν</span> <span class='ocrx_word' id='word_1_662' title='bbox 1456 4669 1597 4737; x_wconf 74' lang='grc' dir='ltr'>ἕκτῳ</span> <span class='ocrx_word' id='word_1_663' title='bbox 1622 4666 1787 4737; x_wconf 82' lang='grc' dir='ltr'>στίχῳ</span> 
     </span>
    </p>
   </div>
   <div class='ocr_carea' id='block_1_90' title="bbox 1887 4652 3428 4743">
    <p class='ocr_par' dir='ltr' id='par_1_90' title="bbox 1890 4652 3428 4724">
     <span class='ocr_line' id='line_1_90' title="bbox 1890 4652 3428 4724; baseline -0.001 -15"><span class='ocrx_word' id='word_1_664' title='bbox 1890 4657 2007 4710; x_wconf 90' lang='lat' dir='ltr'><strong>dem</strong></span> <span class='ocrx_word' id='word_1_665' title='bbox 2036 4656 2301 4711; x_wconf 88' lang='lat' dir='ltr'><strong>mensium</strong></span> <span class='ocrx_word' id='word_1_666' title='bbox 2340 4656 2476 4718; x_wconf 87' lang='lat' dir='ltr'><strong>dies,</strong></span> <span class='ocrx_word' id='word_1_667' title='bbox 2511 4655 2708 4723; x_wconf 88' lang='lat' dir='ltr'><strong>quibus</strong></span> <span class='ocrx_word' id='word_1_668' title='bbox 2746 4656 2907 4724; x_wconf 89' lang='lat' dir='ltr'><strong>primi</strong></span> <span class='ocrx_word' id='word_1_669' title='bbox 2947 4654 3151 4708; x_wconf 83' lang='lat' dir='ltr'><strong>mensis</strong></span> <span class='ocrx_word' id='word_1_670' title='bbox 3180 4652 3428 4707; x_wconf 84' lang='lat' dir='ltr'><strong>Hebraici</strong></span> 
     </span>
    </p>
   </div>
   <div class='ocr_carea' id='block_1_91' title="bbox 245 4755 1787 4834">
    <p class='ocr_par' dir='ltr' id='par_1_91' title="bbox 245 4755 1787 4834">
     <span class='ocr_line' id='line_1_91' title="bbox 245 4755 1787 4834; baseline -0.003 -21"><span class='ocrx_word' id='word_1_671' title='bbox 245 4762 305 4814; x_wconf 76' lang='grc' dir='ltr'><strong>αἱ</strong></span> <span class='ocrx_word' id='word_1_672' title='bbox 335 4759 851 4834; x_wconf 10' lang='grc' dir='ltr'>τούτωνὴποσταῐαι,</span> <span class='ocrx_word' id='word_1_673' title='bbox 901 4758 1021 4811; x_wconf 84' lang='grc' dir='ltr'>καθ’</span> <span class='ocrx_word' id='word_1_674' title='bbox 1067 4757 1133 4819; x_wconf 76' lang='grc' dir='ltr'>ἃς</span> <span class='ocrx_word' id='word_1_675' title='bbox 1175 4756 1380 4824; x_wconf 87' lang='grc' dir='ltr'>γίνεται</span> <span class='ocrx_word' id='word_1_676' title='bbox 1425 4756 1519 4808; x_wconf 81' lang='grc' dir='ltr'>τοῦ</span> <span class='ocrx_word' id='word_1_677' title='bbox 1574 4755 1787 4827; x_wconf 84' lang='grc' dir='ltr'>πρώτου</span> 
     </span>
    </p>
   </div>
   <div class='ocr_carea' id='block_1_92' title="bbox 244 4847 1790 4920">
    <p class='ocr_par' dir='ltr' id='par_1_92' title="bbox 244 4847 1790 4920">
     <span class='ocr_line' id='line_1_92' title="bbox 244 4847 1790 4920; baseline -0.002 -16"><span class='ocrx_word' id='word_1_678' title='bbox 244 4850 369 4905; x_wconf 84' lang='grc' dir='ltr'>καθ’</span> <span class='ocrx_word' id='word_1_679' title='bbox 397 4849 672 4920; x_wconf 79' lang='grc' dir='ltr'>Ἐϐραίους</span> <span class='ocrx_word' id='word_1_680' title='bbox 697 4849 861 4919; x_wconf 80' lang='grc' dir='ltr'>μηνὸς</span> <span class='ocrx_word' id='word_1_681' title='bbox 892 4851 926 4919; x_wconf 86' lang='grc' dir='ltr'><strong>ή</strong></span> <span class='ocrx_word' id='word_1_682' title='bbox 957 4847 1510 4918; x_wconf 78' lang='grc' dir='ltr'>τεσσαρεσκαιδεκάτη</span> <span class='ocrx_word' id='word_1_683' title='bbox 1537 4849 1655 4899; x_wconf 79' lang='grc' dir='ltr'>κατ’</span> <span class='ocrx_word' id='word_1_684' title='bbox 1674 4848 1790 4912; x_wconf 74' lang='grc' dir='ltr'>ἔτος</span> 
     </span>
    </p>
   </div>
   <div class='ocr_carea' id='block_1_93' title="bbox 245 4936 1789 5011">
    <p class='ocr_par' dir='ltr' id='par_1_93' title="bbox 245 4936 1789 5011">
     <span class='ocr_line' id='line_1_93' title="bbox 245 4936 1789 5011; baseline -0.004 -16"><span class='ocrx_word' id='word_1_685' title='bbox 245 4943 505 4995; x_wconf 70' lang='grc' dir='ltr'>ἕκαστον·</span> <span class='ocrx_word' id='word_1_686' title='bbox 534 4941 589 4993; x_wconf 76' lang='grc' dir='ltr'>ἐν</span> <span class='ocrx_word' id='word_1_687' title='bbox 621 4939 828 5009; x_wconf 75' lang='grc' dir='ltr'>ἑϐδόμῳ</span> <span class='ocrx_word' id='word_1_688' title='bbox 861 4939 1025 5008; x_wconf 86' lang='grc' dir='ltr'>στίχῳ</span> <span class='ocrx_word' id='word_1_689' title='bbox 1054 4940 1108 4993; x_wconf 77' lang='grc' dir='ltr'>αἱ</span> <span class='ocrx_word' id='word_1_690' title='bbox 1141 4937 1429 5008; x_wconf 70' lang='grc' dir='ltr'>προσθεταὶ</span> <span class='ocrx_word' id='word_1_691' title='bbox 1463 4936 1622 4991; x_wconf 83' lang='grc' dir='ltr'>πάλιν</span> <span class='ocrx_word' id='word_1_692' title='bbox 1655 4938 1789 5011; x_wconf 86' lang='grc' dir='ltr'>ήμέ-</span> 
     </span>
    </p>
   </div>
   <div class='ocr_carea' id='block_1_94' title="bbox 247 5024 1789 5102">
    <p class='ocr_par' dir='ltr' id='par_1_94' title="bbox 247 5024 1789 5102">
     <span class='ocr_line' id='line_1_94' title="bbox 247 5024 1789 5102; baseline -0.002 -20"><span class='ocrx_word' id='word_1_693' title='bbox 247 5046 376 5102; x_wconf 83' lang='grc' dir='ltr'>ραι,</span> <span class='ocrx_word' id='word_1_694' title='bbox 425 5028 884 5100; x_wconf 81' lang='grc' dir='ltr'>διαγεγραμμέναι</span> <span class='ocrx_word' id='word_1_695' title='bbox 931 5027 1037 5081; x_wconf 78' lang='grc' dir='ltr'>ἀπὸ</span> <span class='ocrx_word' id='word_1_696' title='bbox 1079 5026 1324 5097; x_wconf 81' lang='grc' dir='ltr'>σηρικοῦ.</span> <span class='ocrx_word' id='word_1_697' title='bbox 1370 5024 1554 5080; x_wconf 81' lang='grc' dir='ltr'>Ταῦτα</span> <span class='ocrx_word' id='word_1_698' title='bbox 1590 5028 1685 5079; x_wconf 69' lang='grc' dir='ltr'><strong>καὶ</strong></span> <span class='ocrx_word' id='word_1_699' title='bbox 1733 5028 1789 5079; x_wconf 79' lang='grc' dir='ltr'>ὲν</span> 
     </span>
    </p>
   </div>
   <div class='ocr_carea' id='block_1_95' title="bbox 247 5119 593 5185">
    <p class='ocr_par' dir='ltr' id='par_1_95' title="bbox 247 5119 593 5185">
     <span class='ocr_line' id='line_1_95' title="bbox 247 5119 593 5185; baseline 0.003 -13"><span class='ocrx_word' id='word_1_700' title='bbox 247 5123 362 5183; x_wconf 80' lang='grc' dir='ltr'>τοῖς</span> <span class='ocrx_word' id='word_1_701' title='bbox 385 5119 593 5185; x_wconf 79' lang='grc' dir='ltr'>δεξιοῖς.</span> 
     </span>
    </p>
   </div>
   <div class='ocr_carea' id='block_1_96' title="bbox 482 5247 1537 5337">
    <p class='ocr_par' dir='ltr' id='par_1_96' title="bbox 482 5247 1537 5337">
     <span class='ocr_line' id='line_1_96' title="bbox 482 5247 1537 5337; baseline 0.012 -32"><span class='ocrx_word' id='word_1_702' title='bbox 482 5253 575 5318; x_wconf 83' lang='grc' dir='ltr'>Τίς</span> <span class='ocrx_word' id='word_1_703' title='bbox 600 5253 640 5320; x_wconf 76' lang='grc' dir='ltr'><strong><em>ἠ</em></strong></span> <span class='ocrx_word' id='word_1_704' title='bbox 669 5252 773 5306; x_wconf 83' lang='grc' dir='ltr'>τοῦ</span> <span class='ocrx_word' id='word_1_705' title='bbox 792 5251 983 5337; x_wconf 65' lang='grc' dir='ltr'>μέσον</span> <span class='ocrx_word' id='word_1_706' title='bbox 1006 5250 1221 5319; x_wconf 80' lang='grc' dir='ltr'>τροχοῦ</span> <span class='ocrx_word' id='word_1_707' title='bbox 1250 5247 1537 5319; x_wconf 67' lang='grc' dir='ltr'>διαγραφή</span> 
     </span>
    </p>
   </div>
   <div class='ocr_carea' id='block_1_97' title="bbox 322 5375 1789 5456">
    <p class='ocr_par' dir='ltr' id='par_1_97' title="bbox 322 5375 1789 5456">
     <span class='ocr_line' id='line_1_97' title="bbox 322 5375 1789 5456; baseline -0.007 -19"><span class='ocrx_word' id='word_1_708' title='bbox 322 5382 398 5437; x_wconf 84' lang='lat' dir='ltr'><strong>E’.</strong></span> <span class='ocrx_word' id='word_1_709' title='bbox 443 5381 500 5435; x_wconf 80' lang='lat'><strong>&#39;0</strong></span> <span class='ocrx_word' id='word_1_710' title='bbox 521 5382 579 5434; x_wconf 77' lang='grc' dir='ltr'>δὲ</span> <span class='ocrx_word' id='word_1_711' title='bbox 603 5380 803 5456; x_wconf 77' lang='grc' dir='ltr'>τούτων</span> <span class='ocrx_word' id='word_1_712' title='bbox 826 5382 983 5451; x_wconf 81' lang='grc' dir='ltr'>μέσος</span> <span class='ocrx_word' id='word_1_713' title='bbox 1006 5378 1194 5450; x_wconf 83' lang='grc' dir='ltr'>τροχὸς</span> <span class='ocrx_word' id='word_1_714' title='bbox 1219 5378 1311 5430; x_wconf 80' lang='grc' dir='ltr'><strong>τοῦ</strong></span> <span class='ocrx_word' id='word_1_715' title='bbox 1341 5377 1491 5449; x_wconf 78' lang='grc' dir='ltr'>ἡλίου</span> <span class='ocrx_word' id='word_1_716' title='bbox 1524 5375 1789 5447; x_wconf 84' lang='grc' dir='ltr'>καθέστη-</span> 
     </span>
    </p>
   </div>
   <div class='ocr_carea' id='block_1_98' title="bbox 212 5466 1789 5541">
    <p class='ocr_par' dir='ltr' id='par_1_98' title="bbox 212 5466 1789 5541">
     <span class='ocr_line' id='line_1_98' title="bbox 212 5466 1789 5541; baseline -0.007 -13"><span class='ocrx_word' id='word_1_717' title='bbox 212 5475 220 5484; x_wconf 90' lang='grc'><em>’</em></span> <span class='ocrx_word' id='word_1_718' title='bbox 253 5491 370 5536; x_wconf 84' lang='grc' dir='ltr'>κεν,</span> <span class='ocrx_word' id='word_1_719' title='bbox 398 5472 540 5525; x_wconf 67' lang='grc' dir='ltr'>ἔνδον</span> <span class='ocrx_word' id='word_1_720' title='bbox 566 5472 663 5541; x_wconf 77' lang='grc' dir='ltr'>μὲν</span> <span class='ocrx_word' id='word_1_721' title='bbox 693 5470 885 5523; x_wconf 78' lang='grc' dir='ltr'>ἑαυτοῦ</span> <span class='ocrx_word' id='word_1_722' title='bbox 908 5470 976 5522; x_wconf 82' lang='grc' dir='ltr'>τὰ</span> <span class='ocrx_word' id='word_1_723' title='bbox 1006 5468 1143 5521; x_wconf 78' lang='grc' dir='ltr'>ἑπτὰ</span> <span class='ocrx_word' id='word_1_724' title='bbox 1168 5469 1387 5521; x_wconf 88' lang='grc' dir='ltr'>δίσεκτα</span> <span class='ocrx_word' id='word_1_725' title='bbox 1418 5467 1555 5521; x_wconf 87' lang='grc' dir='ltr'>κατὰ</span> <span class='ocrx_word' id='word_1_726' title='bbox 1580 5466 1789 5519; x_wconf 89' lang='grc' dir='ltr'>διαστο-</span> 
     </span>
    </p>
   </div>
   <div class='ocr_carea' id='block_1_99' title="bbox 253 5557 1787 5636">
    <p class='ocr_par' dir='ltr' id='par_1_99' title="bbox 253 5557 1787 5636">
     <span class='ocr_line' id='line_1_99' title="bbox 253 5557 1787 5636; baseline -0.008 -17"><span class='ocrx_word' id='word_1_727' title='bbox 253 5565 353 5636; x_wconf 82' lang='grc' dir='ltr'>λὴν</span> <span class='ocrx_word' id='word_1_728' title='bbox 394 5563 499 5616; x_wconf 81' lang='grc' dir='ltr'>ἀπὸ</span> <span class='ocrx_word' id='word_1_729' title='bbox 564 5560 837 5631; x_wconf 85' lang='grc' dir='ltr'>τεσσάρων</span> <span class='ocrx_word' id='word_1_730' title='bbox 885 5562 964 5621; x_wconf 85' lang='grc' dir='ltr'><strong>είς</strong></span> <span class='ocrx_word' id='word_1_731' title='bbox 1005 5561 1241 5628; x_wconf 87' lang='grc' dir='ltr'>τέσσαρα</span> <span class='ocrx_word' id='word_1_732' title='bbox 1286 5558 1380 5627; x_wconf 71' lang='grc' dir='ltr'>ἐτη</span> <span class='ocrx_word' id='word_1_733' title='bbox 1421 5557 1787 5626; x_wconf 85' lang='grc' dir='ltr'>κεκτημένος·</span> 
     </span>
    </p>
   </div>
   <div class='ocr_carea' id='block_1_100' title="bbox 262 5646 1785 5725">
    <p class='ocr_par' dir='ltr' id='par_1_100' title="bbox 262 5646 1785 5725">
     <span class='ocr_line' id='line_1_100' title="bbox 262 5646 1785 5725; baseline -0.006 -18"><span class='ocrx_word' id='word_1_734' title='bbox 262 5654 397 5725; x_wconf 83' lang='grc' dir='ltr'><strong>μετά</strong></span> <span class='ocrx_word' id='word_1_735' title='bbox 442 5652 495 5705; x_wconf 85' lang='grc' dir='ltr'>δὲ</span> <span class='ocrx_word' id='word_1_736' title='bbox 536 5652 605 5705; x_wconf 75' lang='grc' dir='ltr'>τὰ</span> <span class='ocrx_word' id='word_1_737' title='bbox 644 5651 881 5713; x_wconf 86' lang='grc' dir='ltr'>δίσεκτα,</span> <span class='ocrx_word' id='word_1_738' title='bbox 932 5646 1095 5711; x_wconf 80' lang='grc' dir='ltr'>εὐθὺς</span> <span class='ocrx_word' id='word_1_739' title='bbox 1150 5646 1287 5701; x_wconf 78' lang='grc' dir='ltr'>κατὰ</span> <span class='ocrx_word' id='word_1_740' title='bbox 1332 5647 1544 5717; x_wconf 83' lang='grc' dir='ltr'>πρῶτον</span> <span class='ocrx_word' id='word_1_741' title='bbox 1585 5646 1785 5716; x_wconf 86' lang='grc' dir='ltr'>στίχον,</span> 
     </span>
    </p>
   </div>
   <div class='ocr_carea' id='block_1_101' title="bbox 248 5734 1786 5815">
    <p class='ocr_par' dir='ltr' id='par_1_101' title="bbox 248 5734 1786 5815">
     <span class='ocr_line' id='line_1_101' title="bbox 248 5734 1786 5815; baseline -0.009 -17"><span class='ocrx_word' id='word_1_742' title='bbox 248 5744 420 5815; x_wconf 61' lang='grc' dir='ltr'>ἠγουν</span> <span class='ocrx_word' id='word_1_743' title='bbox 450 5740 661 5805; x_wconf 78' lang='grc' dir='ltr'>κύκλον,</span> <span class='ocrx_word' id='word_1_744' title='bbox 691 5737 757 5793; x_wconf 82' lang='grc' dir='ltr'>τὰ</span> <span class='ocrx_word' id='word_1_745' title='bbox 805 5744 887 5807; x_wconf 82' lang='grc' dir='ltr'>κη’</span> <span class='ocrx_word' id='word_1_746' title='bbox 949 5735 1041 5788; x_wconf 80' lang='grc' dir='ltr'>τοῦ</span> <span class='ocrx_word' id='word_1_747' title='bbox 1080 5736 1227 5806; x_wconf 78' lang='grc' dir='ltr'>ἡλίου</span> <span class='ocrx_word' id='word_1_748' title='bbox 1268 5734 1390 5804; x_wconf 80' lang='grc' dir='ltr'>ἔτη,</span> <span class='ocrx_word' id='word_1_749' title='bbox 1425 5734 1530 5787; x_wconf 80' lang='grc' dir='ltr'>ἀπὸ</span> <span class='ocrx_word' id='word_1_750' title='bbox 1575 5735 1786 5803; x_wconf 84' lang='grc' dir='ltr'>πρώτου</span> 
     </span>
    </p>
   </div>
   <div class='ocr_carea' id='block_1_102' title="bbox 1888 4742 3430 4815">
    <p class='ocr_par' dir='ltr' id='par_1_102' title="bbox 1888 4742 3430 4815">
     <span class='ocr_line' id='line_1_102' title="bbox 1888 4742 3430 4815; baseline -0.003 -16"><span class='ocrx_word' id='word_1_751' title='bbox 1888 4755 2081 4815; x_wconf 86' lang='lat' dir='ltr'><strong>quarta</strong></span> <span class='ocrx_word' id='word_1_752' title='bbox 2111 4746 2318 4801; x_wconf 89' lang='lat' dir='ltr'><strong>decima</strong></span> <span class='ocrx_word' id='word_1_753' title='bbox 2346 4745 2637 4814; x_wconf 89' lang='lat' dir='ltr'><strong>quotannis</strong></span> <span class='ocrx_word' id='word_1_754' title='bbox 2666 4744 2954 4811; x_wconf 87' lang='lat' dir='ltr'><strong>tribuitur;</strong></span> <span class='ocrx_word' id='word_1_755' title='bbox 2986 4742 3245 4813; x_wconf 81' lang='lat' dir='ltr'><strong>septimus</strong></span> <span class='ocrx_word' id='word_1_756' title='bbox 3276 4742 3430 4797; x_wconf 88' lang='lat' dir='ltr'><strong>deni-</strong></span> 
     </span>
    </p>
   </div>
   <div class='ocr_carea' id='block_1_103' title="bbox 1887 4833 3429 4905">
    <p class='ocr_par' dir='ltr' id='par_1_103' title="bbox 1887 4833 3429 4905">
     <span class='ocr_line' id='line_1_103' title="bbox 1887 4833 3429 4905; baseline -0.001 -16"><span class='ocrx_word' id='word_1_757' title='bbox 1887 4850 1991 4905; x_wconf 89' lang='lat' dir='ltr'><strong>que</strong></span> <span class='ocrx_word' id='word_1_758' title='bbox 2038 4850 2226 4890; x_wconf 86' lang='lat' dir='ltr'><strong>versus</strong></span> <span class='ocrx_word' id='word_1_759' title='bbox 2262 4834 2536 4889; x_wconf 88' lang='lat' dir='ltr'><strong>addititios</strong></span> <span class='ocrx_word' id='word_1_760' title='bbox 2584 4834 2721 4898; x_wconf 89' lang='lat' dir='ltr'><strong>dies,</strong></span> <span class='ocrx_word' id='word_1_761' title='bbox 2763 4835 2877 4888; x_wconf 85' lang='lat' dir='ltr'><strong>sive</strong></span> <span class='ocrx_word' id='word_1_762' title='bbox 2906 4833 3181 4902; x_wconf 77' lang='lat' dir='ltr'><strong>regulares</strong></span> <span class='ocrx_word' id='word_1_763' title='bbox 3234 4845 3429 4893; x_wconf 69' lang='lat' dir='ltr'><strong>rimus</strong></span> 
     </span>
    </p>
   </div>
   <div class='ocr_carea' id='block_1_104' title="bbox 1888 4918 3429 4990">
    <p class='ocr_par' dir='ltr' id='par_1_104' title="bbox 1888 4918 3429 4990">
     <span class='ocr_line' id='line_1_104' title="bbox 1888 4918 3429 4990; baseline 0 -16"><span class='ocrx_word' id='word_1_764' title='bbox 1888 4919 2125 4975; x_wconf 89' lang='lat' dir='ltr'><strong>ostendit</strong></span> <span class='ocrx_word' id='word_1_765' title='bbox 2149 4920 2324 4974; x_wconf 91' lang='lat' dir='ltr'><strong>serico</strong></span> <span class='ocrx_word' id='word_1_766' title='bbox 2356 4920 2677 4990; x_wconf 87' lang='lat' dir='ltr'><strong>descriptos.</strong></span> <span class='ocrx_word' id='word_1_767' title='bbox 2707 4918 2831 4975; x_wconf 62' lang='lat' dir='ltr'><strong>Haec</strong></span> <span class='ocrx_word' id='word_1_768' title='bbox 2857 4919 2927 4974; x_wconf 90' lang='lat' dir='ltr'><strong>ad</strong></span> <span class='ocrx_word' id='word_1_769' title='bbox 2955 4919 3202 4975; x_wconf 77' lang='lat' dir='ltr'><strong>dextram</strong></span> <span class='ocrx_word' id='word_1_770' title='bbox 3239 4921 3429 4977; x_wconf 73' lang='lat' dir='ltr'><strong>irier</strong></span> 
     </span>
    </p>
   </div>
   <div class='ocr_carea' id='block_1_105' title="bbox 1890 5007 2614 5078">
    <p class='ocr_par' dir='ltr' id='par_1_105' title="bbox 1890 5007 2614 5078">
     <span class='ocr_line' id='line_1_105' title="bbox 1890 5007 2614 5078; baseline -0.001 -16"><span class='ocrx_word' id='word_1_771' title='bbox 1890 5018 1980 5078; x_wconf 87' lang='lat' dir='ltr'><strong>pta</strong></span> <span class='ocrx_word' id='word_1_772' title='bbox 2006 5007 2186 5063; x_wconf 84' lang='lat' dir='ltr'><strong>tabula</strong></span> <span class='ocrx_word' id='word_1_773' title='bbox 2217 5008 2614 5078; x_wconf 87' lang='lat' dir='ltr'><strong>complectitur.</strong></span> 
     </span>
    </p>
   </div>
   <div class='ocr_carea' id='block_1_106' title="bbox 2095 5228 3275 5301">
    <p class='ocr_par' dir='ltr' id='par_1_106' title="bbox 2095 5228 3275 5301">
     <span class='ocr_line' id='line_1_106' title="bbox 2095 5228 3275 5301; baseline -0.001 -19"><span class='ocrx_word' id='word_1_774' title='bbox 2095 5229 2235 5297; x_wconf 81' lang='lat' dir='ltr'><strong>Quid</strong></span> <span class='ocrx_word' id='word_1_775' title='bbox 2262 5231 2317 5284; x_wconf 81' lang='lat' dir='ltr'><strong>in</strong></span> <span class='ocrx_word' id='word_1_776' title='bbox 2347 5230 2516 5285; x_wconf 82' lang='lat' dir='ltr'><strong>medio</strong></span> <span class='ocrx_word' id='word_1_777' title='bbox 2544 5228 2800 5301; x_wconf 72' lang='lat' dir='ltr'><strong>descripta</strong></span> <span class='ocrx_word' id='word_1_778' title='bbox 2827 5238 2945 5283; x_wconf 84' lang='lat' dir='ltr'><strong>rota</strong></span> <span class='ocrx_word' id='word_1_779' title='bbox 2966 5229 3246 5283; x_wconf 73' lang='lat' dir='ltr'><strong>contineat.</strong></span> <span class='ocrx_word' id='word_1_780' title='bbox 3274 5256 3275 5259; x_wconf 57' lang='grc' dir='ltr'><strong>η</strong></span> 
     </span>
    </p>
   </div>
   <div class='ocr_carea' id='block_1_107' title="bbox 1963 5358 3427 5433">
    <p class='ocr_par' dir='ltr' id='par_1_107' title="bbox 1963 5358 3427 5433">
     <span class='ocr_line' id='line_1_107' title="bbox 1963 5358 3427 5433; baseline -0.003 -14"><span class='ocrx_word' id='word_1_781' title='bbox 1963 5363 2019 5419; x_wconf 79' lang='grc' dir='ltr'><strong>ν.</strong></span> <span class='ocrx_word' id='word_1_782' title='bbox 2064 5363 2237 5433; x_wconf 71' lang='lat' dir='ltr'><strong>Media</strong></span> <span class='ocrx_word' id='word_1_783' title='bbox 2258 5364 2576 5420; x_wconf 73' lang='lat' dir='ltr'><strong>tabellarum</strong></span> <span class='ocrx_word' id='word_1_784' title='bbox 2597 5372 2714 5417; x_wconf 86' lang='lat' dir='ltr'><strong>rota</strong></span> <span class='ocrx_word' id='word_1_785' title='bbox 2739 5364 2838 5419; x_wconf 91' lang='lat' dir='ltr'><strong>soli</strong></span> <span class='ocrx_word' id='word_1_786' title='bbox 2863 5363 3137 5417; x_wconf 87' lang='lat' dir='ltr'><strong>tribuitur.</strong></span> <span class='ocrx_word' id='word_1_787' title='bbox 3166 5358 3339 5429; x_wconf 82' lang='lat' dir='ltr'><strong>Hujus</strong></span> <span class='ocrx_word' id='word_1_788' title='bbox 3371 5361 3427 5415; x_wconf 94' lang='lat' dir='ltr'><strong>in</strong></span> 
     </span>
    </p>
   </div>
   <div class='ocr_carea' id='block_1_108' title="bbox 1889 5444 3426 5527">
    <p class='ocr_par' dir='ltr' id='par_1_108' title="bbox 1889 5444 3426 5527">
     <span class='ocr_line' id='line_1_108' title="bbox 1889 5444 3426 5527; baseline -0.006 -15"><span class='ocrx_word' id='word_1_789' title='bbox 1889 5456 2148 5512; x_wconf 88' lang='lat' dir='ltr'><strong>interiore</strong></span> <span class='ocrx_word' id='word_1_790' title='bbox 2170 5471 2295 5511; x_wconf 87' lang='lat' dir='ltr'><strong>area</strong></span> <span class='ocrx_word' id='word_1_791' title='bbox 2326 5464 2531 5525; x_wconf 86' lang='lat' dir='ltr'><strong>septem</strong></span> <span class='ocrx_word' id='word_1_792' title='bbox 2568 5454 2845 5509; x_wconf 68' lang='lat' dir='ltr'><strong>bisexti&#39;es</strong></span> <span class='ocrx_word' id='word_1_793' title='bbox 2874 5460 3020 5517; x_wconf 84' lang='lat' dir='ltr'><strong>sunt,</strong></span> <span class='ocrx_word' id='word_1_794' title='bbox 3061 5444 3252 5522; x_wconf 81' lang='lat' dir='ltr'><strong>quinto</strong></span> <span class='ocrx_word' id='word_1_795' title='bbox 3292 5467 3426 5527; x_wconf 80' lang='lat' dir='ltr'><strong>quo-</strong></span> 
     </span>
    </p>
   </div>
   <div class='ocr_carea' id='block_1_109' title="bbox 1894 5544 3424 5617">
    <p class='ocr_par' dir='ltr' id='par_1_109' title="bbox 1894 5544 3424 5617">
     <span class='ocr_line' id='line_1_109' title="bbox 1894 5544 3424 5617; baseline -0.003 -16"><span class='ocrx_word' id='word_1_796' title='bbox 1894 5563 1997 5617; x_wconf 87' lang='lat' dir='ltr'><strong>que</strong></span> <span class='ocrx_word' id='word_1_797' title='bbox 2028 5563 2168 5601; x_wconf 92' lang='lat' dir='ltr'><strong>anno</strong></span> <span class='ocrx_word' id='word_1_798' title='bbox 2217 5548 2398 5617; x_wconf 86' lang='lat' dir='ltr'><strong>positi.</strong></span> <span class='ocrx_word' id='word_1_799' title='bbox 2450 5544 2577 5599; x_wconf 80' lang='lat' dir='ltr'><strong>Post</strong></span> <span class='ocrx_word' id='word_1_800' title='bbox 2632 5546 2908 5600; x_wconf 70' lang='lat' dir='ltr'><strong>bisextiles</strong></span> <span class='ocrx_word' id='word_1_801' title='bbox 2956 5545 3010 5599; x_wconf 86' lang='lat' dir='ltr'><strong>iu</strong></span> <span class='ocrx_word' id='word_1_802' title='bbox 3040 5546 3212 5615; x_wconf 87' lang='lat' dir='ltr'><strong>primo</strong></span> <span class='ocrx_word' id='word_1_803' title='bbox 3243 5560 3424 5607; x_wconf 84' lang='lat' dir='ltr'><strong>versu.</strong></span> 
     </span>
    </p>
   </div>
   <div class='ocr_carea' id='block_1_110' title="bbox 1894 5633 3420 5702">
    <p class='ocr_par' dir='ltr' id='par_1_110' title="bbox 1894 5633 3420 5702">
     <span class='ocr_line' id='line_1_110' title="bbox 1894 5633 3420 5702; baseline -0.004 -10"><span class='ocrx_word' id='word_1_804' title='bbox 1894 5639 2007 5692; x_wconf 87' lang='lat' dir='ltr'><strong>sive</strong></span> <span class='ocrx_word' id='word_1_805' title='bbox 2052 5637 2276 5701; x_wconf 89' lang='lat' dir='ltr'><strong>circulo,</strong></span> <span class='ocrx_word' id='word_1_806' title='bbox 2311 5635 2437 5689; x_wconf 88' lang='lat' dir='ltr'><strong>anni</strong></span> <span class='ocrx_word' id='word_1_807' title='bbox 2483 5635 2613 5690; x_wconf 88' lang='lat' dir='ltr'><strong>solis</strong></span> <span class='ocrx_word' id='word_1_808' title='bbox 2646 5649 2835 5695; x_wconf 80' lang='lat' dir='ltr'><strong>xxvm,</strong></span> <span class='ocrx_word' id='word_1_809' title='bbox 2877 5634 3101 5702; x_wconf 88' lang='lat' dir='ltr'><strong>primus,</strong></span> <span class='ocrx_word' id='word_1_810' title='bbox 3134 5633 3420 5692; x_wconf 86' lang='lat' dir='ltr'><strong>secundus.</strong></span> 
     </span>
    </p>
   </div>
   <div class='ocr_carea' id='block_1_111' title="bbox 1892 5712 3425 5797">
    <p class='ocr_par' dir='ltr' id='par_1_111' title="bbox 1892 5712 3425 5797">
     <span class='ocr_line' id='line_1_111' title="bbox 1892 5712 3425 5797; baseline -0.003 -15"><span class='ocrx_word' id='word_1_811' title='bbox 1892 5737 1943 5782; x_wconf 89' lang='lat' dir='ltr'><strong>et</strong></span> <span class='ocrx_word' id='word_1_812' title='bbox 1972 5728 2043 5782; x_wconf 88' lang='lat' dir='ltr'><strong>ita</strong></span> <span class='ocrx_word' id='word_1_813' title='bbox 2083 5726 2335 5797; x_wconf 88' lang='lat' dir='ltr'><strong>deinceps</strong></span> <span class='ocrx_word' id='word_1_814' title='bbox 2365 5712 2541 5796; x_wconf 77' lang='lat' dir='ltr'><strong>usque</strong></span> <span class='ocrx_word' id='word_1_815' title='bbox 2590 5725 2656 5779; x_wconf 87' lang='lat' dir='ltr'><strong>ad</strong></span> <span class='ocrx_word' id='word_1_816' title='bbox 2700 5723 3013 5779; x_wconf 89' lang='lat' dir='ltr'><strong>vicesimum</strong></span> <span class='ocrx_word' id='word_1_817' title='bbox 3050 5733 3299 5780; x_wconf 84' lang='lat' dir='ltr'><strong>octavum</strong></span> <span class='ocrx_word' id='word_1_818' title='bbox 3326 5736 3425 5779; x_wconf 55' lang='lat' dir='ltr'><strong>ex.</strong></span> 
     </span>
    </p>
   </div>
  </div>
