4124 6320
697 393 701 398 “
741 432 880 488 ms
1773 430 1862 486 AD
1899 427 2166 486 susse"
2201 425 2592 486 cuncmcou
2629 426 2990 498 APPENDIX.
3191 385 3194 388 ί
3829 425 3947 483 mi
4031 138 4079 514 ἡ

739 546 1042 617 plicantur;
1077 545 1350 602 secundus
1399 563 1613 610 versus,
1648 547 1764 602 sive
1793 547 2036 602 circulus
2068 556 2197 600 octo
2243 552 2296 598 et

2396 542 2516 596 καθ’
2555 543 2742 614 εἱρμὸν
2771 540 3145 623 καὶ-δευτέρου
3189 541 3346 612 μέχρι
3390 542 3458 594 τὰ
3508 548 3594 611 κη’
3626 541 3942 613 διαγεγραμ-

695 629 697 631 ’
739 634 927 704 viginti
960 636 1225 688 annorum
1261 646 1484 705 epactas
1527 636 1750 706 praebet,
1793 643 1953 705 prout
1996 650 2141 690 anno
2183 635 2296 689 cui-

2405 636 2574 705 μένα·
2632 635 2771 688 κατὰ
2818 635 2908 687 τὸν
2952 635 3200 704 δεύτερον
3246 634 3424 703 στίχον
3473 634 3566 686 καὶ
3621 633 3819 686 κύκλον
3863 635 3944 698 τὰς

737 738 845 796 que
881 736 1205 796 congruunt.
1249 725 1374 781 llaec
1401 727 1467 782 de
1493 727 1673 781 media
1702 735 1844 782 rota.

2402 726 2579 779 αὐτῶν
2607 727 2715 780 τῶν.
2736 736 2818 797 κη’
2850 727 2986 781 ἑτῶν
3023 727 3286 790 ὲπακτὰς,
3316 727 3399 795 ἐφ’
3426 727 3658 780 ἑκάστου
3683 727 3835 790 ἔτους
3861 728 3941 793 τὰς

713 811 730 832 ⁸
2403 818 2738 889 προσφόρους
2778 819 3053 888 ἀναλόγως
3093 821 3598 892 ἐπιγεγραμμένας.
3646 819 3833 874 Ταῦτα
3863 825 3942 874 καὶ

2402 909 2526 979 περὶ
2557 909 2647 962 τοῦ
2680 909 2842 980 μέσου
2871 909 3086 981 τροχοῦ.
3427 902 3453 966 ί

742 1008 853 1065 Cur
876 1011 941 1066 ab
985 1029 1122 1066 anno
1153 1011 1290 1105 (ante
1338 1029 1450 1105 XI},
1508 1031 1682 1105 nonne
1715 1016 1884 1082 primo
1914 1013 2109 1069 tabella
2150 1013 2278 1068 sini-

2406 1023 2560 1089 Τίσπ
2577 1021 2618 1091 ἢ
2651 1023 2769 1105 ἀπὸ
2795 1029 2864 1105 ιθξ
2887 1025 3006 1105 τῆς
3028 1025 3294 1105 σελήνης
3319 1026 3510 1105 ἔτους,
3537 1029 3674 1105 ᾀλλ*
3699 1029 3812 1083 οὐκ
3837 1029 3940 1084 ἀπὸ

1240 1094 1351 1136 ιιι-α
1375 1084 1533 1138 ducat
1561 1087 1791 1138 initium.

815 1192 900 1248 V1.
939 1193 1052 1249 Cur
1097 1205 1275 1251 autem
1332 1212 1441 1251 non
1507 1212 1537 1250 a
1576 1198 1751 1267 primo
1791 1196 2004 1250 initium
2065 1195 2298 1249 habeant

741 1289 870 1344 anni
906 1290 1122 1343 lunares
1145 1289 1210 1343 ad
1243 1290 1523 1345 sinistram
1547 1289 1951 1359 inscripti,~sed
1975 1304 2004 1340 a
2036 1303 2183 1342 nono
2205 1288 2300 1342 de-

741 1377 903 1442 cimo,
949 1393 1010 1432 ac
1035 1378 1230 1435 deinde
1263 1381 1492 1450 primus,
1519 1381 1812 1442 secundus,
1848 1388 1902 1434 et
1930 1379 2124 1449 reliqui
2176 1379 2300 1434 sub-

737 1467 1017 1539 iiciantur,
1042 1486 1206 1526 causa
1234 1480 1316 1528 est
1342 1473 1634 1542 ejusmodi.
1685 1472 1859 1540 Caput
1883 1471 2212 1541 jejuniorum
2243 1473 2296 1525 in

738 1563 1034 1630 penultimo
1067 1579 1276 1628 mense,
1307 1564 1413 1619 hoc
1460 1572 1547 1618 est
1573 1563 1861 1617 undecimo
1898 1563 2129 1618 labentis
2169 1566 2295 1617 anni

737 1659 996 1720 perpetuo
1030 1654 1316 1722 contingit,
1348 1653 1426 1705 uti
1477 1650 1739 1706 Paschale
1794 1650 1990 1706 festum
2032 1652 2086 1704 in
2120 1653 2295 1720 primo

738 1744 1105 1799 succedentis.
1139 1730 1318 1820 Quare
1358 1758 1481 1797 cum
1521 1743 1657 1799 duos
1705 1758 1877 1798 annos
1909 1751 2180 1812 occupent
2207 1757 2296 1797 sa-

737 1838 815 1891 cri
832 1836 1163 1906 jejuniorum
1186 1836 1324 1904 dies,
1361 1836 1446 1890 vel
1482 1836 1661 1905 potius
1693 1851 1723 1889 a
1744 1835 1976 1909 duobus
2009 1834 2113 1904 ipsi
2145 1849 2295 1888 com—

737 1927 1163 1996 prebendantur,
1195 1928 1266 1979 ita
1305 1934 1362 1978 ut
1396 1926 1611 1986 initium
1640 1927 1855 1980 illorum
1893 1925 1961 1978 ab
1992 1939 2134 1978 anno
2171 1940 2297 1978 cur-

738 2025 891 2071 rente
914 2017 1053 2071 lunae
1084 2001 1348 2086 pendeat,
1379 2016 1502 2072 ﬁnis
1526 2022 1706 2071 autem
1739 2015 1808 2069 ab
1832 2030 1896 2070 eo
1927 2015 2020 2085 qui
2052 2014 2298 2086 proxime

738 2106 1006 2177 sequitur,
1037 2122 1257 2162 necesse
1275 2117 1358 2162 est
1377 2107 1801 2177 utjejuniorum'
1820 2106 2034 2160 initium
2059 2121 2122 2160 ex
2151 2121 2297 2160 anno

738 2193 951 2248 decimo
983 2208 1126 2248 nono
1171 2193 1476 2262 metiamur,
1508 2195 1724 2266 quando
1785 2196 2022 2250 salutare
2082 2195 2293 2252 Pascha

737 2300 881 2339 anno
908 2286 1049 2341 luna:
1072 2287 1248 2356 primo
1275 2288 1600 2342 celebratur.
1637 2287 1728 2340 Sic
1751 2302 1816 2341 ex
1837 2302 1982 2340 anno
2021 2288 2193 2356 primo
2214 2289 2291 2356 je-

734 2377 1014 2445 juniorum
1048 2385 1211 2445 caput
1241 2377 1517 2446 dirigitur,
1565 2379 1778 2446 quoties
1818 2377 2010 2432 festum
2039 2378 2298 2434 Resurre-

738 2467 936 2520 ctionis
977 2466 1030 2519 in
1070 2467 1367 2520 secundum
1398 2465 1620 2533 incidit;
1662 2473 1715 2521 et
1761 2482 1827 2520 ex
1861 2467 2122 2530 secundo,
2171 2483 2296 2522 cum

739 2557 792 2610 in
838 2557 1055 2610 tertium
1097 2557 1279 2619 cadit,
1341 2565 1393 2610 et
1433 2557 1502 2611 ab
1557 2557 1660 2612 hoc
1708 2574 1922 2621 rursus,
1977 2560 2194 2628 quando
2240 2561 2297 2613 in

739 2655 990 2716 quartum
1023 2649 1252 2703 incurrit
1287 2667 1297 2702 :
1346 2657 1509 2718 atque
1549 2650 1621 2703 ita
1642 2665 1826 2719 porro.
1880 2650 1959 2704 Ad
1991 2651 2136 2705 hunc
2178 2666 2296 2705 mo-

738 2737 865 2792 dum
894 2753 952 2794 se
986 2738 1143 2794 habet
1180 2737 1447 2792 lunarium
1485 2738 1553 2792 ad
1590 2739 1868 2794 sinistram
1898 2753 2162 2794 annorum
2198 2739 2294 2795 de-

739 2831 983 2900 scriptio.

744 3028 899 3098 173
934 3027 1160 3093 Quinam
1187 3029 1290 3082 sint
1316 3028 1597 3095 embolimi,
1627 3039 1672 3082 et
1699 3045 1814 3098 quit
1841 3031 2049 3083 lunares
2072 3038 2286 3098 epactw.

2591 1094 2820 1162 πρώτης
2840 1097 2908 1149 ὲν
2934 1096 3015 1162 τῷ
3041 1098 3320 1167 εὐωνύμῳ
3345 1097 3754 1168 διαγράμματι.

2469 1208 2558 1272 ς’.
2597 1206 2660 1258 Ἥ
2687 1207 2743 1260 δὲ
2773 1207 2921 1260 αἰτία
2951 1208 3070 1261 καθ’
3102 1209 3169 1280 ἢν
3214 1207 3313 1261 οὐκ
3349 1208 3457 1261 ἀπὸ
3487 1207 3700 1280 πρώτου
3729 1209 3874 1275 ἔτους
3908 1213 3936 1284 ή

2397 1297 2647 1368 ἐγγραφὴ
2676 1299 2783 1351 τῶν
2815 1299 2912 1368 τῆς
2940 1298 3169 1370 σελήνης
3196 1299 3332 1352 ἐτῶν
3355 1297 3414 1363 ἐξ
3445 1299 3734 1369 εὐωνύμων
3760 1302 3934 1370 ἑτάγη,

2397 1389 2529 1443 ἀλλά
2562 1392 2669 1443 ἀπὸ
2702 1389 2788 1456 ιθ’,
2823 1392 2916 1444 καὶ
2952 1391 3124 1454 οὕτως
3151 1391 3388 1464 πρώτου,
3429 1392 3522 1446 και
3559 1381 3829 1462 δευτέρου,
3857 1379 3938 1448 καὶ

2395 1481 2500 1534 τῶν
2539 1480 2825 1552 καθεξῆς,
2873 1482 3010 1553 αὕτη
3057 1484 3221 1538 ἐστίν.
3270 1484 3336 1536 Ἦ
3383 1485 3740 1554 παρείσὸασις
3779 1486 3833 1536 ὲν
3870 1485 3936 1555 τῷ

2396 1571 2731 1641 προτελεύτῳ
2765 1573 2912 1643 μηνὶ,
2935 1574 3210 1626 τουτέστιν
3235 1561 3504 1644 ἑνδεκάτῳ
3533 1573 3627 1626 τοῦ
3660 1574 3936 1638 ἐνεστῶτος

2393 1661 2600 1728 γίνεται
2624 1661 2776 1724 ἔτους
2815 1662 3218 1734 ἀεί-καθάπερ
3249 1664 3342 1718 καὶ
3377 1665 3410 1735 ή
3449 1664 3750 1734 Πασχάλιος
3790 1666 3933 1734 ἑορτὴ

2395 1752 2452 1803 ὲν
2475 1750 2550 1820 τῷ
2577 1751 2774 1822 πρώτῳ
2805 1752 2898 1805 τοῦ
2922 1753 3142 1806 εἰσιέναι
3174 1754 3474 1824 μέλλοντος.
3510 1755 3725 1826 Ἐπειδὴ
3758 1752 3848 1810 οὖν
3875 1759 3934 1809 τὰ

2395 1839 2486 1891 δύο
2518 1841 2899 1909 μεσολαϐοῦσιν
2926 1843 3019 1912 ἔτη
3049 1845 3105 1895 αἱ
3141 1843 3290 1911 ἅγιαι
3315 1845 3422 1898 τῶν
3443 1846 3700 1916 νηστειῶν
3724 1847 3933 1917 ἡμέραι.

2403 1929 2596 1998 μᾶλλον
2629 1930 2700 1982 εδὲ
2751 1931 2886 2002 πρὸς
2928 1933 3106 1984 αὐτῶν
3139 1929 3293 1987 αὗται
3331 1935 3816 2006 συλλαμϐάνονται·
3855 1939 3954 1989 καὶ·

2396 2017 2463 2070 τὰ
2482 2019 2526 2050 ⁵⁸
2551 2019 2649 2089 μὲν
2671 2021 2770 2090 τὴν
2806 2021 3008 2074 οἰκείαν
3029 2021 3198 2093 ἀρχὴν
3228 2026 3528 2094 ὴρτημέναι
3549 2027 3642 2079 τοῦ
3663 2029 3934 2091 ἐνεστῶτος

2395 2111 2492 2181 τῆς
2513 2111 2734 2183 σελήνης
2754 2113 2924 2178 ἔτους,
2950 2115 3088 2168 κατὰ
3109 2116 3164 2168 δὲ
3188 2115 3247 2168 τὸ
3266 2116 3416 2178 τέλος
3435 2113 3586 2180 αὖθις
3609 2119 3699 2172 τοῦ
3727 2120 3931 2175 εἰσιέναι

2399 2202 2678 2272 μέλλοντος
2698 2221 2710 2234 ·
2744 2205 2954 2277 ἀνάγκη
2981 2208 3196 2271 πάντως
3221 2207 3328 2260 άπὸ
3347 2209 3818 2264 ὲννεακαιδεκάτου
3847 2230 3935 2266 κα-

2395 2295 2689 2358 νονίζεσθαι
2733 2297 2886 2362 ἔτους
2932 2299 3029 2370 τὴν
3077 2298 3249 2370 ἀρχὴν
3295 2298 3400 2370 τῶν
3431 2299 3716 2369 νηστειῶν,
3757 2303 3840 2355 ὅτε
3882 2304 3936 2356 τὸ

2397 2389 2659 2456 σωτήριον
2703 2389 2893 2459 Πάσχα
2939 2391 2995 2442 ἐν
3029 2390 3229 2461 πρώτῳ
3258 2391 3357 2461 τῆς
3410 2391 3636 2461 σελήνης
3682 2391 3787 2444 ἔτει
3830 2394 3935 2445 ἑπι-

2394 2477 2644 2531 τελείται.
2675 2477 2828 2531 Οῦτω
2862 2480 2918 2531 δὲ
2949 2481 3041 2532 καὶ
3069 2481 3180 2538 ἀπὸ
3224 2481 3435 2553 πρώτου
3466 2483 3563 2551 τὴν
3595 2481 3932 2552 παρείσὸασιν

2397 2566 2576 2628 πάλιν,
2609 2568 2755 2637 ὅτεή
2804 2569 3166 2640 ἁναστάσιμος
3210 2571 3368 2642 ἑορτὴ
3412 2573 3470 2625 ὲν
3505 2572 3545 2642 β·
3587 2572 3820 2641 γίνετιι·
3852 2574 3932 2626 καὶ

2395 2659 2501 2716 ἀπὸ
2538 2659 2602 2728 β’,
2648 2660 2735 2712 ὅτε
2768 2661 2825 2713 ὲν
2866 2660 2942 2730 τῷ
2991 2661 3192 2732 τρίτῳ·
3230 2663 3324 2716 καὶ
3362 2664 3469 2716 ἀπὸ
3507 2663 3713 2730 τούτου,
3761 2666 3846 2718 ὅτε
3883 2667 3935 2716 ὲν

2393 2750 2664 2821 τετάρτῳ·
2716 2735 2809 2804 καὶ
2871 2752 3058 2815 ἁπλῶς
3117 2753 3276 2825 μέχρι
3320 2754 3525 2818 τέλους.
3574 2749 3736 2819 Οὗτος
3778 2751 3867 2809 οὖν
3909 2757 3934 2807 ὁ

2392 2843 2490 2912 τῆς
2517 2841 2816 2913 διαγραφῆς
2862 2841 3017 2910 λόγος
3044 2843 3150 2898 τῶν
3186 2844 3286 2914 τῆς
3324 2845 3551 2917 σελήνης
3573 2845 3630 2913 ἐξ
3657 2845 3934 2916 εὐωνύμων

2395 2933 2551 2988 ἐτῶν.
3735 2943 3748 2955 “

2401 3047 2561 3111 Τίνες
2621 3051 2674 3100 οἱ
2717 3047 3044 3117 ἐμϐόλιμοι,
3223 3050 3380 3114 τινες
3425 3052 3491 3103 al
3545 3051 3790 3106 ἐπακταῑ
3836 3051 3935 3118 τῆς

3035 3135 3107 3170 Οἳ
3153 3135 3323 3171 ΠΫῚἹΓ.

3035 3135 3323 3185 σεληνης.

815 3205 921 3260 Vll.
973 3205 1188 3276 Septem
1230 3223 1445 3263 menses
1507 3209 1858 3265 intercalares
1907 3225 1973 3264 ex
2029 3210 2095 3264 iis
2157 3224 2292 3280 quas

2464 3209 2537 3260 Z'.
2567 3210 2628 3260 Οἱ
2666 3207 2720 3260 δὲ
2751 3209 2888 3262 ἑπτὰ
2926 3209 3206 3280 ἐμϐόλιμοι
3242 3210 3406 3280 μῆνες
3429 3211 3494 3264 ἐκ
3523 3212 3629 3264 τῶν
3650 3211 3935 3284 λεγομένων

740 3307 958 3369 epactas
983 3299 1123 3354 lunae
1154 3299 1405 3364 dicimus,
1430 3301 1757 3370 colliguntur
1786 3308 1906 3370 post
1935 3301 2069 3355 duos
2096 3316 2288 3366 annos,

742 3393 822 3446 vel
859 3403 988 3455 tres,
1020 3392 1236 3460 quando
1265 3392 1329 3444 ad
1370 3393 1718 3446 tricenarium
1759 3392 1966 3447 dierum
2007 3408 2288 3448 numerum

743 3484 1085 3551 perveniunt.
1115 3480 1330 3550 Epacta:
1366 3497 1529 3552 porro
1567 3494 1640 3537 er
1663 3482 1871 3537 delectu
1909 3483 2117 3537 lunaris
2167 3486 2292 3538 anni

744 3573 809 3624 ad
843 3575 1071 3627 solarem
1107 3575 1375 3629 oriuntur.
1423 3572 1556 3627 Nam
1603 3574 1795 3629 solaris
1844 3575 2036 3629 diebus
2071 3582 2295 3630 constat

744 3677 980 3728 cccuv;
1030 3664 1236 3719 lunaris
1280 3679 1482 3718 cccuv.
1531 3664 1683 3719 Unde
1731 3667 2006 3734 proprium
2051 3681 2291 3719 mensem

743 3757 903 3810 liabet
941 3755 1150 3809 dierum
1190 3771 1340 3819 xm,
1394 3770 1457 3807 ac
1513 3756 1774 3809 semissis.
1821 3757 1888 3806 At
1937 3771 2111 3810 annus
2156 3756 2295 3810 lunae

743 3848 968 3917 quilibet
1001 3862 1108 3900 uno
1138 3846 1319 3915 aliquo
1356 3845 1422 3899 de
1453 3844 1868 3899 intercalaribus
1897 3846 2134 3915 septenis
2157 3862 2294 3916 prae-

744 3940 910 4002 ditus,
951 3937 1206 3992 tredecim
1249 3937 1471 3992 omnino
1524 3952 1737 3990 menses
1788 3937 1986 4002 habet;
2036 3938 2170 3992 adeo
2234 3947 2292 3992 ut

747 4031 811 4083 ad
857 4028 1132 4085 duOdenos
1181 4031 1401 4084 ultimus
1448 4029 1550 4082 iste
1591 4043 1688 4098 pro
1729 4043 1815 4093 eo,
1867 4045 1928 4082 ac
1964 4031 2291 4095 nominatur,

746 4111 1082 4173 intercalaris
1126 4103 1391 4184 accedat,
1441 4126 1724 4185 propterea
1778 4132 1887 4170 non
1941 4119 2118 4173 solum
2177 4120 2296 4175 dies

746 4213 961 4281 colligat
1015 4225 1236 4279 cccuv,
1296 4213 1370 4264 uti
1425 4212 1604 4265 ueteri
1666 4213 1882 4266 lunares
1945 4213 2073 4265 anni
2133 4233 2144 4268 :
2202 4215 2297 4269 sed

745 4317 1065 4366 ccccsxxw,
1117 4304 1384 4359 tricenum
1429 4287 1636 4356 dierum
1690 4317 1874 4371 mense
1920 4303 2141 4372 insuper
2199 4305 2298 4358 ad-

747 4395 877 4448 dito.

750 4506 825 4561 De
866 4505 1100 4570 Hebrmis
1151 4505 1429 4568 mensibus,
1467 4506 1573 4575 ‘qui
1623 4505 1689 4558 ad
1747 4507 2018 4560 sinistram
2082 4508 2294 4562 canonis

816 4567 1017 4647 partem
1044 4577 1295 4628 observati
1327 4584 1465 4647 sunt,
1489 4567 1536 4628 et
1557 4578 1785 4644 ipsorum
1816 4577 2100 4647 quoto-die,
2123 4578 2296 4645 cujus-

2465 4567 2602 4647 ‘ﬁor
2637 4574 2950 4641 Ἑϐραϊκῶν·

820 4646 962 4699 modi
996 4655 1114 4698 sunt
1147 4657 1194 4698 et
1227 4661 1386 4714 quare
1418 4645 1627 4698 diversi.
1701 4662 1704 4663 ν

817 4753 954 4809 Υιιι.
985 4754 1121 4808 Hinc
1163 4756 1324 4825 igitur
1370 4754 1696 4822 penultimus
1740 4757 1946 4812 lunaris
1984 4757 2132 4812 illius
2173 4757 2300 4810 anni

751 4831 957 4900 mensis
994 4862 1100 4901 non
1129 4847 1446 4900 undecimus
1474 4854 1577 4908 cst,
1607 4849 1701 4901 sed
1728 4851 2098 4913 duodecimus,
2135 4863 2162 4900 a
2196 4864 2302 4917 quo

752 4943 1066 4992 sanctorum
1092 4935 1419 5005 jejuniorum
1456 4936 1732 4989 introitum
1770 4939 1891 5006 jure
1922 4940 2194 5002 metimur,
2229 4938 2298 4992 ob

753 5040 1035 5081 excessum
1073 5029 1271 5080 mensis
1313 5028 1489 5088 unius,
1531 5026 1619 5095 qui
1652 5027 1718 5079 ab
1764 5029 2049 5082 undecimo
2081 5030 2301 5084 illorum

753 5115 1184 5172 observationem
1236 5117 1483 5186 progredi
1537 5123 1699 5180 vetat,
1752 5128 1809 5169 ut
1857 5134 1924 5172 ne
1971 5103 2152 5188 plures
2207 5137 2306 5173 nu-

665 5204 672 5210 ’
757 5223 924 5270 mero,
974 5221 1132 5275 quam
1187 5222 1369 5259 revera
1427 5207 1554 5269 sint,
1613 5206 1727 5259 dies
1769 5207 1873 5259 illis
1914 5208 2245 5275 imputcntur
2291 5227 2303 5261 :

758 5296 898 5350 unde
934 5296 1200 5350 calculum
1248 5296 1672 5350 subducentibus
1713 5310 1867 5349 error
1913 5297 2158 5366 obrepat.
2199 5299 2310 5351 (Σιε-

759 5395 932 5441 terum
970 5388 1024 5441 in
1070 5395 1310 5464 utroque
1340 5404 1541 5453 mense,
1604 5387 1908 5451 undecimo,
1964 5389 2206 5458 inquam,
2247 5401 2301 5443 et

759 5478 1098 5544 duodecimo,
1128 5481 1194 5534 ad
1226 5479 1507 5533 sinistrum
1545 5481 1684 5535 latus
1715 5481 1939 5534 canonis
1969 5495 2074 5532 non
2111 5484 2299 5535 eadem

759 5580 923 5640 quota
962 5571 1077 5625 dies
1105 5572 1396 5626 ascribitur
1425 5587 1454 5625 e
1494 5574 1710 5641 regione
1742 5573 2103 5626 Romanorum
2148 5589 2303 5627 men-

757 5658 900 5714 sium
937 5675 951 5711 :
996 5658 1447 5726 quemadmodum
1490 5660 1541 5711 in
1572 5659 1761 5714 dextra
1804 5670 1955 5729 parte
1995 5661 2084 5713 uni
2130 5662 2304 5715 mensi

829 5816 875 5850 ⁸⁵
903 5815 1053 5869 Deest
1083 5817 1246 5868 αἰτία.
1320 5819 1363 5848 ⁸⁶
1475 5815 1631 5866 κατὰ.

2398 3299 2650 3351 ὲπακτῶν
2695 3301 2796 3371 τῆς
2849 3301 3073 3371 σελήνης
3105 3301 3442 3372 ἀθροίζονται
3494 3305 3634 3357 κατὰ
3675 3305 3864 3359 διετίαν
3902 3309 3932 3378 ἢ

2353 3433 2358 3437 .
2398 3389 2630 3459 τριετίαν
2677 3391 2905 3462 ἀριθμὸν
2945 3392 2987 3444 λ’
3041 3393 3261 3463 ἡμερῶν
3315 3393 3726 3465 ἐκπληροῦντες.
3779 3397 3842 3465 Ai
3886 3397 3934 3450 δὲ

2399 3482 2630 3533 ἐπακταί
2658 3481 2742 3533 διὰ
2779 3482 2876 3550 τὴν
2915 3480 3148 3549 ἔκλειψιν
3195 3481 3421 3534 δίδονται
3455 3482 3548 3534 τοῦ
3586 3483 3685 3554 τῆς
3728 3484 3935 3555 ςελήντις

2400 3571 2549 3634 ἔτους
2578 3573 2709 3641 πρὸς
2739 3573 2798 3624 τὸ
2834 3572 3054 3642 ἡλιακὸν
3086 3573 3220 3634 ἔτος.
3264 3574 3477 3644 Ἐπειδὴ
3502 3574 3564 3626 τὸ
3603 3575 3701 3644 μὲν
3733 3576 3935 3646 ἡλιακὸν

2399 3662 2504 3724 τξε¹
2543 3661 2870 3730 καθέστηκεν
2928 3662 3169 3733 ἡμερῶν,
3220 3663 3280 3716 τὸ
3305 3663 3359 3715 δὲ
3407 3664 3505 3733 τῆς
3560 3665 3782 3734 σελήνης
3820 3666 3932 3720 τνδ⁹.

2404 3751 2562 3805 Ὅθεν
2615 3751 2708 3804 καὶ
2756 3753 2844 3804 τὸν
2894 3755 3091 3803 οἰκεῖον
3142 3752 3288 3821 μῆνα,
3331 3749 3409 3802 κθ¹
3451 3750 3675 3821 ἡμίσεος
3730 3752 3936 3822 ἡμερῶν

2403 3845 2676 3913 κέκτηται.
2719 3845 2831 3897 Πᾶν
2860 3843 2926 3917 δὲ.
2948 3843 3173 3913 σελήνης
3207 3842 3352 3906 ἔτος,
3392 3841 3675 3912 δεχόμενον
3714 3843 3804 3894 ἕνα
3842 3842 3936 3894 τῶν

2403 3935 2708 4003 ὲμὸολίμων
2751 3933 2953 4003 μηνῶν,
2991 3933 3285 4003 δεκατριῶν
3317 3933 3520 4001 γίνεται
3550 3933 3784 3995 πάντως,
3814 3931 3934 4003 πρὸς

2401 4028 2517 4086 ταῖς
2584 4024 2897 4076 δυοκαίδεκα
2943 4022 3125 4077 τοῦτον
3177 4022 3508 4093 φερωνύμως
3562 4023 3935 4094 ὲμὸαῌόμενον

2404 4111 2547 4180 ἕχον·
2593 4112 2667 4173 ὼς
2702 4112 3042 4182 εὑρίσκεσθαι
3081 4111 3262 4164 λοιπὸν
3294 4110 3368 4181 μὴ
3411 4113 3568 4182 μόνον
3601 4113 3699 4165 τνδ¹
3734 4111 3934 4183 ήμερῶν

2405 4204 2540 4257 κατὰ
2569 4205 2633 4256 τὰ
2663 4204 2822 4256 λοιπὰ
2851 4204 2946 4273 τῆς
2973 4204 3196 4273 σελήνης
3232 4203 3346 4272 ἐτη,
3387 4202 3523 4256 ἀλλά
3549 4203 3662 4257 τπδ’
3695 4207 3760 4274 τῇ
3789 4219 3935 4274 προσ·

2405 4301 2547 4353 θέσει
2582 4301 2674 4353 τοῦ
2706 4299 2995 4370 ἐμϐολίμου
3035 4299 3199 4371 μηνὸς
3227 4299 3270 4352 λ’
3308 4298 3544 4372 ἡμερῶν.

3788 4369 3814 4384 δ

2406 4504 2542 4572 Περὶ
2580 4502 2784 4567 τῶνὲξ
2824 4505 3140 4574 εὐωνύμων
3177 4505 3284 4559 τοῦ
3327 4503 3610 4574 κανοῇὶου
3645 4501 3936 4572 τετηρημέ·

2991 4573 3236 4644 μηνῶν,
3298 4575 3396 4627 καὶ
3449 4573 3559 4639 τῆς
3612 4575 3805 4644 αὐτῶν
3844 4587 3936 4625 κο·

2465 4645 2704 4708 σταίας·
2739 4647 2896 4710 τίνες
2921 4643 3162 4724 τέίεὶᾳι,
3194 4645 3289 4697 καί
3313 4644 3409 4697 διὰ
3444 4645 3501 4696 τί
3530 4643 3813 4713 διάφοροι.

2468 4758 2548 4809 H'.
2595 4755 2871 4808 Ἐντεῦθεν
2891 4753 2983 4808 οὖν
3002 4757 3094 4808 καὶ
3113 4755 3522 4827 προτελευταῖον
3552 4757 3693 4826 μῆνα
3732 4755 3820 4807 τὸν
3843 4749 3933 4822 πρὸ

2399 4848 2493 4900 τοῦ
2518 4849 2718 4911 τέλους,
2742 4849 2800 4900 οὺ
2832 4847 2919 4898 τὸν
2949 4847 3245 4926 ἑνδέκατον,
3268 4845 3399 4898 ἀλλὰ
3425 4846 3516 4898 τὸν
3548 4844 3934 4912 δυοκαιδέκατον

2402 4939 2460 4990 τὸ
2491 4937 2694 4990 τοιοῦτο
2727 4938 2821 5006 τῆς
2861 4936 3084 5004 σελήνης
3106 4935 3362 5005 κέκτηται
3397 4935 3551 5008 ἔτος·
3588 4935 3648 4998 ἐξ
3672 4927 3732 4986 οὗ
3789 4946 3935 5003 προσ-

2401 5032 2638 5101 ηκόντως
2666 5032 2756 5082 καὶ
2788 5032 2820 5099 ή
2855 5027 3209 5097 παρείσόασις
3235 5025 3340 5078 τῶν
3367 5026 3535 5093 ἁγίων
3566 5024 3822 5094 νηστειῶν
3850 5036 3934 5074 κα-

2402 5122 2662 5186 νονίζεται
2713 5123 2776 5173 δι’
2812 5121 2975 5188 αὐτὴν
3017 5117 3110 5171 τοῦ
3160 5118 3323 5187 μηνὸς
3348 5117 3443 5185 τὴν
3476 5115 3810 5185 περισσείαν,
3843 5129 3935 5164 κω-

2402 5213 2633 5285 λύουσαν.
2665 5213 2758 5278 τὴν
2788 5211 2890 5262 ἀπὸ
2913 5210 3190 5262 ἑνδεκάτου
3227 5205 3476 5275 γενέσθαι
3523 5206 3687 5274 μηνὸς
3717 5200 3936 5274 παρατή-

2407 5321 2594 5374 ρησιν·
2621 5304 2706 5374 ,ὼς
2751 5303 2884 5372 μήτε
2920 5301 3132 5362 πλείους
3164 5299 3198 5369 ἦ
3231 5292 3303 5350 ὧν
3341 5295 3646 5366 ὑπάρχουσι
3685 5295 3820 5347 κατὰ
3861 5291 3936 5342 τὸν

2406 5393 2630 5463 ἀριθμὸν
2662 5391 2754 5453 τὰς
2787 5391 2960 5444 αὐτῶν
2999 5388 3208 5459 ἡμέρας
3249 5385 3598 5457 ψηφίζεσθαι,
3625 5386 3732 5438 κάκ
3759 5383 3935 5436 τούτων

2408 5482 2714 5551 διαμαρτεῖν
2781 5484 2904 5543 τοὺς
2963 5479 3308 5548 ψηφίζοντας.
3369 5477 3674 5546 Τετήρηται
3727 5474 3784 5526 δὲ
3838 5468 3936 5525 καθ’

2410 5572 2661 5641 ἑκάτερον
2691 5573 2848 5641 μῆνα,
2882 5571 2971 5621 τὸν
3002 5570 3278 5622 ἑνδέκατον
3324 5567 3463 5634 λέγω
3515 5568 3605 5619 καὶ
3635 5567 3724 5619 τὸν
3751 5565 3936 5616 Summ-

2410 5662 2627 5716 δέκατον
2668 5667 2732 5715 εν
2771 5665 2848 5734 τῷ
2897 5658 3158 5732 εὐωνύμῳ
3204 5659 3297 5713 τοῦ
3335 5659 3576 5713 κανονίου
3621 5660 3722 5727 οὑχ
3753 5660 3786 5726 ἡ
3826 5651 3936 5717 ιίδτὴ
