4130 6342
12 491 237 548 1295

899 491 958 544 S.
1000 489 1245 543 ΜΑΧΙΜΙ
1289 482 1649 543 MARTYRIS
1688 484 2058 541 COMPUTUS
2094 485 2527 542 ECCLESIAST.

3178 492 3315 547 1226

16 631 222 667 ’ποστ
232 616 329 668 αἶα
349 614 487 665 κατὰ
507 611 603 680 τὴν
626 610 738 662 τῶν
771 610 1086 679 Ῥωμαϊκῶν
1107 612 1407 682 διαγραφὴν
1426 628 1437 640 ’
1473 610 1659 679 ὥσπερ

1763 624 1858 678 per
1906 612 2321 677 annosomne's
2371 607 2632 661 decimam
2687 618 2933 677 quartam
2996 610 3312 675 attributam

20 705 154 755 ὲνὶ
187 704 329 776 μηνὶ
350 703 438 755 καὶ
453 702 586 764 ὅλοις
605 703 646 734 ⁵⁷
666 703 775 764 τοῖς
792 701 961 754 ἔτεσιν
974 702 1030 753 ἐν
1044 701 1119 772 τῷ
1141 701 1296 772 δεξιῷ
1310 701 1407 772 τὴν
1430 699 1488 752 ιδ’
1510 717 1659 771 σεση-

26 794 407 864 μειωμένην
428 792 640 863 όρῶμεν
664 792 1009 862 ὑπάρχουσαν
1035 809 1048 820 ’
1082 791 1194 844 ἀλλ’
1222 791 1353 861 ἄλλη
1378 791 1471 843 καὶ
1493 790 1652 859 ἄλλη.

15 876 211 933 Οἴου
239 884 322 945 εἰς
361 881 458 950 μὲν
486 881 574 933 τὸν
617 888 683 932 ια’
712 883 837 950 παρ’
867 878 1133 951 Ἑϐραίοις
1166 879 1344 932 Σαϐάτ
1368 878 1656 949 λεγόμενον

20 974 72 1041 ὴ
106 972 339 1026 τούτου
368 965 795 1041 ἑπτακαιδεκάτη
817 990 828 1001 ·
850 974 905 1023 ἐν
921 973 1145 1035 ἐκείνοις
1171 971 1350 1041 μέντοι
1382 973 1493 1034 τοῖς
1514 970 1655 1023 ἔτεσι

21 1066 200 1126 τοῖς
234 1064 336 1115 οὐκ
380 1063 559 1133 έχουσι
583 1063 674 1116 τὸν
713 1063 1001 1133 ἐμϐόλιμον
1023 1080 1035 1093 ·
1074 1065 1151 1125 εἰς
1183 1062 1239 1115 δὲ
1269 1061 1359 1116 τὸν
1387 1062 1655 1115 δυοκαιδέ-

29 1170 277 1217 κατον,
310 1154 476 1224 ’Ἄδαρ
517 1156 1067 1225 προσαγορευόμενον,
1112 1158 1145 1224 ή
1181 1155 1365 1207 τούτου
1388 1156 1653 1208 ὀκτωκαι-

22 1243 312 1312 δεκάτη,
330 1247 386 1297 ὲν
403 1244 606 1307 τούτοις
632 1245 867 1315 δηλονότι
891 1248 1001 1308 τοῖς
1023 1245 1112 1297 τὸν
1135 1245 1424 1332 ἐμϐόλιμον
1450 1245 1649 1315 ἔχουσι.

31 1333 197 1385 Καὶ
232 1332 389 1385 τοῦτό
409 1351 472 1400 γε
504 1334 642 1386 κατὰ
663 1334 836 1399 λόγον.
876 1331 1090 1403 Ἐπειδὴ
1112 1333 1217 1404 γὰρ
1241 1331 1336 1387 κοί
1351 1335 1440 1387 καὶ
1460 1334 1502 1386 λ’
1522 1336 1654 1405 ήμε-

30 1422 195 1491 ρῶν
236 1426 363 1493 παρ’
392 1426 642 1495 ἑκάτερον
676 1425 816 1496 μῆνα
828 1424 938 1477 τῶν
965 1425 1286 1479 δυοκαίδεκα
1308 1427 1405 1497 τῆς
1426 1426 1653 1497 σελήνης

28 1513 411 1584 ψηφίζομεν,
442 1516 573 1586 πρὸς
603 1515 661 1569 τὺ
703 1516 776 1586 μὴ
812 1520 997 1585 τεμεῖν
1039 1519 1245 1588 ἡμέρας
1286 1518 1371 1570 διὰ
1415 1517 1508 1570 τοῦ
1549 1516 1652 1569 ἀνά

31 1606 146 1656 νϐ’
199 1606 428 1676 ἡμίσεος
478 1606 695 1671 τούτους
734 1607 987 1677 ψηφίζειν
1039 1608 1342 1677 (συμϐαίνει
1370 1607 1477 1678 γὰρ
1508 1606 1648 1665 οὕτω

32 1698 173 1759 τὰς
214 1715 277 1749 τε
318 1698 417 1751 τνδ⁹
445 1699 654 1769 ἡμέρας
698 1699 921 1761 ἐντελῶς
968 1698 1313 1770 ἀριθμεῖσθαι
1359 1699 1499 1752 κατὰ
1542 1702 1646 1752 πᾶν

35 1789 200 1851 ἔτος
226 1792 327 1858 τῆς
361 1790 619 1858 σελήνης,
668 1790 759 1841 καὶ
795 1789 1062 1858 μηδεμιᾶς
1096 1787 1409 1858 συμϐαίνειν
1435 1788 1646 1858 ἡμέρας

32 1879 378 1947 διαίρεσιν·
418 1878 493 1940 ὡς
533 1878 775 1931 ἐντεῦθεν
816 1879 997 1932 λοιπὸν
1042 1878 1386 1948 εὑρίσκεσθαι
1426 1880 1513 1932 διὰ
1551 1880 1647 1949 τὴν

35 1970 336 2038 τοιαύτην
367 1969 429 2021 ὲκ
462 1967 671 2040 πρώτου
708 1970 871 2038 μηνὸς
904 1970 1218 2023 ἀκολουθίαν
1248 1972 1342 2023 καὶ
1372 1970 1522 2033 τάξιν
1551 1970 1640 2022 τὸν
1678 1949 1720 2007 Β

40 2062 169 2131 μὲν
198 2067 273 2113 ια’
296 2060 513 2129 ἡμερῶν
533 2060 638 2123 κθ’;
663 2060 753 2112 τὸν
785 2060 840 2112 δὲ
869 2059 1274 2115 δυοκαιδέκατον
1301 2062 1342 2113 λ’
1374 2060 1634 2132 ἡμερῶν)“

39 2152 467 2223 προσηκόντως
492 2146 581 2203 οὖν
610 2154 667 2203 ἐν
700 2153 794 2221 μὲν
827 2154 938 2214 τοῖς
964 2153 1062 2203 οὐκ
1090 2151 1269 2221 ἔχουσι
1306 2153 1395 2204 τὸν
1425 2150 1641 2220 ἐμϐόλι-

42 2260 171 2314 μον
212 2242 310 2295 τὸν
350 2250 414 2294 ια’
457 2244 549 2295 καὶ
596 2241 692 2313 τὴν
730 2242 915 2295 τούτου
962 2241 1022 2306 ιζ’
1058 2242 1462 2312 ἐκανονίσαμεν.
1512 2241 1640 2294 Ἀπὸ

38 2336 176 2405 γὰρ
224 2332 428 2402 ταύτης
469 2333 626 2404 μέχρι
660 2334 757 2403 τῆς
800 2333 893 2384 τοῦ
933 2332 1052 2385 καθ’
1099 2332 1379 2402 Ἐϐραίους
1424 2331 1637 2403 πρώτου

45 2426 252 2496 μηνὸς
280 2427 338 2477 ιδ’
364 2424 456 2477 τοῦ
486 2427 704 2478 εἰσιέναι
730 2424 1007 2495 μέλλοντος
1033 2424 1186 2486 ἔτους
1228 2422 1500 2493 ἰσάριθμοι
1532 2424 1638 2476 τῶν

44 2518 253 2583 ἁγίων
281 2517 537 2586 νηστειῶν
563 2520 616 2569 αἰ
643 2516 843 2586 ἡμέραι
874 2516 1216 2585 τυγχάνουσι,
1254 2515 1496 2567 τουτέστι
1541 2514 1635 2577 νζ’.

44 2607 353 2660 Τοσαῦται
381 2607 489 2676 γὰρ
529 2606 587 2659 αἰ
614 2606 720 2658 τῶν
746 2613 793 2677 η’
826 2605 1131 2676 ἑϐδομάδων
1164 2606 1439 2676 προδήλως
1466 2606 1596 2657 εἰσίν
1620 2622 1634 2635 ο

46 2694 181 2751 οἷον
213 2700 277 2749 αἰ
302 2697 576 2750 ὑπόλοιποι
611 2704 677 2765 ιγ’
713 2696 874 2749 αὐτοῦ
908 2696 1000 2749 τοῦ
1024 2704 1091 2750 ια’
1122 2698 1287 2768 μηνός
1307 2713 1320 2726 ο
1346 2699 1500 2767 εἴπερ
1533 2696 1635 2761 κθ’,

45 2788 264 2850 καθὼς
293 2787 444 2856 ἔφην,
484 2782 635 2850 οὗτος
671 2786 960 2857 ψηφίζεται
980 2780 1121 2839 "mi.
1153 2789 1206 2838 αἱ
1238 2786 1332 2839 τοῦ
1366 2787 1638 2840 δυοκαιδε-

53 2885 247 2937 κάτον
276 2882 350 2934 λ’·
383 2885 476 2936 καὶ
503 2884 558 2935 αἱ
590 2883 681 2936 τοῦ
722 2882 936 2952 πρώτου
966 2882 1131 2952 μηνὸς
1159 2882 1219 2935 ιδ’
1226 2925 1239 2938 .
1264 2882 1429 2953 Δῆλον
1460 2884 1534 2946 δὲ,
1564 2884 1637 2947 ὼς

51 2982 158 3041 ιγ’,
189 2974 292 3026 καὶ
334 2972 398 3036 λ’,
432 2974 523 3025 καὶ
562 2973 640 3039 ιδ’,
674 2975 881 3045 ἡμέρας
907 2974 980 3037 νζν
1013 2972 1272 3027 ποιοῦσιν.
1327 2975 1414 3026 Ἐν
1444 2974 1499 3026 δὲ
1529 2978 1638 3037 τοῖς

53 3068 263 3134 ἔχουσι
285 3064 373 3116 τὸν
400 3064 691 3134 ἐμϐόλιμον
721 3065 863 3117 ἔτεσι
888 3064 979 3116 τὸν
1017 3064 1423 3117 δυοκαιδέκατον
1445 3067 1640 3135 ἐτηρή-

52 3174 286 3227 σαμεν,
324 3157 416 3210 καὶ
453 3157 551 3225 τὴν
582 3155 742 3209 αὑτοῦ
778 3154 1260 3225 ὀκτωκαιδεκάτηνι
1310 3155 1403 3207 Ἐκ
1440 3154 1641 3223 ταύτης

54 3251 176 3320 γὰρ
228 3250 391 3320 μέχρι
445 3251 542 3317 τῆς
570 3248 660 3301 τοῦ
711 3248 923 3319 πρώτου
967 3250 1130 3318 μηνὸς
1179 3248 1238 3299 ιδ’
1282 3249 1335 3301 αἱ
1375 3247 1448 3310 νζ¹
1482 3247 1639 3299 πάλιν

51 3339 416 3410 ἀθροίζονται
440 3358 453 3369 ·
483 3335 591 3392 οἷον
621 3342 675 3391 αἱ
708 3339 868 3391 αὑτοῦ
893 3340 985 3393 τοῦ
1014 3340 1078 3409 ιβ’
1119 3338 1395 3394 ὑπόλοιποι
1428 3344 1515 3405 ιγ’,
1549 3337 1635 3390 διὰ

52 3433 120 3483 τὺ
157 3432 204 3483 λ’
255 3431 478 3502 ἡμερῶν
527 3430 711 3482 τοῦτον
755 3430 1116 3499 ψηφίζεσθαι·
1156 3430 1249 3482 καὶ
1286 3429 1377 3481 τοῦ
1423 3429 1636 3497 ἐμϐολί-

59 3539 195 3588 μου,
232 3522 401 3590 ἥγουν
444 3512 917 3590 τρισκαιδεκάτου,
958 3520 1032 3571 λ”
1089 3518 1351 3582 τοσαύτας
1382 3518 1489 3588 γάρ
1530 3520 1634 3579 πᾶς

56 3612 369 3681 ἐμϐόλιμος
400 3610 699 3680 κέκτηται·’
730 3611 821 3663 καὶ
865 3613 919 3664 αἱ
944 3610 1036 3663 τοῦ
1086 3609 1297 3679 πρώτου
1349 3609 1512 3679 μηνὸς
1551 3609 1630 3661 ιδ’.

58 3700 235 3752 Ὅθεν
281 3700 373 3751 ἐπὶ
425 3699 516 3751 τοῦ
549 3699 872 3760 τελευταίου,
915 3701 1077 3770 ἤγουν
1114 3697 1204 3751 τοῦ
1247 3699 1308 3750 ιο¹
1341 3698 1510 3760 ἔτους,
1542 3699 1635 3751 καὶ

55 3796 160 3861 τὴν
191 3798 276 3856 ις’
294 3791 384 3844 τοῦ
411 3793 527 3845 κατ’
554 3792 712 3845 αὑτὸν
736 3786 808 3845 ἰα’
843 3793 1007 3862 μηνὸς
1032 3790 1521 3861 ἐπεσημήνάμεθα·
1547 3790 1633 3842 διὰ

59 3883 155 3933 τὸν
187 3882 601 3935 δυοκαιδέκατον
643 3882 803 3934 αὑτοῦ
839 3882 980 3951 μῆνα
1010 3881 1089 3934 κθ¹
1122 3882 1277 3950 μόνον
1331 3879 1633 3950 ψηφίζομεν

58 3974 318 4044 ἡμερῶν,
362 3972 549 4045 ὥσπερ
583 3970 675 4027 οὖν
720 3974 913 4026 καύτὸν
964 3973 1054 4025 τὸν
1090 3979 1190 4023 ta."
1239 3971 1336 4039 τὴν
1363 3971 1419 4022 δὲ
1459 3971 1633 4023 αἰτίαν

64 4066 353 4134 προϊόντες
399 4065 723 4135 δηλώσομεν.
779 4064 1023 4131 Εὑλόγως
1063 4060 1153 4115 οὖν
1191 4062 1277 4115 διὰ
1328 4062 1495 4115 ταῦτα
1542 4064 1631 4114 καὶ

61 4157 165 4223 τὴν
212 4154 543 4223 μετάστασιν
577 4154 695 4222 ἴσην
734 4146 1095 4225 ὲπιτηρόῦμεν
1144 4153 1233 4203 ἐπὶ
1283 4152 1482 4203 τούτων
1521 4151 1631 4202 τῶν

64 4242 450 4312 δεδηλωμένων
504 4240 706 4311 μηνῶν,
741 4241 904 4311 ἤγουν
948 4240 1054 4292 τῶν
1106 4239 1282 4291 αὐτῶν
1341 4234 1628 4302 ποσταίιύν,

65 4332 166 4398 τῆς
202 4331 618 4400 παρεισϐάσεως
647 4330 822 4401 χάριν,
851 4332 909 4382 ἐν
947 4328 1025 4399 τῷ
1062 4328 1323 4398 εὐωνύμῳ
1350 4326 1442 4378 τοῦ
1476 4344 1631 4380 κανο-

71 4422 209 4485 νίου,
248 4423 349 4491 τῆς
391 4423 483 4475 ἐπὶ
517 4421 616 4490 τῆς
652 4422 709 4473 ιδ’
736 4421 828 4473 τοῦ
856 4420 1068 4493 πρώτου
1123 4420 1285 4490 μηνὸς
1337 4419 1630 4490 γενομένης

68 4516 232 4580 ἡμῖν,
281 4517 338 4565 ἐν
376 4513 451 4583 τῷ
479 4513 634 4582 δεξιῴ
690 4513 844 4583 μέρει
891 4513 982 4565 τοῦ
1026 4512 1186 4565 αὐτοῦ
1232 4512 1497 4573 κανονίου,
1529 4510 1628 4580 τῆς

1667 3296 1709 3353 C

1760 700 2069 765 cernimus;
2105 700 2196 754 sed
2227 700 2352 764 alia,
2382 707 2544 769 atque
2566 699 2715 752 alia.
2742 698 2901 753 Velut
2942 700 2995 754 in
3029 703 3314 757 undecimo

1754 796 1976 865 mense,
2028 806 2187 858 quem
2245 788 2451 844 Hebrmi
2504 787 2667 843 Sabat
2717 792 3036 853 nominant,
3102 793 3311 847 decima

1746 872 1983 951 Septima
2019 883 2135 935 dies
2163 882 2451 939 adnotatur
2493 883 2559 936 iis
2592 882 2750 936 annis
2774 882 2866 951 qui
2902 881 3190 935 embolimo
3217 897 3311 936 ca-

1754 982 1922 1038 rent;
1981 975 2035 1025 in
2092 972 2415 1027 duodecimo
2465 988 2615 1037 vero,
2668 972 2761 1043 qui
2817 972 2885 1025 ab
2936 972 3045 1026 illis
3083 980 3311 1027 vocatur

1752 1064 1918 1143 A‘dar,
1950 1073 2141 1119 octava
2175 1064 2384 1119 det-ima
2426 1064 2477 1117 in
2513 1066 2673 1119 annis
2713 1054 3003 1119 embolimo
3046 1064 3303 1133 praeditis.

1754 1155 1907 1221 Quod
1942 1156 2158 1226 quidem
2194 1157 2388 1211 rationi
2416 1165 2837 1210 consentaneum
2860 1157 2969 1211 'est.
3002 1155 3138 1210 Cum
3163 1158 3307 1211 enim

1752 1248 2029 1302 duodenos
2081 1247 2223 1301 lunae
2268 1262 2482 1301 menses
2525 1246 2748 1300 alternis
2780 1246 2967 1316 viginti
3008 1261 3219 1312 novem,
3253 1253 3308 1300 et

1751 1340 1971 1410 triginta
2009 1338 2219 1393 dierum
2266 1347 2538 1407 putemus,
2571 1354 2638 1391 ne
2675 1338 2790 1393 dies
2838 1338 3027 1406 partiri
3074 1352 3300 1392 necesse

1752 1430 1843 1494 sit,
1870 1431 1916 1483 si
1943 1427 2127 1498 viginti
2183 1442 2370 1481 novem
2400 1442 2462 1480 ac
2502 1427 2781 1481 dimidium
2813 1427 3040 1496 singulis
3065 1426 3299 1495 impute-

1751 1537 1873 1575 mus
1912 1522 2014 1591 (sic
2047 1522 2189 1577 enim
2233 1520 2448 1583 accidit,
2484 1529 2541 1571 ut
2573 1520 2627 1572 iii
2657 1518 2903 1587 quolibet
2939 1532 3082 1571 anno
3119 1519 3297 1571 lunari

1752 1620 2023 1677 trecentos
2064 1621 2118 1666 et
2172 1605 2563 1681 quinquaginta
2630 1617 2863 1678 quatuor
2930 1607 3048 1661 dies
3097 1609 3302 1677 integre

1749 1720 2117 1766 numeremus,
2159 1704 2277 1758 sine
2306 1703 2414 1756 ulla
2449 1701 2555 1755 dici
2583 1700 2846 1754 fractione
2873 1716 2886 1763 ;
2912 1714 3021 1769 quo
3056 1697 3114 1752 ﬁt
3144 1706 3204 1752 ut
3233 1713 3299 1753 ex

1750 1796 1999 1850 instituto
2050 1796 2317 1847 mensium
2383 1792 2572 1846 ordine
2629 1805 2693 1844 ac
2754 1789 3127 1852 successione,
3178 1795 3301 1858 post

1749 1886 1979 1956 primum
2010 1885 2265 1953 deinceps
2309 1884 2627 1938 undecimus
2665 1881 2781 1936 dies
2806 1881 2999 1934 habeat
3021 1894 3210 1933 novem
3246 1886 3302 1931 et

1748 1976 1969 2044 viginti,
2030 1974 2386 2029 duodecimus
2445 1989 2573 2027 vero
2628 1971 2871 2041 triginta)
2922 1988 2935 2024 :
2988 1985 3111 2023 cum
3163 1970 3299 2031 haec,

1746 2068 1984 2135 inquam,
2022 2066 2101 2119 sic
2142 2066 2395 2126 habeant,
2422 2065 2616 2117 merito
2649 2064 2703 2115 iu
2753 2063 2913 2115 annis
2956 2060 3299 2129 simplicibus

1744 2158 2083 2215 undecimum
2136 2170 2398 2216 mensem,
2443 2154 2669 2223 ejusque
2698 2167 2808 2205 χιιι
2850 2152 2990 2205 diem
3034 2151 3099 2204 ad
3129 2166 3296 2206 cano-

1746 2262 1867 2301 nem
1896 2246 2288 2300 adnotavimus.
2339 2243 2470 2297 Nam
2498 2244 2566 2296 ab
2604 2244 2703 2297 hoc
2728 2242 2814 2296 die
2851 2257 3023 2311 usque
3051 2242 3118 2293 ad
3144 2240 3297 2295 deci-

1748 2352 1894 2391 mum
1933 2348 2182 2407 quartum
2214 2336 2369 2406 primi
2410 2335 2612 2388 mensis
2657 2333 2867 2387 Judaiei
2905 2334 2957 2386 in
3002 2348 3144 2386 anno
3172 2347 3299 2386 con-

1750 2430 2017 2499 sequenti,
2071 2429 2293 2482 totidem
2351 2435 2482 2496 quot
2532 2428 2735 2482 sanctis
2777 2427 3002 2495 jejuniis
3050 2426 3296 2498 attributi

1730 2530 1891 2583 sunt,
1940 2522 2278 2575 intercedunt
2317 2521 2431 2575 dies
2456 2561 2469 2583 ,
2501 2535 2693 2588 nempe
2726 2535 2854 2574 LVII.
2894 2519 2996 2573 Tot
3035 2520 3178 2574 enim
3230 2533 3295 2571 ex

1745 2611 2172 2665 hebdomadibus
2216 2620 2340 2663 octo
2383 2610 2643 2665 conﬁunt.
2692 2608 2830 2663 Sunt
2868 2616 3044 2663 autem
3092 2610 3144 2662 hi
3178 2608 3296 2663 dies

1744 2717 1839 2754 xm
1881 2716 1944 2755 ex
1992 2702 2272 2756 undecimo
2324 2716 2510 2755 mense
2551 2700 2792 2767 residui;
2824 2703 2937 2769 qui,
2986 2708 3045 2754 ut
3091 2703 3297 2755 dictum

1744 2801 1857 2854 est,
1913 2806 2101 2845 novem
2156 2798 2210 2845 et
2264 2791 2452 2865 viginti
2502 2790 2747 2858 colligit;
2807 2799 2919 2843 tum
2989 2791 3296 2846 duodecimi

1743 2882 1946 2936 mensis
1989 2898 2134 2946 xxx;
2179 2896 2241 2933 ac
2285 2881 2441 2949 primi
2492 2880 2741 2949 denique.
2788 2895 2905 2934 le.
2958 2880 3297 2947 Colliguntur

1744 2986 1807 3024 ex
1853 2987 1970 3035 xm,
2008 2978 2063 3024 et
2092 2987 2219 3036 xxx,
2250 2978 2305 3025 et
2333 2986 2442 3033 xw,
2484 2972 2768 3039 perspicue
2812 2971 2926 3024 dies
2965 2985 3093 3023 ιιι-ιι.
3126 2970 3195 3023 At
3238 2971 3293 3023 in

1745 3065 1903 3119 annis
1946 3064 2298 3118 embolimzeis
2336 3063 2715 3116 duodecimum
2762 3077 3028 3125 mensem,
3068 3062 3295 3131 ejusque

1746 3156 1885 3209 diem
1913 3164 2163 3208 octavum
2192 3156 2460 3209 decimum
2501 3154 2867 3208 adhibuimus.
2902 3153 2983 3206 Ab
3011 3153 3113 3207 hoc
3150 3154 3295 3207 enim

1745 3261 1927 3315 usque»
1968 3246 2033 3298 ad
2080 3245 2348 3298 decimum
2394 3252 2647 3312 quartum
2710 3247 2914 3299 mensis
2966 3244 3142 3313 primi,
3181 3246 3295 3298 col—

1744 3337 1981 3405 liguntur
2031 3334 2188 3392 iidem
2230 3350 2337 3387 LVII
2385 3335 2520 3400 dies,
2571 3334 2827 3388 nimirum
2873 3351 2935 3388 ex
2988 3334 3295 3388 duodecimi

1742 3428 1943 3480 mensis
1991 3426 2223 3481 residuis
2269 3441 2384 3487 xm,
2436 3426 2693 3494 quoniam
2744 3425 2834 3478 ille
2890 3425 3113 3493 triginta
3174 3425 3294 3480 dies

1739 3519 1900 3571 habet
1943 3537 1956 3571 :
2008 3527 2062 3572 et
2096 3533 2161 3571 ex
2201 3517 2497 3579 embolimi,
2542 3518 2655 3570 sive
2705 3515 2847 3569 tertii
2884 3516 3100 3578 decimi,
3138 3531 3239 3568 xxx
3274 3554 3291 3578 ,

1740 3610 1962 3664 totidem
2000 3609 2142 3662 enim
2173 3609 2492 3662 embolimus
2521 3608 2699 3676 quivis
2728 3607 2955 3669 obtinet,
2982 3622 3042 3659 ac
3073 3605 3291 3661 demum

1739 3715 1805 3752 ex
1840 3701 2043 3753 mensis
2084 3698 2241 3767 primi
2275 3697 2465 3751 diebus
2508 3712 2620 3749 xlv.
2664 3696 2748 3750 0b
2786 3699 2927 3751 hanc
2960 3712 3180 3751 causam
3233 3698 3289 3751 in

1741 3805 1882 3844 anno
1925 3798 2218 3858 postremo,
2274 3788 2366 3858 qui
2410 3799 2493 3841 est
2540 3776 2780 3843 decimus
2825 3804 3037 3853 nonus,
3080 3790 3287 3844 mensis

1740 3878 2003 3936 undecimi
2026 3897 2112 3933 xw
2148 3881 2288 3935 diem
2322 3882 2674 3949 ascripsimus
2699 3920 2713 3944 ,
2738 3883 2992 3950 quoniam
3021 3881 3286 3934 duodeci-

1738 3988 1883 4027 mum
1920 3972 2065 4027 illius
2106 3987 2346 4027 mensem
2392 3972 2620 4035 dierum,
2667 3986 2775 4025 non
2820 3972 3051 4041 amplius
3095 3986 3289 4025 novem
3332 3992 3339 3999 ·

1737 4079 1801 4118 ac
1838 4062 2029 4133 viginti
2076 4062 2477 4122 constituimus,
2523 4070 2582 4112 ut
2629 4068 2683 4113 et
2728 4060 3093 4125 undecimum,
3129 4059 3289 4128 cujus

1736 4159 1815 4211 rei
1842 4157 1895 4210 in
1927 4154 2384 4225 consequentibus
2412 4153 2548 4206 ratio
2578 4152 2850 4207 reddetur.
2875 4151 3141 4217 Quocirca
3163 4152 3289 4221 jure

1737 4254 1791 4305 in
1830 4252 1897 4305 iis
1935 4264 2069 4319 quos
2099 4248 2211 4303 dixi
2242 4246 2520 4300 mensibus
2545 4282 2560 4307 ,
2605 4259 2669 4297 ac
2716 4244 2896 4313 quotis
2940 4258 3129 4298 eorum
3168 4243 3287 4296 dic-

1736 4338 1859 4405 bus,
1886 4351 2104 4410 propter
2151 4340 2428 4391 introitum
2457 4336 2785 4405 jejuniorum
2805 4375 2820 4398 ,
2852 4334 3093 4389 eamdem
3119 4335 3286 4389 alter-

1737 4439 2010 4493 nationem
2046 4436 2113 4501 in
2165 4432 2389 4488 sinistro
2440 4431 2606 4484 latere
2653 4429 2877 4484 canonis
2913 4428 3284 4486 observamus,

1735 4544 1896 4599 quam
1937 4529 1990 4581 in
2026 4527 2218 4582 dextro
2259 4524 2326 4578 ad
2360 4522 2619 4577 decimam
2650 4526 2898 4588 quartam
2936 4516 3093 4586 primi
3135 4529 3288 4568 men-

74 4602 417 4665 ἀναστάσεως
446 4599 627 4654 ἕνεκεν
646 4618 659 4630 ·
687 4603 793 4655 ἀπὸ
814 4601 913 4670 τῆς
940 4602 1223 4672 Κυριακῆς
1238 4601 1621 4671 καὶδευτέρας,

1744 4623 1813 4680 sis
1844 4619 2180 4677 adhibemus,
2225 4622 2441 4684 propter
2475 4609 2671 4663 festum
2704 4604 3159 4668 resurrectionis;
3188 4601 3283 4654 ubi

73 4693 166 4743 καὶ
194 4692 305 4747 τῶν
333 4691 563 4763 καθεξῆς
585 4693 801 4763 ἡμερῶν
825 4694 903 4753 εἰς
932 4690 1028 4761 τὴν
1055 4690 1309 4744 ἐπιοῦσαν
1339 4692 1498 4759 ἁγίαν
1520 4693 1629 4743 Κυ-

79 4784 270 4853 ριακὴν
303 4783 725 4854 μεταϐαίνοντες.
744 4782 925 4834 Ταῦτα
952 4783 1043 4834 καὶ
1070 4784 1197 4853 περὶ
1223 4774 1426 4836 τούτων
1453 4783 1631 4836 εἰπόν-

76 4889 183 4935 τες,
206 4876 535 4927 ὲπανακτέον
560 4876 689 4943 ἡμῖν
716 4873 805 4926 τὸν
834 4872 987 4940 λόγον
1009 4874 1087 4933 εἰς
1107 4871 1206 4942 τὴν
1226 4872 1332 4925 τῶν
1351 4874 1446 4943 τῆς
1473 4872 1629 4942 σελή-

77 4980 171 5031 νης
202 4964 338 5016 ἐτῶν
363 4966 751 5033 ἁπακρίϐωσιν.

81 5182 216 5249 Περί
271 5183 595 5249 διαστολῆς
644 5185 762 5237 τῶν
821 5184 929 5252 τῆς
985 5185 1252 5252 σελήνης
1300 5184 1479 5248 ἐτῶν,
1538 5187 1636 5239 καὶ

248 5334 255 5337 η
529 5252 745 5321 όμὰδος
772 5253 888 5307 τῶν
929 5255 1182 5323 ἡμερῶν.

150 5338 223 5391 Θ’.
250 5342 400 5394 Εἰσὶν
420 5338 511 5396 οὖν
536 5342 601 5395 τὰ
626 5343 721 5394 ὅλα
744 5344 837 5412 τῆς
866 5344 1091 5413 σελήνης
1122 5344 1235 5412 ἐτη,
1263 5342 1442 5405 καθὼς
1479 5344 1634 5414 cppe-

89 5422 171 5493 θη,
205 5427 268 5479 ιϐ’
287 5448 299 5458 ·
326 5431 373 5494 ζ’
405 5434 501 5500 μὲν
544 5431 612 5484 τά
640 5433 762 5503 τους
792 5432 1105 5500 ἰσαρίθμους
1138 5432 1457 5503 ἐμϐολίμους
1485 5433 1634 5502 ἕχον-

90 5530 152 5566 τα
192 5519 383 5588 μῆνας,
431 5524 593 5593 ἧγούν
644 5523 711 5576 τὰ
764 5523 872 5574 ἀπὸ
918 5524 1033 5575 τπδ’
1080 5524 1334 5594 ἡμερῶνο
1391 5525 1454 5593 ιβ’
1483 5524 1635 5576 δὲτὰ

94 5603 343 5677 λεγόμενα
384 5613 566 5675 κοινὰ,
597 5612 836 5666 τουτέστι
868 5611 936 5663 τὰ
970 5614 1077 5665 ἀπὸ
1102 5614 1225 5665 τνδ’.
1270 5615 1334 5665 Δί
1366 5616 1422 5667 δὲ
1462 5614 1633 5666 πᾶσαι

95 5692 194 5747 τῶν
222 5699 393 5752 αὐτῶν
421 5701 483 5752 ιϐ’
510 5703 606 5772 τῆς
640 5702 863 5772 σελήνης
898 5701 1031 5752 ἐτῶν
1063 5702 1281 5772 ἡμέραι,
1314 5706 1378 5773 τῇ
1413 5720 1630 5770 συμπα-

178 5848 216 5880 ¹⁷
252 5853 287 5906 Γ.
318 5857 373 5906 ἐν
402 5855 559 5917 ὅλοις.

361 5952 623 6007 Parmae.
672 5950 786 6008 (in.
839 5952 1008 6010 ΧίΧ.

1740 4730 1770 4769 a
1804 4711 2099 4771 Dominica,
2136 4714 2189 4760 et
2226 4702 2463 4759 secunda
2502 4699 2655 4762 feria,
2678 4697 2998 4765 czeterisque
3026 4695 3282 4761 deinceps

1740 4806 1807 4861 ad
1836 4809 2077 4859 sanctam
2116 4796 2446 4851 Dominicam
2477 4797 2789 4860 sequentem
2819 4789 3109 4841 transitum
3140 4783 3281 4837 faci-

1738 4912 1881 4952 mus.
1906 4892 2013 4948 Sed
2048 4890 2116 4945 de
2142 4890 2209 4943 iis
2243 4887 2542 4948 hactenus;
2570 4896 2711 4935 nunc
2740 4879 2808 4933 ad
2841 4890 3106 4933 annorum
3131 4875 3287 4928 luna-

1737 4987 1875 5039 rium
1900 4982 2163 5035 rationem
2187 4974 2494 5029 accuratius
2514 4968 2886 5040 explicandam
2921 4964 3286 5020 convertenda

1734 5085 1818 5131 est
1845 5072 2038 5129 oratio.
2474 5134 2479 5139 _

1840 5182 2187 5249 Explicantur
2214 5178 2338 5230 anni
2364 5176 2593 5236 lunares,
2627 5181 2675 5226 et
2709 5189 2916 5227 summa
2952 5171 3172 5226 dierum.

1802 5340 1895 5394 1X.
1930 5341 2067 5395 Anni
2108 5342 2323 5395 lunares
2352 5341 2602 5393 universe
2636 5345 2764 5392 sunt
2805 5332 3198 5392 novemdecim,
3229 5338 3287 5382 ut

1737 5431 1941 5486 dictum
1989 5434 2091 5488 est.
2126 5433 2364 5498 Quorum
2416 5439 2641 5498 septem,
2684 5428 3033 5504 intercalares
3071 5439 3289 5479 menses

1738 5523 2033 5591 θεοῖβίυηῑν
2085 5520 2353 5591 iidemque
2410 5522 2602 5577 diebus
2651 5524 2903 5573 constant
2950 5530 3284 5577 CCCLX-X—le;

1739 5615 2025 5669 duodecim
2065 5630 2190 5670 vero
2223 5628 2537 5669 communes
2583 5612 2962 5681 appellantur,
3008 5605 3099 5674 qui
3146 5605 3294 5658 scili-

1737 5712 1823 5758 cet
1876 5706 1990 5761 dies
2037 5707 2238 5760 habent
2281 5719 2483 5759 cccuv.
2528 5704 2696 5759 Porro
2747 5698 2906 5771 174
2943 5697 3061 5753 dies
3103 5711 3294 5752 omnes

2860 5942 2938 6001 39
