4130 6342
83 477 263 533 £229
968 474 1024 530 S.
1064 474 1305 533 MAXIM!
1338 478 1689 534 MARTYRIS
1727 475 2094 535 COMPUTUS
2132 475 2563 532 ECCLESIAST.

3219 478 3354 534 £250

89 594 387 666 μέθοδον,
410 592 472 647 οὺ
508 592 610 665 μὴν
649 591 874 663 ἀληθείᾳ
908 595 1004 646 καί
1038 593 1340 664 πράγματι.
1371 594 1496 658 Πῶς
1528 598 1637 667 γὰρ
1664 599 1695 668 ή

1800 603 1931 649 tate.
1966 592 2073 659 Qui
2122 594 2262 648 enim
2290 592 2416 647 dies
2446 607 2549 646 una
2586 592 2765 646 facere
2799 593 2955 655 duas,
2999 601 3094 646 aut
3121 594 3353 649 duorum

90 686 217 757 μία
250 685 369 748 τὰς
393 685 503 749 δύο,
537 686 569 755 ἢ
600 686 717 739 ἀντὶ
740 684 846 739 τῶν
881 685 973 738 δύο
997 688 1208 757 ποιήσει
1250 689 1367 741 ποτ’
1398 689 1499 753 av;
1533 688 1699 742 Τοῦτο

1805 688 1979 742 instar
2011 686 2207 742 habere
2248 684 2463 755 possit?
2494 682 2609 737 Hoc
2645 698 2771 737 sane
2807 699 2913 737 non
2948 684 3120 738 Solum
3150 684 3357 753 impos--

86 778 227 846 γὰρ
262 776 412 846 πρὸς
434 775 497 828 τὸ
519 777 790 846 ἀμήχανον
806 778 897 829 καὶ
922 775 1124 846 ἠλίθιον
1149 779 1318 848 πάντη
1344 778 1696 851 καθέστηκεν.

1807 778 1964 833 sibile
1996 784 2100 840 est,
2141 777 2233 833 sed
2264 776 2427 831 etiam
2464 775 2741 829 stolidum.
2793 773 2925 827 llinc
2960 774 3121 843 igitur
3148 774 3356 829 lunaris

104 867 432 921 Ἐντεῦθεν
462 863 555 921 οὖν
593 870 683 921 καὶ
704 867 828 939 περί
866 869 963 940 τὴν
991 868 1088 937 τῆς
1126 869 1352 939 σελήνης
1380 869 1698 938 σφάλλονται

1806 869 2022 935 illortmi
2066 867 2305 921 calculus
2354 866 2601 927 aberrat,
2652 878 2810 933 quem
2864 864 2934 916 ob
2988 862 3353 931 imperfectam

94 956 339 1025 ψῆφον,
391 957 783 1027 ἀναιρουμένης
816 958 915 1027 τῆς
952 956 1211 1027 ἀκριϐοῦς
1240 958 1591 1028 καταλήψεως
1639 962 1701 1013 ἐκ

1806 959 2044 1027 quinque
2066 956 2521 1025 sexagesimarum
2552 953 2921 1007 accessionem
2957 962 3207 1006 accurate
3230 967 3355 1005 con-

94 1046 217 1115 τῆς
293 1046 411 1098 τῶν
449 1053 489 1099 ε’
534 1044 837 1115 ὲξηκοστῶν
884 1047 1202 1109 ἁσυντελοῦς
1250 1049 1583 1118 ἐπικλήσεως
1633 1050 1696 1102 ⁶³.

1809 1050 1960 1117 sequi
1989 1056 2284 1117 nequeunt.
2307 1044 2440 1099 Nam
2470 1044 2612 1115 quod
2636 1044 2951 1097 tricenarios
2976 1043 3118 1096 lunae
3143 1056 3355 1096 menses

113 1138 300 1190 Ἐπεὶ
331 1138 517 1208 τὸμὲν
542 1139 648 1192 ἀπὸ
671 1139 712 1191 λ’
743 1140 869 1202 τοὺς
892 1140 1089 1209 ταύτης
1122 1140 1291 1208 μῆνας
1322 1144 1513 1205 ποιεῖν,
1544 1142 1604 1193 τὸ
1657 1141 1701 1173 ⁸⁸

1808 1140 2122 1201 instituunt,
2174 1148 2443 1208 quatenus
2489 1150 2586 1205 pro
2625 1134 2865 1204 quolibet
2912 1133 3000 1188 die
3045 1147 3230 1197 unam,
3277 1132 3358 1187 uti

102 1229 397 1297 συνάγειν
426 1229 499 1291 ὼς
522 1228 655 1299 ἔφην
686 1231 812 1300 μίαν
836 1230 1127 1301 ἑξηκοστὴν
1148 1232 1285 1301 ὑπὲρ
1307 1232 1539 1301 ἑκάστης
1568 1232 1702 1301 ἡμέ-

1809 1230 2010 1283 dictum
2052 1239 2159 1293 est,
2195 1227 2582 1296 sexagesimam
2627 1225 2929 1292 colligunt;
2981 1224 3103 1276 ideo
3147 1222 3354 1276 nullam

104 1335 254 1389 ρας,
289 1320 401 1373 οὐκ
425 1318 535 1387 ἔχει
560 1319 909 1389 πλεονασμὸν,
936 1321 1054 1374 οὐδὲ
1086 1322 1583 1395 τοσούτωνήμερῷν
1610 1323 1702 1376 τὸν

1809 1320 2219 1395 redundantiam
2256 1318 2428 1383 aﬂ‘ert,
2450 1332 2622 1386 neque
2646 1316 2870 1371 totidem
2907 1314 3119 1368 dierum
3142 1328 3357 1369 menses

104 1408 305 1478 αὐτῆς
359 1410 500 1478 μῆνα
542 1408 897 1489 παρίστησιν·
924 1412 972 1480 ⁷η
1011 1410 1117 1481 γὰρ
1150 1413 1229 1474 εἰς
1271 1410 1314 1462 λ’
1346 1391 1550 1473 πάλιν,’
1584 1410 1701 1463 ἀλλ’

1811 1412 1956 1466 illius
1986 1391 2185 1475 ellicit;
2226 1409 2484 1479 quoniam
2516 1408 2725 1464 dierum
2760 1420 2968 1460 summa
2999 1420 3093 1475 per
3121 1406 3357 1460 tricena-

104 1497 251 1568 οὐχὶ
301 1499 387 1561 εἰς
417 1498 499 1550 κθ¹
540 1498 709 1569 ἥμισυ
740 1499 849 1551 τῶν
892 1499 1286 1571 ἀθροιζομένων
1336 1500 1610 1564 ἀνάλυσις,
1643 1502 1703 1554 τὸ

1809 1505 1951 1558 rium
1992 1518 2276 1558 numerum
2314 1503 2506 1567 divisa,
2546 1502 2859 1556 dimidiatus
2894 1501 2981 1554 ille
3006 1500 3122 1554 dies
3146 1516 3176 1555 e
3200 1516 3360 1557 sexa-

106 1588 439 1658 προστεθὲν
482 1587 569 1642 διὰ
612 1586 718 1640 τῶν
764 1588 1065 1659 ἑξηκοστῶν
1097 1590 1462 1660 ήμισημέριον
1514 1589 1704 1643 ὑποτέ-

1811 1595 2033 1666 gesimis
2060 1594 2351 1649 adveniens
2391 1593 2725 1657 exhauritur,
2767 1608 2942 1663 nequc
2984 1594 3164 1662 plures
3193 1608 3356 1663 quam

114 1695 370 1748 μνουσα,
392 1679 606 1743 πλείους
628 1678 765 1749 ἔχειν
792 1680 851 1731 οὐ
881 1683 1195 1750 παραχωρεῖ
1214 1681 1323 1731 τῶν
1346 1678 1426 1732 κθ¹
1446 1681 1478 1751 ή
1488 1679 1670 1749 μίσεος
1686 1697 1701 1710 ·

1809 1701 1936 1740 nix
1972 1685 2199 1757 singulis
2245 1684 2519 1739 mensibus
2553 1684 2825 1753 relinquite
2857 1686 2924 1738 At
2966 1699 3091 1737 vero
3116 1685 3359 1753 quolibet

109 1770 183 1821 τὸ
226 1769 291 1823 δὲ
331 1770 402 1824 τὰ
448 1778 487 1824 ε’
515 1770 654 1824 κατὰ
698 1772 806 1823 πᾶν
850 1770 966 1832 ἔτος
994 1772 1245 1838 συνάγειν
1286 1770 1570 1841 ἑξηκοστὰ,
1604 1773 1719 1843 τῆς

1810 1791 1953 1830 anno
2000 1775 2334 1845 sexagesima
2394 1774 2647 1844 scrupula
2698 1775 2935 1843 quinque
2986 1770 3239 1843 colligere
3284 1773 3357 1841 ad

114 1862 278 1915 κατὰ
322 1864 387 1915 τὸ
420 1857 697 1916 ἑνδέκατον
738 1862 1137 1932 ὑποτμηθείσης
1174 1863 1331 1933 χάριν
1372 1863 1699 1935 ἀναπληρώ-

1809 1882 1933 1922 eum
1982 1867 2339 1937 supplendum
2381 1865 2543 1929 diem,
2587 1866 2678 1936 qui
2724 1866 3009 1922 undecimo
3047 1880 3187 1920 anno
3227 1879 3358 1935 sup-

118 1968 297 2016 σεως,
326 1953 644 2025 διαμαρτεῖν
678 1952 889 2016 πάντως
912 1957 1052 2005 ποιεῖ
1071 1955 1195 2017 τοὺς
1216 1955 1566 2024 ψηφίζοντας.
1590 1957 1699 2010 Καὶ

1804 1956 2078 2027 primitur,
2112 1957 2271 2027 plane
2300 1955 2367 2009 ad
2401 1956 2641 2010 rationes
2671 1955 3075 2009 conturbandas
3096 1954 3352 2024 pertinet.

116 2044 305 2115 δῆλον
333 2046 400 2098 ὲκ
432 2045 523 2098 τοῦ
561 2046 654 2098 καί
684 2046 817 2115 μετὰ
850 2045 1050 2114 ταύτην
1092 2046 1188 2117 τὴν
1229 2047 1356 2117 μίαν
1392 2050 1600 2119 ἡμέραν
1634 2050 1698 2103 ὲκ

1804 2050 1979 2117 Atque
2012 2048 2113 2102 hoc
2156 2063 2222 2102 ex
2266 2062 2331 2102 eo
2367 2047 2725 2111 convincitur,
2759 2047 2923 2117 quod,
2967 2056 3092 2118 post
3134 2047 3354 2101 unicum

118 2138 242 2190 τῶν
269 2136 576 2190 ὑπολοίπων
606 2136 649 2200 ζ’
692 2128 788 2207 τῆς
820 2137 1041 2209 σελήνης
1082 2139 1215 2192 ὲτῶν
1256 2141 1593 2211 συναγόμενα
1627 2140 1701 2194 λε’

1806 2139 1957 2192 illum
1993 2138 2157 2201 diem,
2190 2138 2429 2207 triginta
2456 2138 2694 2208 quinque
2724 2140 3109 2209 sexagesimas,
3135 2154 3255 2208 qum
3284 2154 3349 2192 ex

124 2228 411 2297 ὲξὴκοστὰ
466 2228 605 2281 κατὰ
644 2228 705 2281 τὸ
747 2228 897 2292 τέλος
948 2230 1043 2298 τῆς
1077 2231 1699 2303 ἐννεακαιδεκαετηρίδος

1806 2230 1963 2285 annis
2012 2239 2219 2299 septem
2269 2229 2409 2282 lunae
2454 2228 2689 2284 residuis
2750 2228 3081 2292 conﬂantur,
3142 2229 3356 2286 evoluta

122 2314 215 2382 ὡς
235 2319 473 2390 περιττὰ
499 2319 922 2391 διαρρίπτεσθαι.
964 2320 1076 2372 Πᾶν
1094 2318 1149 2372 δὲ
1175 2322 1314 2374 κατά
1338 2340 1389 2374 τι
1421 2324 1569 2393 παρὰ
1592 2322 1698 2375 τῶν

1804 2322 2020 2378 demum
2053 2321 2567 2379 enneadccacteride
2612 2330 2869 2392 tanquam
2909 2322 3216 2391 superﬂuas
3260 2338 3355 2377 ex-

126 2410 488 2481 ψηφιζόντων
506 2409 743 2481 ἀνοήτως
780 2410 1098 2480 ῥιπτόμενον
1122 2412 1220 2482 τήν
1247 2428 1304 2464 τε
1323 2411 1417 2464 τοῦ
1449 2414 1567 2465 ὅλου
1604 2414 1700 2466 κύ-

1805 2423 2071 2485 pungunt.
2117 2413 2390 2484 Quidquid
2437 2422 2618 2467 autem
2669 2428 2735 2467 ex
2789 2413 2967 2482 aliqua
3010 2421 3160 2483 parte
3206 2414 3354 2467 velut

129 2502 270 2555 κλου
311 2501 454 2569 κατὰ
496 2502 655 2573 τήνδε
700 2501 794 2571 τὴν
836 2500 1051 2570 μέθοδον
1081 2502 1408 2557 ἀναστασίαν
1437 2504 1481 2535 ⁸⁸
1514 2503 1703 2573 δηλοῖ,-

1805 2510 2264 2576 superVacancum
2296 2506 2351 2559 in
2384 2504 2741 2561 subducendo
2778 2506 2973 2559 s‘tolide
3001 2504 3263 2573 rejicitur,
3296 2502 3351 2558 id

130 2594 234 2647 καὶ
259 2594 369 2647 τῶν
398 2595 532 2663 αὐτῇ
566 2594 911 2665 κεχρημένων
933 2594 1196 2665 διελέγχει
1237 2597 1297 2648 τὸ
1330 2595 1570 2665 σφάλμα.
1599 2596 1699 2649 Λό-

1804 2603 1857 2651 et
1882 2598 2019 2666 cycli
2051 2599 2218 2651 totius
2248 2598 2423 2652 labem
2458 2598 2559 2653 hac
2592 2599 2644 2651 in
2682 2597 2953 2660 methodo,
2975 2604 3232 2652 eteorum
3257 2596 3351 2665 qui

131 2699 234 2749 γος
289 2682 399 2751 γὰρ
437 2682 648 2743 αὐτοῖς,
692 2682 765 2744 ὡς
812 2677 981 2747 εἷπον,
1012 2684 1128 2735 ἐστὶ
1174 2686 1495 2751 συναγαχεῖν
1532 2683 1699 2753 μόνην

1803 2694 2047 2749 utuntur,
2084 2701 2323 2739 errorem
2360 2688 2623 2755 coarguit.
2664 2684 2798 2738 Nam
2839 2685 2892 2741 id
2936 2700 3103 2741 unum
3143 2685 3326 2738 intuen

130 2772 239 2842 τὴν
274 2772 402 2841 μίαν
428 2771 666 2842 ἐκείνηνο
710 2772 879 2836 οὐδεὶς
912 2774 968 2827 δὲ
1002 2774 1128 2844 περί
1158 2774 1436 2844 ἀκριϐείας
1466 2774 1525 2825 τὸ
1576 2774 1697 2827 σύν-

1804 2785 1915 2840 tur,
1952 2786 2008 2830 ut
2036 2776 2239 2831 dictum
2273 2786 2376 2840 est,
2408 2779 2582 2831 solum
2607 2788 2665 2831 ut
2690 2778 2837 2829 illum
2869 2776 3010 2831 diem
3046 2775 3351 2839 detrahant,

134 2863 283 2915 ολον.
326 2856 633 2915 Διαλλάττει
658 2863 712 2915 δὲ
742 2865 835 2916 καί
862 2865 921 2917 τὸ
955 2866 1083 2936 παρ’
1115 2866 1295 2928 αὐτοῖς
1330 2865 1697 2936 ψηφιζόμενον

1804 2879 1964 2935 quam
2020 2867 2257 2935 idipsum
2307 2880 2436 2920 vero
2485 2876 2673 2922 exacte
2727 2864 2951 2929 faciant,
3004 2864 3157 2933 pensi
3216 2846 3354 2919 nihil

136 2954 261 3018 ἔτος
298 2954 433 3025 πρὸς
476 2955 541 3006 τὸν
582 2955 707 3025 παρ’
743 2957 872 3024 ημῖν
912 2956 1051 3009 κατὰ
1098 2957 1196 3026 τὴν
1252 2957 1697 3030 ἐκκλησιαστικὴν

1806 2956 2025 3014 habent.
2060 2955 2198 3021 Quin
2230 2959 2391 3009 etiam
2422 2955 2630 3009 annalis
2680 2948 2896 3009 illorum
2953 2961 3239 3021 computus
3286 2954 3355 3006 ab

135 3044 438 3115 παράδοσιν
452 3044 843 3115 ἀριθμούμενον
858 3062 870 3074 ·
893 3045 1077 3116 ἐπειδὴ
1103 3049 1215 3109 τοῖς
1233 3046 1339 3098 ἀπὸ
1369 3046 1490 3099 Ἀδέι
1499 3065 1536 3116 μ
1557 3047 1698 3101 ἔτεσι

1805 3046 1869 3103 eo
1907 3048 2194 3118 discrepat,
2240 3062 2397 3117 quem
2430 3063 2530 3102 nos
2560 3062 2626 3102 ex
2673 3044 2960 3100 traditione
2989 3044 3356 3100 ecclesiastica

144 3142 224 3202 ις’
265 3134 663 3206 προστιθέασιν.
711 3135 867 3213 Ἀλλὰ
896 3137 1066 3188 ταῦτα
1095 3136 1213 3189 κατ’
1244 3135 1537 3215 ἐπιδρομὴν
1573 3138 1699 3207 περὶ

1805 3140 2122 3193 retinemus.
2154 3138 2360 3207 Quippe
2403 3139 2469 3191 ad
2509 3152 2681 3193 annos
2712 3137 2905 3191 Adami
2936 3136 3171 3192 sedecim
3216 3136 3355 3205 adji-

142 3228 368 3281 ὲκείνων
400 3228 659 3291 εἰπόντες,
705 3229 782 3290 εἰς
828 3227 888 3281 τὸ
921 3228 1273 3298 προκείμενον
1297 3227 1694 3299 ἐπανέλθωμεν,

1804 3230 1975 3284 ciunt.
2011 3229 2209 3283 Verum
2252 3228 2367 3282 hrec
2410 3228 2475 3282 de
2511 3228 2617 3281 illis
2648 3228 2804 3297 quasi
2838 3226 3013 3282 obiter
3044 3227 3352 3296 attigimus;

142 3321 245 3388 τὴν
271 3318 446 3372 αἰτίαν
488 3318 805 3389 τρανοῦντες
846 3318 943 3388 τῆς
984 3318 1089 3370 τῶν
1121 3296 1444 3389 -ὲμϐολίμων
1480 3320 1538 3373 ἐν
1578 3296 1695 3381 *τοῖς

1798 3335 1943 3375 nunc
1986 3320 2053 3374 ad
2102 3320 2436 3391 propositum
2487 3319 2769 3373 redeamus
2797 3358 2811 3380 ,
2864 3332 3191 3388 causamque
3232 3318 3356 3370 red-

142 3409 293 3463 ετεσι
327 3409 423 3479 τῆς
443 3408 665 3479 σελήνης
692 3409 1002 3482 προσθήκης
1038 3410 1241 3482 μηνῶν.

153 3603 269 3681 Τις,
317 3600 411 3656 καί
440 3602 539 3681 διὰ
572 3602 629 3655 τι
644 3601 771 3681 ,τῷν
807 3604 1133 3681 ἐμϐολίμων
1159 3607 1365 3681 μηνῶν
1400 3610 1439 3677 ἠ
1465 3609 1532 3662 ἐν
1573 3609 1695 3675 τοῖς

220 3673 375 3749 ἔτεσι
398 3673 506 3749 τῇς
551 3673 815 3749 σετίήνης
838 3673 1191 3749 szoofﬂrixq.
1232 3673 1344 3731 Καὶ
1384 3673 1566 3733 πόθεν
1601 3673 1693 3733 ἀεὶ

218 3743 293 3816 τὸΔ
334 3743 563 3809 πρῶτον
604 3744 866 3816 ἄρχεται,
924 3747 1021 3799 καί
1077 3747 1194 3800 ποῦ
1240 3749 1305 3799 τὸ
1358 3750 1695 3804 τελευταῖον

218 3810 400 3881 λήγει.

220 3924 315 3978 ΙΓ’.
343 3926 581 3996 Λέγομεν
622 3923 735 3991 οὖν,
779 3928 854 3992 ὡς
885 3929 971 3982 διὰ
995 3929 1151 3982 τοῦτο
1184 3931 1362 3993 αὺτοῖς
1404 3930 1693 4003 ἐνεϐλήθη-

155 4032 273 4079 σαν,
309 4017 394 4085 ἕνα
429 4016 489 4083 ἐξ
530 4019 647 4080 ἐνὸς
680 4020 771 4071 καὶ
806 4019 899 4072 τοῦ
935 4020 1096 4073 αὑτοῦ
1134 4021 1298 4091 μηνὸς
1332 4022 1500 4075 ταῦτα
1532 4022 1697 4094 ψηφίο

154 4105 334 4167 ζεσθαι
357 4107 724 4171 κανονισθῶσι,
761 4108 835 4179 μὴ
860 4109 1091 4181 ἄλλωςῆ
1136 4112 1277 4165 οὕτω
1313 4113 1499 4167 παθεῖν
1540 4114 1697 4167 τοῦτο
1746 4106 1751 4107 ν

154 4194 437 4264 δυνάμενα,
474 4195 562 4248 διὰ
592 4196 686 4266 τὴν
718 4199 801 4266 ἐφ’
848 4200 1074 4252 ἑκάστου
1115 4202 1220 4252 τῶν
1248 4202 1437 4256 ἕνδεκα
1468 4205 1695 4275 ὑστέρη-

160 4300 243 4336 σιν
270 4284 503 4355 ήμερῶν,
530 4280 603 4338 ὧν
626 4287 686 4339 τὸ
707 4286 926 4357 ήλιακὸν
956 4288 1092 4351 ἔτος,
1133 4290 1230 4341 οὐκ
1258 4290 1379 4359 ἕχον
1403 4292 1498 4361 τὴν
1529 4293 1696 4346 ἐλλει-

157 4374 268 4443 qm.
296 4374 351 4441 ἐξ
389 4376 503 4437 ἑνὸς
539 4378 631 4430 καί
660 4378 751 4429 τοῦ
782 4378 941 4430 αὐτοῦ
975 4380 1137 4449 μηνὸς
1165 4382 1461 4452 ἀρχόμενον
1483 4384 1567 4437 ἀεὶ
1600 4403 1697 4438 κα·-

161 4464 441 4528 νονίζεταιο
487 4466 628 4533 λέγω
662 4467 734 4537 δὴ.
765 4467 856 4519 τοῦ
890 4469 1103 4539 ὲαρινοῦ
1139 4472 1229 4523 καὶ
1274 4472 1369 4542 τὴν
1415 4474 1696 4546 ἰσημερίαν

163 4554 389 4623 ἔχοντας’
438 4556 496 4617 ὃς
550 4559 665 4608 ἐστι
708 4559 846 4610 κατὰ
897 4559 993 4627 μὲν
1045 4560 1341 4629 Ῥωμαίους
1405 4564 1693 4634 Ἀπρίλιος,

1796 3411 2025 3478 damus,
2077 3425 2175 3466 cur
2236 3408 2507 3467 embolimi
2578 3397 2792 3463 menses
2851 3407 3130 3463 lunaribus
3192 3408 3354 3462 annis

1795 3506 2131 3559 inserantur.

1799 3615 1955 3686 175
1984 3614 2346 3687 Quanamisit,
2371 3622 2421 3666 et
2444 3628 2544 3687 qua
2564 3611 2624 3663 de
2643 3626 2808 3687 causa
2852 3611 2948 3687 ﬁat
2974 3610 3026 3662 in
3046 3610 3356 3687 annisllmzre

1864 3680 2117 3739 ῖηὲηδὶιιηι
2153 3680 2545 3737 εηιὺοίὶγηοτιιηι
2584 3680 2826 3748 adjectio.
2885 3680 3019 3733 Item
3068 3680 3202 3732 unde
3244 3695 3356 3744 pcr-

1863 3764 2013 3824 petuo
2075 3754 2275 3822 primus
2346 3767 2511 3805 annus
2571 3752 2747 3815 ineat,
2808 3760 2858 3804 et
2916 3750 3004 3803 ubi
3060 3752 3358 3815 postrema;

1756 3877 1761 3881 _
1865 3825 2105 3893 desinat]

1868 3934 2002 3990 Xlll.
2028 3934 2117 3989 Sic
2151 3936 2313 4005 igitur
2346 3935 2654 3995 statuimus,
2688 3932 2907 3987 obeam
2937 3943 3155 3984 causam
3187 3928 3351 3983 inseri

1796 4043 2010 4083 menses
2033 4028 2175 4089 illos,
2200 4034 2255 4081 ut
2273 4026 2339 4079 ab
2355 4042 2461 4080 uno
2476 4024 2770 4092 eodemque
2781 4034 2962 4074 mense
2977 4027 3233 4088 perpetuo
3250 4009 3362 4081 cal-1'

1797 4121 1951 4173 culus
1980 4119 2235 4188 procedat
2267 4133 2280 4167 :
2316 4115 2459 4185 quod
2491 4114 2647 4167 aliter
2683 4114 2737 4166 in
2770 4111 2927 4164 annis
2959 4110 3079 4164 istis
3109 4110 3344 4164 obtineri

1796 4226 1907 4265 non
1939 4218 2137 4280 potest,
2167 4209 2424 4278 quoniam
2460 4205 2657 4274 singuli
2701 4202 2892 4256 diebus
2935 4201 3188 4255 undecim
3221 4199 3353 4255 deli-

1798 4303 1989 4366 ciunt;
2035 4316 2155 4369 quo.
2185 4299 2397 4353 defectu
2445 4311 2568 4350 cum
2616 4296 2811 4350 solaris
2853 4310 3030 4349 annus
3068 4302 3255 4353 vacet,
3284 4307 3350 4345 ex

1798 4392 1987 4446 eodem
2044 4404 2255 4459 semper
2315 4389 2489 4450 initio,
2546 4388 2801 4440 nimirum
2857 4401 3027 4440 verno
3082 4395 3136 4437 et
3190 4383 3353 4451 aequi-

1798 4483 2018 4537 noctiali
2049 4497 2253 4545 mense,
2274 4480 2669 4550 proﬁciscitur;
2698 4493 2853 4546 quem
2882 4476 3095 4545 quidem
3120 4473 3351 4527 Romani

1798 4572 2035 4639 Aprilem
2082 4578 2296 4631 vocant,
2356 4568 2670 4634 Macedones
2719 4566 3067 4628 Xantlticum,
3111 4563 3346 4632 Egyptii

164 4646 297 4698 κατὰ.
338 4646 393 4698 δὲ
434 4633 744 4710 Μακεδόνας
784 4626 1059 4716 Ξανθικὺς,
1091 4626 1230 4704 κατὰ
1275 4652 1329 4703 δὲ
1374 4626 1696 4721 Αἰγυτετίους

1802 4626 2135 4733 Pharmulhi,
2170 4659 2374 4714 Hebraei
2418 4658 2584 4713 Nisan
2626 4678 2638 4711 :
2682 4658 2767 4711 cui
2812 4657 3010 4709 Arietis
3050 4655 3262 4723 signum
3296 4654 3349 4707 in

165 4736 440 4808 Φαρμουθὶ,
474 4739 613 4791 κατὰ
643 4739 700 4791 δὲ
751 4739 1027 4808 Ἐϐραίους
1066 4741 1235 4797 Νισάν
1259 4759 1272 4772 ’
1309 4744 1402 4794 καί
1434 4743 1571 4796 κατὰ
1607 4745 1696 4796 τὸν

169 4825 407 4889 ζωδιακὸν
433 4825 620 4898 [ἥλιον]
650 4828 679 4878 ό
719 4827 1002 4897 λεγόμενος
1043 4832 1190 4899 παρὰ
1231 4835 1341 4893 τοῖς
1378 4832 1479 4898 ἔξω
1510 4832 1693 4902 Κριός.

181 4917 377 4985 Ἐπειδὴ
406 4917 509 4987 γὰρ
542 4918 660 4971 καθ’
698 4919 920 4972 ἕκαστον
947 4920 1062 4982 ἔτος
1102 4923 1280 4983 αὐτοῖς
1317 4924 1349 4992 ή
1398 4922 1590 4993 σελήνη
1634 4925 1697 4992 τῇ

106 5046 114 5056 .
169 5009 571 5077 τῶνείρημένων
596 5016 661 5063 ια’
684 5012 901 5081 ήμερῶν
922 5011 1148 5081 ἐλλείψει
1181 5013 1463 5076 τοσαύταις
1493 5015 1694 5067 ὑποκα-

170 5096 490 5160 ταϐαίνουσα,
524 5098 621 5168 τὴν
668 5101 758 5169 ἀφ’
788 5096 855 5171 ἦς
886 5102 1082 5172 ἧρξατο
1126 5102 1357 5173 ἡμέραν,
1397 5106 1493 5174 οὐχ
1527 5105 1621 5157 ἕνα
1654 5104 1701 5135 ⁸³

173 5188 259 5239 καὶ
290 5188 370 5239 τὸν
397 5188 554 5240 αὐτὸν
599 5189 851 5260 κέκτηται
893 5194 1065 5264 ἀρχὴν
1098 5193 1140 5223 ⁸⁷
1177 5195 1337 5263 μῆνα,
1386 5194 1541 5263 δῆλον
1572 5198 1697 5249 ὄντα

176 5277 311 5347 παρὰ
332 5280 462 5353 τοὺς
493 5279 699 5343 ἄλλους,
730 5282 863 5334 ἀλλὰ
901 5285 1101 5346 πάντας
1128 5284 1337 5353 ἐπίσης,
1384 5288 1446 5337 ὲκ
1476 5270 1569 5338 τοῦ
1612 5289 1698 5341 διὰ

177 5352 367 5421 «Mdv
406 5367 523 5421 καθ’
566 5370 752 5440 εἱρμὸν
812 5373 1180 5437 ἀναποδίζειν·
1238 5375 1311 5437 ὡς
1354 5354 1695 5445 ἁσημείωτον

183 5458 401 5512 ἐντεῦθεν
427 5460 686 5533 ὑπάρχειν
700 5462 881 5537 λοιπὸν
910 5466 1006 5534 τὴν
1027 5466 1071 5497 ⁸⁸
1097 5466 1200 5517 τῶν
1224 5467 1387 5535 αὐτῆς
1410 5470 1692 5537 νεομηνίας

181 5547 315 5602 ἑτῶν.
366 5549 429 5602 Ἦ
447 5553 662 5621 τεχνικὴ
700 5554 873 5623 ψῆφος
912 5554 1048 5623 αὕτη
1085 5557 1177 5607 καὶ
1217 5557 1430 5625 μέθοδος
1476 5557 1693 5625 γέγονεν

181 5642 257 5694 ὑπ’
274 5640 422 5709 αὐτῆς
450 5643 587 5695 κατὰ
610 5642 705 5713 τὴν
723 5646 828 5698 τῶν
856 5645 991 5698 ἑπτὰ
1012 5646 1196 5714 ὲμὸολί
1202 5664 1313 5715 μων
1342 5647 1653 5719 προσθήκην
1675 5666 1689 5679 υ

245 5793 285 5823 ⁸⁸
308 5791 340 5854 Ι.
370 5786 701 5857 ιπικτίοιως.
736 5778 742 5784 ’
792 5797 836 5829 ⁸⁸
866 5797 904 5851 f.
938 5796 1032 5862 τῷ.

1109 5799 1153 5829 ⁸⁵
1180 5797 1220 5864 f.
1249 5798 1525 5854 ἀστασίαν.
1602 5802 1646 5833 ⁸⁸
1679 5802 1720 5867 f.
1753 5804 1812 5855 οὐ
1846 5804 1965 5856 καθ’
1995 5804 2107 5859 ἶνα.
2183 5802 2226 5835 ⁸⁷
2253 5802 2293 5869 Ῑ.
2326 5800 2423 5872 τὴν
2448 5802 2538 5869 ἀρ.

1803 4751 2037 4805 Zodiaco
2088 4750 2397 4820 respondet.
2454 4749 2663 4802 Etenim
2720 4748 2971 4816 quoniam
3016 4747 3141 4797 luna
3192 4753 3353 4811 quot-

1806 4842 1962 4896 annis
1986 4840 2234 4894 undecim
2266 4839 2475 4898 diebus,
2500 4848 2557 4891 ut
2574 4838 2827 4899 diximus,
2853 4836 3032 4903 a_solis
3054 4847 3195 4886 anno
3223 4834 3353 4887 deli-

1806 4931 1977 4992 cicns,
2010 4930 2231 4983 totidem
2260 4942 2403 4988 eum,
2438 4926 2581 4979 unde
2607 4939 2896 4994 progressa
2934 4934 3035 4985 est,
3064 4923 3350 4975 antevertit

1801 5017 1941 5070 diem
1972 5035 1985 5081 ;
2019 5016 2137 5069 ideo
2170 5030 2275 5068 non
2302 5023 2507 5068 certum
2544 5015 2702 5069 habet
2740 5029 2803 5066 ac
2832 5014 2994 5065 ﬁxum
3032 5014 3086 5065 in
3111 5026 3220 5065 uno
3248 5013 3347 5063 alio

1800 5121 1928 5174 quo,
1956 5116 2008 5159 et
2037 5106 2175 5159 inter
2209 5115 2434 5158 caeteros
2468 5103 2759 5157 manifesto
2786 5119 2973 5158 mense
3002 5103 3349 5173 principium,

1801 5198 1893 5251 sed
1952 5200 2020 5249 ab
2067 5196 2319 5251 omnibus
2372 5196 2648 5263 aequaliter
2701 5195 2928 5263 incipit,
2985 5195 3124 5262 quod
3162 5209 3358 5247 omnes

1799 5289 2239 5356 retrogrediendo
2290 5287 2601 5355 singillatim
2649 5294 2916 5355 peragret,
2966 5286 3100 5353 adep
3142 5294 3201 5337 ut
3254 5284 3355 5336 ob-

1802 5394 2019 5431 scurum
2051 5379 2143 5442 sit,
2187 5393 2285 5431 nec
2318 5377 2422 5429 ulla
2451 5371 2600 5429 certa
2637 5385 2759 5428 nota
2791 5375 3069 5427 deﬁnitum
3104 5374 3345 5433 initium,

1800 5486 1831 5523 a
1864 5457 1987 5539 quo.
2019 5472 2312 5526 neomenia:
2353 5471 2495 5523 illius
2545 5471 2813 5522 oriantur.
2850 5466 2990 5520 Hinc
3023 5465 3349 5519 artiﬁciosus

1799 5560 1901 5613 iste
1944 5550 2230 5629 computus
2283 5576 2345 5611 ac
2392 5559 2680 5614 metliodus
2727 5557 3015 5611 adhibetur
3057 5556 3383 5621 ejustnodi.‘

1798 5650 1852 5703 in
1869 5665 1972 5720 qua
1994 5661 2193 5721 septem
2218 5650 2485 5705 adduntur
2501 5648 2772 5702 embolimi
2801 5662 3011 5701 menses
3036 5665 3048 5699 :
3068 5646 3145 5698 uti
3170 5660 3355 5715 quem.

2618 5800 2659 5832 “
2696 5801 2735 5869 ί·
2771 5800 2867 5870 τὴν
2896 5799 3094 5871 ἀρχήνι
