4124 6320
748 421 876 478 1251

1713 413 1803 469 AD
1842 413 2104 469 EUSEBII
2142 413 2533 469 CIIIIONICON
2579 408 2945 470 APPENDIX.
3009 443 3015 456 ι

3798 414 3912 469 1232

747 529 1032 587 admodum
1073 532 1173 595 sol,
1205 531 1282 588 sic
1325 529 1413 583 illa
1463 529 1531 581 ah
1582 543 1688 581 uno
1751 527 2045 596 eodemque
2106 541 2287 581 mense
2314 530 2360 587 Α

2280 545 2287 578 ι
2314 530 2360 587 Α
2386 527 2460 590 ὠς
2491 526 2556 580 ἂν
2585 524 2643 590 ἐξ
2675 527 2790 589 ὲνὺς
2823 528 2913 580 καὶ
2944 523 3034 578 τοῦ
3075 522 3236 577 αὑτοῦ
3279 522 3464 594 μηνὸς,
3501 524 3691 594 ὥσπερ
3717 528 3744 578 ό
3767 527 3908 597 ἡλιος,

746 629 945 676 certam
991 619 1363 690 proﬁciscendi
1413 617 1648 686 regulam
1693 629 1754 668 ac
1807 615 2286 669 dinumerationem

745 705 954 766 habeat.
997 710 1218 764 Accedit
1249 718 1301 762 et
1337 708 1439 761 alia
1479 722 1664 772 causa,
1697 708 1950 760 nimirum
1977 717 2028 760 ut
2077 707 2287 762 decem-

744 803 1058 856 novennalis
1090 801 1331 857 circulus
1370 807 1538 865 totus,
1587 799 1749 853 unius
1801 800 1928 852 anni
1965 799 2161 854 solaris
2199 799 2285 853 in-

744 903 878 964 star,
928 892 1160 961 undique
1203 906 1298 960 par
1334 890 1436 945 sibi
1477 905 1538 941 ac
1575 889 1768 946 similis
1804 890 2070 953 exsistat;
2105 897 2287 960 utpote

744 987 812 1039 ab
842 986 1027 1039 eodem
1063 994 1260 1052 puncto
1285 982 1654 1051 progrediens,
1686 982 1815 1036 etin
1849 981 1986 1036 idem
2027 991 2286 1053 perpetuo

742 1077 998 1130 desinens
1030 1094 1042 1128 :
1075 1082 1130 1127 ut
1160 1074 1385 1142 exempli
1427 1087 1625 1146 causa,
1670 1073 1842 1141 primo
1894 1087 2036 1128 anno
2074 1089 2286 1143 semper

743 1187 771 1222 a
811 1169 900 1222 dic
933 1166 1104 1220 Martii
1151 1181 1282 1220 χχιιι
1323 1165 1552 1234 incipit;
1595 1165 1783 1220 ultimo
1831 1167 1954 1218 item
1998 1179 2159 1229 anno,
2191 1165 2283 1234 qui

741 1267 826 1314 est
879 1274 1052 1314 nonus
1103 1257 1366 1318 decimus,
1417 1257 1470 1309 in
1523 1255 1763 1324 ejusdem
1818 1254 1995 1308 Martii
2042 1269 2155 1308 χχιι
2196 1254 2285 1309 die

745 1349 946 1404 ﬁnitur.
997 1349 1072 1403 Ac
1108 1348 1175 1402 de
1238 1351 1442 1416 epactis
1496 1346 1654 1408 lunae,
1705 1353 1759 1401 et
1803 1345 2105 1400 embolimis
2157 1345 2284 1399 bac-

743 1450 920 1496 tenus.

1221 1655 1298 1710 De
1332 1672 1501 1710 mense
1533 1655 1803 1711 Pascltali.

805 1786 947 1863 XIV.
977 1788 1237 1857 Deinceps
1275 1802 1402 1841 vero
1431 1793 1484 1841 ct
1517 1786 1608 1840 ille
1635 1785 1908 1842 notandus
1933 1795 2016 1843 est
2051 1789 2276 1853 mensis,

2387 615 2526 668 οὓτω
2545 615 2610 687 δὴ
2647 619 2741 670 καὶ
2796 617 2934 685 αὕτη
2977 615 3318 684 κανονίζηται
3356 617 3448 668 καὶ
3486 616 3799 687 ψηφίζηται.
3823 620 3910 672 Καὶ

2386 708 2446 758 οὐ
2477 707 2629 760 τοῦτο
2666 707 2843 778 μόνον,
2878 707 2990 761 ἀλλ’
3027 707 3112 759 ἵνα
3151 707 3243 760 καὶ
3281 707 3354 768 ὡς
3387 701 3467 769 εἷς
3507 708 3750 772 ἐνιαυτὸς
3783 710 3910 779 ἡλίου

2387 799 2644 852 πάντοθεν
2681 798 2868 853 ἑαυτὸν
2903 800 2945 831 ⁸³
2987 799 3263 868 τυγχάνων
3299 799 3408 861 ἶσος
3440 799 3534 852 καὶ
3574 800 3754 870 ὅμοιος
3775 801 3803 852 ὁ
3825 804 3910 864 πᾶς

2385 891 2482 960 τῆς
2506 891 3123 962 ἐννεακαιδεκαετηρίδος
3151 891 3344 952 κύκλος
3367 891 3547 961 δειχθῇ
3569 908 3583 920 ·
3616 891 3692 953 ὡς
3717 892 3818 944 άπὸ
3832 892 3908 944 τοῦ

2386 981 2548 1034 αὑτοῦ
2578 984 2655 1045 εἰς
2695 983 2754 1036 τὸ
2808 983 2937 1036 αὐτὸ
2984 984 3204 1052 σημεῖον
3231 982 3523 1052 ἀρχόμενος
3557 999 3614 1035 τε
3639 981 3731 1036 καὶ
3767 999 3910 1051 περα-

2385 1071 2476 1123 τού
2485 1090 2640 1140 μενος
2661 1090 2672 1102 ·
2706 1069 2814 1126 οἷον
2851 1073 2988 1128 κατὰ
3020 1074 3116 1143 μὲν
3131 1073 3190 1125 τὸ
3219 1074 3427 1144 πρῶτον
3453 1075 3569 1136 ἔτος
3603 1075 3763 1126 αὑτοῦ
3795 1064 3910 1144 λάμ-

2385 1165 2561 1218 ϐάνων
2599 1167 2684 1218 ἀεὶ
2730 1165 2826 1238 τὴν
2854 1168 3024 1238 ἀρχὴν
3059 1169 3115 1221 ὲν
3158 1170 3224 1237 τῇ
3265 1166 3355 1230 τοῦ
3394 1167 3636 1237 Μαρτίῳ
3670 1167 3826 1238 μηνὸς
3845 1170 3909 1220 εἰ-

2385 1256 2501 1309 κάδι
2534 1257 2687 1328 τρίτῃ
2708 1273 2721 1287 ·
2755 1258 2890 1310 κατά
2932 1259 2988 1310 δὲ
3019 1258 3078 1311 τὸ
3118 1257 3436 1319 τελευταῖον,
3465 1259 3632 1327 ήγουν
3666 1257 3724 1310 τὸ
3754 1260 3912 1311 ἐννεα-

2383 1349 2714 1410 καιδέκατον,
2743 1350 2804 1402 τὸ
2840 1351 2988 1412 τέλος
3022 1349 3301 1419 δεχόμενος
3337 1350 3477 1404 κατὰ
3506 1350 3604 1420 τὴν
3645 1348 3733 1402 τοῦ
3765 1351 3906 1403 αὑτοῦ

2386 1436 2548 1508 μηνὸς
2574 1439 2760 1493 εἰκάδα
2785 1439 3055 1510 δευτέραν.
3083 1423 3266 1493 Ταύτα
3285 1436 3377 1492 οὖν
3404 1441 3498 1492 καὶ
3533 1440 3659 1510 περὶ
3680 1439 3907 1492 ὲπακτῶν

2383 1529 2629 1599 σελήνης,
2667 1529 2890 1582 καὶτῶν
2923 1531 3251 1600 ὲμόολίμων.

2708 1662 2844 1730 Περὶ
2882 1662 2987 1716 τοῦ
3017 1663 3364 1730 Πασχαλιόυ
3389 1663 3600 1731 μηνός.

2451 1794 2546 1846 ΙΔ’.
2575 1796 2665 1846 Δεῖ
2691 1793 2746 1846 δὲ
2771 1795 2908 1848 κατὰ
2936 1793 2995 1847 τὸ
3032 1794 3317 1848 ἀκόλουθον
3347 1793 3783 1865 ἐπισημήνασθαι
3826 1793 3908 1847 καὶ

740 1858 829 1954 qui
876 1880 1117 1936 omnium
1174 1892 1437 1933 annorum
1496 1877 1636 1931 lunae
1693 1881 2001 1935 neomenias
2049 1880 2103 1934 in
2156 1895 2276 1936 sese
2309 1857 2351 1912 Β

2309 1857 2351 1912 Β
2379 1882 2540 1935 αὑτὸν
2568 1883 2656 1936 τὸν
2700 1884 2843 1954 μῆνα
2883 1886 2974 1938 τὸν
3009 1885 3138 1940 εἴσω
3167 1885 3358 1939 ἑαυτοῦ
3395 1857 3625 1953 τάςῖτιῖιν
3652 1887 3783 1940 ὅλων
3821 1885 3906 1956 τῆς

739 1975 974 2030 continet
1009 1993 1020 2028 :
1053 1987 1212 2042 quem
1249 1978 1527 2041 propterea
1569 1969 1786 2040 quidam
1831 1969 2143 2028 Paschalem
2186 1989 2279 2030 no-

741 2068 945 2120 minant
991 2085 1005 2121 :
1056 2066 1195 2120 unde
1229 2071 1283 2119 et
1332 2065 1544 2119 initium
1591 2065 1754 2120 ducat
1797 2071 1848 2118 et
1899 2066 1991 2118 ubi
2043 2065 2277 2120 desinat.

742 2157 979 2210 Dicimus
1025 2149 1207 2226 itaque
1263 2157 1424 2226 hujus
1481 2155 1696 2210 initium
1754 2171 1875 2210 esse
1922 2155 2097 2210 Martii
2139 2173 2274 2224 vnn;

743 2250 901 2305 ﬁnem
928 2250 1127 2320 Aprilis
1153 2265 1208 2304 ν.
1247 2247 1380 2302 Nam
1411 2249 1478 2303 ab
1501 2249 1598 2302 illa
1637 2249 1724 2304 die
1765 2247 1831 2302 ad
1871 2248 2029 2314 hanc,
2071 2251 2276 2304 solidus

740 2341 880 2393 litua:
923 2337 1124 2392 mensis
1178 2336 1462 2391 intercedit
1498 2337 1706 2392 dierum
1747 2353 1895 2391 nix.
1922 2335 2024 2392 Per
2057 2338 2276 2393 totidem

739 2428 882 2482 enim
926 2427 1068 2480 ultro
1130 2426 1374 2494 citroque
1441 2437 1744 2481 commeant
1818 2426 1963 2480 illius
2012 2442 2275 2481 annorum

737 2517 1052 2574 ncomenlr.
1110 2524 1325 2586 propter
1371 2516 1619 2571 undecim
1676 2517 1813 2580 dies,
1868 2518 2065 2587 quibus
2115 2518 2275 2574 iidem

740 2605 994 2661 deﬁciunt
1027 2606 1173 2670 anni,
1203 2617 1256 2659 et
1287 2604 1538 2669 tricenos,
1565 2605 1658 2675 qui
1698 2621 1792 2675 per
1819 2605 2275 2661 intercalationem

740 2683 1025 2748 adduntur.
1073 2692 1162 2747 Sic
1185 2701 1238 2746 et
1275 2703 1477 2762 quarta:
1511 2694 1748 2756 decimae,
1775 2708 1893 2763 quae
1921 2709 1950 2747 a
1981 2696 2275 2750 neomeniis

740 2785 930 2842 deinde
958 2785 1275 2856 procedunt,
1305 2786 1358 2838 in
1404 2799 1538 2853 quas
1577 2784 1784 2838 Pascha
1808 2784 2114 2839 Iudaeorum
2141 2785 2276 2840 inci-

739 2877 834 2942 dit,
862 2875 1048 2930 eodem
1091 2874 1250 2928 modo
1291 2889 1505 2927 sursum
1559 2875 1919 2945 deorsumque
1951 2884 2206 2945 promota:
2243 2894 2275 2930 a

745 2983 833 3022 1m
873 2967 959 3021 die
997 2965 1172 3018 Martii
1209 2965 1482 3035 capientes
1510 2965 1812 3030 exordium,
1846 2967 2048 3036 Aprilis
2077 2975 2272 3022 octava

740 3059 950 3114 decima
979 3057 1348 3112 terminantur.
1383 3057 1588 3112 Etenim
1620 3058 1686 3111 ad
1710 3057 1847 3111 hanc
1877 3057 1942 3112 ab
1961 3058 2064 3110 illa
2085 3070 2273 3111 novem

739 3156 793 3204 et
816 3147 1001 3217 viginti
1025 3153 1375 3200 numerantur
1402 3147 1536 3201 dies.
1567 3147 1753 3202 Annus
1786 3147 1946 3210 lunas,
1972 3147 2062 3217 qui
2095 3160 2272 3200 remo-

736 3236 1003 3291 tissimam
1071 3235 1314 3288 omnium
1377 3236 1744 3299 neomeniam,
1804 3244 1857 3291 et
1928 3233 2272 3306 quartamde-

737 3328 930 3382 cimam
983 3325 1174 3389 habet,
1214 3334 1297 3380 est
1345 3324 1584 3380 decimus
1629 3333 1812 3380 sextus
1838 3344 1853 3382 :
1883 3328 1975 3396 qui
2014 3329 2270 3396 citimam,

737 3429 978 3476 Octavus.

741 3715 816 3769 De
865 3716 1244 3768 transcensione
1292 3714 1470 3783 legalis
1513 3715 1812 3779 Paschalis,
1861 3733 1922 3770 ac
1949 3717 2012 3772 de
2049 3718 2269 3772 solemni

809 3785 1124 3848 Christiano,
1155 3802 1186 3836 a
1222 3800 1322 3853 qua
1342 3785 1425 3837 die
1456 3785 1508 3837 in
1535 3801 1690 3856 quam
1731 3785 1944 3852 produci
1991 3790 2270 3841 secundum

806 3871 1050 3929 canonem
1083 3856 1255 3908 liceat.

809 3986 919 4042 XV.
964 3988 1224 4053 Quocirca
1255 4002 1378 4050 nos,
1407 3987 1607 4056 quibus
1637 3988 1931 4042 secundum
1963 3992 2184 4058 gratiam
2217 4005 2271 4044 In

744 4097 763 4128 ι
821 4080 1020 4148 azymis
1050 4079 1374 4134 sinceritatis
1428 4078 1480 4149 (I
1520 4079 1641 4134 Cor.
1685 4096 1756 4147 ν,
1797 4079 1849 4151 8)
1890 4103 1908 4132 ι
1952 4081 2151 4136 Christi
2179 4081 2272 4138 Dei

737 4172 909 4225 nostri
942 4169 1147 4224 Pascha
1177 4171 1445 4224 celebrare
1472 4172 1804 4236 conceditur,
1840 4161 2005 4226 unam
2036 4179 2272 4226 tantum-

738 4260 896 4314 modo
932 4260 1072 4315 diem
1116 4259 1566 4324 transcendimus,
1615 4264 1824 4332 quoties
1874 4263 1931 4317 in
1977 4263 2270 4317 Sabbatum

740 4351 1057 4405 incidentem
1109 4352 1379 4406 cernimus
1428 4350 1609 4404 Martii
1660 4368 1749 4406 ιιι
1804 4351 1966 4416 diem,
2015 4353 2070 4406 in
2110 4367 2270 4423 quam

738 4439 877 4493 luna:
916 4440 1120 4494 decima
1151 4447 1345 4508 quarta
1379 4439 1671 4508 competit;
1711 4448 1958 4509 septenos
1993 4457 2121 4496 vero
2155 4441 2271 4496 dies

739 4529 1172 4594 trausmittimus,
1204 4529 1416 4598 quoties
1461 4544 1590 4583 xvm
1635 4530 1831 4597 Aprilis
1871 4531 1958 4584 die
1995 4530 2270 4586 Dominica

739 4619 944 4695 incidit,
984 4626 1037 4672 et
1074 4616 1404 4672 in'eamdent
1430 4627 1617 4688 quarta
1650 4619 1854 4672 decima
1879 4620 2036 4687 primi
2060 4618 2271 4674 Judan-

739 4724 855 4762 rnm
892 4709 1091 4762 mensis
1117 4709 1358 4762 incurrit.
1395 4708 1467 4761 Ita
1502 4709 1738 4778 quinque
1781 4717 1834 4764 et
1867 4705 2087 4778 triginta
2129 4719 2271 4767 totos

737 4795 853 4849 dies
895 4796 1137 4866 (totidem
1196 4797 1337 4850 enim
1375 4811 1405 4849 a
1437 4813 1546 4849 χχιι
1604 4798 1780 4852 Martii
1822 4799 1887 4851 ad
1927 4815 2031 4852 xxv
2067 4799 2272 4868 Aprilis

739 4884 1001 4952 interiecti
1033 4886 1178 4957 sunt)
1224 4885 1444 4940 salutari
1492 4885 1736 4940 Paschati
1772 4889 2089 4943 celebrando
2132 4905 2273 4958 prae-

739 4975 1012 5028 stituimus
1058 4992 1071 5026 :
1113 4977 1244 5031 adeo
1289 4985 1348 5029 ut
1395 4991 1568 5045 neque
1610 4978 1744 5030 citra
1779 4979 1942 5041 illam,
1991 4994 2090 5033 nec
2130 4981 2270 5033 ultra

739 5066 895 5118 istam
922 5064 1197 5129 obeamus,
1234 5069 1304 5120 ob
1333 5069 1758 5122 ecclesiasticum
1787 5085 2044 5123 canonem
2074 5078 2127 5125 et
2162 5080 2271 5124 tra-

736 5153 1018 5219 ditionem,
1054 5171 1173 5225 quae
1218 5157 1358 5208 intra
1399 5157 1497 5211 hos
1540 5156 1655 5211 dies
1701 5155 1905 5212 Pascha
1950 5162 2160 5214 retinet.
2191 5159 2272 5213 Ad

739 5259 858 5297 cum
890 5246 1068 5312 itaque
1093 5248 1308 5301 modum
1342 5257 1446 5300 tam
1471 5251 1800 5314 neomenias,
1824 5240 1984 5319 quam
2013 5255 2272 5310 terminos

741 5330 1024 5390 Paschalcs
1056 5337 1107 5389 in
1140 5338 1294 5392 annis
1322 5339 1460 5391 lunae
1489 5347 1884 5409 computamus.

849 5708 892 5738 σο
989 5711 1179 5780 έαυτῳ,
1257 5713 1300 5743 ὀ
1329 5711 1445 5781 Leg.
1473 5717 1564 5767 xui.
1604 5732 1821 5786 τεσσαρ.

2296 4517 2348 4578 D

2379 1971 2602 2043 σελήνης
2659 1973 2794 2025 ὲτῶν
2823 1975 3109 2044 νεομηνίας
3147 1975 3474 2046 κεκτημένον
3497 1993 3510 2005 ·
3553 1976 3613 2029 ὃν
3644 1975 3730 2027 διὰ
3767 1974 3908 2027 τοῦτο

2378 2061 2470 2114 καί
2518 2079 2661 2126 τινες
2693 2064 2996 2133 Πασχάλιον
3042 2065 3391 2134 ὀνομάζουσι’
3441 2066 3600 2119 πόθεν
3640 2061 3786 2129 οὗτος
3821 2066 3908 2135 τὴν

2376 2152 2548 2223 ἀρχὴν
2574 2152 2706 2222 ἔχει,
2733 2153 2826 2208 καὶ
2852 2154 2958 2207 ’ποῦ
2991 2154 3052 2207 τὺ
3075 2156 3244 2218 τέλος.
3269 2157 3448 2225 Φαμὲν
3467 2153 3578 2218 οὖν,
3605 2157 3680 2219 ὡς
3702 2157 3794 2227 τὴν
3821 2158 3907 2228 μὲν

2376 2240 2544 2311 ἀρχὴν
2572 2241 2850 2311 ἔχεικατὰ
2886 2243 2983 2313 τὴν
3027 2243 3119 2296 τοῦ
3167 2244 3407 2314 Μαρτίου
3433 2245 3598 2314 μηνὸς
3637 2252 3707 2315 η’,
3751 2247 3810 2298 τὸ
3858 2246 3907 2299 δὲ

2375 2329 2520 2393 τέλος
2567 2330 2706 2384 κατὰ
2751 2331 2848 2402 τὴν
2893 2331 2987 2386 τοῦ
3031 2333 3302 2404 Ἀπριλίου
3341 2341 3404 2389 ε’.
3447 2334 3534 2400 Ἐξ
3568 2335 3774 2405 ἐκείνης
3811 2337 3908 2406 γάρ

2379 2421 2535 2491 μέχρι
2567 2422 2766 2491 ταύτης
2791 2424 2896 2494 μὴν
2926 2423 3156 2494 ὑπάρχει
3191 2426 3417 2496 σελήνης
3437 2423 3740 2498 ὁλόκληρος,
3769 2442 3907 2478 τουτο

2374 2513 2485 2566 ἐστι
2532 2514 2609 2566 κΘ¹
2653 2514 2874 2586 ἡμέραι.
2901 2515 2998 2568 Διὰ
3032 2516 3296 2570 τοσούτων
3331 2517 3435 2589 γάρ
3463 2518 3643 2570 ἀνίασι
3669 2520 3761 2571 καὶ
3787 2535 3906 2570 κατ-

2378 2604 2486 2656 ίασι
2510 2603 2576 2656 τὰ
2598 2603 2793 2674 ταύτης
2825 2603 2919 2676 ἔτη
2943 2605 3080 2659 κατά
3127 2606 3224 2676 τὴν
3270 2607 3444 2659 αὐτῶν
3475 2607 3756 2677 νεομηνίαν
3781 2607 3840 2659 ἐκ
3856 2623 3907 2658 τε

2373 2693 2472 2762 τῆς
2515 2693 2621 2746 τῶν
2646 2699 2712 2744 ια’
2742 2694 2960 2764 ἡμερῶν
2988 2694 3292 2763 ἐκλείψεως,
3320 2695 3412 2746 καὶ
3434 2695 3528 2765 τῆς
3557 2694 3662 2746 τῶν
3690 2695 3731 2746 λ’
3761 2694 3908 2747 πάλιν

2374 2781 2605 2852 ἐμϐολῆς
2650 2782 2744 2835 καὶ
2799 2784 3129 2855 προσθήκης.
3171 2782 3324 2838 Οὕτω
3364 2783 3420 2836 δὲ
3482 2786 3574 2837 καὶ
3617 2785 3673 2837 αἱ
3709 2786 3770 2837 ὲκ
3809 2783 3910 2836 τῶν

2373 2873 2667 2944 νεομηνιῶν
2689 2871 2840 2938 αὖθις
2867 2877 3232 2947 προαγόμεναι
3262 2878 3908 2948 τεσσαρεσκαιδεκαταῖαι,

2373 2962 2493 3015 καθ’
2523 2963 2588 3025 ἂς
2626 2963 2891 3037 Ἑϐραίοις
2918 2965 2978 3018 τὸ
3008 2967 3194 3036 Πάσχα
3229 2966 3481 3029 τελεῖται,
3522 2967 3660 3020 κατὰ
3690 2967 3778 3018 τὸν
3805 2967 3908 3018 ῐσον

2374 3054 2724 3124 ἐπαιρόμεναι
2765 3057 2856 3108 καὶ
2881 3057 3196 3128 καθιέμεναι
3236 3059 3453 3129 τρόπον,
3496 3057 3594 3127 τὴν
3624 3059 3718 3127 μὲν
3751 3056 3910 3128 ἀρχὴν

2374 3142 2551 3214 ἔχουσι
2579 3145 2716 3199 κατὰ
2751 3146 2849 3216 τήν
2882 3148 3068 3201 εἰκάδα
3105 3147 3321 3220 πρώτην
3364 3149 3456 3202 τοῦ
3487 3149 3742 3219 Μαρτίου,
3771 3149 3828 3202 τὸ
3858 3150 3911 3202 δὲ

2373 3234 2522 3297 τέλος
2550 3234 2686 3287 κατὰ
2723 3237 2819 3306 τὴν
2856 3235 3128 3308 Ἀπριλίου
3158 3246 3245 3309 ιη’.
3288 3239 3404 3292 Ἀπ’
3437 3240 3648 3310 ἐκείνης
3688 3239 3790 3308 γάρ
3815 3238 3908 3300 ἕως

2374 3323 2571 3394 ταύτης
2604 3324 2679 3376 κθ¹
2711 3325 2886 3378 πάλιν
2928 3327 3130 3396 ἡμέραι
3169 3329 3539 3398 τυγχάνουσιν.
3571 3330 3722 3382 Ἐστι
3766 3327 3820 3380 δὲ
3854 3327 3911 3380 τὸ

2375 3414 2471 3484 τὴν
2489 3417 2799 3488 κατωτέραν
2831 3418 3016 3472 πασῶν
3037 3419 3145 3472 τῶν
3171 3421 3466 3490 νεομηνιῶν
3487 3419 3768 3491 νεομηνίαν
3794 3435 3906 3471 τεσ-

2377 3511 2868 3579 σαρετκαιδεκάτην
2905 3511 2953 3541 ¹¹⁰
3001 3510 3316 3582 ποιούμενον
3355 3511 3474 3575 ἔτος
3515 3512 3736 3583 σελήνης
3763 3510 3824 3563 τὸ
3857 3507 3913 3573 ἐξ

2376 3600 2467 3651 καὶ
2495 3599 2711 3652 δέκατον
2729 3618 2744 3632 ·
2775 3602 2834 3654 τὸ
2864 3601 2920 3653 δὲ
2942 3601 3040 3672 τὴν
3061 3603 3331 3674 ἀνωτέραν
3359 3603 3418 3656 τὸ
3445 3610 3515 3674 η’.

2375 3727 2653 3800 Περὶγτῆλς
2692 3731 2841 3782 κατὰ
2877 3729 2942 3782 τὸ
2987 3731 3232 3798 νομικὸν
3272 3731 3482 3798 Πάσχα
3527 3731 3911 3800 ὑπερϐάσεως,

2443 3799 2541 3870 καί
2563 3797 2668 3870 τῆς
2688 3800 2834 3851 κατὰ
2857 3797 3109 3870 Χριστὸν
3137 3797 3411 3866 τελετῆς,
3430 3797 3508 3854 ἐκ
3550 3797 3721 3867 ποίας
3749 3797 3909 3870 αῦτη,

2446 3868 2542 3920 καὶ
2568 3868 2741 3937 μέχρι
2764 3869 2936 3934 ποίας
2961 3869 3180 3937 ἡμέρας
3200 3871 3576 3930 κανονίζεται.

2444 4001 2542 4054 IE'.
2574 4000 2770 4072 Διόπερ
2797 4002 2955 4072 ἡμεῖς
2985 3989 3196 4056 οἱκατὰ
3225 4003 3380 4075 χάριν
3407 4005 3464 4058 ὲν
3494 4025 3512 4057 ι
3536 4005 3760 4076 ἀζύμοις
3790 4007 3910 4059 είλι-

2376 4090 2611 4160 κρινείας
2652 4110 2670 4141 ι
2706 4091 2766 4142 τὸ
2795 4090 2940 4147 κατὰ
2966 4094 3195 4164 Χριστὸν
3231 4096 3320 4148 τὸν
3356 4097 3486 4150 Θεὸν
3511 4082 3665 4168 ἡμῶν
3688 4102 3909 4172 ἠξιωμέ-

2375 4197 2453 4232 νοι
2507 4182 2694 4251 Πάσχα
2749 4183 2938 4248 τελεῖν,
2999 4185 3074 4248 ὡς
3129 4187 3254 4254 μίαν
3299 4187 3463 4256 μόνην
3516 4192 3910 4263 ὐπερδαίνοντες

2376 4271 2604 4342 ἡμέραν,
2635 4275 2721 4328 ὅτε
2743 4275 3003 4344 Σαϐϐάτῳ
3034 4276 3330 4344 φθάνουσαν
3369 4278 3570 4349 τδοιμεν
3605 4282 3716 4352 τὴν,
3737 4283 3911 4336 εἰκάδα

2377 4362 2595 4434 πρώτην
2625 4364 2717 4416 τοῦ
2746 4365 2990 4434 Μαρτίου
3019 4367 3201 4436 μηνὸς,
3233 4367 3350 4419 καθ’
3388 4370 3454 4439 ἣν
3501 4375 3730 4442 συναντᾷ
3754 4376 3843 4426 καὶ
3879 4375 3909 4442 ἡ

2379 4454 2438 4505 ιδ’
2465 4453 2557 4506 τοῦ
2589 4454 2820 4522 φέγγους
2839 4469 2851 4481 ·
2887 4455 2979 4507 καὶ
3009 4455 3082 4519 ὡς
3119 4456 3274 4510 πάλιν
3290 4458 3333 4521 ζ’
3375 4459 3587 4530 ἡμέρας
3613 4462 3770 4531 ἡνίκα
3808 4464 3908 4515 Κυ-

2380 4541 2571 4612 ριακῆς
2597 4543 2882 4613 γινομένην
2911 4545 3154 4616 εὖρωμεν
3183 4547 3280 4619 τὴν
3308 4548 3398 4601 τοῦ
3447 4550 3717 4621 Ἀπριλίου
3758 4552 3910 4622 μηνὸς

2375 4637 2474 4701 ιη’·
2508 4631 2586 4694 εἰς
2615 4631 2680 4702 ἣν
2719 4633 2918 4701 ὁμοίως
2951 4633 3044 4687 καὶ
3073 4639 3104 4706 ἡ
3139 4637 3258 4690 καθ’
3301 4638 3578 4711 Ἐϐραίους
3611 4642 3670 4694 ιδ’
3697 4642 3910 4694 τελεῖται

2375 4718 2588 4788 πρώτου
2620 4721 2817 4790 μηνός-⁸
2841 4724 2899 4776 ὲν
2928 4723 2969 4775 λ’
2995 4726 3086 4777 καὶ
3110 4732 3150 4778 ε’
3169 4729 3286 4790 ταῖς
3319 4716 3517 4792 πάσαις
3552 4731 3783 4802 ἡμέραις
3811 4732 3909 4800 (το-

2375 4809 2566 4862 σαῦται
2610 4811 2716 4881 γὰρ
2765 4813 2820 4865 αἱ
2867 4813 2972 4866 ἀπὸ
2999 4815 3206 4879 εἰκάδος
3241 4817 3490 4892 δευτέρας
3531 4823 3788 4892 Μαρτίου,
3824 4822 3909 4893 μέο

2374 4915 2463 4968 χρι
2493 4900 2701 4963 εἰκάδος
2721 4904 2973 4973 πέμπτης
3009 4905 3280 4977 ’Λπριλίου
3301 4911 3673 4984 τυγχάνουσι)⁶
3708 4929 3908 4968 κανονι-

2367 4987 2566 5057 ζόμεθα
2615 4991 2676 5041 τὸ
2730 4994 2991 5064 σωτήριον
3040 4997 3230 5067 Πάσχα
3272 4998 3479 5062 τελεῖν)
3531 5001 3653 5055 οὔτε
3709 5005 3908 5073 ἐκείνην

2353 5079 2906 5164 ύποκαταϐαίνοντες,
2935 5085 3056 5140 οὗτε
3091 5088 3208 5159 μὴν,
3231 5093 3429 5164 ταύτην
3465 5094 3906 5165 ὑπεραναϐαίνον-

2371 5187 2461 5231 τες
2485 5187 2498 5199 ·
2527 5170 2613 5222 διὰ
2641 5171 2734 5241 τὴν
2770 5175 2826 5226 ὲν
2855 5175 3076 5241 ταύταις
3117 5180 3211 5232 καὶ
3245 5182 3374 5236 εἴσω
3413 5183 3613 5236 τούτων
3634 5185 3907 5255 δεδομένην

2373 5260 2502 5327 ἡμῖν
2530 5261 2978 5334 ὲκκλησιαστικὴν
3021 5270 3333 5338 νομοθεσίαν
3374 5289 3431 5325 τε
3469 5277 3562 5326 καὶ
3604 5276 3903 5345 παρῖιδοσιν.

2387 5349 2542 5420 Ἡμῖν
2575 5354 2673 5422 μὲν
2700 5350 2789 5406 οὖν
2819 5355 2878 5406 αἴ
2902 5372 2959 5408 τε
2983 5362 3254 5430 νεομηνίαι
3277 5366 3370 5417 καὶ
3408 5368 3905 5436 τεσσαρεσκαιδεκα-

2375 5444 2519 5493 ταῖαι
2547 5444 2651 5495 τῶν
2675 5447 2772 5516 τῆς
2802 5446 3024 5520 σελήνης
3057 5453 3192 5506 ἐτῶν
3225 5454 3465 5508 ἐντεῦθεν
3501 5459 3594 5508 καί
3633 5459 3770 5512 οὕτω
3814 5457 3912 5526 timo

2378 5529 2637 5580 φίζονται.

2378 5546 2637 5597 φιςονται.
