4124 6320
183 437 336 498 1233
1008 441 1064 496 S.
1105 441 1357 496 MAXIM!
1392 442 1750 507 MARTYRIS

1786 446 2157 503 COMPUTUS
2193 446 2629 525 ECCLESIAST.

3273 451 3405 506 ιεει

197 560 309 614 Ἐκ
345 561 516 634 ποῖον
557 562 880 634 Ῥωμαϊκὸν
909 562 1073 634 μῆνα
1101 565 1161 634 "‘_
1182 564 1245 616 τὸ
1286 564 1633 634 Πασχάλιον
1657 584 1751 621 κα·

1863 568 2102 634 Quonam
2145 583 2207 620 ea;
2237 565 2467 620 Romano
2501 577 2673 619 mense
2700 567 2920 618 methodi
2961 565 3406 619 Paschalis'ordi—

265 630 563 690 πυγίζουσι
583 672 597 693 ,
631 632 727 683 καὶ
769 630 962 703 πάντα
994 633 1068 703 τὰ
1098 632 1208 697 τῆς
1234 630 1502 701 σελήνης
1541 636 1668 703 ἐτη,
1706 640 1760 690 οι

261 703 746 766 πενταπλοῦντες
766 702 952 755 ταῦτα
981 702 1077 754 καὶ
1099 704 1520 770 ἑξαπλοῦντες·
1537 702 1640 759 καὶ
1657 708 1760 759 πό-

258 772 382 833 θεν,
405 772 500 822 καὶ
537 770 679 837 πῶς,
725 773 822 824 καὶ
852 772 921 823 ἐν
964 773 1154 837 ποίοις
1184 774 1344 826 ἔτεσι
1385 776 1756 828 πεντεκαιδε-

261 838 474 912 utimr,
504 840 619 912 καί
643 841 712 904 ἐξ
746 841 1136 912 καὶ-δεκάτην
1171 842 1238 895 ιδ’
1278 843 1602 912 ψηφίζουσι
1651 845 1757 900 τοῦ

260 911 391 963 καθ’
433 911 727 979 Ἐϐραίους
754 909 982 979 πρώτου
1009 913 1219 980 μηνός.

259 1008 376 1090 ις’.
403 1023 526 1086 Τοῖς
550 1022 606 1076 δὲ
642 1021 1004 1076 πενταπλοῦσι
1029 1022 1197 1076 ταῦτα
1227 1024 1320 1077 καὶ
1351 1023 1667 1088 ἐξαπλοῦσιν
1699 1023 1757 1090 ἐξ

173 1111 350 1167 ἄλλου
393 1114 696 1184 Ῥωμαϊκοῦ
735 1115 920 1186 μηνὸς,
962 1114 1104 1181 λέγω
1150 1114 1213 1185 δὴ
1258 1115 1351 1168 τοῦ
1393 1115 1751 1187 Δεκεμϐρίου·

175 1203 298 1257 ἀπὸ
319 1203 429 1276 γὰρ
448 1205 548 1274 τῆς
571 1205 760 1258 τούτου
790 1205 1050 1276 τετάρτης
1086 1207 1394 1276 ποιούμενοι
1434 1209 1528 1279 τὴν
1560 1210 1779 1282 ἀρχὴν,-

175 1294 284 1348 τοῦ
312 1294 411 1360 τὰς
431 1295 557 1360 ὅλας
587 1297 874 1367 νεομηνίας
911 1295 1039 1349 εἴσω
1067 1298 1256 1350 ἑαυτοῦ
1290 1300 1622 1370 κεκτημένου
1659 1317 1755 1371 μη·

177 1386 301 1452 νὸς,
327 1388 389 1440 τὸ
413 1387 562 1452 τέλος
590 1390 670 1451 είς
707 1389 804 1461 τὴν
837 1389 929 1441 τοῦ
970 1390 1293 1460 Ἰανουαρίου
1334 1391 1568 1445 τίθενται
1605 1391 1752 1462 πρώ-

179 1494 306 1546 την.
341 1477 438 1529 Κθ¹
470 1477 577 1547 γὰρ
613 1478 704 1530 ἀπ’
731 1478 941 1547 ἐκείνης
978 1479 1136 1550 μέχρι
1169 1480 1368 1550 ταύτης
1395 1481 1518 1533 εἰσί.
1557 1483 1751 1554 Διόπερ

177 1567 254 1619 ὲκ
272 1567 477 1637 ταύτης
503 1567 584 1637 δὴ,
613 1567 756 1637 φημὶ
779 1569 877 1637 τῆς
899 1568 990 1620 τοῦ
1029 1569 1350 1640 ’Ῑανουαρίου
1370 1570 1608 1642 πρώτης,
1644 1575 1750 1628 πᾶν

179 1655 419 1726 σελήνης
448 1656 816 1720 κανονίςοντες
847 1657 992 1720 ἔτος,
1031 1654 1145 1710 εἶτα
1177 1659 1262 1718 διὰ
1293 1659 1391 1729 τὴν
1427 1660 1518 1713 τοῦ
1563 1662 1750 1732 Πάσχα

175 1743 403 1814 ψῆφον,
449 1742 520 1798 τά
567 1745 674 1797 ἀπὸ
717 1745 922 1815 ταύτης
963 1748 1121 1816 μέχρι
1163 1747 1602 1817 συμπληρώσεως
1653 1749 1747 1801 τοῦ

175 1837 455 1906 Μαρτίου,
492 1837 598 1890 τῶν
632 1842 680 1903 t,’
710 1839 946 1908 ἡμερῶν,
990 1837 1246 1909 ἰσάριθμα
1287 1840 1599 1907 συνάγοντες
1627 1841 1750 1911 ἑξηιέ

1931 639 2214 699 nationem,
2243 655 2305 690 ac
2336 637 2601 688 lunarium
2637 651 2892 688 annorum
2922 636 3240 701 putationem
3270 651 3407 703 repe-

1933 717 2084 767 tant,
2130 709 2218 776 qui
2255 707 2347 759 hos
2396 707 2693 776 quinquies,
2735 707 2996 776 sexiesque
3037 705 3401 771 multiplicant.

1931 776 1998 829 Et
2022 774 2174 830 unde.
2210 793 2270 829 ac
2294 775 2568 846 quomodo,
2599 786 2647 828 et
2676 774 2860 844 quibus
2893 777 2944 828 in
2977 777 3127 827 annis
3149 777 3404 846 decimam

1894 907 1896 910 ν
1926 848 2184 916 quintam,
2216 863 2276 898 ac
2307 845 2506 899 sextum
2539 846 2791 898 decimam
2823 855 3086 916 numerent
3110 861 3222 898 eam
3243 845 3401 911 diem,

1923 914 2112 989 quw‘in
2142 914 2368 968 Iudaico
2395 932 2563 968 mense
2592 932 2766 969 ret-era
2794 926 2869 968 est
2898 915 3095 968 decima
3125 926 3330 984 quarta.

1925 1027 2064 1082 XVI.
2093 1027 2193 1094 Qui
2219 1044 2391 1083 annos
2406 1028 2546 1082 luna:
2571 1028 2913 1097 perquinque
2945 1042 3009 1081 ac
3031 1042 3124 1081 sex
3149 1027 3402 1097 multipli-

1854 1127 2001 1183 cant,
2025 1119 2093 1172 ab
2121 1120 2291 1173 altero
2326 1135 2508 1173 mense
2545 1117 2856 1172 methodum
2901 1117 3126 1185 ducunt,
3158 1118 3404 1173 videlicet

1855 1223 1886 1262 a
1927 1208 2227 1264 Decembri.
2296 1209 2454 1278 176
2503 1206 2637 1261 Nam
2687 1223 2717 1261 a
2771 1214 2965 1277 quarto
3009 1207 3169 1276 hujus
3217 1209 3402 1276 auspi-

1853 1306 2063 1363 cantes,
2092 1315 2328 1354 mensem
2363 1299 2536 1364 illum,
2563 1299 2657 1368 qui
2685 1297 2996 1353 neomcnias
3033 1298 3086 1351 in
3125 1314 3184 1352 se
3214 1313 3404 1353 omnes

1853 1391 2251 1461 complectitur,
2288 1389 2540 1444 Kalendis
2584 1389 2858 1444 Januariis
2908 1389 3213 1443 t’erminant.
3269 1388 3404 1443 Sunt

1850 1481 1994 1534 enim
2041 1482 2108 1536 ab
2149 1481 2240 1534 illo
2275 1481 2337 1540 ad
2371 1481 2514 1536 hunc
2555 1495 2747 1535 novem
2783 1489 2833 1534 et
2862 1479 3048 1548 viginti
3092 1479 3224 1533 dies.
3258 1479 3405 1545 Quo-

1850 1573 1992 1626 circa
2031 1573 2204 1642 prima
2240 1571 2481 1627 Januarii
2521 1574 2639 1628 dies
2662 1572 2845 1642 regula
2872 1579 2954 1626 est
2994 1585 3256 1626 annorum
3287 1587 3404 1626 om-

1847 1661 1996 1715 nium
2060 1661 2248 1726 lunae;
2311 1661 2379 1716 ab
2435 1662 2619 1716 eadem
2668 1677 2795 1715 vero
2863 1668 2994 1729 quot
3032 1660 3099 1714 ad
3155 1661 3400 1716 ultimam

1849 1750 2024 1804 Martii
2068 1750 2182 1805 dies
2221 1762 2591 1814 numerantur,
2631 1752 2723 1821 qui
2759 1759 2896 1806 sunt
2925 1751 3239 1821 nonaginta,
3286 1753 3404 1806 toti-

1847 1842 1967 1897 dem
1998 1842 2068 1896 ob
2103 1841 2419 1897 Paschalem
2445 1850 2758 1912 computum
2783 1843 3119 1912 sexagesima
3149 1843 3400 1912 scrupula

178 1929 378 1993 κοστὰ,
413 1929 547 2000 μετὰ
592 1929 691 1999 τὴν
718 1931 797 1992 είς
831 1930 872 1981 λ’
917 1929 1068 1983 λύσιν
1100 1929 1302 1984 τούτων
1338 1931 1400 2001 δὴ
1447 1931 1554 1987 τῶν
1593 1932 1751 2004 τριῶν

1857 1933 2114 2004 colligunt
2162 1952 2173 1986 :
2209 1944 2320 1986 tum
2352 1932 2619 1988 divisione
2667 1933 2831 1997 facta,
2863 1941 2917 1987 et
2959 1933 3181 1989 tricenis
3213 1934 3402 1990 diebus

183 2020 397 2091 μηνῶν,
439 2019 803 2091 ἡμισημέριον
846 2022 1027 2085 αὐτοῖς
1081 2022 1583 2092 καταλιμπάνεται,
1636 2041 1755 2075 του-

175 2113 335 2166 τέστι
364 2113 406 2164 λ’
430 2113 710 2184 ἑξηκοστά,
733 2113 948 2178 Τούτοις
976 2109 1067 2167 οὖν
1097 2117 1208 2177 τοῖς
1233 2114 1274 2166 λ’
1303 2114 1606 2184 ἐξηκοστοϊς
1629 2132 1750 2168 συν-

177 2204 544 2274 εμϐάλλοντες
585 2205 676 2257 καὶ
703 2205 771 2257 τὰ
793 2207 911 2258 κατ’
961 2205 1077 2268 ἔτος
1104 2206 1329 2258 ἕκαστον
1348 2207 1411 2258 ὲκ
1431 2205 1539 2258 τῶν
1565 2212 1603 2258 ε’
1627 2205 1750 2277 ιὲξη⁹

179 2296 397 2349 κοστῶν
447 2295 786 2368 συναγόμενα
833 2297 1028 2368 μόρια,
1085 2297 1179 2349 καὶ
1227 2296 1501 2359 ποιοῦντες
1544 2297 1754 2368 ἡμέραν

185 2314 397 2349 κοστων
447 2314 580 2349 συνα
619 2314 786 2366 ομενα
833 2314 994 2368 μορια
1013 2336 1028 2358 ,
1085 2314 1179 2349 και
1227 2314 1501 2359 ποιοῦντες
1544 2314 1752 2368 ημεραν

185 2387 322 2458 μίαν
339 2405 352 2418 ·
389 2388 546 2458 τυχὸν
572 2314 628 2441 gs
651 2390 743 2441 καὶ
769 2390 923 2460 πρὸς,
946 2391 1012 2443 ἄν
1035 2406 1158 2459 περ,
1188 2388 1262 2451 ὡς
1281 2389 1445 2451 εἰκὸς,
1469 2389 1562 2440 καὶ
1593 2390 1752 2459 μέχρι

178 2475 351 2528 τινῶν
391 2476 610 2548 ἡμερῶν
642 2476 736 2530 τοῦ
781 2478 1053 2550 Ἀπριλίου
1083 2478 1180 2549 τὴν
1219 2477 1398 2548 ψῆφον
1440 2479 1746 2533 ἐκτείνωσι·

177 2564 274 2618 διὰ
313 2565 409 2636 τὴν
440 2566 532 2619 τοῦ
577 2567 766 2638 Πάσχα
825 2569 1183 2639 παρέκϐασιν.
1238 2570 1469 2641 Ἀνάγκη
1514 2570 1618 2642 γὰρ
1662 2571 1751 2623 καὶ

179 2656 391 2710 τούτων
434 2659 824 2729 συλλαμϐάνειν
866 2660 934 2712 τά
966 2660 1249 2731 ὲξηκοστά.
1285 2662 1572 2731 Συμδαίνει
1619 2663 1752 2716 πάν-

179 2763 298 2811 τως
346 2750 539 2812 αὐτοὺς
588 2753 653 2820 τῇ
695 2751 795 2820 τῆς
839 2743 969 2821 μιᾶς
1006 2752 1217 2822 ἡμέρας
1264 2752 1296 2822 ἦ
1337 2753 1430 2805 καὶ
1461 2752 1552 2806 δύο
1583 2771 1751 2824 προσ-

179 2839 333 2912 θήκῃ
356 2842 422 2903 ⁷³,
448 2841 546 2910 τὴν
564 2840 658 2893 τοῦ
683 2841 897 2912 πρώτου
921 2843 1038 2895 καθ’
1075 2841 1351 2913 Ἐϐραίους
1376 2844 1538 2912 μηνὸς
1557 2844 1634 2908 ιδ’,
1659 2843 1750 2896 καὶ¹

185 2938 274 2995 ιε’,
315 2930 470 3001 ῆκαὶ
509 2939 604 2996 ις’.
637 2934 746 2985 Καὶ
788 2940 846 2986 ιε’
887 2934 1004 3005 μὲν,
1052 2935 1109 2987 ἐν
1152 2934 1361 2996 τούτοις
1401 2937 1510 2997 τοῖς
1556 2935 1747 3002 ἔτεσιν,

179 3017 300 3076 οἷον
341 3024 419 3094 τῷ
463 3025 716 3096 πέμπτῳ,
758 3027 852 3078 κικῖ⁵
902 3029 1062 3097 ἕκτῳ,
1098 3029 1189 3080 καὶ
1221 3025 1285 3092 ξ’,
1321 3029 1414 3081 καὶ
1449 3035 1518 3098 η’,
1550 3030 1642 3081 καὶ
1684 3029 1748 3094 θ’,

179 3117 284 3168 καὶ
329 3123 380 3175 ι’.
415 3117 508 3170 καὶ
537 3121 742 3192 ια’,καὶ
780 3118 867 3181 ιϐ’,
901 3120 994 3172 καὶ
1043 3127 1130 3187 ιγ’,
1164 3120 1258 3171 καὶ
1287 3120 1367 3183 ιδ’,
1405 3120 1498 3172 καὶ
1543 3127 1622 3181 ιε’,
1657 3121 1750 3172 καὶ

184 3211 288 3270 ις’,
330 3206 396 3237 ’⁷³
436 3208 529 3260 καὶ
558 3208 620 3261 ιϐ’
651 3226 663 3239 ο
710 3209 769 3273 ἒξ
797 3211 886 3262 καὶ
920 3210 1148 3280 δεκάτην
1176 3211 1233 3262 δὲ
1264 3212 1322 3262 ὲν
1365 3211 1443 3280 τῷ
1487 3211 1750 3281 ἰσαρίθμῳ

181 3296 319 3361 ἔτει,
348 3293 458 3351 οἷον
492 3300 568 3369 τῷ
599 3299 658 3364 ἐξ
703 3303 794 3354 καὶ
833 3301 1074 3373 δεκάτῳ·
1122 3301 1466 3372 συμφωνοῦσι
1499 3302 1554 3354 δὲ
1591 3304 1748 3372 μόνον

182 3393 782 3463 τεσσαρεσκαιδεκάτην
824 3393 914 3445 καὶ
967 3393 1120 3446 αὐτοὶ
1140 3432 1154 3454 ,
1187 3395 1284 3464 τὴν
1315 3393 1357 3445 δ’
1398 3394 1489 3446 καὶ
1522 3400 1554 3446 ι’
1585 3393 1750 3463 ψηφί-

183 3479 373 3544 ζοντες
397 3483 454 3533 ἐν
478 3482 654 3552 μόνοις
690 3482 896 3546 τούτοις
920 3487 1030 3547 τοῖς
1077 3490 1116 3535 ε’
1154 3482 1318 3544 ἔτεσι,
1350 3483 1427 3553 τῷ
1464 3501 1523 3536 τε
1554 3483 1750 3554 πρώτῳ

186 3575 318 3644 παρ’
355 3575 775 3646 αὐτοῖς-δηλαδὴ
811 3574 1200 3647 ψηφιζομένῳ,
1239 3575 1482 3646 τετάρτῳ
1527 3577 1583 3628 δὲ
1623 3577 1748 3647 παρ’

181 3665 322 3733 ἡμῖν
355 3664 691 3733 τυγχάνοντι,
718 3666 812 3718 καὶ
835 3665 914 3736 τῷ
944 3666 1196 3736 δευτέρῳ,
1228 3667 1320 3718 καὶ
1347 3665 1424 3736 τῷ
1454 3672 1522 3740 γ’,
1551 3665 1644 3718 καὶ
1675 3664 1751 3734 τῷ

183 3756 248 3820 δ’,
282 3755 377 3807 καὶ
406 3763 492 3826 ιη’.
517 3755 731 3809 Τούτων
757 3753 849 3808 οὖν
889 3755 1060 3820 οὕτως
1097 3757 1345 3826 ἐχόντων,
1379 3754 1538 3826 ἡνίκα
1567 3757 1600 3826 ἡ
1640 3755 1750 3806 Ku-

184 3845 386 3917 ριακῆς
424 3847 470 3875 ⁷⁵
516 3845 548 3914 ἡ
594 3845 634 3896 δ’
694 3847 785 3898 καὶ
825 3852 854 3896 ι’
900 3844 988 3898 τοῦ
1047 3845 1258 3916 πρώτου
1313 3845 1430 3898 καθ’
1476 3844 1753 3916 Ἐϐραίους

185 3936 507 4004 συναντήσοι
534 3935 720 4005 μηνὸς,
763 3936 897 4007 πρὸς
935 3936 1178 4007 ἀνάγκης
1213 3935 1395 3990 λοιπὸν
1425 3936 1596 3992 εἰκάδι
1632 3935 1750 3988 δευ-

181 4025 325 4096 τέρᾳ
346 4024 440 4078 τοῦ
483 4024 733 4093 φέγγους,
765 4025 856 4078 καὶ
885 4026 1055 4080 εἰκάδι
1083 4011 1500 4098 τρίτηγίνεοθαι
1522 4017 1588 4077 re;
1614 4025 1752 4078 κατὰ

184 4117 424 4188 Χριστὸν
459 4117 680 4188 Πάσχα·
728 4117 936 4181 τούτοις
986 4119 1304 4190 παραλόγως
1343 4117 1632 4187 ψηφίζεται
1666 4118 1754 4172 διὰ

183 4208 288 4279 τὴν
335 4210 633 4282 εἰρημένην
670 4203 864 4266 αἰτίαν.
905 4211 1088 4265 Ταῦτα
1126 4214 1220 4267 καὶ
1256 4213 1381 4282 περὶ
1413 4212 1504 4264 τοῦ
1540 4216 1753 4284 Πάσχα-

183 4301 304 4354 λίου
332 4303 518 4373 μηνὸς,
554 4305 648 4356 καὶ
678 4304 776 4374 τῆς
808 4305 934 4374 περὶ
982 4307 1080 4376 τὴν
1111 4306 1752 4383 τεσσαρεσκαιδεκαταίαν

184 4391 399 4467 πλάνης
437 4396 543 4449 τῶν
572 4395 712 4448 οῦτω
738 4395 1076 4465 ψηφιζόντων
1117 4397 1353 4468 εἰρήσθω
1383 4397 1452 4451 τά
1480 4397 1593 4451 νῦν.

187 4503 330 4575 Περὶ
351 4503 470 4557 τῶν
491 4505 683 4575 ,Ἀδὰμ
711 4505 878 4564 ἐτῶν,
898 4506 1059 4557 πόση.
1085 4523 1148 4558 τε
1173 4505 1473 4575 τυγχάνει,
1504 4495 1600 4560 udi
1629 4500 1752 4571 πῶς

259 4573 335 4647 δι’
359 4574 556 4647 αὑτῶν
593 4573 699 4647 τοῦ
745 4593 805 4628 τε
841 4577 1018 4647 ἡλίου
1045 4577 1147 4647 καί.
1180 4573 1468 4644 σελήνης,
1507 4578 1605 4630 καὶ
1647 4576 1751 4630 τοῦ

237 4669 240 4672 ~
259 4645 568 4724 βισρξτου,
607 4646 673 4699 τὸ
691 4645 1081 4715 ἐνιστάμενον
1113 4645 1251 4711 ’ἔτος
1281 4649 1635 4714 εὑρίσκεται.

261 4759 362 4811 ΙΖ’.
395 4759 711 4826 Ἀναγκαῖον
762 4761 816 4814 δὲ
857 4760 989 4830 πρὸς
1033 4760 1240 4823 τούτοις
1281 4760 1474 4812 εἰδέναι
1522 4760 1615 4814 καὶ
1662 4760 1753 4812 τὸν

188 4848 423 4922 ἀριθμὸν
464 4850 571 4902 τῶν
619 4851 725 4903 ἀπὸ
769 4852 936 4921 Ἀδὰμ
970 4851 1122 4904 ἐτῶν.
1161 4853 1308 4904 Εἰσὶν
1339 4847 1429 4904 οὖν
1475 4853 1613 4904 κατά
1656 4852 1753 4922 τὴν

189 4938 646 5010 ἐκκλησιαστικὴν
679 4939 856 5008 ψῆφόν
899 4958 957 4994 τε
996 4942 1087 4994 καὶ
1122 4941 1413 5012 παράδοσιν
1460 4940 1618 5011 μέχρι
1657 4941 1753 5010 τῆς

105 5041 108 5046 ’
187 5030 492 5101 ἐνεστώσης
535 5031 591 5083 ιδ’
631 5031 988 5095 ίνδικτιῶνος,
1027 5032 1176 5094 ἔτους
1223 5030 1301 5082 λα’
1341 5030 1440 5098 τῆς
1481 5029 1754 5098 βασιλείας

198 5122 520 5192 Ἡρακλείου
559 5120 650 5196 τοῦ
697 5121 1082 5176 εὐσεϐεστάτου
1121 5121 1273 5192 ἡμῶν
1320 5119 1609 5189 βασιλέως,
1657 5120 1750 5192 έτη

188 5213 388 5284 ,ςρλγ’.
449 5213 539 5283 Τῷ
571 5214 679 5282 γὰρ
709 5214 879 5266 ταῦτα
919 5214 1158 5285 μερίζειν
1183 5214 1276 5267 καὶ
1305 5211 1552 5264 ἀναλύειν
1590 5210 1752 5279 γινώ-

188 5324 384 5362 σκεται
429 5307 520 5360 τοῦ
550 5325 608 5360 τε
652 5306 824 5377 ἡλίου,
857 5307 949 5359 καὶ
987 5307 1086 5374 τῆς
1117 5305 1363 5376 σελήνης,
1403 5305 1495 5357 καὶ
1546 5303 1638 5356 τοῦ
1673 5304 1750 5374 βι-

189 5399 381 5465 σέξτου
428 5399 489 5451 τὸ
518 5399 862 5468 ἐνιστάμενον
901 5398 1048 5459 ἕτος’
1095 5393 1202 5450 οἷον
1236 5397 1296 5448 τὸ
1347 5396 1442 5466 μὲν
1468 5395 1561 5448 τοῦ
1605 5395 1750 5468 ἡλίου

186 5494 307 5554 ἔτος
340 5490 427 5544 διὰ
465 5489 559 5543 τοῦ
607 5493 686 5554 είς
729 5497 810 5561 κη’
862 5488 1132 5560 μερίζεινυ
1182 5490 1414 5542 τοσαῦτα
1457 5490 1583 5560 γάρ,
1632 5507 1752 5541 του-

185 5584 370 5637 τέστιν
407 5589 512 5652 κη’,
548 5581 615 5634 τὰ
656 5581 747 5634 τοῦ
791 5581 938 5651 ἡλίου
978 5581 1071 5649 ἐτη
1105 5579 1436 5649 καθέστηκε·
1471 5581 1531 5632 τὸ
1568 5581 1622 5632 δὲ
1652 5580 1752 5644 τῆς

189 5674 421 5745 σελήνης
447 5674 563 5735 ἔτος
602 5673 689 5725 διὰ
717 5674 807 5726 τοῦ
863 5676 941 5736 εἰς
983 5672 1045 5724 ιθ¹
1099 5672 1276 5724 πάλιν.
1325 5671 1536 5742 Ἐπειδὴ
1573 5671 1753 5724 καὶτὰ

279 5791 322 5820 ⁷¹
361 5788 720 5861 Leg.ridetttr
767 5789 904 5841 κατὰ
938 5791 1104 5853 ποῖον,
1141 5789 1214 5841 νει
1264 5789 1326 5842 ἐκ
1378 5787 1526 5840 ποίου
1581 5789 1890 5860 Ῥωμαϊκοῦ
1934 5790 2121 5860 μηνός.

187 5861 282 5916 καὶ
310 5866 404 5922 ις’.
433 5859 502 5892 π
522 5859 560 5921 Ῑ.
595 5860 692 5921 τῆς
726 5861 862 5923 Κυρ.

1855 2023 1909 2077 in
1941 2027 2426 2096 mensessingulos
2455 2027 2756 2096 imputatis,
2784 2027 3023 2097 reliquus
3049 2039 3130 2083 est
3153 2029 3403 2084 dimidia-

1854 2129 1941 2175 tus
1998 2121 2133 2187 dies,
2190 2137 2310 2191 quae
2357 2133 2484 2176 sunt
2538 2121 2788 2191 scrupula
2843 2122 3082 2191 triginta.
3143 2121 3222 2176 Ad
3287 2122 3401 2175 lucc

1854 2210 2018 2280 igitur
2085 2210 2337 2278 scrupula
2404 2221 2583 2280 partes
2646 2211 2768 2266 illas
2837 2212 3056 2282 insuper
3114 2211 3396 2280 adjiciunt,

1853 2317 1972 2372 qua:
2032 2317 2095 2357 ex
2145 2303 2382 2372 quinque
2436 2303 2820 2372 sexagesimis,
2874 2303 2940 2357 de
2991 2303 3185 2372 quibus
3235 2318 3401 2372 supra

1852 2393 2217 2456 meminimus,
2264 2394 2554 2448 exsistunt.
2590 2394 2666 2446 Ita
2705 2394 2820 2447 dies
2852 2394 3064 2463 integra
3096 2393 3398 2460 conﬁcitur,

1851 2499 2021 2553 eoque
2065 2485 2296 2554 amplius
2341 2485 2643 2552 interdum,
2688 2487 2759 2550 si,
2796 2486 2938 2555 quod
2991 2496 3074 2541 est
3113 2492 3398 2540 consenta-

1851 2591 2032 2638 neum,
2071 2577 2136 2629 ad
2181 2577 2298 2632 dies
2334 2578 2540 2645 aliquot
2582 2577 2648 2630 dc
2688 2576 3115 2646 Aprilismeuse
3159 2576 3402 2632 calculus

1851 2666 2196 2738 provehatur,
2233 2675 2292 2720 ut
2332 2675 2442 2721 tum
2479 2669 2694 2731 accidit,
2731 2683 2852 2722 cum
2899 2666 3108 2724 Pascha
3141 2667 3400 2722 diffundi-

1850 2767 1958 2810 tur.
2010 2755 2161 2810 Tunc
2200 2758 2341 2811 enim
2401 2759 2490 2811 illa
2538 2744 2752 2828 quoque
2793 2759 3127 2828 sexagesima
3174 2772 3401 2813 necesse

1850 2853 1934 2900 est
1979 2861 2273 2902 assumere.
2321 2846 2400 2902 Ita
2450 2847 2506 2903 ﬁt
2544 2857 2624 2914 ut,
2669 2863 2777 2904 uno
2827 2848 3062 2906 alterove
3111 2848 3396 2918 superfuso

1849 2938 1955 3000 die,
1969 2947 2217 3007 quartam
2238 2939 2500 2995 decimam
2518 2939 2724 3009 Iudaici
2748 2942 2951 2998 mensis
2976 2949 3284 3012 computent
3304 2957 3393 3006 ιιι,

1849 3029 1934 3084 vel
1963 3046 2072 3085 xvi.
2096 3025 2364 3085 Decimam
2394 3034 2638 3102 quintam
2667 3049 2827 3103 porro
2853 3033 2999 3088 liisin
3027 3034 3182 3087 annis
3213 3049 3398 3088 nume-

1851 3127 1993 3185 rant,
2011 3120 2222 3190 quinto,
2256 3131 2428 3188 sexto,
2455 3125 2704 3193 septimo,
2737 3132 2947 3187 octavo,
2971 3139 3136 3189 nono,
3166 3123 3395 3188 decimo,

1852 3210 2507 3275 undecimo,duodecimo,
2526 3212 2734 3269 decimo
2751 3214 2934 3281 tertio,
2956 3214 3166 3270 decimo
3183 3223 3394 3284 quarto,

1777 3269 1820 3330 θ
1851 3298 2059 3354 decimo
2093 3301 2305 3370 quinto,
2337 3301 2545 3358 decimo
2561 3313 2734 3368 sexto,
2755 3319 2817 3359 ac
2835 3303 3047 3359 decimo
3068 3318 3228 3360 nono.
3265 3301 3397 3358 Sex-

1850 3401 1967 3451 tam.
2015 3392 2279 3446 decimam
2334 3402 2513 3448 autem
2570 3399 2623 3452 in
2681 3410 2823 3449 anno
2855 3394 3066 3450 decimo
3105 3400 3278 3448 sexto.
3339 3391 3397 3446 ln

1850 3492 2043 3553 quarta
2070 3482 2278 3537 decima
2304 3483 2538 3552 putanda
2575 3483 2858 3536 nobiscum
2899 3482 2953 3536 in
2995 3483 3150 3535 annis
3188 3488 3400 3541 tantum

1851 3577 2087 3644 quinque
2128 3575 2491 3639 consentiunt,
2532 3573 2779 3628 videlicet
2827 3574 2882 3627 in
2929 3573 3104 3644 primo
3137 3573 3396 3642 ipsorum,

1853 3667 1944 3736 qui
2002 3665 2158 3721 nol-is
2209 3674 2290 3720 est
2335 3675 2582 3734 quartus,
2638 3665 2899 3733 secundo,
2954 3665 3132 3728 tertio,
3182 3673 3395 3736 quarto,

1852 3757 2061 3812 decimo
2084 3764 2294 3811 octavo.
2321 3755 2417 3813 His
2445 3757 2856 3821 animadversis,
2888 3757 3099 3827 quoties
3128 3757 3180 3810 in
3218 3756 3400 3810 Domi-

1853 3847 2030 3900 nicam
2055 3854 2249 3917 quarta
2270 3848 2479 3902 decima
2510 3848 2666 3918 primi
2695 3847 2909 3903 Judaici
2953 3849 3153 3902 mensis
3189 3847 3398 3914 incidit,

1857 3953 2090 3994 necesse
2114 3948 2199 3995 est
2243 3955 2528 4010 perperam
2571 3939 2711 4008 apud
2747 3940 2870 3994 illos
2905 3938 3269 3993 Christianum
3295 3935 3399 3990 Pa-

1854 4029 1984 4085 scha
2030 4028 2098 4084 ad
2143 4031 2434 4086 secundam
2469 4038 2523 4088 et
2571 4030 2907 4094 vicesimam,
2958 4036 3050 4082 aut
3086 4027 3400 4086 vicesimam

1852 4119 2066 4174 tertiam
2103 4119 2245 4173 diem
2284 4120 2489 4174 lunaris
2537 4119 2738 4174 mensis
2790 4117 3023 4183 extendi,
3081 4117 3238 4187 cujus
3276 4131 3402 4172 cau-

1853 4224 1967 4264 sam
1997 4218 2118 4264 ante
2141 4208 2494 4265 reddidimus.
2522 4207 2790 4264 Hactenus
2821 4209 2886 4264 de
2913 4208 3154 4264 Paschali
3190 4223 3396 4271 mense,

1853 4302 2025 4369 deque
2069 4317 2273 4368 errore,
2325 4317 2485 4370 quem
2532 4301 2588 4354 in
2639 4311 2846 4370 quartae
2875 4300 3098 4360 decima:
3126 4301 3402 4368 putatioae

1855 4391 2204 4468 committunt
2226 4391 2319 4461 qui
2350 4393 2422 4445 ita
2453 4397 2782 4461 computant.

1856 4501 1933 4556 De
1985 4504 2138 4557 aum’s
2189 4502 2380 4557 Adami
2445 4514 2690 4573 quoniam
2737 4511 3001 4572 putentur,
3051 4510 3099 4555 et
3146 4499 3401 4573 quomodo

1784 4607 1826 4661 Β
1922 4587 2128 4655 pereos
2160 4574 2307 4638 solis,
2353 4576 2512 4639 luuar,
2543 4592 2602 4626 ac
2634 4575 2818 4627 biseirti
2844 4589 3069 4640 prwsens
3111 4587 3278 4624 anuus
3317 4572 3403 4625 iu-

1927 4660 2087 4698 venirt
2113 4655 2289 4714 queat.

1926 4753 2086 4809 XVII.
2113 4753 2376 4810 Praeterea
2405 4767 2625 4810 necesse
2651 4762 2733 4807 est
2760 4753 2902 4808 scire
2931 4767 3208 4806 numerum
3235 4766 3403 4805 anno-

1854 4863 1995 4913 rum,
2014 4849 2103 4918 qui
2121 4848 2188 4901 ab
2204 4848 2406 4901 Adamo
2426 4853 2757 4916 repetuntur.
2778 4843 2940 4914 Igitur
2958 4859 3021 4897 ex
3037 4841 3404 4896 ecclesiastico

1856 4940 2084 5000 calculo,
2117 4955 2178 4992 ac
2200 4939 2489 4993 traditione
2514 4939 2580 4991 ad
2606 4945 2923 5008 praesentem
2947 4934 3211 4989 decimam
3239 4933 3407 5002 quar-'

1858 5039 1967 5085 tam
2002 5032 2348 5085 indictionem
2377 5031 2502 5084 anni
2527 5046 2654 5084 xxx:
2686 5026 2892 5098 imperii
2918 5025 3149 5081 lleraclii
3177 5025 3404 5095 piissimi

1858 5123 2030 5177 nostri
2072 5123 2438 5192 imperatoris,
2482 5123 2610 5176 anni
2653 5130 2776 5175 sunt
2816 5137 2868 5173 vn
2907 5133 3169 5174 ucxxxm.
3197 5116 3404 5181 Quibus

1857 5213 2046 5268 divisis
2077 5229 2140 5268 ac
2179 5213 2454 5278 resolutis,
2491 5228 2729 5282 praesens
2760 5227 2936 5265 annus
2968 5211 3120 5272 solis,
3151 5210 3308 5273 lunae,
3339 5222 3403 5262 ac

1855 5304 2054 5361 bisexti
2100 5306 2370 5374 reperitur
2411 5305 2644 5358 :etenim
2679 5304 2808 5359 solis
2835 5319 3010 5358 annus
3051 5299 3400 5363 obtinebitur,

1858 5396 1901 5448 si
1939 5410 2204 5449 summam
2255 5412 2348 5465 per
2401 5411 2568 5448 xxviii
2622 5396 2855 5464 partiare
2915 5412 2928 5448 :
2984 5391 3202 5446 totidem
3260 5391 3401 5444 enim

1861 5487 2005 5550 sunt,
2037 5486 2293 5540 nimirum
2327 5502 2492 5540 xxvm
2535 5488 2670 5558 cycli
2702 5487 2893 5542 solaris
2913 5485 3038 5538 anni
3067 5499 3278 5538 :annus
3303 5482 3400 5535 hac

1858 5579 2074 5634 bebitur
2111 5580 2271 5642 lunae,
2322 5582 2368 5632 si
2408 5593 2504 5648 per
2543 5595 2631 5633 xIx
2679 5577 2946 5631 diviseris.
2977 5573 3109 5627 Nam
3157 5571 3400 5633 tetidem.

1861 5672 1938 5726 uti
1969 5671 2172 5726 dictum
2200 5682 2300 5734 cst,
2351 5671 2495 5726 illius
2529 5670 2656 5725 anni
2696 5677 2839 5722 sunt.
2875 5666 2963 5720 Sic
2996 5680 3170 5719 annus
3203 5663 3399 5720 bisexti

2221 5790 2264 5822 "
2295 5788 2443 5842 Deest
2485 5783 2709 5841 verbum.
2806 5785 2848 5816 ⁷³
2879 5782 3162 5838 Delcudum
3201 5779 3400 5842 ridetur,
