4124 6320
173 333 347 391 123³1
1010 340 1067 397 S.
1107 341 1353 396 MAXIM!
1394 341 1753 399 MARTYBIS
1785 344 2162 404 COMPUTUS
2202 306 2638 403 ECCLESIAST:
3182 368 3245 401 η..
3278 347 3448 402 1238κ

189 450 500 524 Ἀπριλίου
522 452 619 514 τὰς
634 452 868 515 ἑπακτὰς
886 453 979 529 τοῦ
1000 456 1222 510 εἰσιέναι
1238 458 1517 527 μέλλοντος
1547 445 1754 531 ἡλιακοί

1873 464 2062 532 quitur
2097 479 2136 529 ιι,
2168 479 2233 518 ex
2268 479 2377 531 qua
2420 463 2607 517 feriam
2640 466 3017 534 cognoscimus
3059 461 3422 517 Kalendarum

170 540 381 605 ἔτους,
416 542 580 612 ἤγουν
615 544 705 595 τοῦ
745 543 977 616 πρώτου,
1008 547 1098 599 τὸν
1130 548 1355 620 ἀριθμὸν
1382 549 1544 615 οὔσας
1573 552 1636 617 ζ’,
1675 554 1754 606 καλ

1874 555 2161 623 Aprilium,
2192 570 2382 623 nempe
2413 553 2744 607 Dominicam
2773 572 2786 607 :
2816 570 2846 607 a
2886 570 2991 624 qua
3024 555 3077 607 in
3107 562 3420 623 sequentem

169 635 251 683 ὲν
285 634 442 704 αὐτῷ
466 633 542 704 τῷ
572 634 768 705 πρώτῳ
796 636 903 687 ἔτει
928 637 1021 689 τοῦ
1048 638 1195 709 ἡλίου
1219 643 1754 713 καταγεγραμμένας

1876 645 2207 702 Dominicam
2296 648 2712 719 resurrectionis
2782 630 3419 710 solemne‘diﬂ'unditur,

170 721 391 787 οὕτως
432 721 525 777 οὖν
552 725 646 789 τὰς
678 734 727 795 η’
757 727 1048 798 μερίζομεν
1083 731 1162 791 είς
1195 729 1238 793 ξ’
1258 748 1272 762 ·
1304 732 1395 783 καὶ
1421 734 1484 785 ἐκ
1508 733 1607 802 τῆς

1873 748 2042 806 quam
2086 736 2429 789 manifestum
2470 748 2553 791 est
2591 748 2835 792 octavam
2872 737 3069 806 Aprilis
3110 752 3229 791 esse
3256 736 3418 789 diem.

173 815 612 885 λιμπανομένης
661 820 786 886 μιᾶς
810 819 1019 888 ἡμέρας
1056 820 1389 891 γινώσκομεν
1415 823 1511 893 τὴν
1545 824 1754 893 ἑϐδομα-

1875 825 1984 882 Nos
2014 828 2155 881 enim
2192 825 2397 881 Pascha
2431 826 2760 894 Judaeorum,
2791 828 2844 882 id
2876 838 2960 884 est
2989 846 3078 884 xiv
3106 830 3277 892 lunae,
3309 830 3421 882 sive

174 902 378 975 ἰῖικὴν,
412 906 487 968 ὼς
508 910 695 977 πρώτη
728 909 1063 980 καθέστηκεν
1087 914 1118 981 ὴ
1143 912 1331 981 πρώτη
1365 913 1459 965 τοῦ
1498 915 1754 986 Ἀπριλίοι

1875 915 2081 968 mensis
2106 914 2323 993 illorum
2349 916 2530 984 primi,
2559 931 2783 971 necesse
2813 928 2895 973 est
2916 920 3319 991 transcendere.
3358 934 3421 972 ac

147 995 392 1075 ἰιηνὸς,
424 997 697 1049 τουτέστιν
729 999 856 1067 ἁγία
893 1001 1140 1073 Κυριακή
1163 1020 1175 1032 ·
1212 1004 1303 1054 καὶ
1330 1006 1392 1055 ἑκ
1433 1004 1634 1075 ταύτης
1662 1005 1754 1058 λοι-

1877 1002 1923 1057 si
1959 1003 2013 1056 in
2042 1001 2378 1057 Dominicam
2434 1004 2698 1071 incurrat,
2740 1007 2963 1060 alteram
3003 1008 3057 1060 in
3088 1007 3420 1063 Dominieam

144 1087 298 1168 είὸν
330 1090 412 1151 είς
458 1090 555 1159 τὴν
591 1091 847 1144 ἐπιοῦσαν
875 1094 1035 1161 ἁγίαν
1072 1095 1471 1165 ύπερτιθέμεθα
1495 1097 1754 1168 Κυριακὴι

1876 1093 2161 1147 transitum
2210 1091 2409 1156 facere,
2454 1095 2566 1149 sive
2623 1095 2679 1148 in
2728 1094 2915 1149 feriam
2964 1097 3277 1161 secundam,
3327 1104 3423 1151 aut

145 1156 297 1248 ίτὴν
332 1182 431 1251 τῆς
479 1183 823 1245 ἀναστάσεως
862 1184 1052 1253 ἑορτήν
1077 1201 1091 1215 ·
1125 1186 1243 1254 ἥτις
1278 1192 1325 1256 η’
1358 1185 1451 1237 τοῦ
1498 1187 1754 1256 Ἀπριλίοι

1874 1184 2111 1245 tertiam,
2154 1182 2206 1236 in
2234 1184 2475 1238 eamdem
2505 1185 2776 1240 tranferre
2806 1186 3160 1241 Dominicam.
3193 1187 3347 1254 Quod
3376 1190 3422 1242 si

172 1272 484 1343 προδήλως
515 1276 680 1328 ἐστίν.
730 1276 944 1348 Ἐπειδὴ
970 1278 1029 1330 τὸ
1064 1276 1346 1347 Ἐϐραϊκδν
1387 1277 1596 1347 Πάσχα,
1628 1278 1768 1346 λέγω

171 1361 253 1432 δὴ
285 1363 389 1433 τὴν
414 1364 455 1416 δ’
495 1367 586 1418 καὶ
608 1373 637 1417 ι¹
668 1366 761 1419 τοῦ
800 1367 1054 1435 φέγγους,
1083 1369 1247 1439 ἤγουν
1270 1368 1361 1421 τοῦ
1410 1366 1624 1437 πρώτου
1648 1365 1767 1418 καθ’

187 1453 498 1523 Ἐϐραίους
554 1457 754 1526 μηνὸς,
830 1448 1185 1529 ὑπερϐαίνειν
1234 1459 1494 1530 προσήκει
1553 1457 1767 1521 πάντως

174 1545 372 1612 ἡμᾶς,
406 1546 511 1599 εἴτε
546 1549 827 1618 Κυριακῆς
864 1548 1057 1617 φθάσει
1078 1590 1091 1612 ,
1126 1550 1259 1621 πρὸς
1285 1550 1381 1620 τὴν
1411 1548 1573 1620 ἄλλην
1606 1550 1765 1617 ἁγίαν

173 1634 487 1706 Κυριακὴν
522 1640 961 1709 μεταϐαίνοντας,
985 1643 1093 1695 εἴτε
1110 1643 1384 1713 δευτέρας,
1419 1643 1527 1695 εἴτε
1556 1644 1763 1713 τρίτης,

1876 1274 2113 1331 Sabbato
2146 1292 2235 1330 x1v
2276 1278 2574 1347 contingat,
2614 1278 2874 1348 postridie
2910 1277 3117 1334 Pascha
3151 1279 3262 1346 ﬁet,
3293 1281 3420 1335 luna

1869 1384 1959 1433 xv,
2002 1370 2455 1439 quemadmodum
2506 1386 2629 1424 cum
2685 1387 2712 1425 a
2765 1370 3316 1442 Dominica’ﬁfalteram
3364 1373 3422 1427 in

1867 1458 2203 1514 Dominicam
2246 1461 2580 1525 diil'unditur,
2606 1462 2730 1516 luna
2758 1479 2850 1517 xxi
2901 1463 3119 1518 accidit.
3162 1461 3318 1522 Nam,
3363 1473 3422 1516 ut

1863 1550 1977 1621 jam
2025 1551 2283 1615 diximus,
2337 1544 2444 1605 non
2496 1554 2636 1607 ultra
2679 1563 2929 1623 septenos
2968 1554 3083 1608 dies
3118 1569 3147 1606 a
3194 1550 3421 1607 Iudaico

1871 1642 2137 1699 Pascbate
2164 1642 2223 1697 lit
2251 1645 2556 1711 translatio,
2588 1645 2691 1700 hoc
2712 1654 2795 1700 est
2819 1662 2848 1699 a
2876 1661 2967 1699 xw
2982 1642 3139 1699 luna.

175 1734 275 1796 είς
315 1734 415 1805 τὴν
444 1734 610 1806 αὐτὴν
638 1737 835 1807 ὁμοίως
868 1740 1167 1810 Κυριακήν.
1207 1741 1269 1792 Εἰ
1301 1740 1357 1793 δὲ
1387 1740 1665 1809 Σαϐϐάτῳ,
1696 1742 1762 1810 τῇ
1803 1740 2080 1811 ἐπαύριον,
2113 1739 2648 1802 πεντεκαιδεκαταίας
2674 1739 2837 1809 οὔσης
2867 1739 2929 1793 τὸ
2985 1739 3279 1811 τηνικαῦτα
3322 1737 3418 1805 8η-

172 1829 345 1903 λαὸὴ’
371 1832 467 1901 τῆς
513 1833 760 1905 σελήνης.
790 1836 996 1907 Ὥσπερ
1040 1831 1130 1889 οὖν
1160 1836 1393 1905 ὁπηνίκα
1422 1836 1581 1889 πάλιν
1620 1834 1727 1887 ἀπὸ
1763 1836 2048 1911 κυριακῆς
2080 1837 2159 1897 είς
2188 1836 2283 1905 τὴν
2304 1833 2560 1887 ἐπιοῦσαν
2587 1835 2745 1915 ἁγίαν
2791 1834 3071 1907 Κυριακὴν
3127 1832 3418 1904 ποιούμεθα

172 1923 295 1991 τὴν
332 1924 640 1994 ὑπέρθεσιν,
673 1928 861 1981 εἰκάδα
892 1928 1113 1999 πρώτην
1147 1929 1394 1999 ἐχούσης.
1432 1930 1519 1992 Ὠς
1540 1929 1646 1999 γὰρ
1668 1929 1769 1999 ἤδη
1804 1928 2068 1992 λέλεκται,
2113 1928 2275 1999 μέχρι
2312 1929 2467 1998 μόνον
2491 1928 2533 1991 ζ’
2558 1927 2781 1999 ἡμερῶν
2809 1926 3103 1998 ποιούμεθα
3154 1925 3250 1996 τὴν
3313 1925 3421 1979 ἁπδ

171 2012 289 2066 τοῦ
345 2014 629 2086 Ἐϐραῖκοῦ
665 2018 853 2088 Πάσχα
902 2020 1225 2090 μετάϐασιν
1260 2022 1427 2091 ἤγουν
1475 2022 1573 2090 τῆς
1605 2020 1646 2073 δ’
1698 2020 1792 2073 καὶ
1832 2026 1863 2073 ι’
1917 2019 2011 2072 τοῦ
2061 2018 2326 2088 φέγγουςο
2371 2019 2677 2091 περαιτέρω
2710 2018 2767 2072 δὲ
2804 2017 3066 2088 οὐδαμῶς.
3102 2018 3209 2070 Καὶ
3252 2014 3419 2080 ταῦτα

176 2107 297 2175 μὲν
332 2110 453 2179 περὶ
490 2108 581 2161 τοῦ
614 2110 820 2179 Πάσχα.

173 2224 340 2293 Περὶ
382 2224 492 2294 τῆς
531 2233 563 2279 ι’
607 2226 711 2280 τοῦ
748 2228 995 2295 ἑϐδόμου
1038 2228 1248 2297 μηνὸς,
1297 2228 1421 2293 πῶς
1457 2229 1554 2282 καὶ
1605 2226 1752 2293 αὕτη

1860 2222 1938 2277 De
1966 2220 2405 2292 septimiﬂmensis
2449 2217 2531 2273 die
2558 2235 2613 2297 ξ,
2641 2218 2897 2289 quomodo
2934 2220 3092 2275 etiam
3121 2221 3239 2292 ipsa
3277 2240 3415 2293 repe-

718 2298 1239 2367 καταλαμϐάνεται.

258 2410 353 2465 κ’.
387 2411 449 2464 El
484 2410 541 2465 δὲ
561 2411 659 2483 τὴν
690 2417 718 2465 ι’
741 2411 833 2465 τοῦ
864 2412 982 2465 καθ’
1024 2412 1300 2483 Ἐϐραίους
1334 2412 1556 2482 ἑϐδόμου
1592 2412 1757 2481 μηνὸς

174 2501 397 2569 γνῶναι
423 2501 667 2571 θελήσειέ
708 2520 812 2565 τις,
856 2505 914 2557 ὲν
952 2502 1029 2573 τῷ
1054 2502 1372 2574 δεξιωτέρῳ,
1396 2502 1636 2556 τουτέστι
1677 2498 1757 2570 τῷ

178 2594 339 2665 μετὰ
361 2596 422 2648 τὸ
445 2596 634 2667 Πάσχα
656 2596 1112 2666 διαγεγραμμένῳ
1132 2595 1379 2664 κανονίῳ,
1412 2595 1501 2649 τὸν
1528 2591 1758 2664 πλησιά-

176 2685 356 2750 ζοντα
386 2687 463 2757 τῷ
495 2688 641 2757 αὐτῷ
660 2690 757 2758 τῆς
792 2688 1019 2758 σελήνης
1057 2694 1096 2740 ε’
1120 2690 1211 2741 καλ⁹
1244 2696 1275 2741 ι’
1308 2687 1417 2739 ἔτει
1458 2684 1756 2756 Ῥωμαϊκὸν

178 2779 347 2851 μῆνα
376 2780 641 2833 σκοπείτω
677 2781 839 2848 (λέγω
870 2780 925 2832 δὲ
953 2782 1041 2833 τὸν
1068 2778 1455 2852 Σεπτέμϐριον)
1477 2795 1488 2807 ⁸
1526 2779 1618 2831 καὶ
1660 2777 1756 2849 τὴν

175 2869 602 2942 παρακειμένην
631 2872 793 2924 αὑτοῦ
826 2874 1087 2925 ποσταίαν
1117 2872 1332 2943 κρατῶν
1374 2878 1456 2925 κα¹
1484 2871 1755 2943 ὑπάρχου-

177 2973 316 3023 σαν,
339 2958 601 3027 γνώσεται
635 2963 751 3032 μὲν,
779 2962 853 3025 ὡς
874 2965 1000 3016 κατ’
1026 2963 1192 3034 αὑτήν
1225 2966 1369 3017 ἐστιν
1402 2962 1505 3026 ἀεὶ,
1534 2962 1673 3015 κατὰ
1698 2962 1757 3014 τὸ

177 3049 329 3102 αὐτὸ
387 3058 448 3103 ει¹
496 3054 592 3123 τῆς
650 3054 875 3124 σελήνης
932 3055 1069 3119 ἔτος,
1122 3058 1155 3125 ἡ
1203 3063 1232 3107 ι’
1277 3056 1369 3108 τοῦ
1427 3054 1587 3107 αὑτοῦ
1637 3054 1756 3107 καθ’

192 3140 482 3213 Ἐϐραίους
510 3144 692 3215 μηνός.
718 3147 780 3198 Εἰ
802 3146 859 3199 δὲ
881 3149 971 3199 καὶ
993 3148 1089 3217 τὴν
1110 3147 1458 3217 ἑϐδομαδικὴν
1477 3146 1754 3216 βουληθείη

182 3233 391 3303 μαθεῖν
425 3238 655 3307 ἡμέραν,
691 3241 753 3309 τῇ
786 3241 920 3311 αὐτῇ
947 3240 1041 3292 τοῦ
1075 3240 1442 3311 Σεπτεμϐρίου
1477 3240 1640 3309 μηνὸς
1664 3258 1759 3293 πο-

182 3326 380 3397 σταία,
415 3326 554 3394 λέγω
590 3327 646 3380 δὲ
672 3331 738 3399 τῇ
775 3330 949 3383 εἰκάδι
990 3334 1199 3404 πρώτῃ,
1229 3331 1324 3393 τὰς
1354 3330 1757 3401 παρακειμένας

177 3414 301 3467 ἀπὸ
337 3416 563 3486 σηρικοῦ
606 3418 909 3489 προσθετας
949 3420 1161 3490 ἡμέρας
1190 3418 1453 3481 ἐπιϐάλοι,
1491 3418 1626 3489 μετὰ
1667 3419 1759 3471 καὶ

176 3505 299 3558 τῶν
325 3508 576 3561 ὲπακτῶν
598 3508 691 3561 τοῦ
720 3510 1008 3574 ἐνεστῶτος
1043 3511 1190 3583 ἡλίου
1220 3511 1370 3575 ἔτους
1389 3528 1403 3542 ·
1434 3505 1540 3564 οἷον
1566 3512 1640 3575 ὡς
1667 3513 1757 3564 ἐπὶ

174 3597 280 3649 τοῦ
307 3597 523 3671 πρώτου
551 3598 701 3664 ἔτους
725 3600 823 3665 τὰς
848 3601 889 3667 ζ’
917 3602 1123 3674 ἡμέρας
1141 3620 1155 3633 ο
1189 3605 1280 3658 καὶ
1303 3604 1441 3657 οὕτω
1482 3603 1579 3665 τὰς
1610 3603 1754 3667 ὅλας,

177 3691 357 3759 ἤγουν
388 3692 484 3754 τὰς
522 3693 613 3758 λδ’,
648 3697 727 3759 είς
761 3697 858 3759 τὰς
890 3696 930 3760 ς’
968 3698 1199 3770 μερίσει,
1240 3697 1333 3751 καὶ
1376 3699 1439 3751 ἐκ
1490 3698 1595 3750 τῶν
1624 3696 1755 3749 ὑπο-

177 3782 602 3855 λιμπανομένων
650 3786 708 3852 ἒξ
752 3789 1035 3860 ἰσάριθμον
1080 3791 1283 3843 εἴσεται
1334 3792 1547 3849 πάντως
1590 3785 1753 3842 οὖσαν

177 3875 286 3944 τὴν
318 3875 691 3949 ἑϐδομαδικὴν,
727 3882 968 3934 τουτέστι
1004 3883 1377 3954 Παρασκευήν.
1404 3882 1560 3935 Κατὰ
1583 3880 1753 3933 ταῦτα

174 3964 238 4019 δὲ
271 3970 534 4039 χρήσεταί
571 3989 655 4034 τις
700 3974 793 4026 καὶ
822 3975 904 4043 ἐφ’
943 3976 1156 4047 ἑκάστῳ
1198 3976 1305 4029 ἔτει
1332 3960 1436 4029 τῶν
1464 3976 1528 4029 ἑκ
1563 3974 1749 4038 δεξιῶν

179 4060 535 4130 τεταγμένων
585 4062 679 4116 τοῦ
725 4066 999 4119 κανονίου’
1049 4067 1368 4138 βουλόμενος
1410 4066 1599 4137 μαθεῖν
1642 4066 1751 4119 εἴτε

176 4150 283 4222 τὴν
313 4153 356 4206 δ’
384 4157 478 4208 καὶ
511 4162 541 4209 ι’
576 4158 670 4209 τοῦ
710 4157 827 4210 καθ’
873 4157 1153 4229 Ἐϐραίους
1179 4157 1394 4230 πρώτου
1430 4157 1613 4227 μηνὸς,
1645 4158 1751 4209 εἴτε

176 4242 282 4311 τὴν
315 4243 408 4298 τοῦ
440 4246 664 4317 ἑϐδόμου
698 4247 947 4318 δεκάτην,
978 4251 1162 4320 ἥντινα
1196 4259 1223 4302 ι’
1252 4249 1344 4305 τοῦ
1377 4249 1599 4318 ἑϐδόμου
1644 4266 1748 4318 μη-

2543 2291 2738 2346 riatur.

1926 2402 2045 2456 XX.
2082 2402 2142 2457 Si
2187 2403 2403 2472 septimi
2448 2402 2652 2457 mensis
2696 2399 2908 2457 Iudaici
2953 2402 3221 2458 decimum
3275 2403 3414 2461 diem

1856 2509 2021 2550 nosse
2046 2496 2261 2550 studeat
2302 2493 2519 2563 aliquis,
2550 2494 2604 2547 in
2643 2493 2947 2550 dexteriore
2980 2496 3205 2559 canonis
3245 2506 3415 2567 parte,

1856 2605 1976 2661 qua:
2027 2588 2311 2643 Paschatis
2358 2586 2608 2641 versibus
2651 2587 2894 2665 proxima
2942 2596 3064 2653 est,
3109 2589 3432 2660 inquiratur.

1857 2681 2061 2736 mensis
2090 2677 2369 2734 Romanus
2400 2693 2542 2733 anno
2565 2678 2705 2734 lunae
2734 2678 2923 2748 quinto
2956 2678 3165 2735 decimo
3191 2696 3418 2752 responv.

1856 2771 1989 2828 dens
2024 2772 2093 2832 (is
2123 2780 2207 2826 cst
2256 2769 2619 2840 September),
2654 2785 2759 2824 una
2794 2786 2916 2826 cum
2950 2779 3114 2840 quota
3155 2770 3263 2838 die,
3297 2790 3417 2845 qua:

1855 2872 1937 2920 est
1982 2880 2073 2919 χχι
2118 2864 2370 2920 :novcrit
2416 2878 2544 2934 ergo
2585 2870 2847 2933 perpetuo
2895 2879 3038 2919 anno
3080 2864 3222 2921 lunae
3251 2882 3319 2921 xv
3360 2866 3415 2921 in

1855 2956 2100 3015 eamdem
2130 2956 2269 3011 diem
2294 2954 2533 3011 incidere
2559 2955 2824 3010 decimam
2855 2956 2996 3012 diem
3025 2956 3234 3013 Judaici
3267 2969 3432 3013 men-'

1857 3053 1955 3107 sis.
1986 3048 2139 3115 Quod
2177 3048 2222 3102 si
2258 3040 2444 3102 feriam
2477 3055 2733 3118 prmterea
2767 3048 3032 3118 requirit,
3070 3048 3136 3104 ad
3179 3067 3269 3104 ni
3315 3049 3417 3105 Se-

1856 3140 2117 3211 ptembris
2158 3138 2431 3209 regulares
2480 3137 2768 3203 addantur,
2818 3138 2909 3208 qui
2943 3139 3117 3195 serico
3164 3140 3229 3193 ad
3263 3141 3415 3194 illam

1856 3232 1998 3287 diem
2046 3231 2419 3293 ascribuntur,
2472 3244 2579 3287 una
2621 3244 2743 3283 cum
2784 3230 2991 3299 epactis
3034 3231 3157 3285 anni
3199 3232 3411 3295 solaris,

1857 3340 1977 3394 qua:
2003 3331 2131 3380 sunt
2176 3332 2406 3394 septem.
2441 3320 2716 3375 Summam
2763 3323 2971 3377 dierum
3014 3340 3182 3379 xxxiv
3211 3324 3416 3379 dividat

1858 3434 1955 3490 per
1984 3432 2081 3481 vn,
2120 3417 2495 3487 relinquentur
2526 3432 2599 3479 vn,
2632 3429 2752 3485 qua:
2784 3414 3026 3469 indicant
3064 3415 3251 3470 feriam
3293 3430 3349 3470 es
3408 3440 3413 3449 -

1859 3524 1934 3572 vi,
1980 3508 2094 3563 sive
2131 3506 2491 3561 Parasceven.
2537 3504 2733 3558 Eadem
2781 3505 3066 3562 methodus
3110 3505 3415 3560 adhibenda

1785 3576 1832 3639 (ἶ
1862 3600 2019 3655 annis
2051 3598 2333 3662 omnibus,
2386 3612 2506 3666 quae
2550 3596 2604 3650 in
2651 3597 2834 3652 dextra
2870 3608 3021 3669 parte
3063 3600 3285 3653 canonis
3320 3612 3415 3652 θον

1862 3697 2088 3743 currunt
2122 3708 2136 3743 :
2172 3689 2283 3743 sive
2314 3688 2435 3757 quis
2461 3703 2551 3741 xiv
2576 3688 2735 3757 primi
2775 3689 2979 3745 mensis
3012 3687 3220 3744 Iudaici
3252 3702 3414 3747 nosse

1859 3784 2027 3846 velit,
2063 3783 2177 3837 sive
2206 3799 2236 3836 x
2284 3782 2487 3838 mensis
2537 3782 2771 3852 septimi.
2807 3782 2955 3838 Hanc
2996 3798 3158 3853 porro
3200 3782 3413 3851 septimi

1859 3875 2063 3930 mensis
2094 3891 2131 3929 ι
2160 3873 2302 3929 diem
2338 3890 2445 3928 non
2478 3880 2611 3936 tam,
2643 3874 2784 3943 quod
2830 3875 2883 3927 in
2914 3871 3256 3930 ea‘solemne
3287 3888 3411 3941 per-

1858 3980 2082 4037 agamus
2122 3965 2290 4019 ullum
2326 3964 2471 4035 (non
2502 3962 2640 4017 enim
2690 3964 2798 4016 ullo
2829 3962 2988 4017 modo
3034 3963 3332 4018 celebratur
3382 3978 3414 4017 α
3449 3989 3457 3996 ·

1852 4058 2054 4129 nobis),
2084 4070 2244 4126 quam
2287 4062 2345 4110 ut
2376 4069 2560 4110 eorum
2598 4054 2776 4109 studio
2817 4054 3272 4119 satisfaceremus,
3319 4056 3412 4126 qui

1854 4153 1990 4209 nihil
2051 4154 2302 4220 ignorare
2352 4150 2577 4214 volunt,
2626 4149 3033 4205 describendam
3082 4150 3409 4221 putavimus.

1857 4242 2133 4298 Hactenus
2159 4242 2225 4296 de
2252 4239 2441 4294 dextra
2475 4239 2700 4293 canonis
2725 4247 2897 4308 parte.
2960 4298 2963 4301 λ

176 4332 269 4399 νὸς
296 4337 357 4389 οὐ
384 4337 599 4409 τελετῆς
624 4339 817 4408 μᾶλλον
843 4342 921 4404 εἰς
946 4342 1110 4412 αὐτὴν
1135 4343 1425 4413 γινομένης
1449 4345 1579 4413 ἡμῖν
1608 4340 1747 4410 (οὐδὲ
1783 4336 1891 4406 γάρ
1924 4333 2154 4387 τελεῖται
2208 4332 2267 4385 τὸ
2316 4330 2548 4400 σύνολον)
2598 4330 2984 4402 διεγράψαμεν,
3042 4331 3074 4402 ἦ
3107 4330 3212 4384 τῶν
3263 4329 3413 4385 θύειν

177 4426 395 4491 ἀγνοεῖν
420 4427 677 4482 θελόντων
705 4424 862 4501 χάριν
892 4432 1263 4503 φιλομαθείας.
1289 4436 1472 4489 Ταῦτα
1500 4436 1594 4489 καὶ
1620 4432 1747 4502 περὶ
1782 4429 1891 4482 τῶν
1916 4428 1980 4480 ἑκ
2001 4426 2186 4492 δεξιῶν
2214 4423 2306 4477 τοῦ
2335 4424 2578 4478 κανονίου
2608 4423 2889 4494 κειμένων.
3140 4418 3143 4421 ¹

104 4579 109 4583 ς
178 4543 339 4623 Περί⁴
370 4543 659 4623 τῆς-,τῶη
692 4548 873 4616 ἁγίων
928 4551 1225 4623 Δνηοζιέιῶν
1276 4551 1743 4621 παρεισϐἀσεως,

1854 4544 1924 4598 De
1953 4544 2173 4597 introitu
2206 4540 2861 4623 sanctorumjcjunioru'm,
2890 4537 3225 4618 (illaratione
3257 4546 3409 4608 quot-

253 4614 383 4679 πῶς
422 4614 517 4667 καὶ
553 4614 777 4685 ’ταύτην⁸
803 4621 950 4675 κατὰ
987 4620 1108 4676 πᾶν
1129 4622 1263 4689 ἔτος
1288 4614 1674 4693 γιὶθώσκομεν.

249 4724 384 4780 KA'.
421 4729 483 4781 Εί
527 4729 583 4782 δὲ
618 4733 712 4784 καὶ
758 4733 855 4803 τὴν
899 4736 1253 4807 παρείσϐασιν
1297 4737 1400 4789 τῶν
1441 4737 1609 4805 ἁγίων
1653 4754 1749 4808 νη-

180 4818 374 4873 στειῶν
395 4820 589 4889 εἰδέναι
616 4822 860 4894 θελήσειέ
887 4845 989 4890 τις,
1016 4832 1078 4881 ὲκ
1107 4829 1204 4899 τῆς
1232 4828 1291 4893 ἐξ
1314 4829 1606 4899 εὐωνύμων
1634 4829 1750 4882 δια-

176 4910 399 4980 γραφῆς
424 4910 483 4963 τὸ
512 4912 650 4965 κατὰ
682 4913 967 4987 διάμετρον
993 4918 1084 4970 τοῦ
1111 4925 1173 4969 ει¹
1200 4919 1296 4988 τῆς
1326 4918 1551 4989 σελήνης
1576 4919 1747 4982 ἔτους,

176 5000 270 5053 τοῦ
296 5002 448 5065 ὄντος
466 5002 528 5057 ὲκ
547 5004 733 5069 δεξιῶν
752 5048 765 5071 ,
788 5011 1047 5081 σκοπήσει
1066 5011 1131 5063 δι’
1157 5010 1436 5081 ἀκριϐείας
1458 5010 1517 5075 ἑξ
1535 5012 1748 5081 ἀριστε-

177 5090 289 5159 ρῶν
316 5091 377 5145 eo
409 5093 473 5146 δι’
485 5095 581 5165 τῆς
598 5096 824 5167 σελήνης
845 5098 962 5162 ἔτος
1000 5101 1486 5171 διαγεγραμμένον.
1510 5102 1746 5171 Εἴπομεν

177 5178 306 5249 γὰρ,
324 5177 400 5245 ὡς
420 5181 560 5235 τέλει
578 5185 620 5215 ’³⁷
644 5185 735 5237 τοῦ
760 5187 1048 5251 ἐνεστῶτος
1067 5189 1216 5251 ἔτους
1239 5190 1270 5258 ἡ
1292 5187 1646 5257 παρείσϐασις
1668 5204 1749 5240 τε·

174 5268 345 5323 λεῖται
376 5273 481 5337 τῶν
510 5276 676 5342 ἁγίων
721 5279 999 5346 νηστειῶν.
1039 5281 1318 5350 Εὑρίσκων
1347 5274 1437 5330 οὖν
1469 5279 1529 5331 τὸ
1553 5279 1683 5332 αὐτὸ
1708 5280 1748 5332 δ’

176 5359 267 5411 καὶ
296 5362 329 5413 ι’
351 5362 453 5430 τῆς
480 5364 705 5436 σελήνης
736 5366 873 5430 ἔτος,
904 5368 993 5419 τὸν
1018 5368 1415 5438 παρακείμενον
1449 5368 1747 5439 Ῥωμαϊκὸν

178 5451 319 5521 μῇνα
350 5456 634 5525 σκοπήσει,
660 5459 899 5512 τουτέστι
928 5458 1017 5511 τὸν
1044 5460 1423 5532 Φεϐρουάριον,
1450 5463 1541 5514 καὶ
1556 5462 1740 5515 τούτου

178 5539 270 5610 τὴν
308 5546 576 5600 ποσταίαν
613 5548 899 5620 λαμϐάνων
943 5551 1163 5621 πλησίον
1196 5554 1355 5607 αὑτοῦ
1388 5553 1736 5623 τεταγμένην,

244 5702 284 5731 ³⁷
316 5703 353 5756 Ῑ.
389 5704 447 5753 ἐν
479 5701 633 5758 τέλει.

2293 4613 2444 4665 annis
2469 4606 2852 4679 investigandas
2881 4609 2971 4660 sit.

1924 4725 2064 4780 XXI.
2105 4724 2208 4791 Qui
2237 4731 2547 4779 sanctorum
2568 4721 2900 4792 jejuniorum
2922 4722 3199 4777 introitum
3223 4723 3412 4791 explo-

1853 4834 1979 4873 rare
2022 4817 2285 4881 voluerit,
2318 4823 2525 4885 qumrat
2564 4814 2839 4871 sinistram
2880 4813 3104 4869 canonis
3133 4812 3409 4873 tabellam.

1856 4911 1913 4965 in
1944 4924 2115 4979 eaque
2153 4924 2219 4962 ex
2251 4907 2478 4962 adverso
2506 4906 2715 4961 lunaris
2734 4907 2859 4961 anni
2889 4922 2976 4972 xv,
3003 4906 3095 4976 qui
3128 4906 3181 4959 in
3222 4906 3409 4960 dextra
3438 4973 3444 4979 .

1854 5012 2007 5073 parte
2045 5008 2292 5071 repertus
2325 5009 2427 5062 est,
2470 5006 2718 5053 acCurate
2760 4996 2985 5068 vestiget
3025 5012 3225 5055 annum
3270 4997 3412 5051 lunae

1855 5114 1963 5152 XIV.
1987 5095 2105 5150 Jam
2130 5096 2273 5150 enim
2296 5094 2678 5151 admonuimus
2702 5094 2754 5145 in
2781 5091 2939 5147 tinem
2970 5092 3250 5162 praesentis
3280 5092 3408 5145 anni

1856 5194 2170 5243 sanctorum
2200 5184 2529 5255 jejuniorum
2578 5182 2862 5245 introitum
2912 5184 3142 5250 cadere;
3190 5184 3410 5237 invento

1855 5294 1996 5333 anno
2027 5294 2119 5331 xlv
2161 5278 2319 5338 lunae.
2363 5275 2696 5342 adjacentem
2734 5276 2781 5329 ei
2830 5274 3131 5329 Romanum
3169 5288 3407 5328 mensem

1859 5370 2131 5429 observet,
2166 5382 2357 5435 nempe
2390 5363 2783 5418 Februarium:
2822 5364 2979 5433 cujus
3009 5371 3232 5434 quotum
3264 5363 3405 5417 diem

1855 5460 2146 5525 ascriptum
2196 5466 2363 5519 notet,
2404 5470 2474 5509 iv.
2523 5454 2601 5509 Ad
2646 5455 2790 5509 hunc
2837 5456 3112 5525 regulares
3166 5454 3326 5508 addat
3358 5471 3407 5507 Iv

1850 5550 2026 5605 serico
2071 5550 2303 5619 scriptos
2352 5562 2474 5603 cum
2517 5548 2854 5619 insequentis
2897 5548 3023 5601 anni
3071 5546 3229 5617 primi
3276 5545 3407 5601 solis
