4124 6320
123 411 278 467 1145

939 415 996 468 S.
1043 413 1290 468 MAXIM!
1331 412 1686 469 IIABT’YRIS
1723 413 2107 471 COMPUTUS
2146 410 2580 471 ECCLESIAST.

3217 397 3352 476 I256

126 531 227 582 καὶ
257 531 356 595 τὰς
397 540 454 584 τε(
482 532 734 603 τηρῆσαι,
767 533 859 586 καὶ
889 533 1054 604 μόνας
1093 533 1192 596 τὰς
1237 540 1289 598 ς’
1315 534 1406 586 καὶ
1430 533 1526 603 τὴν
1551 541 1620 595 α’,
1643 535 1700 586 ἑν

1806 527 2016 595 ceinus.
2043 533 2177 587 nihil
2206 534 2272 587 ad
2309 533 2493 588 feriam
2527 534 2882 605 indagandum
2921 533 3110 596 refert.
3138 535 3355 604 quando

125 626 246 686 τοὶς
273 625 453 684 αὐτοῖς
482 624 573 676 δύο
593 625 884 688 κατατάξαι
908 627 1040 694 μησὶ
1065 626 1164 694 τῆς
1185 625 1540 695 έδδομαδικῆς
1565 624 1697 695 ἡμέ-

122 733 235 786 ρας
265 717 425 787 χάριν
452 717 752 788 εὑρήσεως·
781 719 920 771 κατὰ
944 719 1042 789 τὴν
1072 719 1492 789 συμπαραληψιν
1517 718 1698 788 δηλονε-

124 810 210 862 ὁτι
241 810 352 862 τῶν
367 811 617 863 ὲπακτῶν
638 810 730 863 τοῦ
757 810 1048 875 ὲνεστῶτος
1069 810 1295 882 ἡλιακοῦ
1318 811 1490 872 ἔτους,
1518 812 1698 867 ὁποῖον

123 902 165 954 S‘
201 901 273 955 ἂν
300 903 382 971 εἴη
411 902 470 955 τὸ
499 901 885 974 ψηφιζόμενον,
913 906 1021 956 εἴτε
1046 903 1260 974 πρῶτον
1290 902 1398 956 εἴτε
1428 903 1695 974 δεύτερον,

119 994 329 1065 μέχρις
382 994 567 1058 ἁπλῶς
611 995 702 1048 τοῦ
742 1003 826 1066 κη’
847 996 1019 1059 ἔτους.
1065 997 1120 1049 '0
1157 997 1212 1049 δὲ
1261 997 1420 1058 αὐτὸς
1447 995 1699 1065 καὶπερὶ

125 1083 236 1134 τῶν
283 1084 347 1148 δ’,
401 1086 519 1143 καὶ,
547 1086 673 1156 μιᾶς
713 1085 820 1138 ἀπὸ
867 1086 1092 1156 σηρικοῦ
1139 1084 1452 1157 προσθετῶν
1481 1084 1699 1156 ἡμερῶν

121 1176 284 1242 λόγος
331 1177 473 1229 ἐστὶν
502 1177 557 1229 ἓν
585 1195 642 1230 τε
682 1178 930 1248 Μαρτίῳ,
971 1179 1063 1230 καὶ
1089 1178 1436 1248 Φεϐρουαρίῳ
1465 1177 1554 1229 καὶ
1599 1177 1700 1229 Ἰα-

121 1269 406 1338 νουαρίῳχ
431 1271 954 1338 κατατεταγμένων·
1009 1272 1056 1322 εἱ
1111 1271 1204 1322 καὶ
1249 1270 1336 1322 διὰ
1385 1268 1700 1340 προσθήκης

121 1360 355 1432 ἡμερῶν
410 1363 438 1413 ὁ
497 1362 922 1433 ὲκδηματικὸς⁷⁹
975 1362 1152 1414 αὐτῶν
1205 1361 1361 1429 λόγος
1392 1363 1484 1414 καὶ
1522 1359 1698 1414 κανὼν

116 1453 321 1521 γέγονε
355 1455 608 1518 ἐναντίως
653 1459 766 1518 τοῖς
804 1454 863 1518 ἐξ
889 1455 1228 1526 ἀφαιρέσεως
1275 1453 1701 1525 κανονιζομένοις

122 1545 299 1616 μησίν
319 1562 333 1574 ’
363 1543 473 1599 οἷον
504 1546 579 1617 τῷ
609 1546 965 1618 Σεπτεμϐρίῳ
996 1549 1086 1600 καὶ
1132 1545 1443 1617 Ὀκτωϐρίῳ
1463 1563 1475 1577 ο
1515 1544 1699 1598 καθότι

116 1635 219 1687 τοῦ
277 1635 518 1700 ἐλθόντος
570 1637 793 1707 ἡλιακοῦ
838 1637 987 1700 ἔτους
1037 1639 1230 1690 ἐκεῖνοι
1270 1637 1570 1705 λογίζονται
1612 1636 1703 1689 καὶ

118 1729 288 1779 είσίν.
323 1729 396 1782 Οὐ
417 1726 524 1800 γὰρ
557 1728 731 1792 ἄλλως
759 1729 791 1800 ἢ
828 1728 998 1792 οὕτως
1036 1727 1255 1798 ἔμελλον
1303 1727 1368 1781 ἂν
1397 1729 1460 1780 ὲκ
1490 1728 1582 1781 τοῦ
1616 1729 1702 1780 ἐν-

120 1818 384 1880 εστῶτος,
409 1819 573 1890 ήγουν
601 1819 707 1872 τῶν
742 1819 904 1872 αὐτοῦ
940 1818 1195 1871 ὲπακτῶν
1232 1816 1576 1888 ψηφίζεσθαι,
1608 1818 1701 1870 καὶ

119 1909 226 1980 τὴν
273 1908 629 1980 έδδομαδικὴν
673 1910 889 1982 ἡμέραν
914 1909 1078 1981 δήλην
1121 1908 1359 1961 ἐθέλουσι
1408 1910 1695 1980 παριστᾷν.

122 2001 414 2055 Λυσιτελεῐ
438 2003 545 2073 γὰρ
575 2002 789 2066 πάντως
821 2005 901 2066 είς
929 2001 989 2054 τὸ
1020 2001 1117 2072 τὴν
1149 2001 1435 2072 μετάθεσιν
1457 2000 1562 2053 ἀπὸ
1577 2001 1692 2052 Κυ-

123 2094 350 2164 ριακῆς,
380 2096 473 2147 καὶ
503 2095 569 2165 β’,
602 2095 693 2147 καὶ
725 2096 931 2167 τρίτης,
963 2095 1056 2147 καὶ
1087 2093 1196 2146 τῶν
1225 2093 1460 2163 καθεξῆς
1495 2095 1573 2156 εἰς
1603 2093 1700 2164 τὴν

122 2185 300 2256 ἄλλην
343 2186 503 2254 ἁγίαν
541 2187 827 2257 Κυριακὴν
875 2184 1202 2256 ποιήσασθαι
1236 2187 1292 2238 ἐν
1319 2186 1396 2256 τῷ
1423 2185 1579 2256 δεξιῴ
1611 2185 1705 2238 καὶ

123 2279 396 2350 εὐωνύμῳ
425 2280 680 2350 κανονίῳ’
717 2279 778 2332 τὸ
813 2279 930 2347 μὲν,
968 2279 1042 2341 ὠς
1071 2278 1281 2348 εἴρηται
1313 2277 1400 2330 διὰ
1432 2277 1529 2348 τὴν
1593 2277 1706 2330 εἴσ-

131 2371 259 2425 οδον
291 2371 399 2425 τῶν
434 2373 604 2441 ἁγίων
635 2373 917 2444 νηστειῶν,
953 2373 1116 2442 ήγουν
1147 2372 1242 2442 τὴν
1287 2370 1698 2443 ἀποκρεώσιμον

123 2465 346 2535 ἑορτὴν,
385 2465 445 2517 τὸ
473 2465 548 2528 δὲ,
579 2465 665 2517 διὰ
710 2464 771 2522 τὸ
809 2466 1076 2536 σωτήριον
1118 2465 1330 2534 Πάσχα.
1375 2462 1559 2516 Ταῦτα
1608 2464 1702 2516 καὶ

1801 624 2084 692 ρηεει-ηιὶε
2115 626 2240 678 anni
2259 625 2391 679 solis
2414 632 2614 693 epactaa
2635 625 2796 680 simul
2824 634 3204 682 assumuntur:
3233 627 3356 697 qui-

1806 732 2019 786 cunque
2040 717 2254 770 demum
2280 726 2623 788 computetur
2649 734 2845 782 annus,
2880 719 3106 790 primus,
3148 728 3238 773 aut
3267 735 3356 776 sc-

1802 808 2036 874 cundus,
2070 823 2245 876 usque
2285 808 2352 862 ad
2393 825 2582 862 xxvm.
2633 809 2834 866 Eadem
2873 811 3012 865 ratio
3040 818 3212 872 estw.
3247 820 3301 865 et
3335 827 3354 867 ι

1802 902 2215 968 rubricatorUm'
2257 903 2611 971 regularium,
2657 917 2794 972 quos
2839 903 2904 955 ad
2952 901 3223 967 Martium,
3250 901 3355 956 Fe-

1803 994 2081 1049 bruarium
2109 1003 2162 1048 et
2200 993 2512 1048 Ianuarium
2552 994 2906 1063 ascripsimus
2943 1013 2954 1048 :
2987 995 3088 1048 etsi
3116 1009 3211 1063 per
3241 995 3357 1049 die-

1805 1101 1925 1138 rum
1949 1069 2692 1140 additioncm'hebdomadica
2723 1087 2964 1154 ipsorum
3001 1087 3140 1139 ratio
3188 1093 3242 1138 et
3271 1101 3358 1139 re-

1801 1179 1925 1248 gula
1950 1187 2184 1239 constat,
2217 1186 2406 1232 contra
2432 1193 2594 1247 quam
2631 1177 2807 1231 evenit
2837 1178 2904 1231 iis
2934 1179 3229 1237 mensibus,
3264 1177 3357 1247 qui

1802 1270 2189 1325 detractionem
2220 1270 2511 1323 admittunt
2535 1288 2550 1336 ;
2578 1269 2738 1324 veluti
2773 1267 3100 1337 Septembri,
3128 1277 3182 1323 et
3201 1267 3360 1322 Octo-

1801 1362 1920 1425 bri;
1949 1362 2203 1427 quoniam
2238 1362 2481 1430 sequenti
2505 1375 2647 1413 anno
2679 1359 2810 1414 solis
2837 1360 3177 1421 tribuuntur,
3207 1367 3261 1413 et
3288 1357 3357 1412 ad

1801 1461 1922 1500 eum
1948 1449 2238 1516 pertinent.
2271 1447 2423 1518 Haud
2455 1449 2597 1503 enim
2628 1448 2786 1502 aliter
2813 1463 2876 1501 ex
2909 1449 3159 1518 praesenti
3190 1463 3354 1512 anno,

1801 1544 1854 1590 et
1884 1538 2002 1606 ejus
2045 1538 2249 1606 epactis
2299 1538 2540 1593 calculus
2569 1539 2694 1592 iniri
2729 1539 2931 1608 potuit,
2967 1550 3025 1593 ut
3059 1540 3357 1594 hebdoma-

1802 1631 1976 1686 dicam
2009 1633 2195 1686 feriam
2228 1633 2627 1702 inquirentibus
2649 1636 2945 1690 exhiberet.
2974 1635 3182 1706 Quippe
3199 1653 3356 1705 pror-

1804 1740 1899 1780 sus
1939 1725 2005 1779 ad
2036 1725 2090 1779 id
2115 1727 2348 1793 expedit,
2381 1733 2438 1778 ut
2463 1727 2746 1781 translatio
2778 1727 2890 1781 ﬁeri
2918 1729 3086 1798 possit
3112 1742 3140 1780 a
3171 1727 3359 1781 Domi-

1804 1817 1948 1882 nica,
1982 1825 2034 1872 et
2067 1819 2303 1873 secunda
2341 1820 2594 1884 tertiave,
2628 1835 2691 1874 ac
2718 1821 2876 1889 180
2906 1822 3257 1890 sequentibus
3287 1819 3361 1876 [οι

1802 1911 1900 1966 riis
1944 1915 2000 1964 In
2029 1912 2253 1964 alteram
2308 1909 2664 1976 Dominicam,
2710 1914 2766 1965 in
2807 1913 2997 1967 dextro
3044 1928 3107 1966 ac
3136 1913 3358 1968 sinistro

1803 2005 2055 2057 canonio.
2089 2002 2330 2068 Quorum
2355 2004 2580 2058 alterum
2611 2003 2676 2058 ad
2716 2004 3017 2075 ingressum
3046 2012 3359 2060 sanctorum

1800 2097 2165 2168 jejuniorum,
2204 2097 2316 2151 sive
2355 2095 2706 2167 Carnisprivii
2753 2098 2949 2153 festum
2987 2117 3001 2153 :
3036 2099 3263 2152 alterum
3290 2097 3359 2152 ad

1806 2187 2042 2242 salutare
2068 2185 2278 2241 Pascha
2298 2186 2550 2242 refertur.
2578 2188 2851 2243 Hactenus
2873 2189 2938 2244 de
2962 2191 3250 2245 rubricatis
3273 2205 3359 2244 re-

1811 2277 2112 2349 gularibus.
2147 2287 2205 2330 ut
2229 2280 2499 2342 omnibus.
2522 2296 2655 2350 quae
2711 2296 2918 2337 canone
2945 2283 3050 2337 isto
3071 2283 3360 2337 continen-

1806 2381 1895 2423 tur
1944 2371 2227 2439 expositis,
2257 2386 2455 2426 eorum.
2477 2372 2547 2427 sit
2587 2373 2850 2427 studiosis
2889 2373 3182 2430 lectoribus
3210 2389 3359 2428 com-

1808 2463 2098 2532 prehensio
2131 2463 2328 2518 facilis.

123 2556 388 2626 περὶτῶν
417 2557 522 2610 ἀπὸ
554 2556 775 2628 σηρικοῦ
804 2557 1112 2628 προσθετῶν
1142 2557 1385 2628 ἡμερῶν,
1419 2557 1494 2620 ὡς
1526 2557 1590 2610 ἂν
1614 2557 1700 2610 διὰ
1732 2557 1948 2610 πάντων
1971 2557 2069 2624 τῆς
2107 2557 2244 2611 κατὰ
2272 2558 2391 2610 τόδε
2412 2557 2473 2610 τὸ
2521 2560 2762 2613 κανόνιον
2809 2560 3116 2633 ἐξηγήσεως
3143 2569 3362 2632 ’τρανων

125 2650 318 2719 θείσης
362 2652 395 2720 ἡ
450 2650 557 2703 τῶν
595 2652 651 2703 ὲν
683 2650 829 2722 αὑτῷ
874 2651 1136 2722 κειμένων
1195 2647 1491 2722 κατάληψις
1543 2650 1697 2721 ῥᾳδία
1728 2651 1948 2721 γένηται
1977 2651 2088 2713 τοῖς
2115 2649 2434 2718 φιλοπόνοις.

198 2767 343 2835 Περὶ
374 2765 491 2819 τῶν
515 2765 790 2822 ἑπακτῶν
831 2767 938 2834 τῆς
972 2769 1258 2838 σελήνης,
1295 2767 1420 2834 πῶς
1458 2765 1632 2824 αὗται

731 2837 1107 2908 ψηφίζονται.

201 2948 333 3003 ΚΖ’.
354 2948 569 3001 Τούτων
590 2949 647 3003 δὲ
671 2950 840 3014 οὕτως
861 2955 982 3023 είρη
992 2953 1183 3021 μένων,
1198 2952 1278 3005 δεῖ
1291 2952 1534 3024 περὶτῶν
1556 2955 1612 3005 ὲν
1626 2952 1704 3022 τῷ

129 3041 401 3111 εὐωνύμῳ
430 3042 659 3112 κανονίῳ
684 3043 1028 3114 τεταγμένων
1057 3044 1302 3096 ἑπακτῶν
1343 3045 1439 3114 τῆς
1479 3044 1703 3114 σελήνης

1907 2769 1984 2824 De
2009 2771 2204 2838 epactis
2227 2769 2387 2833 lunae,
2413 2770 2844 2842 quemadmodum
2869 2782 3245 2842 computentur.

1872 2953 2084 3010 XXVII.
2118 2952 2216 3011 His
2256 2956 2680 3024 animadversis,
2707 2958 2774 3013 de
2817 2960 3022 3028 epactis
3049 2961 3211 3022 lunae,
3241 2976 3364 3031 qua:

1807 3049 1860 3103 in
1892 3050 2118 3104 sinistro
2156 3065 2364 3104 canone
2393 3060 2540 3115 sunt,
2577 3067 2756 3107 sermo
2788 3054 3362 3108 rursusinstituendus

129 3133 228 3186 καὶ
258 3129 410 3196 αὖθις
436 3133 814 3200 ἐπαναλαϐεῖν,
848 3138 942 3189 καὶ
973 3136 1142 3202 δεῖξαι
1177 3136 1292 3199 πῶς
1330 3129 1489 3188 αὗται
1521 3137 1702 3207 ψηφί-

1806 3148 1913 3205 est,
1947 3156 2009 3195 ac
2037 3142 2520 3197 demonstrandum
2542 3143 2812 3213 quomodo
2833 3148 3130 3215 computari
3152 3153 3204 3201 et
3231 3148 3362 3218 ipsa:

130 3225 337 3288 ζονται.
374 3227 492 3297 Χρὴ
524 3227 700 3280 τοίνυν
730 3229 790 3280 τὸ
819 3229 1165 3299 ἐνιστάμενον
1200 3229 1298 3298 τῆς
1330 3228 1555 3298 σελήνης
1587 3228 1703 3291 ἔτος

131 3318 650 3372 ἑνδεκατττλασιάσαι⁹
697 3315 808 3374 οἷον
835 3322 910 3385 ὡς
939 3321 1031 3374 ἐπὶ
1061 3321 1154 3374 τοῦ
1186 3323 1448 3392 παρόντος
1475 3323 1516 3374 δ’
1543 3323 1633 3374 καὶ
1675 3328 1702 3375 ι’

134 3413 230 3465 καὶ
264 3413 362 3476 τὰς
396 3415 458 3465 ὲκ
483 3412 577 3466 τοῦ
608 3413 1088 3485 πολυπλασιασμοῢ
1111 3415 1474 3484 συναγομένας
1497 3415 1706 3485 ἡμέρας

136 3504 244 3574 ρνδ’
299 3504 517 3573 ποιῆσαι
551 3506 699 3576 παρὰ
730 3504 822 3559 δύο
858 3506 1088 3576 ἡμέρας,
1119 3506 1206 3558 διὰ
1239 3506 1299 3558 τὸ
1354 3507 1565 3576 πρῶτον
1610 3507 1705 3575 τῆς

134 3594 367 3665 σελήνης
406 3595 524 3660 ἔτος
563 3597 606 3649 θ’
636 3597 795 3668 μόνον
826 3598 1066 3660 ὲπακτὰς
1092 3597 1234 3668 ἔχειν
1257 3615 1269 3627 ·
1309 3598 1400 3651 καὶ
1427 3597 1596 3659 οὕτως
1628 3599 1707 3660 εἰς

129 3688 225 3739 τὸν
259 3687 322 3752 λ’,
353 3687 438 3740 διὰ
470 3673 596 3751 τοὺς
639 3689 965 3760 ἐμϐολίμους
1013 3693 1183 3760 μῆνας
1229 3690 1428 3754 ταύτας
1468 3691 1703 3762 μερίσαι.

132 3781 295 3848 Λέγω
340 3780 398 3833 δὲ
438 3781 537 3846 τὰς
588 3781 695 3851 ρνὸ¹
726 3783 819 3836 καὶ
846 3783 944 3845 τὰς
970 3783 1418 3853 ὑπολειπομένας,
1464 3783 1706 3836 τουτέστι

131 3872 233 3936 τὰς
279 3873 373 3926 δύο
405 3873 638 3946 ἡμέρας,
663 3875 904 3937 ὲπακτὰς
936 3875 1076 3945 ἔχειν
1117 3877 1177 3928 τὸ
1200 3878 1298 3947 τῆς
1341 3878 1565 3947 σελήνης
1591 3877 1707 3939 ἔτος

131 3962 491 4032 γινώσκεται·
527 3964 591 4027 ἂς
643 3968 736 4016 καὶ
787 3965 1266 4036 διαγεγραμμένας
1310 3966 1421 4036 ἔχει
1473 3967 1532 4019 τὸ
1580 3967 1708 4020 αὐτὸ

131 4050 174 4102 δ’
210 4052 303 4104 καὶ
335 4058 363 4102 ι’
390 4051 506 4114 ἔτος
546 4053 602 4104 ἐν
635 4054 770 4122 τῷδε
799 4054 876 4122 τῷ
902 4057 1151 4125 κανονίῳ.
1175 4055 1359 4118 Οὕτως
1385 4052 1475 4109 οὖν
1501 4059 1591 4109 καὶ
1622 4058 1706 4109 ἐπ’

133 4142 297 4195 ἄλλου
357 4143 554 4206 παντὸς
601 4143 753 4208 ἔτους
808 4147 1036 4217 σελήνης
1095 4149 1353 4218 προσήκει
1391 4151 1580 4200 ποιεῖν.
1608 4144 1710 4202 Αὖ-

133 4252 224 4288 ται
275 4235 332 4288 δὲ
381 4236 616 4290 ἐπακταὶ
642 4239 846 4308 ἡμέραι
881 4240 1254 4310 τυγχάνουσιν,
1283 4239 1347 4302 ἃς
1372 4239 1430 4292 τὸ
1472 4241 1588 4303 ἔτος
1613 4241 1709 4311 τῆς

135 4328 367 4398 σελήνης
397 4330 572 4401 πάντη
604 4348 661 4383 τε
692 4332 785 4384 καὶ
818 4331 1034 4394 πάντως
1065 4332 1182 4403 ἕχον
1219 4335 1528 4405 εὑρίσκεται
1571 4334 1708 4387 κατὰ

131 4418 234 4488 τὴν
282 4421 544 4490 τριακάδα
591 4421 811 4494 πρώτην
845 4421 938 4475 τοῦ
973 4425 1217 4494 Μαρτίου
1262 4427 1445 4497 μηνός.
1493 4426 1707 4497 Ἐπειδὴ

1806 3228 2056 3284 debeant.
2095 3230 2262 3300 Igitur
2294 3241 2601 3288 currentem
2649 3251 2850 3289 annum
2882 3236 3020 3290 luna:
3054 3252 3149 3305 per
3193 3237 3363 3292 unde-

1805 3321 1909 3374 cim
1939 3322 2298 3392 multiplicare
2336 3334 2550 3394 oportet
2582 3335 2678 3378 :ut
2713 3328 2940 3396 exempli
2983 3342 3168 3393 causa,
3193 3327 3359 3394 hunc,

1807 3417 1898 3485 qui
1923 3416 2104 3484 agitur
2131 3418 2292 3470 modo
2320 3434 2431 3469 xiv.
2461 3413 2738 3471 Summam
2774 3419 2896 3472 inde
2927 3420 3210 3474 collectam
3239 3420 3359 3476 die-

1805 3520 1924 3557 rum
1977 3505 2381 3569 CLtv,-duobus
2423 3507 2668 3562 minuere
2707 3525 2716 3558 :
2757 3507 2899 3578 quod
2934 3512 3141 3580 primus
3187 3525 3363 3565 annus

1813 3598 1952 3651 luna:
1985 3613 2039 3651 ιχ
2062 3598 2436 3652 tantummodo
2465 3607 2684 3668 epactas
2714 3599 2927 3656 habeat.
2962 3599 3154 3656 Postea
3177 3603 3228 3656 in
3256 3621 3363 3658 xxx

1807 3691 1996 3761 partiri
2038 3705 2145 3745 cur
2191 3691 2315 3745 illos
2362 3691 2479 3747 dies
2512 3701 2732 3762 propter
2764 3691 3084 3747 embolimos
3126 3708 3359 3749 menses.

1807 3779 2097 3850 Reliquum
2125 3788 2209 3835 est
2241 3780 2486 3843 biduum,
2514 3794 2634 3850 quae
2654 3780 2779 3833 anni
2804 3781 2962 3834 istius
2983 3787 3185 3850 epacta:
3211 3787 3360 3841 sunt,

1807 3883 1861 3928 et
1885 3873 1950 3927 ad
1979 3874 2224 3926 eumdem
2242 3887 2443 3925 annum
2468 3871 2608 3925 lunae
2628 3887 2720 3925 xlv
2749 3872 2801 3923 iu
2819 3886 3028 3925 canone
3055 3872 3360 3940 descriptae.

1807 3966 1949 4020 idem
1985 3968 2036 4018 in
2062 3953 2272 4020 caeteris
2308 3965 2560 4018 omnibus
2590 3964 2748 4018 anuis
2778 3963 2917 4017 lunae
2951 3962 3128 4016 facere
3169 3977 3365 4017 conve-

1809 4061 1910 4115 nit.
1943 4057 2114 4111 Porro
2144 4063 2349 4125 epaclae
2371 4055 2485 4108 istae
2506 4053 2620 4108 dies
2651 4063 2797 4115 sunt,
2826 4069 2963 4124 quos
2992 4069 3192 4108 annum
3224 4055 3365 4110 Iunt:

1810 4165 2038 4222 prorsus
2088 4147 2287 4200 habere
2340 4146 2723 4214 cognoscimus
2752 4145 2805 4199 in
2850 4145 2938 4200 die
2986 4144 3162 4198 Martii
3211 4160 3360 4200 xxxi.

1811 4243 1960 4308 Quos
1991 4240 2204 4309 quidem
2237 4237 2378 4292 scire
2416 4238 2663 4299 interest,
2696 4245 2756 4291 ut
2793 4247 3014 4308 quotum
3051 4239 3191 4291 lunae
3220 4238 3363 4290 diem
3427 4241 3430 4245 ’

1812 4335 1868 4388 in
1899 4333 2141 4402 quolibet
2159 4331 2426 4384 mensium
2454 4330 2741 4385 duodecim
2776 4337 3111 4400 computare.
3135 4336 3188 4383 et
3216 4328 3364 4382 invo-

1815 4427 2014 4496 stigare
2036 4424 2326 4493 possimus.

131 4509 339 4574 ταύτας
376 4512 461 4565 ἀεὶ
486 4513 601 4566 δέον
657 4515 802 4567 ἐστὶν
851 4513 1045 4567 εἰδέναι
1108 4518 1269 4570 πόσαι
1317 4518 1640 4588 τυγχάνουσι
1683 4538 1695 4548 ·
1730 4517 2060 4571 λυσιτελοῦσι
2087 4516 2212 4588 ,γὰρ
2262 4518 2341 4580 εἰς
2390 4517 2447 4570 τὸ
2490 4518 2585 4589 τὴν
2627 4516 2885 4572 ποσταίαν
2923 4513 3023 4584 τῆς
3051 4512 3275 4585 σελήνης
3307 4513 3364 4564 έν

134 4601 351 4674 ἑκάστῳ
379 4603 484 4658 τῶν
521 4604 839 4659 δυοκαίδεκα
866 4606 1046 4678 μηνῶν
1073 4607 1404 4677 ψηφίζεσθαι
1437 4610 1531 4662 καὶ
1561 4609 1927 4682 εὑρίσκεσθαι.

207 4720 343 4787 Πῶς
370 4722 438 4774 ὲν
467 4722 698 4787 ἑκάστῳ
731 4724 877 4793 μηνὶ
911 4725 1020 4792 τῆς
1049 4725 1316 4794 σελήνης
1344 4729 1640 4782 ποσταίαν

1851 4729 2121 4796 Quomodo
2152 4730 2204 4782 in
2236 4744 2539 4797 unoquoque
2571 4743 2742 4780 mense
2781 4727 2919 4780 luna:
2941 4734 3153 4794 quotam
3193 4721 3329 4776 diem

737 4797 1113 4866 εὑρίσκομεν.

203 4909 341 4968 KH’.
363 4902 485 4961 Οἶον
508 4907 606 4971 τὰς
637 4908 742 4961 ἀπὸ
763 4911 860 4980 τῆς
890 4911 1398 4981 πρώτηςἈπριλίου
1428 4912 1586 4983 μέχρι
1604 4914 1704 4984 τῆς

136 5000 481 5073 ζητουμένης
524 5001 580 5052 ὲν
618 5001 912 5072 οίῳδήποτε
957 5004 1087 5073 μηνὶ
1130 5003 1416 5073 Ῥωμαῖκῷ
1443 5005 1704 5069 ποσταίας

135 5095 356 5166 ἡμέρας
406 5092 744 5164 ἀθροίζομεν.
779 5094 888 5146 Καὶ
940 5095 1141 5158 ταύτας
1192 5095 1550 5165 ὲπιὸἀλλομεν
1604 5096 1705 5160 τὰς

135 5185 434 5256 εἰρημένας
464 5185 564 5253 τῆς
591 5184 815 5255 σελήνης
862 5187 1122 5248 ιῐῑπςιικτάς⁹
1154 5186 1220 5247 ἃς
1272 5187 1494 5256 ἔχουσα,
1527 5187 1704 5250 καθὼς

137 5277 299 5344 ἔφην,
322 5278 632 5350 εὑρίσκεται
659 5277 796 5330 κατὰ
822 5277 918 5348 τὴν
946 5281 1239 5350 εἰρημένην
1266 5280 1527 5351 τριακάδα
1557 5280 1704 5352 πρώ-

139 5386 159 5402 ο
185 5386 235 5438 τι
280 5366 371 5420 τοῦ
420 5368 664 5440 Μαρτίου
707 5367 889 5437 μηνός·
934 5368 1044 5420 Καὶ
1077 5372 1154 5432 εἰς
1183 5370 1277 5432 τὰς
1304 5370 1384 5422 κθ⁹
1411 5372 1578 5440 ἥμισυ
1608 5370 1704 5432 τὰς
1751 5355 1760 5364 Ι

140 5461 266 5524 δίας
305 5461 630 5530 μερίζομεψ
668 5460 760 5512 καὶ
799 5460 897 5521 τὰς
943 5461 1314 5529 ἀπομενούσας
1349 5462 1572 5531 ἔχουσαν
1605 5461 1703 5532 τὴν

147 5552 376 5623 σελήνην
424 5553 778 5624 γινώσκομεν.
813 5555 995 5608 Ταῦτα
1041 5555 1134 5606 καὶ
1167 5555 1294 5625 περ).
1331 5555 1427 5625 τῆς
1471 5554 1574 5607 τῶν
1607 5556 1700 5607 ὲπ-

147 5644 333 5702 ακτῶν
362 5643 460 5714 τῆς
492 5644 716 5718 σελήνης
753 5647 970 5716 μεθόδου
999 5663 1054 5698 τε
1086 5648 1176 5700 καὶ
1207 5646 1487 5715 εὑρέσεως.

239 5803 282 5836 ⁷⁸
381 5801 744 5870 ἐσδομαδικὸς.

2436 4799 2740 4866 reperimus.

1813 4892 1857 4914 Ῥ
1883 4910 2119 4969 XXVIII.
2155 4910 2278 4964 Dies
2325 4924 2533 4975 omnes,
2570 4909 2662 4975 qui
2700 4923 2730 4961 a
2777 4907 3034 4964 Kalendis
3067 4905 3266 4978 Aprilis
3295 4907 3364 4962 ad
3407 4922 3415 4928 ‘

1811 5006 1959 5061 diem
1993 5005 2198 5058 mensis
2228 5002 2521 5071 cujuslibet
2558 5000 2788 5055 Romani
2831 5000 3122 5064 ﬂuxerunt,
3155 4999 3367 5069 colligi—

1811 5113 1963 5153 mus.
1995 5097 2089 5151 IIis
2125 5105 2344 5166 epactas
2369 5096 2528 5161 lunae,
2561 5094 2627 5148 de
2655 5095 2852 5164 quibus
2875 5093 3077 5146 dictum
3104 5099 3208 5155 est,
3229 5091 3362 5159 adji-

1810 5194 2010 5252 cimus,
2062 5204 2422 5259 quascunque
2451 5188 2538 5243 die
2581 5187 2758 5240 Martii
2795 5202 2922 5240 xxxt
2957 5187 3142 5241 sortita
3179 5184 3359 5239 fuerit.

1813 5282 2091 5336 Summam
2113 5298 2208 5352 per
2226 5298 2352 5336 xxrx
2383 5283 2486 5352 1/2
2511 5281 3093 5351 partimur;reliquum
3123 5285 3205 5334 est
3235 5273 3363 5331 aeni:

1813 5360 1975 5428 lunaa.
2016 5371 2140 5429 Haec
2172 5374 2236 5428 de
2269 5375 2416 5429 lunae
2445 5381 2755 5444 epactarum
2795 5371 3070 5436 methodo,
3097 5380 3148 5424 et
3180 5370 3365 5424 inven-

1808 5468 1956 5522 tionc
1993 5467 2136 5522 dicta
2169 5467 2298 5523 sint.
