4124 6320
785 393 920 452 ut?
987 351 990 354 ί
1229 407 1232 410 η
1793 387 1880 440 AD
1919 387 2184 442 unseen
2223 387 2356 440 cun

857 513 927 558 lle
953 511 1148 574 epactts
1177 503 1328 566 satis,
1353 499 1613 570 quomodo
1645 511 1690 554 et
1725 503 1854 568 ipsa:
1883 511 2264 572 computentur.

854 683 1043 740 XXIX.
1075 683 1424 754 Explicandzn
1447 693 1574 738 sunt
1601 683 1857 752 deinceps
1879 691 2080 752 epacta:
2109 683 2335 744 solares,

781 793 844 831 ac
877 773 1334 843 quemadmodum
1371 773 1699 842 investigare
1725 787 1818 826 eas
1855 781 2122 840 oporteat.
2157 773 2338 840 Itaque

785 867 1062 938 proposito
1096 879 1239 918 anno
1269 863 1402 918 solis
1449 864 1708 932 quolibet,
1751 871 1810 916 ut
1845 863 1946 916 hoc
1981 863 2100 929 ipso
2129 877 2337 919 xxvni;

782 959 1024 1022 totidem,
1057 971 1166 1011 una
1215 955 1466 1024 dempta,
1515 953 1863 1008 numeranda:
1903 961 2032 1008 sunt
2070 953 2208 1016 dies,
2237 951 2339 1006 hoc

779 1061 863 1106 est
889 1065 1058 1104 xxvn.
1082 1048 1420 1114 Quadrantes
1462 1053 1664 1109 autem,
1713 1045 1864 1098 nullo
1910 1045 2178 1102 detracto.
2209 1053 2339 1114 quot

781 1154 1007 1196 summa:
1031 1139 1129 1192 toti
1151 1145 1483 1207 competunt,
1505 1135 1848 1200 assumendi;
1871 1141 1999 1202 puta
2016 1149 2184 1186 xxvul
2207 1149 2340 1202 qua--

778 1234 1062 1292 drifariam
1081 1233 1291 1300 divisis,
1323 1235 1458 1288 liunt
1481 1234 1667 1302 utique
1688 1231 1804 1286 dies
1827 1247 1900 1284 vn
1927 1231 2158 1300 ;quibus
2187 1230 2338 1285 addi-

777 1328 870 1388 tis,
905 1341 1170 1380 summam
1233 1341 1393 1380 xxxiv
1421 1325 1628 1379 dierum
1663 1339 1757 1390 per
1787 1339 1862 1375 vn
1901 1321 2081 1377 divide
2121 1310 2339 1393 propter

751 1417 1166 1472 'lwbdomadas.
1199 1416 1516 1478 Residuum,
1539 1417 1636 1478 hoc
1659 1423 1744 1468 est
1766 1431 1816 1468 \’l
1838 1414 1976 1478 dies,
2005 1429 2104 1484 pro
2135 1415 2338 1483 epactis

775 1511 1044 1565 obtinebit
1075 1510 1164 1563 hic
1189 1525 1366 1563 annus
1391 1525 1742 1580 xxv:||,.quas
1765 1507 1830 1562 ad
1860 1507 2110 1562 eumdem
2135 1523 2336 1560 annum

777 1605 1062 1672 posuimus
1095 1603 1150 1656 in
1182 1615 1390 1655 canone
1425 1619 1436 1654 :
1469 1609 1528 1654 ut
1583 1601 1649 1654 ad
1683 1611 1916 1654 cmteros
1969 1614 2090 1668 quae
2140 1601 2339 1668 cuique

777 1693 1178 1762 competebant.
1209 1691 1350 1744 idem
1385 1691 1468 1746 fac
1503 1692 1556 1744 in
1584 1691 1690 1744 alio
1720 1690 1912 1760 quovis
1945 1703 2110 1754 anno,
2137 1695 2198 1743 ut
2218 1689 2337 1759 ejus

703 1797 708 1800 '
777 1790 998 1854 epactas
1021 1797 1332 1852 assequare.
1369 1807 1374 1816 -

815 1985 1086 2052 Quomodo
1121 1985 1368 2056 a'quales,
1405 1995 1495 2038 aut
1517 1986 1816 2039 excedente:
1845 1987 2060 2042 invicem
2089 1998 2301 2055 epactas

1238 2057 1459 2108 habeant
1481 2057 1606 2108 anni
1639 2057 1858 2110 salares.

849 2171 1014 2226 XXX.
1041 2174 1231 2226 Annus
1263 2173 1440 2226 oumis
1467 2171 1666 2226 solaris
1697 2171 1838 2226 diem
1866 2189 1988 2227 cum
2035 2175 2336 2244 quadrante

779 2281 878 2335 pro
905 2267 1110 2336 epactis
1147 2265 1420 2334 relinquit.
1451 2265 1581 2332 Quae
1613 2267 1742 2320 nihil
1767 2267 1912 2318 aliud
1945 2277 2076 2320 sunt
2109 2268 2336 2320 omnino

781 2363 975 2426 praeter
999 2357 1140 2410 diem
1175 2357 1326 2408 illum
1359 2373 1482 2409 cum
1515 2356 1952 2426 quadrante,qui
1981 2362 2102 2424 post
2133 2355 2328 2408 hebdoc

781 2447 970 2502 madas
1017 2462 1090 2500 ιιι
1141 2447 1382 2516 integras
1426 2447 1492 2500 de
1526 2459 1727 2500 cccuv
1767 2445 1866 2516 1/4
1905 2455 2196 2515 superest:
2237 2447 2332 2502 sed

779 2537 940 2601 duos,
971 2538 1056 2592 vel
1089 2545 1222 2602 tres,
1273 2537 1356 2590 vel
1407 2545 1664 2606 quatuor,
1705 2549 1756 2592 et
1805 2537 1872 2592 ad
1913 2546 2118 2608 septem
2162 2555 2334 2607 usque

781 2627 982 2682 habere
1006 2627 1228 2692 dicitur,
1269 2629 1413 2698 quod
1453 2628 1592 2684 diem
1629 2631 1778 2684 illum
1808 2641 1861 2684 et
1889 2631 1989 2700 1/2
2027 2631 2094 2685 ad
2125 2648 2182 2686 se
2211 2648 2334 2686 mu-

781 2729 874 2775 tuo
897 2721 1292 2785 transmittant,
1329 2731 1382 2775 et
1413 2729 1736 2791 augeantur.
1777 2721 1910 2776 Nam
1957 2724 2022 2776 ad
2069 2725 2332 2795 integram

780 2809 1196 2872 hebdomadam,
1239 2821 1598 2880 septenosque
1635 2813 1752 2866 dies
1779 2813 1972 2866 ordine
1995 2816 2052 2865 [it
2085 2829 2335 2884 progres-

781 2901 885 2956 sio.
935 2897 1086 2954 Unde
1114 2917 1308 2956 rursus
1354 2901 1420 2954 ad
1455 2903 1671 2956 initium
1709 2901 1938 2956 reditur.
1971 2903 2102 2956 Cum
2153 2885 2332 2958 autem

784 2991 1052 3046 bisextilis
1083 3007 1260 3046 annus
1283 3001 1389 3056 est,
1423 3001 1584 3063 atque
1605 3009 1672 3048 ex
1694 2993 2036 3064 quadriennii
2065 2995 2335 3064 quadran-

781 3085 928 3139 tibus
970 3085 1089 3139 dies
1133 3100 1241 3139 una
1273 3085 1567 3155 colligitur,
1596 3103 1657 3141 ea
1701 3087 2025 3151 accedente,
2059 3089 2332 3158 sequentis

781 3172 1172 3226 incrementum
1200 3174 1328 3226 anni
1370 3189 1478 3226 uno
1510 3175 1596 3228 die
1627 3175 1684 3228 tit
1711 3157 1909 3244 majiis.
1940 3177 2075 3230 Nam
2105 3194 2204 3248 pro
2227 3195 2333 3232 uno

703 3330 709 3338 ι
780 3261 1003 3316 biduum
1029 3263 1226 3333 accipit
1261 3282 1273 3316 ε
1309 3264 1452 3332 quod
1492 3265 1544 3316 in
1577 3279 1722 3318 anno
1763 3267 1882 3336 ipso
1923 3283 2086 3321 xxviu
2116 3285 2358 3324 cernere-

780 3356 924 3409 licet.
942 3353 1150 3425 Quippe
1175 3355 1498 3410 antecedens
1517 3357 1690 3427 ipsum
1716 3373 1914 3424 annus,
1947 3359 2048 3414 hoc
2063 3369 2144 3414 est
2169 3377 2332 3419 xxvn.

787 3455 1026 3517 quatuor
1045 3447 1310 3502 duntaxat
1343 3448 1538 3514 habet;
1577 3459 1632 3502 at
1675 3450 1764 3504 ille
1790 3433 2011 3521 propter
2038 3453 2140 3506 diei
2175 3455 2335 3508 unius

779 3539 1147 3593 accessionem
1175 3555 1268 3594 sex
1307 3525 1406 3595 sibi
1438 3541 1694 3596 vindicat.
1721 3541 1873 3597 Unde
1907 3559 2080 3614 neque
2109 3546 2164 3598 in
2186 3561 2334 3598 eam-

778 3629 900 3685 dem
942 3629 1132 3683 l'et’iam
1163 3645 1342 3685 annus
1389 3633 1480 3686 ille
1511 3649 1660 3687 xxvn
1692 3635 1886 3698 desiit,
1929 3651 1958 3690 a
1985 3653 2092 3706 qua
2123 3637 2334 3691 initium

781 3721 990 3776 habuit.
1015 3721 1148 3774 Nam
1177 3722 1222 3775 si
1251 3723 1366 3777 dies
1395 3730 1604 3778 tantum
1629 3726 1846 3780 haberet
1869 3743 2086 3790 cccnxv,
2107 3730 2158 3782 in
2190 3745 2338 3783 eam-

779 3813 902 3869 dem
933 3813 1226 3882 desineret,
1259 3831 1290 3870 a
1319 3832 1427 3886 qua
1471 3825 1711 3888 cmperat
1747 3839 1758 3873 :
1795 3821 1940 3873 velut
1987 3835 2018 3874 a
2061 3823 2336 3876 Dominica

781 3905 836 3960 in
869 3903 1227 3971 Dominicam,
1287 3919 1379 3964 aut
1417 3926 1444 3964 a
1472 3911 1708 3966 secunda
1757 3911 1890 3966 feria
1936 3915 1986 3966 in
2020 3913 2334 3968 secundam.

781 3997 887 4054 Sed
926 4001 1181 4070 quoniam
1200 4001 1392 4058 diebus
1423 4011 1898 4066 constatcccuvl,
1932 3991 2049 4060 ideo
2074 4007 2125 4059 in
2159 4017 2338 4076 poste—

778 4093 975 4144 riorem
1011 4107 1095 4157 ea,
1137 4093 1280 4146 unde
1327 4095 1512 4162 cmpit,
1547 4093 1738 4148 feriam
1771 4093 2012 4148 .desinit.
2045 4094 2157 4150 lloc
2184 4103 2266 4150 est
2307 4110 2335 4148 a

784 4181 1060 4236 Dominica
1091 4184 1146 4235 in
1187 4184 1377 4237 feriam
1431 4185 1744 4241 secundam.
1773 4187 1856 4240 vel
1891 4187 1959 4240 ab
2003 4187 2104 4240 hac
2134 4187 2186 4240 in
2233 4173 2339 4239 tcir-

779 4275 941 4338 tiam,
977 4283 1031 4328 et
1077 4275 1148 4328 ita
1183 4275 1458 4346 deinceps.
1505 4277 1586 4332 Ob
1637 4279 1776 4332 hanc
1834 4294 2052 4332 causam
2093 4282 2338 4336 tenendae

780 4376 908 4421 sunt
931 4367 1062 4421 solis
1083 4376 1308 4437 epactm,
1333 4377 1386 4422 et
1421 4371 1542 4434 hoc,
1573 4385 1682 4438 quo
1707 4371 1910 4425 dictum
1933 4381 2037 4437 est,
2071 4375 2230 4428 modo
2247 4391 2340 4444 pu-

689 4479 692 4483 ·
779 4457 974 4512 tandaa.
1015 4457 1303 4522 Nimirum,
1337 4467 1394 4513 ut
1435 4461 1622 4513 ‘denuo
1663 4473 1972 4530 repetamus
2015 4465 2176 4526 idem.
2212 4468 2338 4519 toti-

779 4551 902 4604 dem
931 4549 1069 4610 dies,
1103 4561 1302 4618 quotus
1343 4559 1661 4606 muneratur
1699 4568 1873 4608 annus
1907 4557 2134 4624 quilibet
2169 4559 2334 4620 solis,

779 4657 886 4696 una
919 4643 1099 4694 minus
1117 4643 1458 4697 assumendae
1486 4653 1643 4710 sunt;
1671 4643 1865 4698 deinde
1895 4644 2046 4716 181
2068 4649 2338 4716 quadran—

778 4743 861 4790 tes
897 4735 1108 4802 integro
1133 4751 1358 4790 munero
1398 4737 1516 4790 sine
1567 4735 1908 4792 detractione
1953 4751 2331 4810 congruentes.

781 4827 1001 4879 Summa
1019 4841 1112 4895 per
1136 4843 1206 4879 vn
1245 4813 1544 4881 dividenda
1571 4849 1582 4882 :
1624 4829 1767 4898 quod
1811 4832 2075 4899 reliquum
2104 4841 2208 4898 est,
2241 4835 2338 4888 da-

778 4918 858 4972 bit
883 4931 1101 4986 epaetas
1149 4921 1278 4972 anni
1315 4919 1462 4974 illius
1492 4937 1651 4990 quem
1681 4917 1995 4990 qtnerimus.
2023 4923 2192 4980 Porro
2233 4943 2336 4982 nu-

730 5027 988 5065 atnerum
1021 5011 1230 5066 dierum
1263 5012 1420 5066 annis
1475 5029 1657 5081 parem
1701 5031 1805 5068 una
1835 5015 1924 5071 die
1981 5018 2332 5072 minuendum

779 5103 1162 5173 praecepimus,
1195 5105 1453 5173 quoniam
1487 5106 1695 5174 primus
1735 5123 1909 5163 annus
1943 5109 2123 5165 nullas
2173 5111 2336 5164 bal-et

779 5194 1307 5264 ascriptas-‘epactas,
1358 5197 1502 5264 quod
1539 5213 1568 5248 a
1601 5198 1774 5265 prima
1804 5197 1938 5253 feria
1985 5201 2085 5254 hoc
2113 5210 2198 5255 est
2229 5201 2336 5256 Do-

777 5287 972 5347 minica
1017 5285 1321 5366 deﬁniatur.
1375 5287 1651 5355 Siquidem
1703 5305 1881 5346 almus
1920 5295 2097 5346 omnis
2141 5309 2168 5345 ιι
2231 5293 2334 5347 Do-

775 5379 976 5432 tninéca
1002 5368 1292 5448 incipias,
1329 5391 1386 5452 ut
1429 5399 1590 5451 supra
1633 5382 1836 5436 dictum
1868 5394 1968 5445 est,
2001 5385 2202 5438 nullam
2239 5401 2334 5453 pe-

775 5471 924 5525 nitus
963 5483 1206 5540 epactam
1235 5473 1392 5526 habet
1417 5513 1430 5534 ,
1469 5477 1570 5528 nisi
1596 5477 1640 5529 si
1685 5491 1806 5544 qua:
1834 5487 1960 5530 sunt
2009 5477 2332 5545 fragmenta,

773 5565 920 5617 velut
959 5567 1235 5634 quadrans
1261 5607 1274 5629 ,
1309 5577 1401 5620 aut
1447 5569 1767 5633 dimidium,
1808 5577 1900 5622 aut
1940 5571 2146 5624 dimidii
2199 5586 2333 5640 qua-

775 5655 961 5720 drans,
997 5676 1113 5727 qua:
1133 5659 1198 5712 ad
1233 5661 1674 5715 liebdomadieam
1699 5663 1881 5716 feriam
1904 5663 2328 5732 investigandum

841 5815 886 5844 ⁹⁰
925 5815 988 5868 Id
1020 5829 1091 5869 est
1129 5818 1146 5869 1
1201 5819 1314 5872 1βί.
1392 5821 1430 5850 ⁸⁸
1466 5819 1835 5890 Ῑηὲπὲκτησιν.
1931 5821 1972 5852 ³³
2013 5819 2048 5876 ι’,
2087 5817 2336 5880 οὐδεμίαν

2364 387 2612 444 ONICON
2653 393 3010 452 APPENDIX.
3846 406 3950 460 £9.43

2365 505 2412 560 Λ
2439 505 2578 570 Περὶ
2631 505 2747 558 τῶν
2786 509 3054 562 ἐπακτῶν
3093 511 3197 565 τοῦ
3253 512 3453 578 ἡλίου,
3498 511 3626 577 πῶς
3677 514 3770 568 καὶ
3815 513 3952 572 αὗται

3028 579 3398 648 ψηφίζονται.

2509 682 2615 734 ΚΘ¹
2621 722 2633 734 .
2670 685 2760 736 Δεῖ
2771 685 2825 738 δὲ
2837 688 2928 740 καὶ
2943 687 3068 758 περὶ
3077 687 3182 740 τῶν
3199 689 3432 759 ἡλιακῶν
3447 691 3702 744 ὲπακτῶν
3711 696 3948 765 γνωρξσιι,

2439 771 2554 836 πῶς
2570 775 2662 826 καὶ
2674 777 2870 840 ταύτας
2887 779 3002 830 ἐστὶ
3017 780 3356 834 καταλαϐεῖν.
3377 784 3418 834 Χ
3429 783 3494 852 ρὴ
3507 783 3683 836 τοίνυν
3695 784 3768 854 τῷ
3783 789 3950 840 svnt:-

2441 865 2586 934 μένῳ
2633 867 2844 938 ἡλιακῴ
2883 869 3010 934 ἔτει,
3041 871 3170 940 φέρε
3200 874 3368 940 εἰπεῖν
3395 873 3470 934 ὡς
3497 875 3586 926 ἐπὶ
3613 875 3704 928 τοῦ
3733 879 3950 947 παρόντος

2440 963 2524 1026 κη’
2570 957 2740 1024 ἔτους,
2791 961 3106 1030 ἰσαρίθμους
3156 963 3302 1034 αὑτῷ
3339 951 3558 1034 κρατεῖν
3592 969 3798 1038 ἡμέρας
3838 974 3950 1044 παρὰ

2443 1048 2571 1116 μίαν
2609 1049 2774 1118 μόνην
2801 1051 3036 1122 ἡμέραν,
3069 1055 3344 1106 τουτέστιν
3367 1055 3448 1120 κζ’
3471 1057 3704 1128 ἡμέρας,
3735 1061 3951 1131 ἰσάριθμα

2438 1138 2495 1190 δὲ
2529 1139 2760 1210 τέταρτα
2818 1143 2946 1212 παρ’
2973 1144 3092 1196 οὐδὲ
3141 1145 3196 1198 ἓν
3241 1145 3494 1218 τέταρτον
3525 1145 3678 1212 αὖθις
3709 1168 3952 1222 συμπαρα-

2440 1229 2748 1300 λαμϐάνειψ
2789 1235 3062 1288 τουτέστιν
3091 1245 3194 1307 κη’,
3221 1237 3310 1301 ὅδ’,
3339 1237 3478 1310 ἅπερ
3509 1239 3748 1294 ποιοῦσιν
3782 1243 3952 1312 ἡμέρεις

2437 1321 2717 1393 προδήλως
2763 1326 2929 1378 ἑπτά·
2965 1330 3056 1380 καὶ
3087 1328 3257 1390 οὕτως
3285 1329 3384 1392 τὰς
3409 1331 3555 1394 ὅλας,
3583 1332 3746 1402 ἤγουν
3781 1333 3866 1396 τὰς
3898 1333 3950 1385 λδ·

2441 1413 2680 1482 μερίζειν
2713 1417 2791 1477 εἰς
2817 1415 2911 1487 τὴν
2939 1417 2982 1480 ζ’
3023 1417 3110 1470 διὰ
3135 1419 3232 1490 τὰς
3251 1413 3566 1490 ἑϐδομάδας.
3595 1425 3702 1475 Καὶ
3729 1423 3820 1485 τὰς
3849 1425 3952 1476 ὐπο-

2437 1503 2672 1566 λοέπους,
2703 1505 2944 1559 τουτέστι
2965 1509 3063 1571 τὰς
3091 1516 3142 1573 ς’
3169 1512 3274 1580 ήμέ
3281 1528 3400 1582 ρας,
3423 1513 3664 1576 ὲπακτᾶς
3686 1513 3800 1582 ἔχον
3823 1515 3952 1582 γινώ-

2439 1609 2626 1646 σκεται
2667 1595 2726 1647 τὸ
2769 1597 2901 1649 αὐτὸ
2939 1604 3024 1668 κη’
3053 1599 3198 1662 ἔτος·
3226 1600 3290 1664 ἃς
3313 1603 3369 1654 ἐν
3402 1601 3548 1672 αὐτῷ
3582 1603 3672 1655 καὶ
3699 1603 3948 1676 διεγράψα-

2439 1703 2538 1756 μεν
2583 1687 2640 1740 ἐν
2679 1687 2812 1757 τῷδε
2851 1690 2928 1759 τῷ
2961 1691 3204 1762 κανονξῳ,
3229 1693 3370 1746 καθά
3403 1695 3498 1747 καὶ
3517 1699 3626 1758 τοῖς
3661 1696 3852 1759 λοιποῖς
3878 1699 3952 1760 τὰς

2441 1781 2800 1850 προσφόρους.
2839 1782 3022 1845 Οὕτως
3054 1779 3144 1836 οὖν
3193 1785 3284 1838 καὶ
3319 1785 3403 1836 ἐπ’
3444 1786 3600 1838 ἄλλου
3643 1790 3832 1850 παντπ
3865 1791 3952 1842 ἐστι

2439 1875 2609 1924 ποιεῖν
2633 1875 2712 1936 εἰς
2741 1874 2956 1944 εὖρεσιν
2988 1875 3096 1930 τῶν
3124 1875 3286 1928 αὑτοῦ
3309 1878 3578 1930 ἐπακτῶν.

2434 1981 2568 2050 Πῶς
2616 1985 2712 2037 καὶ
2759 1985 2917 2050 ἴσας,
2953 1987 3048 2039 καὶ
3097 1989 3368 2054 περιττὰς
3421 1988 3706 2054 ἀλλήλων
3733 1991 3955 2054 ἑπακτάς

2806 2055 3018 2124 ἔχουσι
3047 2061 3118 2110 τὰ
3143 2057 3248 2110 τοῦ
3287 2059 3465 2126 ἡλίου
3495 2059 3620 2126 ἐτη.

2504 2167 2578 2218 Λ’.
2613 2165 2878 2220 Ἕκαστον
2915 2170 3014 2240 μὲν
3057 2171 3162 2240 γὰρ
3193 2170 3308 2235 ἔτος
3339 2173 3487 2242 ἡλίου
3519 2173 3646 2242 μίαν
3673 2173 3906 2241 τέταρτον
3919 2175 3954 2202 εδ

2435 2258 2694 2330 κέκτηται
2721 2262 2980 2332 ἐπακτὴν,
3011 2263 3110 2316 οὐκ
3141 2263 3304 2333 ἄλλην
3326 2261 3488 2318 οὖσαν
3511 2265 3568 2318 τὸ
3603 2265 3811 2317 σύνολον
3833 2265 3860 2334 ἦ
3883 2267 3956 2332 τὴν

2409 2347 2572 2420 Κμετὰ
2603 2352 2702 2414 τὰς
2745 2353 2823 2422 νβ’
2859 2355 3158 2426 ἑϐδομάδας
3187 2355 3601 2426 περιττεύουσαν
3633 2359 3696 2407 ἐκ
3725 2355 3826 2407 τῶν
3855 2355 3954 2419 τες,

2429 2439 2472 2492 δ’
2495 2441 2746 2512 ἡμερῶνο
2785 2443 2876 2496 δύο
2903 2444 2978 2504 δὲ,
3016 2447 3108 2498 καὶ
3139 2453 3209 2514 γ’,
3247 2447 3339 2500 καὶ
3369 2447 3430 2506 δ’,
3453 2447 3546 2498 καὶ
3579 2446 3764 2517 μέχρις
3803 2447 3958 2508 ἁπλῶς

2431 2529 2550 2600 τῶν
2569 2532 2612 2595 ζ’
2639 2533 2851 2600 λέγεται
2902 2535 3043 2605 ἔχειν
3080 2536 3168 2590 διὰ
3197 2537 3293 2607 τὴν
3328 2538 3384 2603 ἐξ
3415 2537 3654 2608 ἀλλήλων
3683 2540 3760 2600 εἰς
3789 2537 3958 2606 ama

2433 2621 2722 2694 γινομένην
2743 2625 2942 2696 ταύτης
2973 2626 3028 2678 δὲ
3056 2627 3156 2694 τῆς
3185 2628 3312 2696 μιᾶς
3341 2627 3594 2696 τέταρτον
3620 2629 3958 2698 παραπομπήν

2432 2733 2490 2770 τε
2524 2719 2616 2770 καὶ
2647 2717 2891 2789 αὔξησιν.
2925 2721 3068 2782 Ἕως
3097 2720 3206 2792 γὰρ
3237 2722 3335 2790 τῆς
3359 2721 3714 2792 ἑϐδομαδικῆς
3739 2721 3958 2792 συμπλη-

2441 2807 2675 2878 ρώσεως,
2703 2811 2867 2878 ἤγουν
2897 2811 3000 2863 τῶν
3041 2811 3084 2875 ζ’
3125 2811 3368 2882 ἡμερῶν,
3401 2813 3520 2866 καθ’
3557 2815 3742 2884 εἱρμὸν
3779 2815 3834 2864 ἐν
3871 2815 3962 2875 τοῖς

2411 2899 2606 2960 ,ἔτεσιν
2635 2901 2969 2972 αὐξανομένη
2992 2904 3148 2958 πάλιν
3173 2905 3491 2976 ἀπάρχεται.
3517 2905 3714 2958 Καθὸτι
3737 2905 3791 2956 δὲ
3819 2901 3962 2972 $505.3-

2433 2993 2522 3044 τόν
2567 2995 2681 3045 ἐστι
2703 3033 2718 3058 ,
2749 2995 2839 3048 καὶ
2894 2997 2958 3046 ἐκ
2995 2995 3106 3049 τῶν
3156 2998 3429 3066 τετάρτων
3457 2997 3555 3068 τῆς
3581 2995 3960 3066 τετραετηρίδος

2434 3087 2780 3158 ἀθροισθεῖσα
2827 3090 2920 3159 μία
2967 3089 3165 3160 ἡμέρα,
3219 3089 3338 3142 κατ’
3395 3088 3734 3157 ἐπίκλησινυ
3785 3089 3961 3156 metu;

2363 3169 2404 3228 C
2439 3181 2662 3250 περιττή
2703 3198 2816 3242 πως
2845 3181 2877 3250 ἠ
2909 3179 3016 3233 τῶν
3049 3179 3300 3232 ἐπακτῶν
3321 3179 3413 3232 τοῦ
3443 3179 3810 3250 διαδεχομένου
3835 3179 3960 3240 ἔτους

2435 3269 2732 3340 ὲτταύξησις
2761 3270 2993 3338 γίνεται,
3021 3272 3114 3324 δύο
3143 3273 3355 3344 ἡμέρας
3395 3271 3514 3324 ἀντὶ
3555 3273 3680 3342 μιᾶς
3713 3271 3960 3342 προσλαμ-

2437 3362 2718 3426 ϐάνοντοςο
2752 3363 2825 3426 ὡς
2851 3363 2996 3416 ἔστιν
3041 3365 3166 3417 ἰδεῖν
3203 3365 3288 3416 ἐπ’
3313 3363 3477 3418 αὑτοῦ
3505 3363 3600 3416 τοῦ
3636 3361 3958 3437 προκειμένου

2437 3463 2540 3522 κη’.
2576 3454 2856 3525 Τέσσαρας
2893 3457 3002 3528 γὰρ
3029 3455 3240 3526 ἔχοντος
3267 3455 3360 3508 τοῦ
3399 3455 3504 3526 πρὸ
3539 3455 3718 3518 αὐτοῦ,
3747 3453 3960 3508 τοπέστι

2435 3543 2528 3597 τοῦ
2553 3545 2650 3610 κζ’,
2679 3547 2734 3611 ἓξ
2763 3547 2920 3600 τοῦτο
2946 3549 3032 3602 διὰ
3060 3549 3156 3619 τὴν
3179 3547 3362 3602 ἐκτῶν
3389 3547 3658 3618 τετάρτων
3695 3541 3962 3618 ἀθροισθεί-

2437 3654 2532 3690 σαν
2559 3639 2770 3709 ἡμέραν
2795 3641 3074 3710 ἐκτήσατο.
3108 3640 3266 3694 Ὅθεν
3295 3640 3410 3692 οὐδὲ
3437 3641 3514 3702 εἰς
3544 3641 3640 3710 τὴν
3668 3641 3828 3708 αὐτὴν
3849 3639 3960 3708 ἡμέ-

2438 3744 2556 3797 ραν,
2589 3727 2644 3792 ὲξ
2682 3725 2746 3798 ἦς
2795 3729 3094 3800 ἁπήρξατο,
3140 3729 3231 3782 καὶ
3277 3727 3538 3799 κατέληξε
3579 3729 3640 3782 τὸ
3681 3729 3858 3798 λεχθὲν
3897 3727 3958 3790 κζ’

2437 3817 2570 3880 ἔτος.
2629 3819 2840 3889 Ἐπειδὴ
2869 3817 2957 3871 διὰ
3005 3821 3100 3890 μὲν
3145 3821 3250 3872 τῶν
3275 3820 3484 3884 τξε’·εἱς
3515 3819 3612 3891 τὴν
3643 3819 3702 3886 ἐξ
3725 3815 3791 3892 ἧς
3813 3823 3960 3892 ἀπήρ-

2439 3907 2563 3971 ξατο
2594 3909 2885 3979 καταλήγει
2911 3912 3124 3976 πάντως
3143 3929 3156 3941 ·
3195 3907 3302 3964 οἷον
3333 3911 3438 3964 ἀπὸ
3469 3913 3752 3983 Κυριακῆς
3773 3915 3850 3977 εἰς
3871 3913 3960 3965 Κυ-

2439 3996 2630 4068 ριακὴν
2645 4039 2658 4063 ,
2691 3998 2722 4068 ἢ
2753 3999 3006 4070 δευτέρας
3033 4001 3110 4064 εἰς
3131 4001 3408 4070 δευτέραν.
3442 3999 3540 4052 Διὰ
3559 4001 3616 4053 δὲ
3635 4002 3743 4054 τῶν
3763 4002 3876 4066 τξς¹
3897 4001 3958 4060 ei;

2435 4087 2534 4156 τὴν
2587 4088 2722 4158 μετὰ
2759 4089 2854 4160 τὴν
2901 4091 2992 4158 ἀφ’
3030 4087 3098 4161 ἦς
3131 4089 3340 4161 ἡμέραν
3379 4092 3686 4162 ἀπήρξατο·
3715 4093 3960 4145 τουτέστιν

2438 4181 2544 4234 ἀπὸ
2573 4183 2853 4254 Κυριακῆς
2870 4187 2946 4245 εἰς
2971 4184 3296 4254 δευτέραν,ἢ
3327 4185 3432 4238 ἀπὸ
3455 4185 3656 4254 ταύτης
3677 4186 3754 4248 εἰς
3779 4185 3959 4256 τρίτην·

2440 4273 2531 4324 καὶ
2578 4271 2700 4342 ἑξῆς
2746 4273 2962 4342 ὁμοίως.
2994 4273 3091 4326 Διὰ
3135 4273 3305 4328 ταῦτά
3337 4291 3415 4326 τοι
3457 4275 3722 4344 προσήκει
3749 4273 3960 4326 meis-03:

2436 4363 2530 4415 τοῦ
2587 4363 2735 4432 ἡλίου
2791 4364 3041 4418 ὲπακτῶν
3095 4365 3192 4436 τὴν
3241 4367 3642 4438 παρατήρησιν,
3673 4365 3764 4418 καὶ
3791 4365 3960 4424 ταύτας

2369 4501 2412 4552 D
2439 4455 2690 4525 ψηφίζειν
2709 4457 2848 4510 κατὰ
2869 4456 2958 4508 τὸν
2973 4456 3354 4527 ἀποδειχθέντα
3381 4458 3576 4527 τρόπον
3591 4473 3606 4487 ·
3639 4451 3768 4521 οἷον,
3787 4459 3866 4510 ἵνα
3887 4453 3960 4508 καὶ

2443 4548 2600 4600 πάλιν
2635 4548 2895 4618 εἴπωμεν,
2925 4549 3022 4612 τὰς
3045 4549 3354 4620 ἰσαρίθμους
3385 4547 3546 4601 αὑτοῦ
3577 4547 3670 4600 τοῦ
3711 4545 3962 4614 ἐνισταμέ-

2438 4659 2526 4694 νου
2571 4641 2796 4710 ήλιακοῦ
2838 4641 3008 4705 ἔτους,
3053 4637 3161 4695 οἷον
3206 4641 3250 4693 δ’
3283 4641 3346 4694 ἂν
3385 4641 3468 4711 εἴη
3505 4641 3568 4694 τὸ
3605 4639 3960 4711 ψηφιζόμενοι,

2439 4735 2732 4806 λαμϐάνειν
2764 4733 2974 4838 ἠῧρας
3007 4733 3154 4804 παρὰ
3191 4733 3354 4803 μόνην
3393 4733 3518 4803 μίαν
3545 4734 3776 4804 ἡμέραν.
3807 4733 3890 4784 καὶ

2441 4829 2700 4900 ἰσάριθμα
2719 4817 2952 4896 τέτοῷτα
2972 4829 3098 4898 παρ’
3123 4825 3242 4880 οὐδὲ
3267 4827 3324 4878 ἓν
3349 4827 3731 4898 temp-comm!
3755 4817 3962 4895 μερίζειν

2437 4922 2514 4984 εἰς
2540 4920 2628 4973 τὸν
2658 4917 2701 4984 ζ’
2721 4935 2735 4949 ·
2768 4919 2861 4972 καί
2883 4917 3316 4981 τὰςὺπολοίπους
3341 4916 3579 4988 ὲξπακτὰς
3601 4916 3718 4986 ἕχον
3747 4916 3962 4986 εὑρίσκε-

2436 5027 2524 5063 ται
2549 5009 2762 5072 πάντως
2783 5009 2913 5062 αὐτὸ
2934 5008 2996 5060 τὺ
3019 5009 3098 5070 εἰς
3123 5007 3220 5077 τὴν
3247 5006 3470 5078 ζήτησιν
3501 5009 3632 5076 ἡμῖν
3653 5006 3962 5075 παρακείμε-

2437 5121 2524 5156 νον
2557 5103 2693 5166 ἔτος.
2719 5103 2830 5165 Τὰς
2866 5099 3178 5172 ἰσαρίθμους
3202 5099 3258 5153 δὲ
3289 5099 3381 5152 τοῦ
3415 5099 3566 5164 ἔτους
3603 5099 3812 5168 ἡμέρας
3843 5096 3962 5164 me)!

2441 5197 2566 5266 μίαν
2595 5195 2806 5266 ἡμέραν
2833 5195 3005 5246 ποιεῖν
3037 5193 3280 5263 εἴπομεν,
3311 5191 3494 5262 ἐπειδὴ
3521 5191 3584 5244 τὸ
3622 5189 3833 5260 “pf-370‘:
3869 5190 3962 5246 ἔτος

2437 5290 2694 5358 τέταρτον
2730 5291 2810 5351 εἰς
2841 5285 3136 5357 ὲπακτὴν⁸¹
3163 5284 3284 5355 ἔχον
3311 5285 3781 5354 καταγέγραπται,
3819 5282 3898 5334 διὰ
3919 5281 3964 5330 τὸ

2437 5381 2544 5434 ἀπὸ
2577 5380 2796 5450 πρώτης
2819 5419 2832 5442 ,
2863 5379 3024 5448 ἤγουν
3065 5378 3222 5445 ἁγίας
3249 5375 3527 5446 Κυριακῆς
3559 5373 3688 5426 αὐτὸ
3715 5373 3960 5435 κανονῐιζε-

2439 5473 2578 5525 σθαι.
2621 5473 2734 5525 Πᾶν
2779 5471 2885 5540 γὰρ
2939 5469 3055 5533 ἔτος
3081 5469 3188 5523 ἀπὸ
3225 5469 3504 5540 Κυριακῆς
3549 5467 3866 5536 ἀρχόμενον,
3905 5461 3962 5518 ὡς

2433 5565 2688 5635 ἀνωτέρω
2737 5563 3002 5628 λέλεκται,
3051 5561 3170 5614 οὐδὲ
3221 5561 3346 5631 μίαν
3395 5559 3636 5632 ἐπακτὴν
3669 5561 3728 5614 τὸ
3777 5557 3962 5612 σύνολον

2437 5659 2717 5728 κέκτηται,
2755 5655 2889 5725 πλὴν
2932 5645 3060 5716 ἴσως
3113 5651 3488 5726 ποστημορίων
3521 5651 3704 5718 τινῶν,
3745 5647 3852 5704 οἷον
3893 5663 3962 5700 τε·

3641 3014 3669 3026 ρ-

2377 5821 2536 5872 ὲπακ.
