4130 6342
124 423 277 480 1249

926 435 980 488 ε.
1022 408 1271 490 ιιΑΧιιιι
1312 437 1672 493 ιιιιιιτγιιιε
1708 426 2084 500 coupurus
2114 443 2565 504 'ECCLESIAS'I‘.

3225 429 3374 514 ωδ

126 540 368 612 τάρτου·
403 545 434 616 ἦ
472 545 714 615 ἡμίσεος,
749 549 780 618 ἢ
815 553 1034 621 ἡμίσεος
1061 555 1337 626 τετάρτου·
1373 556 1513 628 άπερ
1547 558 1703 612 οὐδα-

1807 561 1939 615 nihil
1959 563 2117 629 plane
2133 562 2442 626 conferunt.
2463 565 2633 620 donec
2650 575 2770 637 post
2795 567 2968 621 annos
2985 567 3374 637 quatuorjdiem

125 632 253 698 μῶς
286 635 629 689 συν-τελοῦσιν
665 642 743 702 εἰς
781 640 1133 714 ἑϐδομαδικῆς
1165 648 1374 717 ἡμέρας
1413 647 1706 720 ἐξεύρεσιν,

123 723 235 786 ἕως
260 724 334 778 ἂν
355 726 442 779 διὰ
465 729 562 798 τῆς
581 735 986 803 τετραετηρίδος
1005 735 1215 808 ἡμέραν
1238 739 1364 806 μίαν
1389 741 1704 809 ποιήσωσιν.
1747 760 1752 764 '

125 830 268 897 Πῶς
300 835 501 902 ἄλλως
520 839 625 916 ξάς
646 858 716 916 τε
733 841 835 893 τοῦ
861 844 1037 916 ἡλίου
1060 845 1154 898 καὶ
1177 845 1285 914 τῆς
1307 848 1568 916 σελήνης
1591 840 1710 902 seu?

401 909 655 975 τηρῆσαι
687 911 946 967 δυνατόν
969 914 1138 967 ἐστιν
1160 909 1440 983 ἑπάκτάς.

199 994 334 1048 ΛΑ’.
365 998 475 1051 Καὶ
497 1001 581 1052 ἵνα
606 1005 881 1074 συντόμως
911 1007 1048 1059 είπω
1079 1010 1204 1079 περί
1224 1025 1282 1060 τε
1307 1009 1413 1061 τῶν
1436 1009 1529 1063 τοῦ
1555 1009 1703 1081 ἡλίου

124 1088 221 1138 καὶ
265 1090 369 1159 τῆς
417 1092 643 1166 σελήνης
689 1099 955 1164 ὲπακτῶν,
990 1101 1082 1154 καὶ
1127 1102 1224 1170 τῆς
1273 1102 1477 1154 τούτων
1517 1103 1703 1173 ῥᾳδίας

125 1180 520 1250 καταλήψεως,
563 1188 594 1256 ἡ
634 1187 733 1256 μὲν
789 1189 1006 1262 σελήνη,
1050 1193 1212 1262 ἤγουν
1269 1193 1328 1245 τὸ
1362 1194 1480 1246 κατ’
1537 1195 1704 1263 αὐτὴν

126 1271 488 1342 ἐνιστάμενον
514 1277 650 1342 ἔτος,
668 1280 932 1344 τοσαύτας
957 1285 1196 1347 ὲπακτὰς
1223 1285 1333 1355 ἔχει
1362 1285 1575 1348 πάντως
1593 1287 1702 1348 ἀεὶ,

127 1358 264 1422 ὅσας
295 1363 511 1436 ἡμέρας
553 1369 860 1438 εὑρίσκεται
889 1375 1196 1445 κεκτημένη
1234 1375 1372 1427 κατὰ
1412 1374 1509 1445 τὴν
1550 1391 1704 1442 τρια·

129 1452 275 1505 κάδα
306 1455 530 1528 πρώτην
554 1460 646 1512 τοῦ
663 1464 904 1534 Μαρτίου
935 1469 1098 1537 μηνός
1115 1483 1126 1492 ·
1146 1467 1241 1519 ea:
1265 1468 1432 1534 ἥλιος,
1451 1467 1614 1536 ἤγουν
1640 1465 1700 1517 τὸ

127 1543 488 1616 ἐνιστάμενον
510 1551 671 1604 αὐτοῦ
692 1552 830 1617 ἔτος,
859 1556 1176 1626 ἰσαρίθμους
1203 1557 1460 1625 κέκτηται
1487 1555 1698 1618 πάντως

127 1628 228 1684 ἀεὶ
261 1634 362 1698 τὰς
404 1638 608 1701 οἰκείας
650 1641 891 1704 ὲπακτὰς
924 1647 986 1714 τῇ
1031 1645 1349 1716 ἐϐδομαδικῇ
1385 1644 1588 1717 ἡμέρᾳ,
1621 1645 1700 1706 εἰς

128 1724 194 1792 ῆν
228 1729 572 1798 καταντῆσαν
598 1732 659 1785 τὸ
691 1734 998 1804 πρὸ.αύτοῦ
1043 1736 1161 1798 ἔτος
1201 1737 1510 1808 ἐπεραιώθη
1559 1737 1700 1790 κατὰ

1815 669 1980 706 unum
2005 668 2403 710 consumment.

1811 853 2262 918 Quemadmodum
2299 857 2425 910 solis
2458 858 2675 979 elllunte
2705 870 2912 926 spectas
2962 862 3114 915 aliter
3146 865 3372 919 invenire

2528 941 2681 979 tceal.

2528 941 2681 981 lceat.

1877 1011 2067 1069 XXXI.
2104 1014 2170 1070 Ut
2208 1016 2275 1070 de
2309 1017 2441 1071 solis
2468 1008 2680 1087 epactis
2708 1027 2762 1075 et
2787 1023 2944 1084 lunae,
2973 1023 3148 1093 deque
3177 1024 3367 1078 harun:
3411 1078 3417 1084 ,

1806 1101 1951 1156 facili
2003 1106 2314 1162 inventione
2349 1109 2524 1163 dicam
2563 1111 2838 1179 breviter;
2877 1117 3022 1184 quod
3069 1117 3136 1169 ad
3185 1118 3368 1170 lunam

1806 1185 2248 1268 attinetahujus
2303 1217 2479 1256 annus
2538 1205 2764 1272 quilibet
2803 1207 2982 1265 fdalus
3034 1216 3109 1261 tot
3157 1223 3370 1279 semper

1805 1296 2024 1357 epactas
2057 1290 2254 1357 habet,
2311 1301 2442 1362 quot
2474 1294 2682 1347 dierum
2715 1304 2847 1350 actas
2881 1298 3026 1351 illius
3057 1309 3139 1353 cst
3189 1299 3365 1353 Martii

1805 1378 1892 1433 die
1922 1396 2070 1434 χχιιι.
2103 1381 2195 1436 Sol
2227 1393 2429 1450 autem,
2459 1386 2571 1441 sive
2615 1402 2793 1443 annus
2825 1389 2944 1454 ejus
2977 1406 3227 1449 currens.
3261 1401 3368 1445 tot-

1801 1468 1940 1522 idem
1963 1471 2148 1541 utique
2177 1473 2333 1527 hath
2359 1484 2799 1546 epactas,vquota
2833 1477 2963 1530 feria
2992 1485 3096 1541 est,
3121 1481 3174 1532 in
3203 1493 3365 1547 quam

1799 1561 2129 1617 antecedens
2183 1579 2362 1619 annus
2415 1565 2576 1622 desiit
2616 1568 2788 1636 pridie
2841 1566 3068 1623 Kalend.
3123 1569 3361 1639 Apriles.

1803 1647 1926 1703 llaec
1975 1652 2042 1706 de
2092 1657 2300 1723 epactis
2359 1658 2534 1724 solis,
2581 1667 2636 1714 et
2669 1674 2854 1714 earum
2913 1661 3165 1715 methodo
3217 1661 3363 1716 dicta

1798 1741 2089 1798 sulIiciant.

127 1818 230 1889 τὴν
263 1819 544 1892 λεχθεῖσαν
581 1826 845 1895 τριακάδα
879 1827 1098 1898 πρώτην
1141 1829 1233 1881 τοῦ
1272 1829 1434 1881 αὑτοῦ
1456 1830 1698 1900 Μαρτίου
1731 1835 1916 1902 μηνός.
1947 1837 2129 1890 Ταῦτα
2175 1841 2270 1893 καὶ
2304 1843 2430 1912 περὶ
2467 1843 2717 1896 ὲπακτῶν
2765 1844 2911 1916 ἡλίου
2953 1845 3046 1899 καὶ
3098 1846 3194 1917 τῆς
3237 1846 3359 1899 τού-

130 1931 236 1966 των
261 1915 551 1987 εὑρέσεως.

127 2031 270 2100 Περὶ
291 2032 401 2124 toﬁ;-
429 2035 580 2124 κατὰ
600 2036 796 2106 σάρκα
815 2039 917 2124 τοῦ
933 2039 1204 2124 Σωτῆρος
1221 2043 1577 2124 γεννήσεως,
1591 2041 1706 2124 ¹τοῦ

1810 2039 1884 2095 De
1930 2044 2204 2123 nativitatis
2237 2045 2435 2124 Christi
2469 2049 2750 2102 secundum
2797 2067 3038 2114 carnem,
3087 2055 3247 2124 deque
3273 2058 3362 2109 θη·

199 2119 263 2154 τε
291 2103 732 2183 βαπτίσματος,
775 2111 873 2183 καὶ
896 2103 1272 2183 τοῦ-ξτᾶθοὶνξ,
1295 2103 1443 2179 ποίῳ
1465 2103 1702 2183 γεγόνα-

195 2186 306 2250 σεν
335 2174 517 2252 ἠξίου
547 2177 654 2252 ,θεαὶ
685 2180 952 2246 σελήνης
1003 2180 1140 2247 ἔτει,
1188 2174 1285 2236 acili
1330 2174 1484 2250 ποίςί
1510 2174 1701 2252 ἡμέρᾳ

198 2239 307 2308 τῆς
340 2243 684 2312 ἑϐδομάδος.

197 2333 324 2385 AB’.
347 2333 566 2388 Τούτων
592 2336 760 2401 οὕτως
781 2340 901 2410 είρη
911 2341 1104 2411 μένων,
1129 2342 1237 2394 τῶν
1259 2343 1697 2411 ἀναγκαιοτάτων

127 2426 277 2478 ἐστὶν
303 2428 741 2500 ἐπισημήνασθαι
785 2435 878 2486 καὶ
909 2433 969 2486 τὸ
998 2435 1094 2504 τῆς
1129 2435 1513 2504 κοσμογενείας
1557 2436 1694 2499 ἔτος,

127 2520 186 2570 ὲν
291 2521 389 2590 τὴν
418 2521 782 2594 ὑπερκὸσμιον
810 2525 868 2578 ὲν
900 2525 1088 2596 κόσμῳ
1112 2528 1400 2598 πεποίηται
1426 2526 1696 2597 σάρκωσιν

127 2611 194 2662 ὲκ
224 2612 325 2680 τῆς
365 2613 531 2680 ἁγίας
560 2614 818 2669 Θεοτὸκου
844 2618 941 2670 καὶ
972 2619 1061 2672 ἀεὶ
1111 2619 1386 2688 Παρθένου
1426 2619 1641 2689 Μαρίας
1666 2621 1694 2671 ὁ

130 2701 337 2773 Κύριος
361 2704 521 2774 ἡμῶν
554 2707 648 2759 καὶ
687 2708 816 2773 Θεὸς
861 2710 1062 2780 Ἰησοῦς
1097 2713 1347 2783 Χριστός.
1382 2710 1486 2764 ἾΙν
1513 2709 1602 2766 οὖν
1635 2712 1695 2764 τὸ

127 2792 432 2860 τηνικαῦτα
459 2795 592 2864 ,εφα’
622 2795 758 2861 ἔτος,
792 2800 932 2852 κατὰ
953 2802 1047 2871 τὴν
1083 2801 1142 2854 ὲν
1167 2802 1368 2866 δέλτοις
1387 2805 1550 2874 ἱεροῖς
1573 2805 1695 2856 ἁνα-

130 2881 367 2952 γραφὴν,
410 2883 518 2936 τῶν
565 2885 671 2938 ἀπὸ
719 2887 888 2959 Ἀδὰμ
933 2889 1344 2960 ἀριθμουμένων
1390 2893 1545 2945 ἐτῶν.
1606 2894 1693 2946 Ἐν

129 2971 305 3041 τούτῳ
337 2972 445 3042 γὰρ
473 2975 502 3026 ὃ
528 2991 587 3026 τε
619 2977 1011 3049 εὐαγγελισμὸς
1043 2979 1232 3048 γέγονε
1267 2981 1366 3050 τῆς
1391 2981 1690 3057 Παρθένου,

131 3062 222 3116 καὶ
260 3066 296 3135 ἡ
325 3064 382 3130 ἐξ
412 3067 580 3138 αὐτῆς
610 3067 772 3120 αὐτοῦ
800 3069 1031 3142 ἄφθορος
1062 3073 1156 3124 καὶ
1185 3073 1488 3140 πανάγαοος
1513 3075 1694 3145 γέννης

131 3169 234 3217 σις.
273 3157 432 3219 Ἔτος
463 3158 519 3210 δὲ
537 3154 604 3230 ἦν
636 3158 783 3230 ἡλίου
813 3162 873 3212 τὸ
897 3159 984 3230 ιγ’,
1019 3162 1243 3235 σελήνης
1272 3164 1332 3216 τὸ
1358 3171 1408 3228 ι’,
1437 3167 1469 3235 ἡ
1480 3166 1618 3237 μέρα
1635 3165 1692 3219 δὲ

130 3245 229 3314 τῆς
258 3246 549 3318 ἑϐδομάδος
578 3250 667 3302 τοῦ
701 3252 796 3322 μὲν
825 3253 1216 3326 εὐαγγελισμοῦ
1250 3253 1293 3326 β’
1313 3273 1325 3285 ·
1351 3256 1449 3332 τῆς
1481 3256 1535 3310 δὲ
1566 3274 1691 3325 γεν-

132 3338 334 3404 νήσεως
362 3337 423 3390 δ’.
447 3338 599 3392 Οὕτω
622 3340 677 3392 δὲ
706 3342 877 3394 καὶτὸ
904 3343 1201 3414 πάμφωτον
1224 3345 1387 3398 αὑτοῦ
1418 3347 1509 3399 καὶ
1531 3348 1694 3418 ὑπέρ·

131 3444 306 3494 φωτον
345 3428 626 3499 βάπτισμα
661 3431 737 3500 τῷ
765 3432 891 3500 ,εφλ’
919 3433 1157 3501 γέγονεν.
1193 3436 1350 3499 Ἔτος
1376 3436 1430 3489 δὲ
1452 3433 1519 3508 ἦν
1539 3438 1688 3509 ἡλίου

134 3519 229 3586 μὲν
262 3520 342 3581 ιδ’,
375 3520 603 3591 σελήνης
635 3520 691 3573 δὲ
721 3522 782 3574 τὸ
797 3529 866 3586 α’,
894 3525 1072 3594 ἡμέρα
1101 3525 1157 3578 δὲ
1181 3527 1279 3595 τῆς
1309 3526 1596 3598 ἑϐδομάδος
1617 3531 1684 3597 γ’.

132 3609 296 3663 Πάλιν
319 3609 377 3662 δὲ
407 3606 468 3662 τδ
494 3612 754 3682 σωτήριον
783 3613 944 3666 αὑτοῦ
978 3615 1165 3678 πάθος,
1201 3615 1364 3685 ῆγουν
1391 3619 1422 3687 ἡ
1448 3619 1688 3691 σταύρωιι

133 3717 235 3764 σις,
261 3700 369 3754 τῶν
395 3701 442 3732 ⁸³
469 3702 648 3770 ,εφλδ’.
680 3704 838 3768 Ἔτος
863 3703 918 3756 δὲ
948 3701 1013 3776 ἦν
1045 3706 1194 3777 ἡλίου
1221 3708 1316 3777 μὲν
1347 3714 1437 3778 ιη’,
1463 3708 1688 3781 σελήνης

130 3791 185 3843 δὲ
217 3799 278 3856 ε’,
319 3793 501 3865 ἡμέρα
534 3793 590 3845 δὲ
619 3795 894 3865 προδήλως
927 3797 1251 3868 Παρασκευὴ
1274 3816 1287 3829 ·
1329 3799 1403 3861 ὡς
1443 3799 1580 3852 εἶναι
1622 3800 1688 3853 τά

130 3883 235 3935 ἀπὸ
260 3884 358 3955 τῆς
384 3886 842 3957 ὲνανθρωπήσεως
867 3881 1027 3942 αὑτοῦ
1051 3891 1216 3961 ,μέχρι
1238 3891 1337 3961 τῆς
1370 3892 1462 3944 νῦν
1483 3895 1689 3946 ἐνιστα-

135 3971 296 4043 μένης
353 3973 700 4042 ίνδικτιῶνος,
755 3975 905 4039 ἔτους
955 3977 1034 4031 λα’
1066 3979 1164 4046 τῆς
1202 3979 1468 4048 βασιλείας
1518 3983 1685 4048 Ἠρα-

131 4061 306 4114 κλείου
337 4062 430 4116 τοῦ
469 4066 856 4120 εὐσεϐεστάτου
899 4070 1056 4140 ἡμῶν
1088 4054 1364 4140 βασιλέως,
1405 4074 1498 4142 ἔτη
1550 4075 1682 4144 χλγ’.

131 4152 210 4204 Τὰ
226 4153 279 4205 δὲ
301 4155 408 4207 ἀπὸ
429 4155 522 4208 τοῦ
544 4158 808 4227 σωτηρίου
839 4159 1204 4231 βαπτίσματος
1225 4165 1316 4216 καὶ
1344 4163 1434 4216 τοῦ
1460 4164 1682 4231 πάθους,

131 4241 261 4312 δῆλα
298 4245 560 4301 πάλινιὲκ
596 4246 797 4303 τούτων
835 4250 1289 4322 καθέστηκενίὼς
1317 4255 1387 4308 τὰ
1427 4255 1526 4326 μέν
1550 4258 1685 4310 εἰσιν

133 4333 223 4403 κδ’,
253 4335 322 4390 τὰ
348 4337 406 4390 δὲ
435 4347 536 4410 χα’.

133 4447 230 4500 Διὰ
252 4449 308 4502 τι
354 4449 610 4530 διαφόρῳ
650 4454 738 4530 ζῷί
776 4456 883 4530 τῆς
928 4458 1289 4530 ὶνδικτιῶνος
1325 4461 1442 4514 ἐτει
1469 4461 1547 4518 τὸ
1573 4462 1685 4530 τῆς

200 4519 678 4596 γεῖνήᾳεωςέτομῦ
704 4519 937 4592 Κυρίου
975 4519 1333 4588 κανονίζεέαι
1374 4532 1538 4596 ἕτος’
1584 4519 1680 4587 καί

201 4587 322 4653 πῶς
347 4592 385 4657 ἡ
413 4591 728 4656 ὶνδικτιὼν,
759 4587 854 4648 καὶ
883 4597 1065 4649 πόθεν
1085 4587 1414 4666 ψηφίζεται.

198 4677 318 4732 ΛΡ.
354 4680 464 4749 Ἐφ’
497 4681 725 4736 ἑκάστου
766 4685 823 4737 δὲ
860 4687 1060 4740 τούτων
1102 4689 1197 4758 τὴν
1249 4691 1586 4762 ἐπινέμησιν,
1615 4693 1681 4765 ἢν
1712 4730 1757 4786 D

135 4763 432 4821 Ινδικτιῶνα
471 4770 520 4822 οἱ
584 4770 843 4842 Ῥωμαῖοι
889 4776 1381 4848 προσαγορεύουσι,
1431 4781 1680 4853 διάφορον

131 4848 286 4908 οὖσαν
320 4857 634 4930 εὑρίσκομεν
650 4878 663 4891 ⁸
693 4862 766 4925 ὼς
787 4864 1062 4932 διαφώνως
1087 4867 1287 4939 ταύτης
1309 4848 1680 4944 ψηφιζομένης

134 4943 191 4996 ἐκ
224 4963 281 4998 τε
313 4947 416 5001 τῶν
446 4950 550 5002 ἀπὸ
592 4951 761 5024 Ἀδὰμ
809 4956 942 5008 ἐτῶν
969 4959 1060 5011 καὶ
1099 4957 1204 5011 τῶν
1242 4962 1333 5029 ἀφ’
1369 4956 1428 5014 οὗ
1460 4943 1678 5031 γέγονεν

135 5034 281 5109 αὕτη.
328 5036 518 5106 Γέγονε
551 5041 607 5093 δὲ
648 5044 788 5097 κατὰ
823 5049 948 5110 τοὺς
991 5051 1530 5121 Ξποριογραφοῦντας
1571 5056 1678 5108 ἀπὸ

136 5126 428 5194 Αὐγούστου
454 5131 744 5202 Καίσαρος,
774 5134 850 5204 τῷ
877 5137 1109 5208 δευτέρῳ
1137 5139 1245 5191 ἔτει
1276 5141 1375 5210 τῆς
1406 5142 1677 5210 βασιλείας

137 5217 310 5273 αὐτοῦ.
345 5219 477 5274 Τότε
499 5223 555 5275 δὲ
581 5219 648 5292 ἦν
684 5225 782 5295 τῆς
813 5231 1193 5297 κοσμογενείας
1225 5231 1282 5282 τὸ
1313 5233 1431 5296 ,ευξ
1450 5249 1464 5262 °
1509 5233 1671 5305 άπερ,

136 5307 207 5368 είς
237 5309 419 5370 avie
448 5314 702 5384 λυόμενα,
742 5317 802 5369 τὸ
850 5319 997 5381 τέλος
1033 5321 1129 5389 τῆς
1182 5322 1502 5386 ίνδικτιῶνος
1540 5343 1678 5396 παρ-

141 5394 356 5466 ίστησιν,
375 5401 537 5470 ἡγουν
560 5407 689 5459 αὐτὸ
716 5413 772 5459 ιε’
789 5407 934 5483 ξτος·
963 5411 1019 5462 ἐν
1098 5411 1294 5482 ταύτης
1319 5413 1521 5477 ἐκεῖνος
1535 5416 1675 5469 κατὰ

137 5483 191 5546 τὸ
217 5485 367 5552 δόξαν
411 5489 630 5562 θέμενος
656 5497 753 5568 τὴν
783 5498 971 5568 ἀρχὴν,
1026 5500 1237 5570 πρῶτον
1274 5503 1333 5553 τὸ
1375 5502 1675 5558 τελευταῖον

140 5579 438 5647 πεποίηκεν.
483 5582 568 5646 Ὧς
605 5586 848 5641 ἐντεῦθεν
881 5589 938 5642 ἓν
982 5590 1098 5656 ἔτος
1141 5593 1454 5665 προτρέχειν
1493 5594 1674 5648 λοιπὸν

139 5670 224 5738 τὴν
264 5672 374 5725 ἀπὸ
412 5674 658 5750 δευτέρου
711 5681 862 5744 ἔτους
906 5683 1004 5753 τῆς
1050 5685 1319 5754 βασιλείας
1368 5690 1672 5758 Αὐγούστου

219 5785 320 5853 "f.
354 5784 450 5853 τῷ.

1874 2113 2138 2188 ptismate,
2168 2127 2217 2167 et
2273 2119 2515 2183 passione
2541 2160 2573 2188 ,ν
2601 2131 2758 2188 quoto
2794 2138 2931 2174 anno
2965 2113 3091 2177 solis
3127 2113 3188 2178 ai:
3219 2133 3358 2181 tame

1869 2186 2196 2253 contigerint,
2217 2194 2265 2237 et
2297 2202 2524 2254 quanam
2556 2186 2892 2245 hebdomadis
2921 2193 3024 2245 die.

1869 2337 2080 2394 XXXII.
2142 2339 2236 2398 I-Iis
2291 2342 2364 2395 ita
2415 2344 2749 2410 constitutis,
2786 2347 2840 2402 in
2880 2350 3069 2419 primis
3103 2366 3357 2408 necessa-

1798 2430 1936 2482 rium
1967 2438 2049 2486 est
2086 2446 2286 2485 annum
2324 2434 2472 2489 orbis
2503 2436 2706 2490 conditi
2751 2447 2992 2493 notatum
3035 2441 3267 2506 habere.
3300 2443 3355 2498 in

1796 2539 1904 2592 quo
1933 2522 2094 2578 Jesus
2127 2524 2379 2582 Christus
2409 2525 2585 2594 Deus,
2614 2544 2676 2583 ac
2711 2529 2971 2589 Dominus
2997 2542 3182 2588 noster
3209 2534 3354 2588 illam

1793 2615 1998 2668 mundo
2041 2616 2415 2671 sublimiorem
2456 2619 2885 2679 incarnationem
2937 2639 2967 2677 e
3007 2634 3196 2679 sancta
3231 2625 3351 2680 Dei-

1792 2722 1946 2775 para,
1979 2721 2300 2777 semperque
2335 2707 2558 2778 Virgine
2586 2711 2750 2766 Maria
2782 2715 3020 2784 suscepit
3050 2716 3104 2768 in
3127 2718 3350 2772 mundo.

1795 2786 1920 2852 Erat
1949 2807 2077 2854 tune
2116 2802 2280 2871 igitur
2321 2818 2495 2859 annus
2548 2805 2732 2858 mundi
2765 2805 2898 2860 5501
2993 2815 3056 2861 ιιι·
3077 2825 3143 2862 ex
3176 2812 3351 2866 sacris

1793 2893 1984 2948 litteris
2019 2902 2266 2960 constat,
2309 2911 2602 2965 earumque
2647 2898 3048 2968 computatione
3083 2915 3347 2956 annorum

1789 2979 1859 3032 ab
1887 2977 2112 3033 Adamo.
2139 2979 2253 3035 Hoc
2287 2983 2434 3036 enim
2469 2997 2612 3038 anno
2655 2987 2997 3040 annuntiatio
3026 2986 3233 3060 Virgini
3271 2989 3351 3043 Ia-

1793 3077 1876 3123 cta
1903 3080 2006 3132 est,
2040 3079 2092 3124 et
2119 3071 2432 3143 incorrupta
2465 3075 2962 3146 benignissimaque
2993 3079 3061 3133 de
3096 3080 3213 3148 ipsa
3251 3094 3352 3135 na-

1793 3161 1974 3215 tivitas
2003 3163 2220 3219 accidit.
2265 3165 2457 3219 Annus
2485 3177 2605 3221 erat
2640 3169 2771 3222 solis
2805 3185 2926 3233 xui,
2955 3171 3096 3225 luna:
3121 3187 3250 3228 vero
3290 3191 3346 3240 κ,

1791 3251 1907 3307 dies
1938 3253 2285 3310 hebdomadre
2316 3263 2556 3327 tempore
2594 3261 2945 3331 evangelismi
2987 3261 3120 3316 feria
3153 3278 3212 3326 ιι,
3244 3279 3346 3318 na-

1791 3344 2017 3419 tivitatis
2052 3363 2124 3400 IV.
2180 3346 2272 3403 Sic
2326 3348 2801 3416 splendidissimus
2828 3393 2844 3416 ,
2873 3351 3014 3404 .imo
3059 3353 3348 3422 splendore

1792 3435 1966 3504 major
1989 3438 2132 3489 omni
2165 3438 2465 3506 baptismus
2493 3439 2735 3508 ejusdem
2763 3442 2985 3512 contigit
3015 3457 3158 3497 anno
3181 3444 3342 3510 5530,

1791 3542 1934 3582 anno
1976 3529 2108 3584 solis
2137 3545 2260 3593 xxv,
2303 3531 2442 3586 luna:
2471 3550 2509 3599 ι,
2538 3532 2670 3588 feria
2709 3550 2789 3588 III.
2837 3535 3046 3590 Rursus
3090 3537 3346 3595 salutaris

1791 3619 1936 3674 illius
1954 3622 2158 3690 passio,
2178 3622 2291 3678 sive
2318 3625 2631 3685 crueilixio,
2659 3641 2803 3678 anno
2837 3627 2975 3680 5554
2993 3669 3006 3693 ,
3037 3643 3180 3683 anno
3211 3629 3347 3684 solis

1789 3722 1941 3776 xvni,
1983 3710 2122 3765 luna:
2172 3727 2226 3776 v,
2276 3712 2393 3782 ipso
2444 3713 2641 3782 utique
2680 3712 3010 3770 Parasceves
3043 3716 3152 3773 die.
3186 3717 3346 3772 Colli-

1789 3801 1988 3862 guntur
2023 3795 2092 3848 ab
2119 3796 2492 3852 incarnatione
2523 3798 2694 3868 ipsius
2725 3817 2896 3869 usque
2930 3800 2996 3853 ad
3023 3813 3342 3870 praesentem

1790 3883 2137 3938 iudictionem
2174 3887 2302 3940 anni
2358 3903 2487 3941 xxxi
2544 3888 2758 3959 imperii
2815 3891 3048 3945 lleraclii
3105 3893 3341 3960 piissimi
3408 3955 3411 3960 λ

1789 3977 1960 4029 nostri
1998 3979 2359 4044 imperatoris,
2383 3980 2512 4033 anni
2549 3980 2763 4034 633..A
2811 3981 3036 4035 salutari
3077 3997 3204 4036 vero
3245 3983 3342 4038 ba-

1787 4068 2006 4138 ptismo,
2033 4075 2085 4122 et
2111 4070 2362 4137 passione
2381 4078 2513 4138 quot
2550 4072 2677 4124 anni
2717 4070 2853 4140 lapsi
2893 4073 3004 4126 sint
3028 4073 3191 4128 exiis
3220 4089 3339 4127 ma-

1789 4159 2043 4212 nifestum
2077 4167 2160 4214 est
2189 4160 2473 4223 omnibus,
2515 4161 2771 4214 nimirum
2803 4161 2872 4215 ab
2904 4161 2997 4216 illo
3025 4163 3199 4218 annos
3239 4162 3342 4218 ﬂu-

1787 4249 1932 4305 xisse
1965 4249 2090 4317 604,
2123 4250 2191 4304 ab
2220 4250 2322 4306 hac
2341 4250 2464 4304 601.

1787 4449 1894 4505 Cur
1926 4449 2128 4503 diverso
2160 4449 2460 4503 indictionis
2512 4465 2651 4501 anno
2704 4443 2994 4504 nativitatis
3047 4451 3338 4506 ﬂaminica:

1853 4529 2067 4572 notatur
2124 4536 2321 4584 annus,
2378 4528 2428 4571 et
2483 4519 2738 4589 quomodo
2790 4521 3004 4574 indictio
3035 4561 3049 4586 ,
3101 4532 3151 4575 et
3201 4524 3338 4576 unde

1850 4599 2076 4657 putetur.

1853 4679 2085 4734 XXXIII;
2118 4679 2174 4733 In
2206 4680 2292 4734 his
2315 4679 2541 4749 singulis
2571 4677 2785 4736 diversa
2809 4679 3076 4749 reperitur
3108 4679 3338 4735 indictio

1783 4772 1883 4843 (sic
1909 4773 2052 4826 enim
2083 4786 2113 4824 a
2160 4769 2420 4824 Romanis
2464 4770 2732 4841 vocatur),
2779 4778 3035 4840 tanquam
3085 4786 3192 4825 non
3223 4787 3336 4826 uno

1780 4866 1941 4920 modo
1971 4874 2282 4918 numeretur
2313 4863 2380 4917 ab
2408 4864 2565 4918 annis
2608 4863 2795 4916 Adami
2819 4903 2832 4922 .
2881 4870 2934 4916 et
2965 4877 3030 4916 ex
3065 4879 3175 4932 quo
3220 4865 3335 4933 pri-

1781 4972 1926 5010 mum
1959 4955 2205 5009 instituta
2243 4961 2345 5009 est.
2394 4953 2525 5008 Orta
2571 4962 2654 5008 est
2681 4964 2857 5007 autem
2889 4993 2904 5017 ,
2969 4963 3030 5008 ut
3085 4955 3332 5010 historici

1779 5033 2170 5118 prodiderunt,
2224 5060 2367 5098 anno
2408 5047 2582 5114 primo
2627 5045 2854 5112 Augusti
2892 5045 3158 5107 Caesaris,
3211 5046 3331 5114 ejus

1777 5140 1988 5209 imperii
2032 5138 2301 5199 secundo,
2337 5139 2427 5205 qui
2469 5136 2567 5189 fuit
2609 5150 2784 5190 annus
2836 5138 3021 5190 mundi
3056 5137 3211 5190 5460.
3263 5137 3326 5191 Ili

1777 5247 1874 5301 per
1905 5230 1970 5283 15
2007 5229 2188 5290 divisi,
2217 5230 2461 5281 ultimum
2520 5226 2832 5281 indictionis
2875 5243 3073 5280 annum
3095 5270 3109 5293 ,
3160 5229 3214 5281 id
3248 5239 3332 5282 est

1776 5337 1975 5376 annum
2007 5323 2254 5390 quintum
2283 5320 2551 5372 decimum
2587 5319 2843 5373 exhibent
2873 5337 2887 5373 :
2935 5320 2989 5371 in
3033 5335 3140 5388 quo
3167 5321 3330 5387 hujus
3360 5398 3370 5404 _

1777 5393 1990 5465 initium
2021 5411 2110 5464 ille
2143 5416 2387 5463 statuens
2422 5407 2669 5460 ultimum
2713 5422 2835 5461 esse
2874 5408 3104 5475 primum
3136 5409 3325 5463 voluit.
3356 5398 3365 5449 ἶ

1777 5503 1852 5555 Ita
1893 5502 1950 5555 fit
1974 5508 2034 5554 ut
2063 5515 2171 5554 uno
2196 5511 2339 5551 anno
2363 5506 2660 5566 praecurrat
2681 5497 2925 5561 indictio,
2951 5514 3069 5566 qua:
3098 5496 3164 5549 ab
3185 5511 3325 5548 anno

1779 5593 2007 5663 Augusti
2053 5591 2291 5647 secundo
2337 5598 2672 5648 numeratur,
2699 5603 2862 5649 eam.
2904 5603 3024 5658 qua:
3068 5588 3135 5639 ab
3178 5587 3326 5640 orbis

1779 5685 2000 5742 exordio
2028 5681 2266 5746 ducitur,
2296 5680 2513 5749 quando
2545 5678 2671 5732 anni
2717 5677 2907 5730 Adami
2950 5693 3042 5747 per
3087 5694 3153 5731 xv
3188 5677 3325 5733 divi-
