4124 6320
770 450 897 503 liSS
1767 446 1851 499 AD
1891 445 2156 502 EUSEBII
2199 442 2588 499 CllRONlCON
2630 443 2983 497 API’ENDIX.
3833 441 3948 500 ωε

948 565 988 613 Α
1239 564 1278 613 Β
1509 561 1548 611 Γ
1790 563 1826 610 Δ
2067 558 2104 609 Ε
2591 557 2630 608 Ε
2878 558 2915 607 Δ
3152 554 3190 605 Γ
3427 553 3468 604 Β
3727 555 3767 614 Δ

881 652 928 702 Ὶῖ
937 652 1067 719 516/.-
1439 651 1601 718 Σελή-
1741 650 1876 700 Ἐπα
1986 650 2180 718 Περιτι-
2525 648 2696 717 Προσ-
2841 648 2948 702 Πο-
3057 644 3238 713 Μῆνες
3357 644 3521 696 Ἐπα-
3670 642 3832 710 Σελή-

882 743 1045 804 λιμοι.
1411 757 1503 810 vn;
1539 740 1653 809 ἐτη.
1731 739 1875 791 κταί.
2020 738 2135 792 ταί.
2521 739 2690 794 Θεταί.
2781 723 2981 792 σταίαι.
3068 737 3200 788 Ῥω·
3377 733 3574 792 κταί..
3636 752 3734 804 νης
3759 734 3864 804 ἔτη.

3050 825 3242 894 μαίων.

1229 943 1267 990 Δ
1515 941 1557 989 Α
1782 939 1848 988 ΙΒ
2056 937 2127 989 ΙΔ.
2871 935 2912 988 Β
3072 935 3279 1005 Ἀπρίλ.
3445 935 3508 987 IB
3731 937 3770 988 Δ

1236 1031 1275 1082 1-1
1521 1029 1561 1080 Β
1772 1029 1862 1081 ΚΓ
2057 1029 2120 1080 ΙΔ
2586 1029 2627 1080 Δ
2848 1029 2942 1080 ΚΒ
3068 1018 3248 1098 Μάρτ.
3428 1027 3524 1094 ΚΓ
3727 1028 3770 1080 Ε

861 1118 913 1168 ‘E
922 1117 1072 1186 μϐὀλ.
1220 1118 1276 1182 ς
1300 1173 1302 1176 ,
1519 1116 1559 1168 Γ
1627 1145 1630 1148 ~
1793 1121 1830 1166 Δ
2059 1119 2121 1168 ΙΔ
2869 1117 2888 1169 1
3077 1116 3282 1186 Ἀπρίλ.
3446 1116 3482 1166 Δ
3719 1118 3776 1183 ς,-

1225 1207 1262 1257 Ζ
1512 1205 1554 1257 Δ
1783 1205 1847 1256 ιι]
2055 1207 2117 1256 ι.ι
2581 1208 2626 1263 Δ
2855 1211 2898 1262 Λ
3073 1208 3250 1277 Μάρτ.
3447 1205 3512 1258 ιε
3734 1209 3774 1262 Ζ

864 1297 1072 1365 mea.
1201 1296 1266 1348 ‘ll
1501 1296 1543 1348 E
1759 1295 1869 1363 Kc:
1981 1283 2128 1346 ’IE
2841 1301 2912 1353 ιιι
3081 1298 3286 1369 ’Δπρίλ.
3428 1299 3534 1364 κς
3729 1301 3773 1352 ιι

1221 1387 1263 1438 θ
1505 1387 1564 1452 ς
1803 1387 1839 1438 Ζ
2062 1384 2127 1436 lE
2863 1391 2898 1441 Ζ
3087 1387 3300 1458 Ἀπρίλ.
3459 1389 3495 1439 Ζ
3731 1389 3773 1441 θ

1227 1478 1247 1530 ι
1503 1477 1543 1530 Ζ
1776 1476 1847 1527 ιιι
2059 1474 2124 1526 1E
2583 1483 2622 1536 A
2833 1480 2920 1532 ΚΖ
3085 1478 3265 1546 nam.
3443 1478 3515 1528 ιιι
3745 1480 3764 1530 l

867 1568 1075 1638 Ἐξιῦόλ.
1218 1569 1286 1622 ΙΑ
1500 1567 1547 1619 Η
1761 1565 1856 1618 ΚΘ
2054 1563 2124 1617 ΙΕ
2852 1572 2916 1624 ΙΕ
3088 1569 3296 1640 Ἀπρίλ.
3426 1568 3518 1621 ΚΘ
3587 1618 3602 1626 ,
3720 1570 3784 1620 IA

1069 1640 1074 1642 ⁷
1212 1662 1276 1714 ιιι
1493 1654 1580 1711 Θ·
1785 1660 1805 1710 ι
2050 1657 2116 1710 ιΕ
2860 1671 2896 1714 Δ
3082 1661 3291 1731 Ἀπρίλ.
3465 1661 3482 1711 ι
3727 1659 3790 1710 ιιι

1216 1749 1281 1802 ll‘
1518 1749 1538 1800 Ι
1749 1749 1844 1800 ΚΑ
2058 1748 2122 1800 ΙΕ
2472 1805 2475 1810 ,
2581 1758 2618 1807 Δ
2828 1757 2844 1808 1

2472 1805 2475 1810 .
2581 1758 2618 1807 Δ
2828 1756 2921 1808 ιιι.
3086 1753 3265 1822 Μάρτ.
3425 1755 3517 1805 ΚΑ
3727 1750 3787 1802 ιν

866 1841 1076 1911 Ἐμϐόλ.
1211 1843 1273 1893 ΙΔ
1480 1841 1546 1891 ΙΑ
1776 1839 1818 1889 Β
2055 1839 2120 1892 ΙΕ
2854 1843 2919 1894 ΙΒ
2940 1866 2943 1868 ·
2997 1862 3002 1865 “
3095 1843 3148 1893 Ἀ
3158 1840 3307 1911 πρίλ.
3449 1842 3489 1892 Β
3729 1842 3787 1892 ΙΔ

1213 1933 1276 1984 IE
1472 1932 1539 1983 IB
1763 1932 1823 1982 ΙΔ
2052 1929 2118 1983 IE

2871 1936 2915 1986 Α
3095 1932 3304 2002 napi-1.
3439 1933 3501 1984 II‘
3726 1932 3789 1985 ιε

1211 2027 1291 2092 ις
1383 2093 1387 2097 ι
1471 2024 1534 2076 ΙΓ
1746 2024 1840 2078 ΚΕ
2052 2023 2119 2076 ΙΕ
2594 2028 2634 2080 Δ
2841 2027 2934 2078 ΚΑ
3082 2026 3256 2096 Μάρτ.
3422 2026 3508 2077 ΚΔ
3712 2026 3790 2092 Ιζῖ

836 2115 1070 2186 εἰεμεόλ.
1202 2118 1264 2168 ιΖ
1460 2116 1524 2167 ιΔ
1755 2116 1813 2182 q
2055 2114 2120 2168 ιιι
2865 2118 2904 2170 ιι
3079 2116 3286 2188 Ἀπρίλ.
3441 2118 3479 2168 E
3729 2119 3789 2170 IZ

1208 2209 1278 2259 ιιι
1465 2207 1532 2259 ιΕ
1762 2203 1840 2259 ιΖ·
2049 2206 2116 2257 lE
2589 2209 2630 2261 Δ
2837 2206 2928 2260 κθ
3073 2206 3251 2275 Μάρτ.
3430 2207 3510 2273 ις
3674 2207 3799 2274 ,ιιι

860 2297 1069 2369 Ἐμϐόλ.
1207 2297 1272 2348 ιθ
1459 2298 1541 2369 1c;
1728 2297 1826 2348 KH
2035 2294 2117 2360 lc,-
2853 2298 2912 2349 ιΖ
3080 2295 3286 2366 Ἀπρίλ.
3437 2297 3496 2347 ιΖ
3728 2297 3789 2348 ιθ

1221 2388 1266 2439 Α
1462 2388 1524 2441 1Ζ
1759 2387 1802 2438 Θ
2054 2387 2120 2439 IE
2838 2392 2894 2456 (ς’
3088 2388 3298 2460 Ἀπρίλ.
3453 2389 3494 2440 Θ

1225 2479 1267 2529 Β
1471 2480 1544 2532 ΙΗ
1723 2540 1726 2543 _
1770 2480 1817 2531 K
2053 2479 2114 2530 ΙΔ
2580 2486 2617 2536 Δ
2826 2482 2853 2533 ιι

2580 2486 2617 2536 Δ
2826 2481 2934 2545 xc;
3069 2479 3247 2549 Μὰρτ.
3451 2479 3497 2530 ιι
3751 2481 3789 2530 B

866 2570 1076 2640 Ἐμϐόλ.
1221 2570 1262 2620 Γ
1471 2569 1540 2622 ΙΘ
1769 2572 1812 2623 Α
2049 2571 2113 2622 ΙΕ
2843 2571 2908 2624 ιΓ
3083 2570 3288 2641 Ἀπρίολ.
3458 2572 3501 2622 Α
3745 2570 3783 2622 Γ

839 2727 994 2800 184
1020 2728 1120 2810 Est
1160 2728 1321 2798 igitur
1347 2692 1615 2798 ejusmodi
1656 2729 1854 2810 tabula:
1911 2731 2225 2802 descriptio.
2265 2735 2318 2787 Ιιι
2353 2745 2394 2800 Α

2353 2745 2394 2800 Α
2498 2734 2681 2784 Ἔστιν
2711 2725 2802 2782 οὖν
2826 2731 2858 2799 ἡ
2888 2727 2980 2780 τοῦ
3004 2727 3245 2780 κανονίου
3268 2726 3537 2798 διαγραφὴ
3566 2727 3800 2797 τοιαύτη.
3820 2730 3952 2781 Κατὰ

765 2819 938 2873 medio
956 2827 1058 2872 suta
1080 2804 1162 2872 c'st
1188 2818 1376 2887 ingens
1393 2827 1529 2877 rota,
1557 2804 1811 2888 utrinque
1841 2822 2068 2891 singulis
2098 2825 2320 2877 canoni-

768 2911 868 2964 bus
891 2913 1107 2980 stipata.
1135 2911 1194 2964 In
1225 2920 1341 2964 rota
1366 2925 1515 2964 zona:
1533 2918 1678 2975 sunt,
1695 2913 1779 2966 vel
1793 2914 1981 2967 circuli
2013 2930 2089 2978 ix,
2107 2917 2199 2984 qui
2221 2916 2324 2969 boc

765 3001 926 3054 modo
957 3018 1014 3056 se
1047 3003 1267 3055 habent.
1297 3000 1513 3055 Primus
1543 3002 1807 3068 circulus,
1835 3004 1926 3072 qui
1957 3007 2190 3059 extimus
2217 3014 2322 3071 est,

767 3106 937 3146 annos
970 3108 1137 3145 xxvm
1172 3092 1303 3145 solis
1330 3092 1570 3154 exhibet,
1608 3092 1762 3146 initio
1796 3109 1904 3147 non
1941 3110 1971 3146 a
2011 3097 2186 3164 primo
2221 3097 2325 3150 du-

767 3193 874 3245 cto,
927 3181 1019 3235 sed
1065 3196 1095 3234 a
1145 3198 1260 3244 xm,
1291 3198 1401 3244 xw,
1427 3190 1479 3236 et
1508 3183 1579 3236 ita
1609 3183 1893 3253 deinceps;
1925 3186 2197 3241 secundus
2226 3201 2324 3238 an-

767 3289 960 3328 norum
990 3282 1237 3343 epactas;
1284 3276 1477 3331 tertius
1507 3275 1707 3330 Juliani
1737 3278 2079 3346 quadriennii
2103 3278 2328 3332 bisetti-

770 3367 881 3427 les;
913 3376 1139 3436 quartus
1169 3382 1342 3421 annos
1376 3369 1508 3423 solis
1537 3384 1707 3423 xxvm
1741 3370 1935 3423 iterum
1980 3369 2266 3424 inchoatos
2295 3385 2326 3423 a

770 3460 960 3527 primo.
1012 3457 1093 3513 Ob
1120 3458 1171 3511 id
1220 3474 1349 3513 vero
1395 3451 1450 3512 in
1496 3461 1669 3529 primo
1713 3461 1975 3516 circuloa
2006 3478 2124 3526 χιιι,
2153 3463 2208 3516 in
2241 3477 2328 3516 se-

767 3550 948 3602 cundo
979 3563 1009 3601 a
1052 3552 1228 3619 primo
1259 3552 1386 3603 anni
1417 3567 1585 3605 xxvm
1638 3553 1768 3606 solis
1799 3553 2086 3622 incipiunt,
2122 3561 2182 3608 ut
2213 3559 2328 3608 Stu-

768 3641 954 3694 diosus
983 3640 1150 3692 lector
1181 3638 1395 3696 facilius
1427 3642 1774 3712 intelligeret,
1807 3659 1966 3712 quem
1997 3643 2074 3696 illi
2107 3659 2328 3714 compu-

770 3734 887 3780 tant
935 3727 1164 3795 primum
1210 3729 1340 3783 solis
1391 3745 1612 3792 annum,
1649 3731 1790 3800 apud
1841 3747 1942 3785 nos
1979 3747 2100 3786 esse
2129 3747 2248 3798 xm,
2276 3741 2328 3786 et

771 3818 1066 3871 secundum
1107 3834 1228 3882 xiv,
1275 3829 1328 3872 et
1361 3819 1434 3871 ita
1467 3834 1650 3888 porro,
1696 3821 1882 3874 eadem
1915 3823 2136 3876 omnino
2163 3824 2329 3877 ratio-

771 3925 866 3976 ne;
917 3910 973 3964 in
1019 3911 1285 3980 superiori
1329 3926 1457 3966 vero
1506 3919 1658 3980 parte
1703 3927 1874 3966 annos
1903 3915 2202 3983 posuimus,
2236 3915 2327 3984 qui

771 3993 956 4055 revera
996 4017 1062 4056 ex
1110 4002 1398 4057 traditione
1429 4003 1798 4059 ecclesiastica
1833 4005 1904 4058 ita
1951 4013 2323 4060 numerantur.

2422 2825 2482 2877 τὸ
2527 2825 2686 2894 μέσον
2721 2821 2881 2874 αὑτοῦ
2920 2820 3110 2890 τροχὸν
3149 2819 3259 2890 ἔχει
3296 2819 3497 2889 μέγανο
3545 2820 3869 2891 ἑκατέρωθεν
3909 2822 3954 2872 δὲ

2422 2914 2514 2966 δύο
2544 2915 2782 2967 κανόνια.
2814 2912 2923 2965 Καὶ
2946 2913 2975 2965 ὁ
3011 2912 3107 2981 μὲν
3130 2911 3319 2982 τροχὸς
3335 2911 3776 2980 κέκτηταιζώνας
3799 2911 3952 2968 ἐννέα.

2422 3005 2665 3058 τουτέστι
2717 3005 2977 3066 κύκλους·
3028 3004 3075 3054 οἱ
3102 2994 3178 3054 ’δὲ
3229 3002 3415 3054 κύκλοι
3451 3003 3622 3054 ταῦτα
3646 3003 3763 3054 καθ’
3787 3003 3955 3072 εἱρμὸν

2426 3096 2786 3166 περιέχουσιν.
2825 3090 2949 3148 Οἴον
2987 3095 3015 3146 ὁ
3047 3093 3144 3163 μὲν
3181 3092 3414 3163 πρῶτος,
3447 3094 3613 3161 ἧγουν
3641 3095 3669 3146 ὁ
3696 3090 3953 3164 ὲξώτερος,

2424 3188 2492 3238 τὰ
2533 3185 2617 3256 κη’
2645 3186 2738 3238 τοῦ
2769 3184 2918 3256 ἡλίου
2949 3183 3068 3253 ἔτη,
3100 3184 3199 3236 οὐκ
3233 3185 3340 3236 ἀπὸ
3367 3184 3580 3254 πρώτου
3609 3184 3755 3248 ἔτους
3788 3186 3955 3254 ἔχοντα

2425 3278 2522 3348 τὴν
2549 3278 2738 3348 ἀρχὴν,
2768 3276 2904 3328 ἀλλὰ
2925 3274 3390 3346 τρισκαιδεκάτου,
3415 3277 3508 3328 καὶ
3528 3277 3957 3347 τεσσαρεσκαιδε-

2427 3371 2613 3430 κὰτου,
2668 3371 2762 3420 καὶ
2805 3367 2910 3420 τῶν
2952 3367 3210 3439 καθεξῆς’
3241 3369 3270 3420 ὁ
3308 3365 3350 3436 β’
3379 3367 3478 3430 τὰς
3516 3368 3624 3420 τῶν
3673 3368 3808 3420 ἑτῶν
3843 3370 3958 3420 ἑπα-

2426 3461 2556 3524 κτάς
2576 3479 2588 3490 ·
2623 3463 2652 3513 ὁ
2677 3467 2723 3528 γ’
2746 3459 2813 3512 τὰ
2836 3459 2974 3512 κατὰ
2999 3461 3098 3530 τὴν
3120 3460 3502 3529 τετραετηρίδα
3525 3457 3764 3529 βίσεξταο
3789 3459 3816 3511 ὁ
3840 3459 3880 3510 δ’
3901 3459 3959 3510 τὰ

2427 3558 2511 3624 κη’
2560 3551 2654 3604 τοῦ
2709 3550 2860 3622 ἡλίου
2908 3550 3003 3619 ἔτη
3032 3551 3212 3613 πάλιν,
3243 3551 3350 3603 ἀπὸ
3379 3549 3592 3621 πρώτου
3616 3550 3765 3613 ἔτους
3789 3549 3958 3619 ἔχοντα

2427 3641 2524 3711 τὴν
2557 3641 2748 3711 ἀρχήν.
2769 3638 2867 3691 Διὰ
2895 3638 3051 3691 τοῦτο
3071 3639 3128 3691 δὲ
3157 3639 3294 3692 κατὰ
3319 3640 3414 3709 μὲν
3438 3639 3528 3691 τὸν
3554 3639 3763 3710 πρῶτον
3785 3638 3961 3691 κύκλον

2426 3735 2534 3786 ἀπὸ
2562 3733 2610 3802 γ’
2643 3735 2736 3786 καὶ
2769 3732 2996 3794 ι⁹,-κατὰ
3026 3732 3116 3783 τὸν
3139 3731 3188 3782 ’δ’
3217 3731 3271 3783 δὲ
3304 3732 3408 3784 ἀπὸ
3428 3732 3641 3802 πρώτου
3678 3731 3746 3784 τὰ
3773 3729 3855 3800 κη’
3882 3730 3959 3783 τοῦ

2427 3826 2577 3894 ἡλίου
2603 3824 2972 3894 κατετάγησαν
2997 3823 3112 3892 ἐτη,
3131 3821 3217 3873 ἵνα
3241 3821 3604 3892 εὑσημείωτον
3623 3822 3843 3890 γένηται
3867 3823 3958 3880 τοῖς

2429 3914 2799 3984 φιλομαθέσιν,
2827 3914 2899 3977 ὡς
2927 3914 2986 3966 τὸ
3015 3915 3140 3984 παρ’
3169 3911 3392 3974 ἐκείνοις
3423 3911 3788 3982 ψηφιζόμενον
3812 3909 3858 3964 α’
3882 3910 3958 3964 τοῦ

2431 4006 2578 4076 ἡλίου
2611 4004 2726 4067 ἔτος
2751 4007 2878 4075 παρ’
2907 3986 3036 4076 ἡμῖν
3084 4005 3200 4055 ἐστι
3223 4001 3269 4072 γ’
3300 4003 3393 4056 καὶ
3427 4002 3479 4068 ι’,
3510 4005 3603 4057 καὶ
3641 4004 3700 4056 τὸ
3730 4002 3794 4073 β’,
3820 4002 3859 4054 δ’
3882 4003 3960 4054 καὶ

774 4089 896 4145 ΙΙωο
929 4101 1056 4146 sunt
1094 4095 1147 4146 in
1184 4102 1419 4162 quatuor
1446 4102 1580 4148 rota:
1606 4095 1861 4159 circulis;
1898 4103 1951 4148 at
1982 4097 2266 4152 interiores
2294 4112 2327 4149 v
2359 4073 2400 4128 Β

2359 4073 2400 4128 Β
2431 4073 2593 4159 timo).
2617 4096 2686 4149 τὰ
2708 4073 2867 4149 λοιπᾶ
2895 4073 3033 4149 κατὰ
3063 4095 3153 4148 τὸν
3183 4084 3362 4166 ὅμοιον
3393 4096 3552 4164 τῆσδε
3577 4096 3674 4165 τῆς
3705 4095 3959 4162 διαστολῆς

771 4186 960 4239 circuli
992 4200 1160 4242 annos
1193 4189 1332 4241 luna:
1368 4188 1648 4241 continent
1673 4198 1796 4242 octo
1821 4189 2107 4258 et'viginti,
2128 4203 2326 4244 ennea-

771 4274 1191 4336 dccaeteridum,
1240 4277 1295 4328 in
1335 4275 1532 4343 quibus
1564 4291 1658 4328 xw
1691 4276 1852 4344 primi
1886 4278 2086 4331 mensis
2113 4275 2326 4331 Juuaici

774 4367 826 4418 in
863 4365 1193 4418 Dominicam
1221 4365 1464 4419 incidens
1481 4366 1547 4418 ab
1569 4366 1676 4420 illis
1707 4382 1795 4427 xv,
1823 4365 1907 4417 vel
1942 4383 2028 4419 xv:
2055 4376 2328 4436 computa-

774 4463 882 4508 tur.
899 4455 1164 4509 Cazterum
1195 4455 1385 4509 ordine
1407 4457 1660 4524 quaelibet
1687 4457 2158 4513 enneadecaeteris
2188 4460 2327 4512 indi-

774 4553 946 4608 catur,
977 4548 1148 4614 prima
1179 4544 1394 4614 quidem
1429 4562 1523 4614 per
1548 4548 1782 4615 primum
1824 4550 1955 4602 solis
1985 4565 2203 4613 annum,
2235 4552 2327 4620 qui

773 4645 966 4702 quarto
998 4635 1204 4689 circulo
1241 4635 1534 4704 inscriptus
1563 4648 1644 4690 est
1678 4656 1690 4690 :
1729 4647 1851 4705 post
1877 4654 2057 4708 quem,
2094 4646 2152 4692 ut
2194 4640 2325 4706 dixi,

775 4725 989 4781 lunares
1019 4727 1146 4781 anni
1173 4727 1591 4793 describuntur;
1625 4731 1862 4783 secunda
1906 4731 2327 4786 enneadecaete-

775 4818 852 4872 ris
875 4833 970 4887 per
1001 4829 1330 4888 sequentem.
1360 4817 1422 4873 Et
1447 4820 1518 4873 ita
1549 4822 1773 4889 singulae
1800 4838 1896 4891 per
1925 4823 2327 4892 suprascriptos

775 4920 946 4963 annos
991 4904 1141 4964 solis.
1193 4909 1287 4964 His
1327 4913 1470 4966 enim
1517 4910 1583 4963 ad
1614 4911 1857 4980 ejusdem
1889 4915 2094 4967 numeri
2126 4912 2329 4981 signiﬁ-

775 5000 975 5054 candas
1023 5001 1563 5056 enueadecaeteridas
1611 5003 1694 5056 usi
1743 5018 1953 5066 sumus,
1999 5019 2065 5057 ne
2110 5013 2331 5073 propter

715 5119 720 5121 -
774 5106 867 5144 eas
911 5091 1016 5143 alio
1063 5092 1269 5144 circulo
1309 5109 1445 5161 opus
1495 5101 1672 5158 esset;
1723 5108 1785 5146 ac
1835 5095 2054 5148 circulis
2085 5101 2326 5147 tantum-

775 5179 934 5233 modo
983 5196 1014 5233 v
1061 5178 1352 5249 cujuslibet
1387 5184 1917 5239 enncadecaeteridis
1953 5200 2126 5240 annos
2169 5185 2326 5238 attri-

774 5269 1021 5330 buimus,
1076 5271 1330 5339 quoniam
1385 5273 1438 5325 in
1485 5275 1630 5326 nulla
1690 5289 1914 5344 prorsus
1961 5275 2101 5328 ultra
2155 5291 2327 5330 annos

2424 4187 2641 4258 τρόπον.
2683 4189 2958 4258 Ἀνωτέρω
2985 4187 3043 4238 δὲ
3076 4187 3276 4241 τούτων
3306 4189 3382 4252 ὡς
3413 4187 3589 4257 ἀληθῆ
3622 4187 3688 4240 τὰ
3718 4187 3855 4240 κατὰ
3878 4187 3961 4256 τὴν

2427 4278 2887 4351 ὲκκλησιαστικὴν
2905 4279 3199 4350 παράδοσιν
3219 4278 3562 4350 ψηφιζόμενα
3589 4279 3958 4348 κατετάξαμεν.

2426 4371 2607 4424 Ταῦτα
2653 4371 2749 4439 μὲν
2781 4373 2836 4423 ὲν
2867 4373 2978 4432 τοῖς
3015 4370 3274 4441 τέσσαρσι
3305 4368 3399 4422 τοῦ
3432 4355 3625 4441 τροχοῦ
3654 4368 3891 4433 κύκλοιςε
3919 4368 3960 4420 oi

2424 4461 2481 4512 δὲ
2521 4461 2721 4514 τούτων
2755 4460 2903 4524 ἐντὸς
2953 4459 3410 4534 διαγεγραμμένοι
3454 4467 3495 4512 ε’
3546 4459 3734 4538 κῷκλοι
3777 4460 3842 4513 τὰ
3872 4458 3962 4513 τῶν

2427 4549 2727 4621 εἰρημένων
2787 4547 2867 4619 κη’
2931 4549 3568 4620 ὲννεακαιδεκαετηρίδων
3611 4550 3708 4620 τῆς
3757 4550 3963 4627 σελήνης

2429 4642 2767 4712 περιέχουσιν
2809 4640 2901 4710 ἔτη
2923 4657 2937 4672 ο
2973 4643 3032 4694 ἐν
3056 4635 3136 4703 οἷς
3174 4641 3254 4702 εἰς
3299 4638 3520 4710 πρώτην
3557 4639 3790 4710 ἡμέραν,
3820 4641 3964 4709 ἤγουν

2429 4731 2588 4796 ἁγίαν
2608 4722 2610 4730 ’
2630 4728 2933 4799 Κυριακὴν,
2963 4736 3005 4780 ε’
3058 4728 3152 4782 καὶ
3201 4725 3254 4791 ι’,
3286 4727 3320 4798 ἢ
3360 4725 3411 4791 ς’
3437 4727 3533 4780 καὶ
3577 4725 3629 4788 ι’,
3659 4730 3854 4780 ἐκεῖνοι
3883 4727 3964 4794 τὴν

2426 4821 2466 4873 δ’
2484 4821 2576 4872 καὶ
2603 4815 2938 4888 ι’ψηφίζουσι
2965 4817 3059 4871 τοῦ
3093 4815 3211 4870 καθ’
3248 4816 3528 4888 Ἐὕραίους
3555 4813 3774 4886 πρώτου
3801 4817 3961 4887 μηνός.

2427 4909 2683 4980 Δηλοῦται
2729 4910 2786 4962 δὲ
2839 4909 2979 4963 κατὰ
3028 4907 3178 4970 τάξιν
3208 4910 3240 4978 ὴ
3272 4907 3368 4978 μὲν
3415 4907 3601 4978 πρώτη
3632 4909 3731 4978 τῆς
3765 4908 3965 4975 σελήνης

2427 5001 2992 5071 ὲννεακαιδεκαετηρὶς
3033 4999 3123 5052 διὰ
3168 4998 3259 5051 τοῦ
3288 4998 3505 5069 πρώτου
3549 5000 3689 5052 κατὰ
3721 5000 3812 5052 τὸν
3837 4997 3964 5064 ἣλιον

2427 5092 2576 5155 ἔτους
2625 5091 2716 5143 τοῦ
2765 5093 2841 5153 εἰς
2884 5092 2974 5143 τὸν
3009 5089 3264 5160 τέταρτον
3293 5091 3740 5161 ἐγγεγραμμένου
3771 5088 3962 5146 κύκλον.

2431 5183 2542 5250 μεθ’
2582 5183 2659 5244 ὃν,
2692 5184 2765 5244 ὼς
2803 5183 2956 5250 ἔφην,
2985 5181 3055 5234 τὰ
3078 5183 3215 5235 αὐτὰ
3241 5183 3340 5253 τῆς
3367 5182 3594 5253 σελήνης
3619 5182 3964 5252 διετράφησαν

2428 5273 2518 5344 ἔτη
2537 5291 2548 5304 ·
2584 5275 2618 5343 ἡ
2656 5273 2712 5324 δὲ
2745 5271 2786 5342 β’
2813 5273 2903 5326 διὰ
2925 5273 3018 5325 τοῦ
3049 5271 3091 5342 β’
3112 5291 3124 5302 ·
3157 5274 3250 5326 καὶ
3277 5273 3460 5336 ἁπλῶς
3491 5275 3548 5325 αἱ
3573 5275 3746 5326 πᾶσαι
3769 5273 3852 5324 διὰ
3877 5270 3966 5321 τῶν

777 5361 1011 5427 quinque
1041 5359 1094 5412 in
1125 5359 1457 5415 Dominicam
1488 5365 1682 5419 cadere
1723 5364 2197 5421 animadvertimus
2237 5383 2324 5431 xv,
2354 5399 2396 5455 α

2354 5399 2396 5455 C
2428 5365 2831 5437 ὑπερκειμένων
2872 5364 2966 5416 τοῦ
2997 5365 3147 5436 ἡλίου
3195 5365 3350 5418 ἑτῶν.
3384 5364 3605 5427 Τούτοις
3645 5364 3754 5435 γὰρ
3780 5365 3858 5455 είς
3886 5361 3966 5455 τῂν

776 5448 857 5499 vel
902 5462 988 5500 xvi
1041 5447 1273 5511 illorum,
1305 5466 1464 5519 quam
1502 5467 1600 5505 nos
1635 5468 1724 5505 xw
1750 5463 2149 5524 computamus,
2183 5455 2326 5525 quod
2361 5447 2395 5455 “

2361 5447 2395 5455 “
2428 5459 2535 5511 τῶν
2560 5459 2855 5529 ἰσαρίθμων
2878 5455 3516 5528 ὲννεακαιδεκαετηρίδων
3543 5453 3966 5527 συνεχρηοάμεθα

777 5539 990 5592 nonnisi
1035 5538 1089 5592 in
1132 5555 1260 5601 uno,
1315 5544 1396 5595 vel
1446 5544 1678 5605 duobus,
1730 5547 1813 5599 vel
1846 5547 2041 5607 tribus,
2073 5538 2156 5601 vel
2185 5565 2324 5618 qua-

779 5635 920 5689 tuor,
947 5629 1250 5708 quinqueve
1279 5635 1437 5688 annis
1468 5635 1543 5700 ﬁt,
1579 5636 1634 5689 in
1665 5637 1910 5704 pluribus
1945 5655 2051 5691 non
2102 5639 2320 5695 accidit.

844 5781 891 5816 ⁸⁵
918 5782 953 5834 Γ.
987 5783 1064 5838 ιδ’.

2431 5552 2722 5621 σημασίαν,
2759 5553 2846 5604 ἵνα
2887 5551 2961 5621 μὴ
3013 5550 3102 5604 διὰ
3145 5551 3348 5612 ταύτας
3398 5549 3557 5603 ἄλλον
3607 5548 3965 5618 διαγράιμυμει

2431 5642 2644 5697 κύκλον.
2671 5642 2835 5694 Πέντε
2865 5643 2919 5694 δὲ
2953 5644 3107 5713 μόνον
3131 5641 3346 5704 κύκλοις
3366 5639 3432 5694 τὰ
3452 5641 3691 5712 ἑκάστης
3716 5642 3968 5692 ἐννεακαι-
