4130 6342
60 478 182 566 1257
663 572 671 578 ,
802 506 857 560 s.
900 478 1141 560 munit
1177 503 1531 560 uxarvms
1566 502 1938 559 coupurus
1972 503 2403 559 ECCLESIAST.

1683 503 1938 559 IPUTUS
1972 503 2403 559 ECCLESIAS’I‘.
3096 505 3120 556 1
3131 503 3233 557 2ὕὸ
3302 534 3310 541 -

57 620 412 692 δεκαετηρωος
446 600 818 689 τετηρήκαμεν
849 617 971 687 ἐτη·
1002 618 1183 686 ἐπειδὴ
1212 618 1329 670 οὐδὲ
1361 606 1471 687 μιᾷ’
1485 634 1581 668 πε-
1614 622 1657 677 Α
1687 616 1893 669 Etenim
1948 632 2043 686 per
2093 617 2339 687 quamvis
2385 630 2421 669 e1

1687 616 1893 669 Etenim
1948 632 2043 686 per
2093 617 2339 687 quamvis
2385 614 2942 670 enneadecaeteridem
2981 615 3037 670 in
3078 620 3235 674 annis

58 712 276 784 ραιτέρω
305 709 410 762 τῶν
439 707 478 761 ε’
510 708 640 761 ἐτῶν
670 711 747 770 εἰς
769 708 1043 781 Κυριακὴν
1072 708 1277 779 ἡμέραν
1316 706 1580 760 συναντῶ-

1685 721 1805 768 xm,
1835 706 2096 759 decimam
2128 706 2369 774 quintam
2409 723 2421 758 :
2454 705 2506 757 in
2540 718 2667 767 uno,
2698 719 2785 758 xvi
2817 712 3027 773 putant,
3057 714 3116 760 ut
3150 707 3237 761 di-

59 820 147 853 σαν
175 801 476 871 εὑρήκαμεν
499 799 593 867 τὴν
626 798 999 867 παρ’ὲκείνοις
1027 796 1394 868 ψηφιζομένην
1420 795 1460 849 ε’
1493 798 1583 850 καὶ
1680 803 1825 849 ctum
1850 803 1954 859 est,
1998 811 2116 850 eam
2146 810 2266 865 qua:
2296 810 2385 848 xrv
2417 810 2421 847 1

1683 803 1825 849 ctum
1850 803 1954 859 est,
1998 811 2116 850 eam
2146 810 2266 865 qua:
2296 810 2385 848 xlv
2417 810 2602 848 revera
2629 803 2730 849 est.
2763 794 2865 849 Sed
2900 790 2955 848 in
2996 795 3234 850 Domini-

60 892 105 958 ι’,
136 892 164 963 ἦ
193 889 245 955 ς’
270 891 361 944 καὶ
394 888 537 952 ι’,εἰς
579 890 643 958 ἢν
686 888 805 941 καθ’
838 890 980 958 ἡμᾶς
1005 886 1043 940 δ’
1076 888 1164 940 καὶ
1203 885 1231 939 ι’
1275 886 1581 956 ψηφίζεται,

56 981 159 1034 ἀλλ’
189 980 222 1048 ἣ
264 982 320 1032 ὲν
354 980 451 1042 ἑνὶ,
484 978 516 1049 ἢ
543 979 707 1040 δυσὶν,
750 978 781 1049 ἢ
808 978 1002 1048 τρισὶν,
1031 978 1063 1047 ἢ
1093 978 1390 1047 τέσσαρσιν,
1423 979 1455 1048 ἢ
1503 977 1542 1030 ε’
1566 994 1581 1010 ο

58 1072 211 1124 πλείω
235 1071 290 1122 δὲ
320 1069 580 1139 οὐδαμῶς.
611 1070 765 1122 Κατὰ
791 1070 963 1121 πᾶσαν
995 1069 1089 1138 μὲν
1112 1068 1219 1138 γὰρ
1256 1068 1585 1121 ἐννεακαιδε-

56 1161 336 1232 καετηρίδα
369 1160 423 1212 ἐν
464 1177 521 1212 τε
552 1163 662 1221 τοῖς
692 1159 995 1227 δεκατρισὶν
1023 1158 1194 1210 ἔτεσιν
1233 1156 1271 1209 ε’
1297 1158 1387 1210 καί
1416 1157 1466 1223 ι’,
1496 1158 1605 1211 καὶ.

56 1253 125 1321 τῷ
157 1253 232 1302 ἐνὶ
276 1248 335 1314 ἓξ
363 1250 452 1303 καὶ
482 1248 511 1302 ι’
540 1250 635 1320 τὴν
679 1248 717 1301 δ’
759 1251 849 1301 καὶ
881 1246 933 1311 ι’,
959 1248 1032 1310 ὼς
1059 1248 1210 1316 ἔφην,
1248 1246 1583 1317 ψηφίζουσιν.

57 1344 159 1394 Οὐκ
184 1342 297 1394 ἔστι
325 1341 379 1394 δὲ
400 1345 476 1404 εἰς
497 1324 773 1411 Κυριακὴν
802 1340 1029 1410 ἡμέραν.
1068 1338 1155 1402 Ἐξ
1174 1330 1233 1390 οὗ
1266 1338 1364 1390 κάν
1387 1341 1433 1390 εἰ
1462 1339 1587 1409 περὶ

55 1432 144 1501 τὴν
168 1433 263 1502 τῆς
288 1432 510 1501 σελήνης
538 1430 849 1499 σφάλλονται
880 1429 1111 1499 ἡμέραν,
1135 1429 1268 1482 ἀλλά
1299 1445 1358 1497 γε
1386 1429 1510 1498 περὶ
1530 1428 1589 1481 τὸ

57 1524 188 1575 κατὰ
232 1523 457 1594 Χριστὸν
504 1524 564 1575 οὐ
602 1520 1015 1593 διαμαρτάνουσι
1055 1520 1242 1588 Πάσχα
1267 1520 1316 1573 δ.
1398 1559 1411 1572 .

56 1613 141 1666 τοῦ
169 1612 429 1665 τελεῖσθαι
459 1612 613 1681 μέχρι
648 1611 747 1678 τῆς
787 1610 877 1661 τοῦ
920 1610 1148 1678 φέγγους
1178 1608 1386 1671 εἰκάδος
1414 1607 1460 1660 α’
1483 1625 1497 1638 ·
1528 1608 1592 1677 ἢν

57 1705 145 1773 οὐχ
180 1688 605 1776 ὑπερϐαίνουσιν,
637 1700 740 1752 ἀπὸ
763 1700 1014 1770 δευτέρας
1046 1700 1143 1768 τὴν
1184 1697 1223 1751 ε’
1252 1700 1343 1752 καὶ
1385 1697 1413 1751 ι’
1429 1698 1597 1768 ψηφί-

57 1793 241 1857 ζοντεςν
260 1794 443 1865 ὥσπερ
471 1792 588 1845 οὐδὲ
618 1792 723 1844 ἀπὸ
742 1788 786 1859 γ’
810 1791 904 1861 τὴν
931 1790 979 1855 ς’
1012 1790 1105 1843 καὶ
1132 1788 1185 1843 ι’.
1205 1790 1353 1843 Ἐπεὶ
1374 1790 1596 1859 ταύτην,

56 1886 187 1953 λέγω
217 1885 272 1938 δὲ
302 1886 397 1955 τὴν
424 1883 473 1949 ς’
495 1886 586 1937 καὶ
618 1881 668 1947 ι’,
693 1882 785 1935 ἐὰν
810 1884 916 1935 ἀπὸ
938 1884 1033 1954 τῆς
1048 1868 1188 1935 κατὰ
1214 1883 1308 1953 τὴν
1332 1882 1598 1952 ἑϐδομάδα

1683 903 1799 941 cam
1826 903 1902 942 eae
1934 903 2040 942 non
2077 888 2345 943 incidunt.
2376 886 2533 942 Unde
2566 888 2687 942 licet
2718 888 2774 941 in
2813 887 2897 941 die
2944 888 3061 957 ipso
3096 889 3237 941 lunae

1682 971 1851 1042 fugiat
1897 975 2017 1029 illos
2068 975 2242 1041 ratio,
2294 990 2401 1029 non
2454 983 2631 1029 tamen
2690 976 2743 1030 in
2790 975 3095 1030 Christiano
3133 976 3235 1030 Pa-

1688 1067 1872 1121 schate
1915 1081 2067 1142 error
2100 1066 2307 1137 obrepit
2340 1107 2353 1119 .
2385 1106 2400 1118 .
2436 1104 2451 1118 .
2484 1105 2498 1120 .
2529 1067 2787 1121 celebrari
2838 1082 3008 1136 usque
3050 1067 3113 1121 ad
3145 1084 3235 1121 xu
3275 1060 3279 1065 λ

1684 1157 1824 1212 luna:
1846 1172 2003 1227 quam
2030 1172 2138 1211 non
2165 1158 2569 1223 transcendunt,
2597 1173 2719 1210 cum
2748 1158 2984 1212 secunda
3008 1158 3136 1213 feria
3169 1174 3236 1212 xv

1685 1256 1996 1317 computant
2028 1268 2039 1301 :
2074 1234 2521 1317 quemadmodum
2553 1254 2673 1302 cam
2718 1250 2874 1302 tertia
2920 1265 3009 1303 XVI
3056 1265 3238 1303 nume.

1686 1346 1828 1393 rant.
1879 1336 2011 1391 Nam
2056 1338 2101 1393 si
2153 1327 2299 1392 hanc
2342 1340 2512 1408 ipsam
2560 1355 2648 1392 xvi
2682 1339 2813 1394 feria
2846 1356 2882 1393 ιι
2926 1350 3234 1400 numerent.

1689 1431 1876 1498 utique
1921 1430 2414 1498 transgrediuntur.
2466 1428 2672 1499 Quippe
2720 1447 2805 1484 xvr
2848 1438 2901 1485 et
2938 1448 2989 1485 vl
3034 1433 3240 1488 faciunt

1575 1555 1589 1571 .
1690 1534 1819 1572 xxn.
1845 1515 1929 1572 Οἱ)
1950 1517 2332 1588 hanccausam
2362 1532 2531 1571 annos
2560 1518 2697 1572 lunae
2721 1534 2903 1573 eorum
2931 1521 3137 1577 calculo
3163 1524 3237 1577 ita

1694 1614 1907 1677 putatos
1939 1593 2377 1677 duplicij‘puncto
2414 1607 2716 1662 notavimus
2749 1626 2761 1661 :
2795 1609 3039 1663 similiter
3066 1625 3236 1667 annos

1694 1707 1831 1755 eos,‘
1858 1696 2052 1764 quibus
2101 1686 2375 1748 Dominica
2404 1696 2488 1749 die
2519 1710 2605 1750 xv:
2626 1697 2750 1763 illa,
2785 1712 2943 1765 quam
2975 1699 3228 1765 diximus,

1696 1786 2030 1847 observatur,
2083 1776 2282 1855 puncto
2333 1786 2529 1854 triplici
2580 1786 2940 1843 distinximus.
2994 1790 3104 1845 Hoc
3152 1805 3236 1848 ost

1696 1884 2012 1943 punctorum
2046 1875 2255 1927 illorum
2288 1878 2576 1943 negotium,
2611 1891 2728 1945 quae
2772 1876 3088 1945 quibusdam
3134 1896 3235 1934 an-

56 1975 296 2046 δευτέρας
334 1974 1061 2046 ψηφίσωσινκὺπερϐαἰνουσι
1105 1974 1350 2035 πάντωςο
1379 1970 1449 2037 ις’
1480 1972 1585 2041 γὰρ
1616 1956 1657 2010 Β
1686 1966 1773 2020 nis
1816 1967 1957 2019 luna1
1999 1975 2123 2019 sunt
2174 1965 2421 2034 adscript:

1686 1966 1773 2020 nis
1816 1967 1957 2019 luna
1999 1975 2123 2019 sunt
2174 1965 2467 2034 adscripta,
2511 1975 2564 2020 et
2609 1967 2676 2019 ad
2713 1966 3000 2023 discrimen
3047 1985 3234 2027 eorum

57 2064 143 2117 καὶ
171 2061 221 2128 ς’
254 2062 336 2133 κβ¹
368 2062 626 2117 ποιοῦσιν.
683 2063 772 2115 Διὸ
823 2063 915 2115 καὶ
963 2062 1029 2115 τά
1063 2062 1229 2124 οὕτως
1261 2064 1386 2131 παρ’
1411 2063 1587 2125 αὐτοῖς

57 2152 385 2222 ψηφιζόμενα
416 2148 515 2221 τῆς
561 2152 784 2222 σελήνης
823 2152 915 2221 ἔτη
949 2152 1397 2222 ὲσςημειωσάμεθα
1427 2151 1510 2204 διά
1546 2147 1588 2220 β’

58 2240 310 2310 στιγμῶν.
353 2241 577 2311 Ὁμοίως
604 2241 659 2293 δὲ
690 2241 781 2293 καὶ
810 2240 877 2293 τὰ
906 2242 962 2292 ὲν
986 2236 1065 2303 οἷς
1094 2243 1170 2305 εἰς
1193 2241 1469 2313 Κυριακὴν
1494 2240 1589 2311 τὴν

56 2332 342 2403 εἰρημένην
371 2330 423 2397 ς’
449 2333 544 2397 καὶ
575 2328 604 2383 ι’
641 2332 981 2402 τηροῦσι,διὰ
1008 2332 1168 2402 τριῶν
1192 2333 1450 2403 στιγμῶν.
1483 2334 1590 2386 Καὶ

57 2415 201 2484 οὗτος
242 2424 269 2474 ὀ
310 2422 437 2491 περί
473 2422 578 2473 τῶν
613 2420 849 2490 στιγμῶν
887 2421 1037 2487 λόγος
1066 2420 1173 2473 τῶν
1200 2422 1424 2474 ἐνόντων
1451 2423 1591 2476 τισὶν

56 2514 194 2565 ἔτεσι
216 2514 321 2583 τῆς
350 2512 594 2582 σελήνης,
629 2512 687 2576 ἐξ
714 2506 786 2565 ὧν
817 2513 849 2581 ή
874 2512 1131 2582 ’διαστολὴ
1164 2512 1369 2581 γίνεται
1401 2513 1509 2565 τῶν
1536 2515 1592 2565 ὲν

56 2598 133 2666 οἷς
157 2602 326 2657 εἰκάδι
356 2601 419 2672 β’,
448 2605 540 2655 καὶ
568 2605 624 2655 ὲν
654 2597 732 2665 οἷς
772 2601 941 2654 εἰκάδι
969 2600 1038 2669 γ’,
1066 2602 1158 2655 καὶ
1195 2604 1252 2654 ὲν
1273 2596 1352 2665 οἷς
1379 2602 1481 2672 πρὸ
1497 2602 1591 2655 τοῦ

68 2692 347 2763 Ἐϐραῖκοῦ
400 2694 586 2762 Πάσχα
630 2692 690 2745 τὸ
738 2693 875 2745 κατὰ
921 2692 1147 2762 Χριστὸν
1178 2692 1325 2761 παρὰ
1366 2693 1425 2744 τὸ
1450 2693 1593 2756 εἰκὸς

58 2782 435 2847 κανονίζουσιν.
477 2785 562 2836 Ἐν
600 2784 705 2854 γὰρ
749 2787 856 2846 τοῖς
885 2782 982 2845 τὰς
1016 2782 1107 2836 δύο
1140 2784 1366 2857 στιγμᾲς
1412 2783 1591 2853 έχουσι

57 2871 208 2924 τοῦτο
245 2871 501 2934 ποιοῦσιν,
540 2874 618 2934 εἰς
653 2870 928 2942 Κυριακὴν
958 2871 1168 2941 ἡμέραν
1195 2870 1290 2941 τὴν
1322 2872 1445 2942 παρ’
1466 2873 1592 2941 ἡμῖν

58 2960 181 3031 γ’⁸⁸,
216 2964 309 3016 καὶ
340 2961 391 3025 ι’,
415 2961 455 3014 ε’
487 2964 579 3015 καὶ
608 2959 659 3023 ι’,
683 2962 833 3014 αὐτοὶ
856 2960 949 3013 τοῦ
988 2962 1216 3030 φέγγους
1249 2962 1590 3033 ψηφίζοντες.

60 3054 148 3117 Εἰς
195 3054 260 3125 ἢν
314 3055 433 3106 ὅσον
468 3053 564 3124 μὲν
609 3052 675 3105 δι’
714 3053 879 3124 αὐτὴν
924 3052 1021 3123 τὴν
1063 3050 1103 3104 ε’
1136 3053 1228 3107 καὶ
1268 3050 1297 3103 ι’
1325 3051 1594 3123 ἑορτάζειν

58 3139 275 3207 ὤφελον,
323 3140 475 3193 τοῦτὸ
503 3157 564 3205 γε
602 3138 694 3193 τοῦ
725 3141 944 3202 κανόνος
991 3141 1353 3212 ὲγχωροῦντος
1392 3145 1592 3207 ποιεῖν,

58 3232 175 3283 ὅσον
189 3231 242 3282 δὲ
260 3232 344 3283 διὰ
364 3230 456 3300 τὴν
473 3229 513 3282 δ’
536 3233 626 3283 καὶ
655 3229 683 3282 ι’
710 3233 775 3301 τῇ
808 3231 951 3300 tam,
978 3230 1139 3299 ήγουν
1160 3235 1225 3301 τῇ
1258 3230 1302 3301 β’
1326 3233 1423 3302 τῆς
1446 3232 1593 3285 ἑϐδο-

63 3321 223 3390 μάδος
257 3324 617 3392 ὑπάρχουσαν,
652 3323 755 3393 πρὸ
800 3322 891 3375 τοῦ
938 3322 1055 3376 καθ’
1094 3324 1367 3395 Ἐϐραίους
1408 3327 1594 3395 Πάσχα

58 3410 119 3464 τὸ
162 3412 300 3465 κατὰ
329 3414 552 3483 Χριστὸν
586 3412 885 3481 ἐλέγχονται
938 3414 1315 3480 κανονίζοντες,
1350 3417 1441 3471 καὶ
1473 3418 1596 3489 περί

58 3502 153 3571 τὴν
193 3503 361 3573 ἀληθῆ
387 3503 562 3571 ψῆφον
583 3502 1040 3571 διαμαρτάνοντες,
1067 3506 1128 3558 Εἰ
1158 3504 1263 3577 γάρ
1291 3507 1382 3558 καί⁵
1412 3508 1445 3578 ἡ
1474 3524 1595 3559 συν-

60 3592 332 3659 έμπτωσις
356 3592 448 3644 τοῦ
475 3593 612 3645 κατὰ
638 3594 865 3662 Χριστὸν
895 3593 1027 3663 πρὸς
1066 3593 1127 3646 τὸ
1170 3594 1446 3664 Ἐϐραῖκὸν
1487 3594 1597 3647 δια-

62 3684 309 3736 δάλλεται
347 3684 553 3752 Πάσχα,
586 3684 637 3736 τί
667 3683 710 3735 δ’
736 3683 799 3737 ἄν
831 3701 911 3747 τις
943 3684 1083 3737 εἴποι
1112 3686 1236 3756 περί
1267 3686 1364 3755 τῆς
1393 3701 1597 3755 προεμ-

62 3774 345 3838 πτώσεως;
367 3775 435 3826 Συ
444 3773 654 3845 μὸαίνει
680 3774 735 3826 δὲ
762 3770 915 3838 αὖθις
936 3775 1168 3838 ἐκείνους
1190 3775 1251 3828 τὸ
1278 3775 1387 3829 ῐσον
1407 3776 1597 3840 τελεῖν,

64 3864 166 3919 κᾶν
195 3868 308 3928 τοῖς
332 3865 443 3918 ab"
475 3903 489 3917 .
566 3903 581 3921 .
655 3906 667 3920 .
743 3874 764 3920 ”.
840 3905 854 3920 .
898 3872 939 3921 “.
1016 3907 1029 3920 .
1060 3865 1248 3919 ἔτεσιν,
1284 3867 1370 3919 Ἐν
1395 3866 1599 3930 τούτοις

63 3956 167 4028 γάρ
216 3957 597 4010 πεντεκαιδεκά
671 3998 684 4012 .
760 3997 776 4012 .
852 3998 866 4012 .
940 3994 956 4009 .
1037 3997 1049 4010 .
1122 3997 1138 4010 .
1215 3994 1231 4011 .
1308 3956 1449 4027 ,τὴν
1502 3957 1599 4026 τῆς

64 4050 139 4111 είς
172 4049 449 4120 Κυριακὴν
490 4048 696 4119 ἡμέραν
734 4048 869 4117 ψηφί
943 4086 956 4101 .
1034 4089 1048 4101 .
1126 4089 1140 4101 .
1218 4088 1232 4101 .
1310 4086 1323 4100 .
1399 4087 1412 4099 .
1493 4086 1507 4099 .
1582 4086 1597 4100 .

66 4135 245 4200 ζοντες
274 4137 364 4190 τοῦ
398 4138 616 4208 νομικοῦ
648 4138 853 4207 Πάσχα.
894 4137 979 4201 Ὠς
1003 4137 1067 4191 ἂν
1105 4138 1279 4191 τοίνυν
1311 4177 1324 4190 .
1400 4176 1414 4189 .
1492 4179 1505 4191 ,
1585 4180 1598 4193 .

62 4227 192 4297 δῆλα
224 4228 505 4281 καὶταῦτα
534 4232 645 4292 τοῖς
678 4227 1054 4298 ἐντυγχάνουσι
1118 4268 1137 4293 ν.
1218 4264 1230 4278 .
1307 4268 1321 4281 .
1401 4234 1413 4282 .
1488 4267 1502 4281 .
1584 4268 1599 4281 .

69 4319 203 4391 μόνῃ
232 4323 428 4391 στιγμῇ
459 4320 911 4391 διεσημηνάμεθα.
945 4320 1093 4373 Εἰσὶν
1130 4315 1219 4373 οὖν
1245 4321 1311 4372 τὰ
1342 4303 1603 4392 μηδεμίαν

68 4412 1599 4483 στιγμὴν...............

68 4502 205 4554 κατὰ
243 4502 337 4572 τὴν
360 4504 559 4556 οἰκείαν
587 4503 833 4572 ἐξάγουσι
860 4505 1034 4574 ψῆφον
1066 4506 1125 4559 τὸ
1144 4507 1330 4576 Πάσχα
1348 4522 1361 4534 ·
1385 4505 1604 4577 πρώτην

68 4594 159 4644 καὶ
209 4594 393 4647 εἰκάδα
442 4596 577 4649 κατὰ
624 4596 718 4665 τὴν
767 4597 1211 4667 ὲκκλησιαστικὴν
1259 4598 1600 4669 ὑπάρχουσαν

73 4679 305 4748 μέθοδον.
330 4682 406 4733 Τά
425 4682 479 4735 δὲ
501 4684 626 4751 μίαν
651 4684 681 4753 ἢ
702 4682 791 4735 δύο
824 4684 1127 4753 κεκτημένα
1163 4686 1411 4754 στιγμάς,
1439 4688 1495 4737 ἐν
1527 4681 1606 4749 οἷς

70 4774 144 4835 εἰς
162 4771 345 4824 εἰκάδα
366 4771 404 4841 β’
422 4774 480 4825 οὐ
507 4775 677 4842 μόνον,
696 4774 827 4826 ἀλλὰ
846 4776 937 4827 καὶ
958 4776 1016 4827 τὸ
1041 4776 1195 4828 κατὰ.
1216 4778 1442 4846 Χριστὸν
1454 4776 1545 4829 τοῦ
1559 4778 1603 4808 ⁸⁸

69 4862 290 4931 νομικοῦ
326 4864 424 4932 ἡδ’
450 4864 692 4918 λέλεκται
724 4865 1112 4928 κανονίζουσιΨ
1143 4868 1190 4917 εἰ
1236 4867 1326 4918 καὶ
1362 4871 1471 4930 τοῖς
1510 4867 1606 4935 μὲν

69 4949 174 5006 οἷον
210 4957 317 5027 τοῖς
356 4955 480 5023 μίαν
516 4954 693 5024 ἔχουσι
724 4956 817 5026 τὴν
840 4955 1064 5025 στιγμὴν
1090 4955 1176 5007 διὰ
1211 4956 1269 5007 τὺ
1294 4956 1562 5024 βίσσεξτον
1588 4975 1602 4987 ο

70 5048 177 5106 τοῖς
229 5045 288 5097 δὲ
323 5045 418 5105 τὰς
457 5044 546 5097 δύο
593 5047 818 5114 στιγμάς
842 5045 929 5097 διὰ
962 5045 1057 5107 τὰς
1080 5048 1142 5097 ὲκ
1168 5045 1272 5097 τῶν
1300 5045 1601 5115 ἑξηκοστών

71 5133 449 5209 ἀθροιζομένας
495 5134 672 5197 αὐτοῖς
700 5135 925 5205 ἡμέρας⁸
951 5137 1017 5189 τά
1049 5135 1105 5187 δὲ
1138 5136 1310 5204 τρισὶν
1340 5136 1608 5204 ἐνσημαν-

72 5222 229 5276 θέντα
260 5210 526 5292 στιγμαῖς,
553 5224 608 5274 ἐν
643 5217 721 5285 οἷς
751 5224 829 5285 εἰς
866 5223 1047 5275 εἰκάδα
1076 5220 1144 5290 γ’,
1173 5221 1304 5291 πρὸς
1342 5222 1433 5274 καί
1465 5240 1603 5275 τισιν

72 5315 274 5384 ἑτέροις
298 5315 675 5387 ποττημορίοις
705 5314 1046 5373 ἐκτείνουσιν.
1094 5315 1225 5383 ὅπερ
1265 5313 1483 5366 ἄτοπον.
1522 5315 1607 5365 Ἑν

71 5404 292 5467 ταύταις
314 5406 369 5458 δὲ
397 5410 513 5469 ταῖς
540 5394 847 5476 εἰρημέναις
870 5404 910 5455 ε’
938 5404 1150 5467 ζώναις,
1187 5405 1348 5475 ήγουν
1375 5406 1483 5467 τοῖς
1513 5404 1608 5457 κύ-

73 5494 235 5560 κλοις,
264 5497 619 5567 συνετάξαμεν
649 5500 759 5559 τοῖς
782 5496 920 5549 ἔτεσι
950 5497 1048 5565 τῆς
1080 5498 1300 5568 σελήνης
1324 5495 1380 5559 ἐξ
1403 5495 1607 5549 εὐωνύ-

77 5602 185 5653 μων
209 5584 276 5637 τά
298 5586 387 5637 τοῦ
410 5586 555 5656 ἡλίου
580 5588 670 5658 ἔτη
700 5588 833 5657 μετὰ
865 5588 955 5639 καὶ
976 5589 1078 5639 τῶν
1100 5585 1162 5639 ιϐ’
1179 5586 1385 5640 κύκλων
1409 5588 1602 5650 αὐτῶν,

74 5673 236 5741 ῆγουν
270 5675 846 5745 εἰκοσιοκταετηρίδων,
877 5674 979 5727 ἀπὸ
1022 5674 1243 5745 σηρικοῦ
1286 5676 1601 5747 γεγραμμέ-

1687 2056 1975 2124 pertinent,
2030 2056 2225 2125 quibus
2281 2056 2337 2109 in
2392 2073 2505 2109 xxn
2568 2064 2659 2109 aut
2711 2073 2843 2113 xxm
2894 2059 3032 2114 luna"
3092 2063 3234 2117 diem

1686 2145 1891 2201 Pascha
1934 2140 2039 2200 illis
2070 2146 2257 2200 incidit
2290 2164 2301 2198 :
2336 2153 2449 2198 tum
2478 2146 2636 2201 etiam
2674 2149 2868 2215 quibus
2897 2161 3019 2206 ante
3052 2151 3235 2207 Judai-

1687 2252 1808 2291 cum
1854 2235 2081 2300 Pascha,
2119 2236 2479 2291 Christianum
2526 2238 2594 2292 ab
2625 2239 2834 2303 iisdem,
2859 2251 3045 2297 contra
3074 2260 3234 2315 quam

1687 2336 1915 2399 oportet,
1948 2329 2223 2384 indicitur.
2259 2328 2381 2382 Haec
2411 2330 2552 2383 enim
2595 2330 2661 2384 iis
2694 2332 2851 2386 annis
2884 2332 3108 2399 faciunt,
3142 2339 3236 2405 qui

1688 2412 1897 2475 duobus
1949 2421 2166 2490 punctis
2219 2421 2423 2491 praediti
2478 2429 2637 2489 sunt;
2689 2430 2748 2476 ut
2798 2422 3070 2479 Dominica
3123 2428 3233 2491 die,

1688 2526 1848 2580 quam
1880 2525 1981 2565 nos
2009 2526 2108 2565 xm
2137 2512 2317 2565 lunam
2350 2521 2621 2580 putamus,
2648 2528 2763 2567 eam
2806 2512 2908 2582 ipsi
2951 2531 3018 2568 xv
3048 2532 3236 2570 nume-

1689 2610 1826 2657 rent.
1859 2602 1992 2656 Tum
2023 2603 2187 2666 enim,
2221 2611 2481 2672 quantum
2527 2605 2590 2658 ad
2623 2621 2691 2658 xv
2725 2607 2934 2670 attinet,
2962 2608 3236 2679 celebrare

1688 2687 1895 2743 Pascha
1938 2689 2253 2753 debuerant,
2297 2706 2418 2744 cum
2454 2692 2553 2744 hoc
2582 2692 2701 2747 ﬁeri
2742 2709 2835 2763 per
2864 2710 3121 2750 canonem
3169 2697 3236 2749 li-

1655 2785 1827 2833 vceat.
1874 2776 2151 2844 Quatenus
2203 2788 2380 2839 autem
2427 2796 2515 2834 xtv
2565 2772 2956 2851 sequenti‘die.
3008 2787 3112 2841 hoc
3154 2768 3275 2842 esti

1690 2868 1823 2924 feria
1863 2872 2096 2925 secunda
2128 2871 2494 2937 hebdomadis,
2526 2874 2769 2939 incurrit,
2801 2883 2924 2930 ante
2953 2876 3235 2933 Judaicum

1690 2956 1894 3015 Pascha
1924 2960 2283 3014 Christianum
2322 2961 2441 3016 illos
2487 2953 2757 3029 statuere,
2794 2970 2848 3017 et
2880 2979 2909 3017 a
2940 2968 3082 3023 veris
3127 2970 3239 3022 cal—

1691 3050 1827 3106 culis
1871 3051 2138 3118 aberrare,
2196 3052 2333 3105 ratio
2381 3054 2497 3122 ipsa
2545 3054 2836 3109 convincit.
2870 3054 3017 3109 Nam
3068 3058 3114 3111 si
3153 3059 3238 3113 vel

1690 3143 1805 3211 ipse
1852 3140 2130 3197 Paschatis
2177 3144 2348 3199 nostri
2398 3160 2545 3198 cum.
2576 3144 2800 3200 Jud’aico
2840 3162 3135 3205 concursus
3181 3151 3239 3205 in

1692 3232 1848 3300 culpa
1898 3239 2013 3296 est,
2063 3232 2191 3301 quid
2241 3234 2527 3288 dicendum
2569 3246 2670 3299 est,
2716 3237 2761 3291 si
2810 3239 2911 3293 hoc
2957 3241 3120 3293 etiam
3170 3242 3241 3295 sit

1695 3321 1825 3382 illud
1857 3323 2130 3378 anterius?
2157 3323 2431 3395 Contingit
2463 3330 2638 3380 autem
2672 3343 2860 3384 rursus
2901 3330 3020 3385 illos
3050 3332 3241 3387 eodem

1694 3412 1965 3467 celebrare
2005 3414 2180 3477 modo,
2227 3415 2310 3471 his
2341 3420 2496 3471 annis
2576 3455 2588 3469 .
2667 3460 2682 3473 .
2760 3461 2773 3473 .
2852 3462 2864 3473 .
2944 3463 2955 3473 .
3035 3461 3049 3475 .
3126 3462 3142 3476 .
3224 3464 3238 3478 .

1694 3499 1751 3555 In
1798 3504 1883 3558 his
1932 3504 2077 3557 enim
2123 3504 2380 3559 decimam
2443 3509 2685 3577 quintam
2760 3551 2774 3565 .
2853 3553 2864 3565 .
2946 3540 2959 3566 .-
3035 3550 3050 3565 .
3122 3529 3243 3582 quze

1697 3590 1751 3645 in
1797 3590 2076 3646 Dominica
2120 3594 2204 3646 die
2249 3603 2593 3664 computatur
2665 3636 2680 3652 .
2756 3637 2772 3653 .
2849 3638 2867 3653 .
2942 3640 2958 3653 .
3036 3601 3242 3671 .legalis

1695 3676 1999 3734 Paschalis.
2060 3677 2131 3733 Ut
2184 3680 2347 3750 igitur
2424 3724 2437 3736 .
2515 3724 2530 3736 .
2609 3725 2624 3738 .
2702 3724 2718 3741 .
2793 3688 3074 3744 manifesta
3129 3690 3243 3745 haec

1696 3770 2064 3825 lectoribus.
2143 3814 2156 3827 .
2236 3814 2249 3827 .
2328 3814 2341 3828 .
2407 3776 2664 3846 singulari
2694 3788 2893 3848 puncto
2920 3781 3239 3838 notavimus.

1700 3858 1834 3914 Sunt
1864 3862 2026 3931 igitur
2054 3878 2171 3934 quae
2200 3873 2401 3936 puncto
2431 3868 2575 3922 omni
2605 3880 2791 3925 carent
2855 3912 2868 3925 .
2946 3911 2958 3924 .
3037 3912 3052 3927 .
3130 3912 3146 3925 .
3224 3913 3240 3928 .

1698 4039 1905 4095 Pascha
1954 4044 2020 4117 ad
2068 4060 2195 4099 suas
2234 4048 2472 4102 rationes
2520 4051 2956 4117 accommodant;
2988 4068 3106 4121 qua:
3148 4056 3241 4106 xxi

1700 4133 2061 4187 ecclesiastica
2121 4137 2372 4191 methodo
2419 4146 2775 4207 computatur.
2823 4141 2891 4194 At
2938 4144 3029 4211 qui
3084 4144 3243 4197 unico

1701 4231 1898 4291 puncto
1947 4226 2211 4294 duplicive
2256 4236 2382 4283 sunt
2431 4229 2624 4293 allecti,
2672 4231 2706 4283 ii
2758 4239 2903 4297 sunt,
2945 4232 3000 4285 in
3048 4233 3244 4302 quibus

1702 4328 1806 4366 non
1856 4315 2029 4367 solum
2061 4332 2176 4370 xxu
2208 4318 2315 4382 die,
2361 4318 2454 4373 sed
2484 4320 2644 4372 etiam
2678 4329 2801 4376 ante
2834 4311 3001 4391 lega‘e
3038 4321 3245 4377 Pascha

1701 4401 2059 4458 Christianum
2104 4408 2171 4461 ab
2218 4408 2285 4463 iis
2326 4408 2579 4465 indicitur
2626 4431 2637 4465 :
2676 4413 2806 4466 adeo
2852 4420 2909 4465 ut
2945 4413 3035 4481 qui
3078 4428 3246 4466 unum

1702 4493 1897 4548 habent
1943 4508 2220 4566 punctum,
2253 4500 2334 4555 his
2369 4511 2587 4571 propter
2614 4504 2908 4559 bissextum
2964 4504 3097 4557 illud
3155 4519 3247 4556 ac-

1635 4624 1678 4677 D
1705 4582 1878 4677 cidat;
1913 4589 2002 4655 qui
2034 4587 2232 4658 duplici
2284 4590 2493 4660 praediti
2539 4599 2684 4656 sunt,
2713 4601 2929 4671 propter
2958 4592 3073 4646 dies
3102 4592 3244 4653 illos,

1707 4675 1807 4741 qui
1842 4692 1907 4730 ex
1954 4679 2193 4733 collectis
2240 4683 2580 4751 sexagesimis
2622 4683 2917 4747 accedunt;
2951 4681 3041 4749 qui
3073 4682 3248 4735 tribus

1710 4766 1939 4836 denique
1964 4772 2130 4823 notati
2162 4778 2304 4834 sunt,
2337 4772 2388 4825 in
2418 4773 2484 4826 iis
2508 4772 2572 4825 ad
2602 4787 2729 4825 xxm
2763 4785 2933 4839 usque
2960 4770 3098 4825 diem
3125 4786 3247 4824 cum

1708 4860 2113 4913 excurrentibus
2141 4861 2339 4930 aliquot
2380 4861 2646 4929 scrupulis
2677 4859 2881 4915 Pascha
2915 4859 3244 4915 diffunditur.

1710 4947 1861 5013 Quod
1901 4960 1980 5005 est
2027 4952 2336 5007 absurdum.
2366 4952 2626 5006 Carterum
2659 4953 2713 5006 in
2748 4954 2854 5007 illis
2883 4954 3117 5022 quinque
3158 4967 3249 5004 Ζοι-

1709 5041 1815 5105 nis,
1847 5041 2148 5105 circulisve,
2181 5043 2246 5096 ad
2277 5059 2448 5118 annos.
2479 5044 2617 5098 lunae
2641 5047 2844 5099 solares
2881 5044 2946 5097 ad
2974 5044 3247 5097 sinistram
3322 5066 3331 5073 ·

1712 5132 2076 5201 ascripsimus,
2103 5149 2207 5185 una
2233 5147 2353 5186 cum
2379 5150 2468 5187 xix
2493 5136 2657 5204 cyclis
2689 5136 2944 5207 ipsorum,
2972 5134 3062 5201 qui
3094 5135 3251 5186 annis

1712 5221 1903 5291 singuli
1933 5230 2178 5275 constant
2208 5232 2327 5276 octo
2355 5227 2620 5295 etviginti
2656 5244 2668 5279 τ
2701 5241 2730 5279 e
2763 5225 2960 5294 quibus
2986 5224 3252 5286 enneade-

1714 5312 2005 5367 caeterides
2050 5316 2265 5367 rubrica
2302 5315 2523 5384 depictas
2560 5325 2687 5370 sunt
2739 5335 2752 5368 :
2806 5326 2875 5382 ut
2917 5316 3250 5386 singularum

1714 5402 1837 5455 anni
1880 5402 1976 5462 illi.
2026 5404 2079 5456 in
2122 5405 2318 5472 quibus
2364 5406 2624 5460 decimam
2668 5413 2935 5475 quartam,
2975 5407 3062 5461 isti
3102 5406 3249 5458 deci—

1713 5508 1852 5547 mam
1876 5493 2029 5563 185
2045 5496 2307 5565 quintam,
2321 5497 2402 5550 vel
2420 5504 2622 5550 sextam
2637 5496 2897 5551 decimam
2918 5504 3247 5564 computant,

1712 5586 1860 5653 quoti
1915 5587 2025 5639 sint
2073 5586 2124 5639 in
2173 5587 2323 5656 cyclo
2368 5586 2515 5647 solis,
2563 5594 2616 5640 et
2668 5587 2825 5654 cujus
2877 5586 3032 5654 cycli,
3082 5585 3251 5653 possit

1714 5674 1930 5739 agnosci
1967 5693 1979 5727 :
2015 5681 2175 5743 atque
2203 5689 2269 5728 ex
2309 5676 2725 5744 congruentibus
2760 5675 2985 5741 epactis,
3027 5688 3255 5740 quaese-

143 5829 187 5861 ⁸⁶
214 5827 256 5896 f.
280 5816 342 5879 δ’·
420 5827 463 5857 "
498 5825 679 5881 Exesre
715 5828 769 5881 in
804 5828 1084 5895 exemplari
1123 5830 1314 5884 littera:
1338 5845 1437 5885 mm
1472 5836 1747 5896 potuerunt
1770 5830 1851 5883 hic
1884 5830 2005 5901 legi,
2041 5846 2129 5884 nec
2154 5830 2393 5885 describi.

1683 5838 1747 5882 :nt
1770 5830 1851 5883 hic
1884 5830 2005 5901 legi,
2041 5846 2129 5884 nec
2154 5830 2393 5885 describi.
2469 5832 2514 5863 ⁸⁸
2545 5832 2582 5899 f.
2619 5831 2721 5899 πρὸ
2750 5829 2865 5883 τοῦ.
2940 5830 2984 5860 ⁸’
3015 5829 3055 5898 Ῑ.

354 5921 616 5996 Panos.
655 5922 770 5983 Gn.
802 5923 973 5984 XIX.

2876 5924 2952 5983 Ml
