4124 6320
817 371 955 460 ιεεο

1828 359 1916 413 AD
1955 357 2220 415 EUSEBII
2259 356 2654 413 CHRONICGN
2694 356 3068 446 APPENDlX.

3902 362 4008 418 l960

817 485 998 543 cundo
1039 481 1245 538 circulo
1292 477 1537 549 ejusdem
1578 485 1710 530 rota:
1747 484 1877 531 sunt
1920 476 2214 544 inscriptae,
2255 472 2384 528 feria

2497 492 2590 527 νων
2622 473 2798 528 αὐτῶν
2837 475 2899 545 δὴ
2940 473 3045 526 τῶν
3072 474 3651 546 ἐννεαδεκαετηρίδωΨ
3699 477 3784 528 ἵνα
3829 480 4004 546 γνωσθῇ

817 572 1156 634 conﬁciatur,
1191 565 1764 638 compositis‘inviccm
1795 566 1922 618 anni
1972 565 2102 619 solis
2152 565 2378 635 epactis,

815 673 872 719 et
899 661 1128 717 Romani
1159 660 1361 716 mensis
1387 659 1599 722 diebus,
1631 671 1737 710 una
1784 671 1909 709 cum
1960 655 2252 709 rubricatis
2295 667 2384 707 re-

815 753 1094 826 gularibus
1143 770 1156 806 :
1209 765 1273 804 ac
1323 765 1535 804 summa
1582 763 1678 819 per
1722 766 1794 803 vu
1844 748 2039 803 deinde
2068 749 2258 802 divisa.
2305 746 2388 801 Ob

818 847 959 900 hanc
1007 844 1154 901 enim
1200 857 1421 898 causam
1470 841 1629 896 annis
1676 841 1816 894 luna:
1856 840 2063 894 solares
2097 839 2165 893 ad
2200 839 2386 893 laevam

816 938 1186 1009 adjunximus.
1205 934 1475 989 Hactenus
1491 933 1557 988 de
1575 943 1708 988 rotae
1728 933 1988 988 mediana:
2002 929 2385 999 descriptione.

2490 565 2666 630 πάσης
2699 566 3320 638 ἐννεακαιδεκαετηρίδος
3356 567 3472 632 ἔτος
3503 572 3582 632 είς
3605 570 3634 622 ὃ
3660 569 3702 622 ε’
3731 574 3822 624 καὶ
3848 569 3894 638 ι’,
3917 575 3943 643 ἢ
3965 577 4006 639 ἐξ

2490 658 2582 710 καὶ
2629 663 2680 717 ι’,
2705 659 2898 710 ἐκεῖνοι
2955 657 3050 729 τήν
3079 656 3120 710 δ’
3159 660 3251 711 καὶ
3293 657 3322 711 ι’
3357 659 3673 730 ψηφίζουσι,
3700 663 3887 715 πόστον
3921 661 4012 728 ἔτις’
4108 651 4109 658 “

2488 749 2656 818 ήλίου,
2681 745 2773 803 καὶ
2808 753 2966 814 ποίας
2998 752 3548 824 είκοσιοκταετηρίδος
3583 755 3898 825 καθέστηκε.

2488 839 2592 892 τῶν
2628 841 2790 892 αὐτοῦ
2819 842 3140 912 προσφόρων
3162 842 3434 904 ὲπακτῶν,
3457 843 3564 896 τῶν
3582 845 4009 914 ἐγγεγραμμένων

2489 930 2630 984 κατὰ
2657 933 2746 984 τὸν
2777 929 2819 1001 β’
2848 932 3044 985 κύκλον
3079 931 3170 984 τοῦ
3195 932 3358 984 αὐτοῦ
3387 934 3601 1004 τροχοῦ,
3629 937 3665 1004 ή
3689 935 3787 1004 τῆς
3818 935 4009 1002 ἑϐδομά-
4110 929 4111 984 1

817 1027 907 1088 δος
953 1025 1134 1098 ήμέρα
1182 1023 1506 1094 διαγνωσθῇ,
1534 1025 1675 1077 κατά
1709 1040 1769 1076 τε
1812 1023 1910 1094 τὴν
1946 1021 2260 1093 συμπλοκὴν
2289 1020 2395 1074 τῶν
2421 1021 2515 1085 τοῦ
2561 1023 2714 1094 ήλίου
2766 1023 2916 1087 ἔτους
2971 1024 3241 1088 ἐπακτῶν,
3305 1026 3531 1095 καὶτῆς
3574 1025 3672 1079 τοῦ
3743 1027 4009 1095 Ῥωμαϊκοῦ

821 1117 990 1188 μηνὸς
1032 1118 1313 1183 ποσταίας,
1349 1117 1442 1170 καὶ
1480 1115 1588 1169 τῶν
1632 1117 1740 1169 ἀπὸ
1790 1112 2012 1187 σηρικοῦ
2060 1115 2388 1188 προσθετῶν,
2455 1117 2549 1170 καὶ
2592 1119 2691 1189 τῆς
2725 1121 2804 1182 εἰς
2837 1117 2880 1184 ζ’
2909 1118 3016 1171 τῶν
3057 1119 3458 1191 ἀθροιζομένων
3483 1121 3808 1184 ἀναλύσεως.
3831 1119 4010 1186 Ταύτης

819 1209 928 1280 γάρ
964 1208 1146 1262 ἕνεκεν
1181 1210 1279 1277 τῆς
1307 1207 1482 1269 αίτίας
1506 1210 1618 1270 τοῖς
1649 1206 1750 1275 τῆς
1776 1207 2003 1278 σελήνης
2028 1206 2170 1260 ἔτεσι
2191 1205 2260 1259 τὰ
2283 1203 2376 1257 τοῦ
2407 1206 2557 1285 ήλίου
2596 1209 2959 1279 συνετάξαμεν
2993 1208 3086 1280 ἔτη
3107 1208 3166 1273 ὲξ
3197 1210 3505 1280 εὐωνύμων.
3554 1212 3734 1264 Ταῦτα
3785 1211 3906 1280 περὶ
3935 1210 4008 1278 τῆς

820 1301 880 1354 ὲν
910 1300 987 1371 τῷ
1015 1300 1166 1370 μέσῳ
1188 1299 1374 1371 τροχῷ
1395 1299 1719 1372 διαγραφῆς.

875 1427 878 1429 “
1313 1429 1402 1485 De.
1421 1432 1602 1486 tabula
1648 1433 1883 1487 sinistra.

889 1543 978 1601 ιιι.
1033 1542 1111 1597 Ex
1143 1541 1355 1599 duabus
1382 1542 1652 1609 ~tabellis,
1707 1545 1907 1614 quibus
1949 1545 2203 1615 utrinque
2256 1555 2380 1600 rota

820 1636 1079 1708 stipatur,
1119 1616 1242 1706 q'uze
1271 1634 1338 1690 ad
1363 1634 1647 1691 sinistram
1677 1635 1931 1692 deorsum
1960 1637 2134 1691 tendit
2180 1652 2210 1692 a
2235 1653 2382 1693 sum-

822 1741 931 1792 mo,
959 1726 1062 1781 ista
1093 1728 1374 1781 continet:
1397 1726 1453 1780 in
1484 1725 1660 1795 primo
1689 1741 1850 1782 versu
1879 1737 2086 1797 septem
2117 1737 2246 1784 sunt
2267 1744 2381 1784 em-
2417 1756 2458 1814 Β

821 1821 1011 1877 bolimi
1041 1833 1262 1875 menses
1310 1817 1379 1872 ad
1413 1832 1544 1873 suos
1571 1818 1781 1889 quique
1818 1819 1961 1873 lunae
2003 1834 2177 1875 annos
2216 1820 2385 1875 ascri-

822 1911 936 1982 pti;
972 1911 1027 1965 in
1063 1908 1328 1974 secundo,
1360 1909 1490 1964 anni
1534 1908 1675 1963 lunae
1707 1925 1822 1972 xix,
1861 1911 1954 1980 qui
1985 1925 2094 1964 non
2126 1925 2155 1963 a
2186 1911 2382 1981 primo,

823 2000 920 2056 red
945 2014 978 2053 a
1008 2007 1207 2070 quarto
1236 1999 1508 2070 incipiunt
1540 2013 1719 2068 anno;
1761 2001 1818 2054 in
1846 2001 2028 2066 tertio,
2085 2003 2212 2055 anni
2247 2002 2387 2056 luna:

823 2104 920 2148 xix
947 2105 977 2144 a
1012 2090 1188 2159 primo
1217 2089 1477 2161 deinceps
1502 2089 1698 2146 ordine
1726 2092 2159 2162 progredientes.
2192 2093 2249 2146 ld
2289 2109 2388 2147 au-

822 2190 935 2238 tem
965 2183 1068 2238 hoc
1097 2183 1262 2238 etiam
1300 2183 1423 2237 loco
1452 2190 1738 2253 propterea
1769 2183 1972 2238 factum
1999 2193 2102 2251 est,
2137 2192 2195 2239 ut
2227 2200 2388 2255 quem

822 2275 902 2337 illi
933 2273 1169 2346 primum
1203 2290 1404 2330 annum
1433 2275 1573 2331 lunae
1605 2284 1946 2346 computant,
1994 2277 2082 2332 hic
2115 2277 2258 2348 apud
2289 2292 2389 2332 nos

755 2389 760 2393 ·
821 2382 949 2424 esse
983 2376 1216 2438 quartus
1254 2367 1576 2423 ostendatur
1607 2375 1700 2423 :et
1725 2367 2003 2424 secundus
2036 2370 2282 2440 quintus,
2319 2379 2392 2423 at-

821 2475 929 2530 que
955 2459 1032 2514 ita
1061 2459 1321 2529 deinceps
1355 2474 1529 2531 usque
1558 2460 1625 2516 ad
1667 2475 1870 2516 annum
1912 2479 2022 2516 xix.
2071 2461 2185 2518 Sed
2215 2463 2392 2534 primo

822 2552 946 2607 loco
991 2565 1167 2607 annos
1215 2551 1535 2622 posuimus,
1566 2554 2020 2625 quemadmodum
2066 2571 2096 2608 a
2126 2557 2282 2611 nobis
2305 2571 2393 2612 ec-

823 2643 1134 2704 clesiastica
1183 2645 1396 2700 ratione
1444 2655 1831 2715 computantur
1871 2648 2116 2718 :qui’bus
2172 2648 2389 2702 illorum

823 2735 1035 2792 calculo
1094 2743 1410 2792 numeratos
1457 2738 1834 2807 subjecimus:
1878 2738 2028 2809 quod
2087 2739 2260 2794 nostri
2313 2739 2391 2794 illi

823 2827 936 2881 veri
989 2841 1052 2880 ac
1082 2825 1306 2896 legitimi
1340 2828 1468 2882 sint.
1513 2824 1572 2880 In
1605 2843 1658 2882 ιν
1701 2843 1917 2883 versum
1966 2837 2188 2898 epactas
2224 2844 2394 2883 anno-

824 2933 947 2974 rum
973 2917 1336 2988 conjecimus,
1367 2917 1468 2973 hoc
1517 2926 1601 2973 est
1634 2927 1846 2973 aetatem
1895 2920 2058 2987 lunae,
2093 2936 2213 2990 quae
2251 2935 2405 2991 anno

821 3009 948 3079 ejus
995 3007 1236 3078 quolibet
1276 3005 1862 3063 JanuariisKalendis
1914 3009 2204 3079 competit;
2255 3009 2312 3063 in
2363 3026 2396 3062 v

825 3115 1012 3166 versu,
1045 3107 1254 3170 quartae
1306 3099 1534 3154 decimas
1586 3100 1751 3168 primi
1779 3102 1987 3159 mensis
2020 3099 2392 3155 redundantes
2420 3109 2464 3172 ο

826 3191 969 3257 dies,
995 3200 1088 3246 aut
1130 3191 1392 3262 aequales,
1421 3205 1542 3260 qua:
1591 3197 1721 3245 sunt
1758 3190 1892 3261 ipsa:
1917 3193 2139 3247 decimae
2161 3201 2387 3263 quartae.

829 3283 955 3341 Haec
985 3285 1043 3340 in
1068 3285 1294 3340 sinistra
1330 3283 1516 3338 tabula
1548 3285 1919 3340 continentur.

1080 3418 1159 3474 De
1186 3420 1384 3475 tabella
1409 3435 1525 3490 quia
1556 3417 1624 3474 ad
1653 3418 1893 3474 dextram
1916 3421 2021 3475 sila
2049 3430 2147 3476 est.

907 3527 996 3585 IV.
1037 3529 1170 3595 Qua:
1198 3528 1266 3584 ad
1294 3530 1546 3585 dextrum
1573 3530 1724 3586 lautus
1751 3539 1833 3586 est
1861 3531 2078 3595 tabella,
2107 3531 2162 3586 in
2189 3547 2347 3588 versu
2376 3548 2393 3586 ι

793 3633 796 3636 ‘
831 3635 1007 3676 annos
1049 3621 1191 3675 luna:
1224 3637 1318 3676 xix
1347 3622 1566 3676 exhibet
1607 3622 1860 3678 ineuntes
1889 3638 1920 3676 a
1948 3633 2172 3692 quarto,
2203 3625 2392 3680 eodem

831 3714 996 3785 plane
1045 3711 1228 3776 modo,
1264 3727 1374 3782 quo
1401 3713 1455 3767 in
1502 3712 1724 3769 sinistra
1758 3713 2017 3784 descripti
2053 3723 2180 3770 sunt
2212 3715 2266 3769 in
2296 3731 2397 3771 se—

832 3807 1012 3862 cundo
1054 3822 1241 3871 versu,
1304 3813 1424 3861 uta
1457 3806 1614 3862 nobis
1659 3806 1963 3876 computari
2011 3807 2218 3874 solent;
2268 3808 2322 3861 in
2358 3823 2394 3861 ιι

811 3906 998 3952 ‘versu
1048 3895 1264 3951 illorum
1303 3904 1509 3965 epactaa
1547 3904 1694 3960 sunt,
1731 3897 1846 3952 sive
1891 3896 2032 3962 dies,
2061 3904 2193 3968 quot
2221 3898 2396 3952 eccle-

833 3986 1056 4044 siastico
1101 3988 1312 4043 calculo
1354 3987 1529 4058 pridie
1551 3986 1822 4043 Kalendas
1859 3987 2060 4058 Aprilis
2087 3989 2232 4043 aetati
2260 3989 2400 4043 lunae

832 4079 1074 4151 quolibet
1105 4095 1250 4147 anno
1280 4079 1634 4146 tribuuntur;
1663 4079 1718 4132 in
1754 4094 1816 4133 ιιι
1855 4079 1964 4134 duo
2007 4095 2224 4136 menses
2274 4079 2400 4135 Ro-

819 4172 983 4260 ιωτιηὶ
1016 4179 1167 4235 sunt,
1217 4169 1444 4225 Martius
1475 4179 1528 4226 et
1577 4169 1824 4239 Aprilis;
1871 4171 1926 4223 in
1968 4185 2020 4223 IV
2061 4185 2220 4226 versu
2250 4186 2401 4225 men-

835 4257 978 4312 sium
1005 4255 1319 4311 eorumdem
1348 4254 1486 4323 dies,
1528 4255 1585 4309 in
1619 4269 1760 4324 quos
1788 4253 1997 4308 decima
2020 4263 2213 4324 quarta
2237 4255 2397 4324 primi

835 4345 1049 4402 Judaici
1086 4346 1293 4403 mensis
1315 4329 1571 4410 incurrit,
1593 4344 1707 4400 sive
1731 4343 1940 4399 Pascha
1964 4345 2108 4416 quod
2139 4346 2214 4400 illi
2243 4355 2399 4416 quot-

2730 1429 2863 1496 Περὶ
2905 1428 3008 1482 τοῦ
3040 1428 3108 1492 ἐξ
3138 1429 3455 1497 εὐωνύμων
3493 1431 3791 1484 κανονίου.

2557 1542 2629 1596 Γ¹.
2671 1542 2749 1594 Τά
2769 1542 2825 1595 δὲ
2855 1541 3188 1613 ἑκατέρωθεν
3217 1542 3310 1594 δύο
3341 1541 3576 1607 κανόνια,
3608 1543 3666 1595 τὸ
3698 1545 3792 1615 μὲν
3821 1545 3877 1610 ἐξ
3899 1549 4008 1601 εὐω-

2487 1634 2668 1706 νύμων
2713 1634 2913 1688 ἄνωθεν
2962 1636 3053 1686 ἐπὶ
3105 1633 3172 1686 τὰ
3217 1634 3364 1687 κάτω
3415 1636 3729 1706 φερόμενον,
3784 1638 4009 1709 κέκτηται

2483 1726 2608 1779 τάδε
2629 1742 2642 1755 ο
2678 1727 2735 1778 ὲν
2767 1725 2844 1796 τῷ
2883 1732 2929 1779 α’
2976 1726 3173 1795 στίχῳ’
3206 1725 3332 1788 τοὺς
3360 1723 3402 1788 ζ’
3426 1727 3746 1797 ἐμϐολίμους
3781 1729 3943 1798 μῆνας
3967 1733 4009 1782 ἐν

2485 1822 2595 1882 τοῖς
2648 1820 2975 1888 προσήκουσι
3024 1818 3123 1886 τῆς
3175 1819 3397 1888 σελήνης
3435 1818 3579 1872 ἔτεσι
3636 1824 4008 1892 κατατεταγμέ-

2487 1924 2640 1972 νους·
2697 1908 2752 1958 ἑν
2797 1906 2875 1976 τῷ
2925 1905 2969 1976 β’
3004 1906 3167 1976 στίχῳ
3206 1907 3275 1960 τὰ
3303 1905 3367 1959 ιϐ’
3399 1908 3494 1976 τῆς
3523 1909 3744 1980 σελήνης
3777 1911 3889 1981 ἔτη,
3934 1913 4010 1962 οὐκ

2489 1995 2597 2050 ἀπὸ
2633 1993 2848 2066 πρώτου
2880 1995 3050 2057 ἔτους,
3103 1995 3216 2048 ἀλλ’
3241 1995 3348 2048 ἀπὸ
3387 1995 3427 2046 δ’
3451 1997 3549 2067 τὴν
3580 1999 3746 2068 ἀρχὴν
3774 1999 4008 2068 λαχόνταο

2489 2089 2546 2140 ὲν
2577 2085 2653 2156 τῷ
2687 2093 2734 2153 γ’
2775 2085 2944 2155 στίχῳ
2981 2086 3048 2138 τά
3081 2085 3144 2138 ιθ¹
3171 2087 3268 2157 τῆς
3298 2087 3524 2156 σελήνης
3549 2087 3662 2158 ἐτη,
3697 2090 3801 2142 ἀπὸ
3828 2090 4011 2160 :pdrruu

2489 2184 2640 2246 ἔτους
2685 2183 2804 2236 καθ’
2853 2182 3042 2252 εἱρμὸν
3087 2183 3413 2252 τεταγμένα.
3467 2183 3634 2235 Τοῦτο
3667 2184 3721 2236 δὲ
3766 2184 4011 2239 κάνταῦθι

2490 2275 2728 2342 γέγονεν,
2768 2275 2853 2326 ἵνα
2899 2274 2960 2325 τὸ
3007 2276 3136 2343 παρ’
3174 2274 3399 2335 ἐκείνοις
3443 2273 3802 2344 ψηφιζόμενον
3831 2278 4014 2348 πρῶτον

2489 2367 2585 2434 τῆς
2614 2364 2839 2435 σελήνης
2871 2365 2985 2427 ἔτος
3016 2364 3225 2435 δηλωθῇ
3272 2363 3311 2416 δ’
3343 2365 3399 2417 ὃν
3425 2369 3551 2436 παρ’
3575 2368 3725 2437 ήμῖν,
3759 2369 3850 2421 καὶ
3879 2370 3933 2421 τὸ
3963 2370 4015 2438 β,

2491 2463 2550 2521 ε’,
2582 2455 2674 2508 καὶ
2717 2455 2887 2518 οὕτως
2932 2458 2987 2507 ὲν
3039 2457 3148 2518 τοῖς
3195 2455 3425 2525 καθεξῆς
3454 2459 3577 2529 ἄχρι
3620 2459 3710 2511 τοῦ
3759 2461 3821 2513 ιϐ’
3870 2463 4016 2523 ἔτους.

2491 2550 2876 2622 Προετΐιγησαν
2921 2547 2977 2601 δὲ
3009 2547 3168 2600 πάλιν
3213 2548 3318 2601 τῶν
3362 2551 3588 2615 ἐκείνοις
3637 2552 4019 2624 ἀριθμουμένων
4117 2547 4119 2610 1

2490 2643 2557 2694 τά
2580 2642 2708 2711 παρ’
2744 2643 2894 2711 ἡμῖν,
2928 2641 3066 2693 κατὰ
3092 2641 3190 2712 τήν
3216 2639 3670 2714 ὲκκλησιαστικὴν
3697 2645 4019 2716 ἐξαρίθμησιν

2490 2732 2849 2803 ψηφιζόμενα,
2888 2732 2975 2785 διὰ
3012 2732 3108 2804 τὴν
3158 2735 3214 2785 ἐν
3261 2733 3465 2798 τούτοις
3505 2735 3772 2808 ἀλήθειαν.
3837 2740 3921 2792 Ἕν
3959 2738 4020 2808 τῷ

2491 2827 2531 2878 δ’
2573 2827 2734 2895 στίχῳ
2778 2825 2874 2888 τὰς
2907 2826 3013 2877 τῶν
3045 2824 3178 2878 ἐτῶν
3222 2825 3484 2890 ὲπακτάς,
3531 2829 3694 2898 ήγουν
3725 2830 3943 2900 ήμέρας,
3969 2830 4021 2891 ‘a;

2492 2916 2634 2985 ἔχειν
2686 2918 2791 2968 πᾶν
2845 2915 2962 2978 ἔτος
2996 2915 3221 2987 σελήνης
3265 2915 3578 2985 ψηφίςουσι,
3611 2919 3744 2970 κατά
3772 2920 3869 2989 τὴν
3898 2920 4021 2988 πρώ-

2493 3023 2593 3077 την
2625 3005 2716 3058 τοῦ
2757 3006 3082 3077 Ἰανουαρίου
3117 3007 3301 3076 μηνός·
3329 3009 3384 3059 ὲν
3412 3007 3488 3077 τῷ
3516 3015 3554 3060 ε’
3597 3009 3756 3078 στίχῳ
3784 3009 3881 3072 τὰς
3906 3009 4023 3061 κατά

2492 3099 2592 3170 τὴν
2613 3099 3207 3169 τεσσαρεσκαιδεκάτην
3232 3098 3323 3151 τοῦ
3351 3093 3564 3170 πρώτου
3592 3101 3753 3171 μηνὸς
3772 3101 4021 3173 περιττάς,

2493 3188 2526 3259 ἢ
2561 3189 2655 3241 καὶ
2695 3187 2832 3252 ἴσας,
2869 3185 2978 3241 οἷον
3011 3188 3178 3251 αὐτάς
3203 3188 3344 3256 λέγω
3383 3188 3482 3252 τάς
3532 3189 3608 3242 ιδ’.
3647 3190 3823 3244 Ταῦτα
3855 3190 3946 3261 μὲν
3976 3189 4023 3242 τδ

2494 3271 2554 3344 ἒξ
2579 3280 2894 3351 εὐωνύμων.

2797 3418 2934 3485 Περὶ
2965 3417 3070 3470 τοῦ
3098 3417 3165 3470 ἐκ
3199 3415 3411 3482 δεξιῶν
3440 3419 3740 3472 κανονίου.

2565 3530 2636 3584 Δ’.
2677 3529 2838 3582 mea
2867 3531 2930 3581 ὲκ
2961 3529 3148 3594 δεξιῶν
3187 3531 3246 3582 ὲν
3276 3529 3354 3600 τῷ
3381 3536 3428 3581 α’
3465 3529 3633 3604 στίχῳ
3675 3529 3740 3582 τὰ
3771 3527 3831 3580 ιϐε
3857 3529 4025 3596 κέκτη-

2495 3639 2583 3674 ται
2625 3621 2721 3692 τῆς
2774 3621 2998 3693 σελήνης
3044 3622 3158 3690 ἐτη,
3205 3621 3313 3674 άπὸ
3344 3620 3386 3673 δ’
3423 3619 3574 3683 ἔτους
3619 3620 3715 3690 τὴν
3748 3619 3911 3690 ἀρχὴν
3945 3618 4024 3668 la-

2498 3713 2678 3776 δόντα,
2712 3712 2847 3783 πρὸς
2876 3709 2973 3782 τήν
3017 3713 3185 3782 αὐτὴν
3222 3712 3314 3764 καὶ
3361 3712 3482 3782 ίσην
3515 3712 3794 3782 ἐγγραφὴν
3833 3711 3935 3763 τῶν
3977 3707 4024 3770 ἐξ

2497 3805 2789 3876 εὐωνύμων
2847 3805 3192 3875 τεταγμένων
3251 3807 3310 3858 ὲν
3357 3805 3434 3875 τῷ
3488 3803 3528 3874 β’
3561 3805 3756 3874 στίχῳ,-
3801 3803 3895 3855 καὶ
3923 3801 4021 3852 καθ’

2497 3897 2642 3966 ἡμᾶς
2668 3895 3047 3966 ψηφιζομένων
3075 3893 3210 3948 ἐτῶν
3231 3911 3244 3925 ·
3282 3897 3338 3948 ὲν
3380 3894 3458 3965 τῷ
3487 3895 3530 3965 β’
3562 3894 3727 3965 στίχῳ
3753 3893 3849 3956 τὰς
3874 3890 4022 3946 αὐτῶν

2499 3987 2756 4051 ὲπακτάς,
2790 3988 2954 4056 ήγουν
3001 3987 3232 4058 ἡμέρας,
3279 3985 3345 4049 ἃς
3377 3985 3498 4056 ἕχον
3527 3988 3635 4038 πᾶν
3664 3984 3782 4046 ἔτος
3807 3982 4021 4053 εὑρίσκε-

2452 4145 2457 4149 η
2499 4095 2590 4130 ται
2621 4077 2762 4130 κατὰ
2787 4078 2885 4147 τὴν
2913 4077 3364 4148 ἐκκλησιαστικὴν
3409 4078 3587 4146 ψῆφον
3629 4078 3708 4138 είς
3758 4075 3853 4144 τήν
3893 4089 4020 4143 τρια-

2501 4166 2636 4218 κάδα
2683 4173 2729 4218 α’
2767 4166 2858 4219 τοῦ
2903 4165 3148 4237 Μαρτίου
3188 4167 3384 4236 μηνός’
3421 4167 3479 4216 ἐν
3524 4164 3601 4234 τῷ
3629 4171 3676 4231 γ’
3719 4163 3882 4232 στίχῳ
3921 4163 4024 4222 τοὺς

2501 4256 2592 4310 δύο
2636 4258 2972 4328 Ῥωμαῖκοὺς
3012 4259 3201 4327 μῆνας,
3246 4257 3490 4326 Μάρτιον
3525 4256 3618 4307 καὶ
3662 4255 3948 4324 Ἀπρίλιον·
3977 4251 4022 4302 ἐν

2501 4349 2580 4419 τῷ
2605 4348 2644 4400 δ’
2677 4349 2842 4418 στίχῳ
2875 4349 2974 4412 τὰς
3002 4347 3178 4401 αὐτῶν
3205 4355 3312 4399 τῶν
3344 4346 3528 4417 μηνῶν
3561 4345 3837 4409 ποσταίαις,
3865 4347 3918 4397 ὲν
3955 4336 4022 4401 αἷς

762 4450 772 4458 ·
837 4437 996 4493 annis
1036 4437 1350 4506 celebrant;
1374 4438 1430 4492 in
1459 4454 1490 4492 v
1521 4438 1795 4508 regulares
1824 4438 1992 4493 rubro
2034 4438 2217 4493 colore
2241 4438 2393 4508 picti.

2504 4442 2736 4510 συναντᾷ
2781 4441 2993 4504 πάντως
3032 4441 3065 4510 ή
3123 4439 3162 4492 δ(
3210 4441 3304 4492 καὶ
3347 4446 3376 4491 ι’
3407 4439 3500 4492 τοῦ
3540 4438 3758 4510 πρώτου
3797 4437 3910 4490 καθ’
3955 4435 4022 4487 Ἐ-

837 4529 962 4586 Haec
993 4530 1048 4585 in
1100 4531 1269 4586 altera
1322 4528 1522 4585 tabella
1564 4530 1931 4600 reperiuntur.
1988 4529 2082 4586 Est
2131 4540 2309 4585 autem
2343 4529 2398 4586 in

838 4625 942 4680 hac
963 4623 1154 4680 dextra
1186 4623 1381 4682 tabella
1411 4621 1692 4678 Paschalis
1716 4623 2012 4693 inscriptus
2062 4637 2258 4688 canon,
2300 4639 2394 4678 cu-

832 4713 930 4782 jus
959 4727 988 4766 a
1024 4711 1184 4767 nobis
1220 4721 1302 4768 est
1338 4712 1587 4783 proxime
1632 4711 1902 4769 declarata
1934 4715 2093 4778 ratio,
2126 4721 2184 4768 ut
2236 4714 2400 4784 hujus

836 4818 940 4876 ope
978 4818 1179 4858 annum
1209 4804 1503 4874 quemlibet
1531 4803 1692 4869 lunae,
1727 4811 1890 4874 prout
1919 4805 1988 4858 ab
2014 4805 2123 4860 illis
2153 4812 2395 4875 putatur,

838 4905 1000 4967 atque
1051 4897 1106 4951 in
1140 4895 1376 4951 secunda
1410 4896 1593 4950 tabula
1629 4896 1950 4966 pmponitur
1977 4911 2008 4949 a
2036 4897 2218 4962 nobis,
2265 4912 2397 4952 nec-

840 5004 948 5044 non
983 4987 1036 5042 in
1071 4988 1355 5058 interjecta
1385 4993 1525 5050 rota,
1546 4986 1771 5057 ejusque
1799 4986 2020 5041 circulis
2045 4987 2312 5057 quinque;
2341 4995 2400 5041 ut

840 5083 1007 5143 hunc,
1057 5080 1303 5150 inquam,
1341 5093 1567 5144 annum,
1598 5093 1707 5147 quo
1746 5095 1834 5132 xiv
1858 5076 2139 5133 Paschalis
2177 5079 2396 5133 illorum

842 5173 1055 5227 calculo
1087 5177 1171 5225 est
1192 5187 1282 5236 xv,
1327 5170 1412 5225 vel
1445 5186 1531 5226 xv:
1553 5209 1568 5234 ,
1615 5169 1707 5240 qui
1738 5171 1881 5227 volet
1906 5171 2149 5226 invenire
2201 5171 2393 5238 possit,

837 5274 892 5318 et
923 5271 1115 5319 exacte
1147 5263 1428 5319 subductis
1476 5262 1702 5318 calculis
1741 5265 1971 5334 probare
2022 5273 2200 5319 utrum
2233 5266 2308 5320 ita
2339 5281 2398 5321 se

839 5368 928 5407 res
961 5353 1177 5418 habeat,
1210 5353 1291 5407 uti
1322 5353 1692 5423 disputatione
1730 5362 1918 5409 nostra
1947 5355 2255 5411 docuimus.

2501 4533 2722 4604 δραίους
2779 4532 2963 4602 μηνὸς,
2999 4519 3162 4601 ήγουν
3193 4532 3252 4584 τὸ
3288 4531 3406 4585 κατ’
3445 4532 3641 4593 αὐτοὺς
3686 4530 3892 4599 Πάσχα,
3927 4525 4025 4579 καθ’

2501 4624 2727 4676 ἕκαστον
2785 4623 2932 4686 ἔτοςο
2998 4625 3056 4677 ὲν
3086 4622 3163 4694 τῷ
3207 4629 3248 4674 ε’
3307 4622 3472 4693 στίχῳ
3519 4625 3616 4684 τὰς
3670 4622 3778 4675 ἀπὸ
3832 4618 4023 4692 σηρικοῦ

2502 4713 2817 4785 προσθετάς.
2855 4713 3037 4768 Ταῦτα
3064 4717 3166 4768 κάν
3203 4713 3280 4784 τῷ
3311 4713 3484 4783 δεξιῷ.
3519 4715 3794 4785 Διεγράφη
3834 4713 3887 4766 δὲ
3913 4711 4026 4766 κατὰ

2501 4804 2617 4856 τόδε
2651 4803 2711 4856 τὸ
2741 4803 2910 4868 δεξιὸν
2955 4804 3116 4876 μέρος
3161 4804 3223 4856 τὸ
3253 4803 3347 4855 τοῦ
3385 4803 3576 4873 Πάσχα
3617 4807 3880 4866 κανόνιον,
3925 4800 4026 4871 περὶ

2502 4885 2562 4946 οὐ
2586 4894 2684 4964 τὴν
2717 4887 2972 4963 ἐξήγησιν
2998 4894 3198 4964 ἀρτίως
3233 4895 3640 4964 πεποιήκαμεν⁹
3678 4895 3744 4946 ἵν’
3777 4896 3840 4947 ὲκ
3872 4893 4024 4945 τούτου

2505 4987 2610 5037 πᾶν
2647 4985 2764 5049 ἔτος
2801 4987 3024 5057 σελήνης
3053 4987 3142 5040 ὑπ’
3169 4986 3389 5039 ἐκείνων
3430 4985 3526 5055 μὲν
3560 4985 3936 5057 ψηφιζόμενον,
3959 4984 4026 5032 ὲν-

2504 5080 2664 5146 ταγὲν
2705 5080 2759 5130 δὲ
2801 5079 2892 5133 νῦν
2927 5081 3013 5148 ὐφ’
3046 5078 3200 5150 ήμῶν
3229 5077 3285 5129 ἐν
3331 5095 3391 5130 τε
3423 5079 3500 5148 τῷ
3531 5078 3796 5148 εὐωνύμῳ
3833 5076 4026 5142 κανονίῳ

2505 5173 2596 5223 καὶ
2625 5171 2701 5240 τῷ
2734 5171 2880 5242 μέσῳ
2910 5171 3084 5242 τροχῷ
3113 5171 3253 5224 κατὰ
3298 5171 3393 5233 τὰς
3423 5171 3567 5223 ἔνδον
3593 5168 3758 5231 οὖσας
3800 5175 3839 5222 ε’
3884 5168 4026 5233 ζώνας

2505 5262 2584 5324 είς
2611 5261 2639 5313 ὃ
2663 5269 2702 5313 ε’
2730 5263 2823 5315 καὶ
2855 5269 2904 5324 ι’,
2932 5263 2964 5331 ἢ
2997 5269 3047 5326 ς’
3070 5262 3162 5314 καὶ
3190 5261 3219 5313 ι’
3255 5261 3352 5330 τὴν
3381 5260 3672 5332 εἰρημένην
3703 5261 3745 5313 δ’
3781 5262 3872 5314 xal.
3901 5268 3927 5313 ι’
3948 5260 4028 5329 ψη-

2505 5355 2766 5425 φίζουσιν,
2827 5356 2962 5428 εὕρῃ
3019 5357 3124 5420 πᾶς
3171 5357 3200 5409 ὁ
3258 5356 3605 5428 βουλόμενος,
3651 5358 3744 5408 καὶ
3795 5357 4026 5426 δοκιμάσῖ⁵

841 5444 995 5498 τοῦτο
1024 5444 1087 5497 δι’
1109 5443 1390 5518 ἀκριϐείας
1416 5444 1684 5514 ψηφίζων,
1715 5446 1959 5535 εξούτως
1990 5448 2100 5517 ἔχοι
2125 5447 2305 5510 καθὼς
2323 5446 2399 5518 τῷ
2431 5447 2571 5517 λόγῳ
2601 5445 3023 5516 διεστειλάμεθα.

1074 5575 1477 5632 υσηιοηιιναειιν
1512 5580 1744 5660 exempto
1785 5582 1902 5650 quis
1931 5583 2002 5636 sit
2040 5599 2166 5637 usus

1505 5665 1749 5705 canonis.

917 5753 980 5811 ν.
1021 5756 1128 5828 Age
1158 5773 1284 5812 vero
1315 5766 1439 5814 ante
1482 5765 1663 5820 omnia
1693 5765 1795 5821 hoc
1826 5766 2001 5838 ipsum
2032 5766 2314 5835 iaciamus,
2347 5777 2400 5823 et

2520 5584 2836 5651 Ὑπόδειξίς
2867 5583 2971 5637 τοῦ
3016 5584 3254 5651 τρόπου,
3287 5583 3412 5636 καθ’
3439 5581 3510 5635 ὅν
3553 5599 3644 5648 τις
3682 5551 4025 5653 ήκεχρημένίές

2578 5655 2798 5708 εἵσεται
2822 5656 2892 5708 τὰ
2918 5654 2987 5707 ἐν
3008 5653 3152 5720 τῷδε
3178 5653 3254 5719 τῷ
3282 5655 3538 5719 κακον-ίῳ
3572 5652 4024 5724 διαγεπρομμέτιι.

2511 5783 2518 5789 ·
2582 5770 2652 5823 E'.
2698 5770 2804 5822 Καὶ
2835 5769 2938 5840 πρό
2964 5785 3026 5836 γε
3053 5769 3159 5823 τῶν
3184 5767 3354 5822 ἄλλων
3389 5768 3546 5838 ἡμεῖς
3565 5767 3731 5836 τοῦτο
3760 5769 4026 5836 ποιήσωμεν
