  <div class='ocr_page' id='page_1' title='image "/cluster/home/n/w/nwhite01/storage/ocr_20150623/19/pst.000005712045/646.png"; bbox 0 0 4124 6320; ppageno 0'>
   <div class='ocr_carea' id='block_1_1' title="bbox 242 427 377 486">
    <p class='ocr_par' dir='ltr' id='par_1_1' title="bbox 242 427 377 486">
     <span class='ocr_line' id='line_1_1' title="bbox 242 427 377 486; baseline 0.022 -3"><span class='ocrx_word' id='word_1_1' title='bbox 242 427 377 486; x_wconf 68' lang='lat'>{261</span> 
     </span>
    </p>
   </div>
   <div class='ocr_carea' id='block_1_2' title="bbox 1029 426 2630 483">
    <p class='ocr_par' dir='ltr' id='par_1_2' title="bbox 1029 426 2630 483">
     <span class='ocr_line' id='line_1_2' title="bbox 1029 426 2630 483; baseline -0.001 -2"><span class='ocrx_word' id='word_1_2' title='bbox 1029 429 1083 483; x_wconf 91' lang='lat' dir='ltr'><strong>S.</strong></span> <span class='ocrx_word' id='word_1_3' title='bbox 1125 427 1367 482; x_wconf 78' lang='lat' dir='ltr'>MAXlMl</span> <span class='ocrx_word' id='word_1_4' title='bbox 1406 426 1756 480; x_wconf 60' lang='lat' dir='ltr'>MARTXRIS</span> <span class='ocrx_word' id='word_1_5' title='bbox 1782 426 2163 482; x_wconf 66' lang='lat' dir='ltr'>GOMPUTUS</span> <span class='ocrx_word' id='word_1_6' title='bbox 2202 426 2630 482; x_wconf 82' lang='lat' dir='ltr'>ECCLESIAST.</span> 
     </span>
    </p>
   </div>
   <div class='ocr_carea' id='block_1_3' title="bbox 3274 432 3409 485">
    <p class='ocr_par' dir='ltr' id='par_1_3' title="bbox 3274 432 3409 485">
     <span class='ocr_line' id='line_1_3' title="bbox 3274 432 3409 485; baseline 0 0"><span class='ocrx_word' id='word_1_7' title='bbox 3274 432 3409 485; x_wconf 65' lang='grc' dir='ltr'>ηδε</span> 
     </span>
    </p>
   </div>
   <div class='ocr_carea' id='block_1_4' title="bbox 240 543 1794 617">
    <p class='ocr_par' dir='ltr' id='par_1_4' title="bbox 240 543 1787 613">
     <span class='ocr_line' id='line_1_4' title="bbox 240 543 1787 613; baseline -0.002 -16"><span class='ocrx_word' id='word_1_8' title='bbox 240 547 321 607; x_wconf 79' lang='grc' dir='ltr'>εἰς</span> <span class='ocrx_word' id='word_1_9' title='bbox 350 545 610 609; x_wconf 83' lang='grc' dir='ltr'>ύπόδειξιν</span> <span class='ocrx_word' id='word_1_10' title='bbox 644 546 745 597; x_wconf 89' lang='grc' dir='ltr'>τῶν</span> <span class='ocrx_word' id='word_1_11' title='bbox 784 543 1229 613; x_wconf 81' lang='grc' dir='ltr'>ὲντυγχανόντων,</span> <span class='ocrx_word' id='word_1_12' title='bbox 1284 546 1342 596; x_wconf 86' lang='grc' dir='ltr'>τὸ</span> <span class='ocrx_word' id='word_1_13' title='bbox 1394 546 1519 613; x_wconf 81' lang='grc' dir='ltr'>παρ’</span> <span class='ocrx_word' id='word_1_14' title='bbox 1564 543 1787 605; x_wconf 82' lang='grc' dir='ltr'>ἐκείνοις</span> 
     </span>
    </p>
   </div>
   <div class='ocr_carea' id='block_1_5' title="bbox 1879 543 3419 617">
    <p class='ocr_par' dir='ltr' id='par_1_5' title="bbox 1886 543 3419 617">
     <span class='ocr_line' id='line_1_5' title="bbox 1886 543 3419 617; baseline 0.004 -20"><span class='ocrx_word' id='word_1_15' title='bbox 1886 555 2108 598; x_wconf 70' lang='lat' dir='ltr'><strong>crcteros</strong></span> <span class='ocrx_word' id='word_1_16' title='bbox 2140 543 2383 612; x_wconf 84' lang='lat' dir='ltr'><strong>exemplo</strong></span> <span class='ocrx_word' id='word_1_17' title='bbox 2415 543 2724 608; x_wconf 84' lang='lat' dir='ltr'>doceamus,</span> <span class='ocrx_word' id='word_1_18' title='bbox 2764 546 3037 613; x_wconf 88' lang='lat' dir='ltr'><strong>proposito</strong></span> <span class='ocrx_word' id='word_1_19' title='bbox 3068 561 3304 601; x_wconf 25' lang='lat' dir='ltr'><strong>anno‘eo</strong></span> <span class='ocrx_word' id='word_1_20' title='bbox 3331 551 3419 617; x_wconf 90' lang='lat' dir='ltr'>qui</span> 
     </span>
    </p>
   </div>
   <div class='ocr_carea' id='block_1_6' title="bbox 237 634 1783 706">
    <p class='ocr_par' dir='ltr' id='par_1_6' title="bbox 237 634 1783 706">
     <span class='ocr_line' id='line_1_6' title="bbox 237 634 1783 706; baseline -0.002 -19"><span class='ocrx_word' id='word_1_21' title='bbox 237 635 302 698; x_wconf 79' lang='grc' dir='ltr'>ἒξ</span> <span class='ocrx_word' id='word_1_22' title='bbox 335 637 425 687; x_wconf 71' lang='grc' dir='ltr'>καὶ</span> <span class='ocrx_word' id='word_1_23' title='bbox 471 634 497 687; x_wconf 85' lang='grc' dir='ltr'>ι’</span> <span class='ocrx_word' id='word_1_24' title='bbox 525 637 623 705; x_wconf 83' lang='grc' dir='ltr'>τῆς</span> <span class='ocrx_word' id='word_1_25' title='bbox 662 637 886 706; x_wconf 80' lang='grc' dir='ltr'>σελήνης</span> <span class='ocrx_word' id='word_1_26' title='bbox 918 637 1054 698; x_wconf 74' lang='grc' dir='ltr'>ἔτος,</span> <span class='ocrx_word' id='word_1_27' title='bbox 1088 638 1214 704; x_wconf 87' lang='grc' dir='ltr'>ἡμῖν</span> <span class='ocrx_word' id='word_1_28' title='bbox 1251 636 1307 688; x_wconf 77' lang='grc' dir='ltr'>δὲ</span> <span class='ocrx_word' id='word_1_29' title='bbox 1346 634 1707 704; x_wconf 63' lang='grc' dir='ltr'>ψηφιζόμενοι)</span> <span class='ocrx_word' id='word_1_30' title='bbox 1740 634 1783 685; x_wconf 84' lang='grc' dir='ltr'>θ’</span> 
     </span>
    </p>
   </div>
   <div class='ocr_carea' id='block_1_7' title="bbox 236 724 1783 796">
    <p class='ocr_par' dir='ltr' id='par_1_7' title="bbox 236 724 1783 796">
     <span class='ocr_line' id='line_1_7' title="bbox 236 724 1783 796; baseline 0.001 -20"><span class='ocrx_word' id='word_1_31' title='bbox 236 727 333 777; x_wconf 79' lang='grc' dir='ltr'>καὶ</span> <span class='ocrx_word' id='word_1_32' title='bbox 365 734 413 789; x_wconf 85' lang='grc' dir='ltr'>ι’,</span> <span class='ocrx_word' id='word_1_33' title='bbox 448 728 525 788; x_wconf 86' lang='grc' dir='ltr'>είς</span> <span class='ocrx_word' id='word_1_34' title='bbox 575 727 733 795; x_wconf 82' lang='grc' dir='ltr'>μέσον</span> <span class='ocrx_word' id='word_1_35' title='bbox 772 726 1075 796; x_wconf 80' lang='grc' dir='ltr'>προθέντες.</span> <span class='ocrx_word' id='word_1_36' title='bbox 1116 727 1207 788; x_wconf 87' lang='grc' dir='ltr'>Εἰς</span> <span class='ocrx_word' id='word_1_37' title='bbox 1235 724 1388 778; x_wconf 72' lang='grc' dir='ltr'>τοῦτο</span> <span class='ocrx_word' id='word_1_38' title='bbox 1416 726 1523 795; x_wconf 77' lang='grc' dir='ltr'>γὰρ</span> <span class='ocrx_word' id='word_1_39' title='bbox 1566 724 1623 777; x_wconf 83' lang='grc' dir='ltr'>τὸ</span> <span class='ocrx_word' id='word_1_40' title='bbox 1669 724 1783 787; x_wconf 79' lang='grc' dir='ltr'>ἔτος</span> 
     </span>
    </p>
   </div>
   <div class='ocr_carea' id='block_1_8' title="bbox 236 816 1783 889">
    <p class='ocr_par' dir='ltr' id='par_1_8' title="bbox 236 816 1783 889">
     <span class='ocr_line' id='line_1_8' title="bbox 236 816 1783 889; baseline 0.002 -22"><span class='ocrx_word' id='word_1_41' title='bbox 236 816 701 886; x_wconf 76' lang='grc' dir='ltr'>ἑπτακαιδεκάτην</span> <span class='ocrx_word' id='word_1_42' title='bbox 738 817 828 871; x_wconf 76' lang='grc' dir='ltr'>τοῦ</span> <span class='ocrx_word' id='word_1_43' title='bbox 870 820 1007 871; x_wconf 79' lang='grc' dir='ltr'>κατὰ</span> <span class='ocrx_word' id='word_1_44' title='bbox 1048 818 1339 887; x_wconf 82' lang='grc' dir='ltr'>Ῥωμαίους</span> <span class='ocrx_word' id='word_1_45' title='bbox 1378 818 1646 889; x_wconf 84' lang='grc' dir='ltr'>Ἀπριλίου</span> <span class='ocrx_word' id='word_1_46' title='bbox 1677 834 1783 888; x_wconf 88' lang='grc' dir='ltr'>μη-</span> 
     </span>
    </p>
   </div>
   <div class='ocr_carea' id='block_1_9' title="bbox 234 911 1783 983">
    <p class='ocr_par' dir='ltr' id='par_1_9' title="bbox 234 911 1783 983">
     <span class='ocr_line' id='line_1_9' title="bbox 234 911 1783 983; baseline 0.004 -22"><span class='ocrx_word' id='word_1_47' title='bbox 234 911 326 972; x_wconf 78' lang='grc' dir='ltr'>νὸς</span> <span class='ocrx_word' id='word_1_48' title='bbox 372 912 455 963; x_wconf 70' lang='grc' dir='ltr'>ἀεὶ</span> <span class='ocrx_word' id='word_1_49' title='bbox 500 912 589 964; x_wconf 76' lang='grc' dir='ltr'>καὶ</span> <span class='ocrx_word' id='word_1_50' title='bbox 634 912 844 974; x_wconf 87' lang='grc' dir='ltr'>πάντως</span> <span class='ocrx_word' id='word_1_51' title='bbox 889 915 921 983; x_wconf 82' lang='grc' dir='ltr'>ἡ</span> <span class='ocrx_word' id='word_1_52' title='bbox 970 913 1009 964; x_wconf 87' lang='grc' dir='ltr'>δ’</span> <span class='ocrx_word' id='word_1_53' title='bbox 1052 914 1144 965; x_wconf 76' lang='grc' dir='ltr'>καὶ</span> <span class='ocrx_word' id='word_1_54' title='bbox 1198 920 1228 963; x_wconf 86' lang='grc' dir='ltr'>ι’</span> <span class='ocrx_word' id='word_1_55' title='bbox 1281 913 1464 965; x_wconf 80' lang='grc' dir='ltr'>πίπτει</span> <span class='ocrx_word' id='word_1_56' title='bbox 1516 913 1608 964; x_wconf 78' lang='grc' dir='ltr'>τοῦ</span> <span class='ocrx_word' id='word_1_57' title='bbox 1663 915 1783 967; x_wconf 86' lang='grc' dir='ltr'>καθ’</span> 
     </span>
    </p>
   </div>
   <div class='ocr_carea' id='block_1_10' title="bbox 246 1000 1783 1082">
    <p class='ocr_par' dir='ltr' id='par_1_10' title="bbox 246 1000 1783 1082">
     <span class='ocr_line' id='line_1_10' title="bbox 246 1000 1783 1082; baseline 0.003 -29"><span class='ocrx_word' id='word_1_58' title='bbox 246 1000 527 1071; x_wconf 80' lang='grc' dir='ltr'>Ἐϐραίους</span> <span class='ocrx_word' id='word_1_59' title='bbox 578 1002 791 1073; x_wconf 84' lang='grc' dir='ltr'>πρώτου</span> <span class='ocrx_word' id='word_1_60' title='bbox 835 1005 1018 1073; x_wconf 88' lang='grc' dir='ltr'>μηνός.</span> <span class='ocrx_word' id='word_1_61' title='bbox 1060 1003 1157 1055; x_wconf 84' lang='grc' dir='ltr'>Διὰ</span> <span class='ocrx_word' id='word_1_62' title='bbox 1188 1004 1342 1055; x_wconf 82' lang='grc' dir='ltr'>τοῦτο</span> <span class='ocrx_word' id='word_1_63' title='bbox 1374 1004 1476 1082; x_wconf 54' lang='grc' dir='ltr'>γᾴρ</span> <span class='ocrx_word' id='word_1_64' title='bbox 1506 1005 1596 1057; x_wconf 75' lang='grc' dir='ltr'>καὶ</span> <span class='ocrx_word' id='word_1_65' title='bbox 1624 1007 1679 1057; x_wconf 81' lang='grc' dir='ltr'>ἐν</span> <span class='ocrx_word' id='word_1_66' title='bbox 1708 1007 1783 1076; x_wconf 83' lang='grc' dir='ltr'>τῷ</span> 
     </span>
    </p>
   </div>
   <div class='ocr_carea' id='block_1_11' title="bbox 230 1090 1782 1164">
    <p class='ocr_par' dir='ltr' id='par_1_11' title="bbox 230 1090 1782 1164">
     <span class='ocr_line' id='line_1_11' title="bbox 230 1090 1782 1164; baseline 0.004 -24"><span class='ocrx_word' id='word_1_67' title='bbox 230 1090 393 1159; x_wconf 81' lang='grc' dir='ltr'>δεξιῷ</span> <span class='ocrx_word' id='word_1_68' title='bbox 421 1092 644 1161; x_wconf 85' lang='grc' dir='ltr'>κανονίῳ</span> <span class='ocrx_word' id='word_1_69' title='bbox 685 1093 883 1162; x_wconf 84' lang='grc' dir='ltr'>ταύτην</span> <span class='ocrx_word' id='word_1_70' title='bbox 909 1092 1007 1161; x_wconf 82' lang='grc' dir='ltr'>τὴν</span> <span class='ocrx_word' id='word_1_71' title='bbox 1037 1090 1099 1154; x_wconf 65' lang='grc' dir='ltr'>ιζ</span> <span class='ocrx_word' id='word_1_72' title='bbox 1128 1093 1205 1155; x_wconf 88' lang='grc' dir='ltr'>εἰς</span> <span class='ocrx_word' id='word_1_73' title='bbox 1233 1093 1391 1146; x_wconf 82' lang='grc' dir='ltr'>αὐτὸν</span> <span class='ocrx_word' id='word_1_74' title='bbox 1418 1093 1782 1164; x_wconf 80' lang='grc' dir='ltr'>κατετάξαμεν</span> 
     </span>
    </p>
   </div>
   <div class='ocr_carea' id='block_1_12' title="bbox 230 1178 1782 1254">
    <p class='ocr_par' dir='ltr' id='par_1_12' title="bbox 230 1178 1782 1254">
     <span class='ocr_line' id='line_1_12' title="bbox 230 1178 1782 1254; baseline 0.005 -24"><span class='ocrx_word' id='word_1_75' title='bbox 230 1181 324 1231; x_wconf 75' lang='grc' dir='ltr'>τὸν</span> <span class='ocrx_word' id='word_1_76' title='bbox 367 1182 654 1251; x_wconf 82' lang='grc' dir='ltr'>Ἀπρίλιον.</span> <span class='ocrx_word' id='word_1_77' title='bbox 694 1178 898 1235; x_wconf 78' lang='grc' dir='ltr'>Οὐκοῦν</span> <span class='ocrx_word' id='word_1_78' title='bbox 920 1184 1016 1245; x_wconf 84' lang='grc' dir='ltr'>τὰς</span> <span class='ocrx_word' id='word_1_79' title='bbox 1045 1184 1150 1234; x_wconf 84' lang='grc' dir='ltr'>ἀπὸ</span> <span class='ocrx_word' id='word_1_80' title='bbox 1176 1183 1394 1254; x_wconf 81' lang='grc' dir='ltr'>πρώτης</span> <span class='ocrx_word' id='word_1_81' title='bbox 1418 1184 1511 1236; x_wconf 78' lang='grc' dir='ltr'>τοῦ</span> <span class='ocrx_word' id='word_1_82' title='bbox 1554 1187 1782 1237; x_wconf 84' lang='grc' dir='ltr'>Ἰανουα-</span> 
     </span>
    </p>
   </div>
   <div class='ocr_carea' id='block_1_13' title="bbox 231 1272 1779 1347">
    <p class='ocr_par' dir='ltr' id='par_1_13' title="bbox 231 1272 1779 1347">
     <span class='ocr_line' id='line_1_13' title="bbox 231 1272 1779 1347; baseline 0.004 -25"><span class='ocrx_word' id='word_1_83' title='bbox 231 1272 352 1340; x_wconf 84' lang='grc' dir='ltr'>ρίου</span> <span class='ocrx_word' id='word_1_84' title='bbox 392 1274 553 1341; x_wconf 80' lang='grc' dir='ltr'>μηνὸς</span> <span class='ocrx_word' id='word_1_85' title='bbox 589 1275 715 1343; x_wconf 84' lang='grc' dir='ltr'>ἄχρι</span> <span class='ocrx_word' id='word_1_86' title='bbox 746 1273 846 1342; x_wconf 81' lang='grc' dir='ltr'>τῆς</span> <span class='ocrx_word' id='word_1_87' title='bbox 878 1274 967 1325; x_wconf 78' lang='grc' dir='ltr'>τοῦ</span> <span class='ocrx_word' id='word_1_88' title='bbox 1010 1275 1279 1344; x_wconf 79' lang='grc' dir='ltr'>Ἀπριλίου</span> <span class='ocrx_word' id='word_1_89' title='bbox 1316 1274 1378 1337; x_wconf 76' lang='grc' dir='ltr'>ιζ’</span> <span class='ocrx_word' id='word_1_90' title='bbox 1423 1276 1779 1347; x_wconf 75' lang='grc' dir='ltr'>ἀθροίζοντες,</span> 
     </span>
    </p>
   </div>
   <div class='ocr_carea' id='block_1_14' title="bbox 228 1360 1780 1437">
    <p class='ocr_par' dir='ltr' id='par_1_14' title="bbox 228 1360 1780 1437">
     <span class='ocr_line' id='line_1_14' title="bbox 228 1360 1780 1437; baseline 0.005 -24"><span class='ocrx_word' id='word_1_91' title='bbox 228 1363 489 1431; x_wconf 75' lang='grc' dir='ltr'>ποιοῦμεν</span> <span class='ocrx_word' id='word_1_92' title='bbox 529 1365 737 1433; x_wconf 87' lang='grc' dir='ltr'>ἡμέρας</span> <span class='ocrx_word' id='word_1_93' title='bbox 772 1364 878 1434; x_wconf 73' lang='grc' dir='ltr'>ρξ’·</span> <span class='ocrx_word' id='word_1_94' title='bbox 919 1360 1034 1417; x_wconf 79' lang='grc' dir='ltr'>εἶτα</span> <span class='ocrx_word' id='word_1_95' title='bbox 1077 1366 1258 1418; x_wconf 80' lang='grc' dir='ltr'>λοιπὸν</span> <span class='ocrx_word' id='word_1_96' title='bbox 1289 1366 1374 1418; x_wconf 74' lang='grc' dir='ltr'>διὰ</span> <span class='ocrx_word' id='word_1_97' title='bbox 1416 1368 1514 1435; x_wconf 80' lang='grc' dir='ltr'>μὲν</span> <span class='ocrx_word' id='word_1_98' title='bbox 1539 1368 1635 1437; x_wconf 81' lang='grc' dir='ltr'>τῆς</span> <span class='ocrx_word' id='word_1_99' title='bbox 1674 1368 1780 1421; x_wconf 76' lang='grc' dir='ltr'>τῶν</span> 
     </span>
    </p>
   </div>
   <div class='ocr_carea' id='block_1_15' title="bbox 232 1442 1783 1525">
    <p class='ocr_par' dir='ltr' id='par_1_15' title="bbox 232 1452 1783 1525">
     <span class='ocr_line' id='line_1_15' title="bbox 232 1452 1783 1525; baseline 0.006 -23"><span class='ocrx_word' id='word_1_100' title='bbox 232 1459 312 1514; x_wconf 76' lang='grc' dir='ltr'>ις’</span> <span class='ocrx_word' id='word_1_101' title='bbox 346 1452 477 1504; x_wconf 79' lang='grc' dir='ltr'>ἐτῶν</span> <span class='ocrx_word' id='word_1_102' title='bbox 502 1452 924 1515; x_wconf 86' lang='grc' dir='ltr'>πενταπλώσεως</span> <span class='ocrx_word' id='word_1_103' title='bbox 951 1460 1024 1519; x_wconf 88' lang='grc' dir='ltr'>π’,</span> <span class='ocrx_word' id='word_1_104' title='bbox 1058 1454 1145 1507; x_wconf 84' lang='grc' dir='ltr'>διὰ</span> <span class='ocrx_word' id='word_1_105' title='bbox 1173 1456 1228 1507; x_wconf 81' lang='grc' dir='ltr'>δὲ</span> <span class='ocrx_word' id='word_1_106' title='bbox 1256 1456 1354 1525; x_wconf 76' lang='grc' dir='ltr'>τῆς</span> <span class='ocrx_word' id='word_1_107' title='bbox 1382 1457 1489 1509; x_wconf 87' lang='grc' dir='ltr'>τῶν</span> <span class='ocrx_word' id='word_1_108' title='bbox 1534 1461 1651 1511; x_wconf 89' lang='grc' dir='ltr'>κατ’</span> <span class='ocrx_word' id='word_1_109' title='bbox 1686 1461 1783 1511; x_wconf 85' lang='grc' dir='ltr'>αύ-</span> 
     </span>
    </p>
   </div>
   <div class='ocr_carea' id='block_1_16' title="bbox 227 1544 1780 1618">
    <p class='ocr_par' dir='ltr' id='par_1_16' title="bbox 227 1544 1780 1618">
     <span class='ocr_line' id='line_1_16' title="bbox 227 1544 1780 1618; baseline 0 -22"><span class='ocrx_word' id='word_1_110' title='bbox 227 1545 329 1606; x_wconf 69' lang='grc' dir='ltr'>τᾶς</span> <span class='ocrx_word' id='word_1_111' title='bbox 357 1545 653 1615; x_wconf 81' lang='grc' dir='ltr'>έξηκοστῶν</span> <span class='ocrx_word' id='word_1_112' title='bbox 684 1544 1001 1614; x_wconf 71' lang='grc' dir='ltr'>ἀναλήψεως</span> <span class='ocrx_word' id='word_1_113' title='bbox 1033 1553 1082 1612; x_wconf 85' lang='grc' dir='ltr'>γ’</span> <span class='ocrx_word' id='word_1_114' title='bbox 1103 1564 1115 1575; x_wconf 72' lang='grc' dir='ltr'><strong>ο</strong></span> <span class='ocrx_word' id='word_1_115' title='bbox 1154 1546 1239 1598; x_wconf 77' lang='grc' dir='ltr'>διὰ</span> <span class='ocrx_word' id='word_1_116' title='bbox 1270 1547 1324 1598; x_wconf 80' lang='grc' dir='ltr'>δὲ</span> <span class='ocrx_word' id='word_1_117' title='bbox 1355 1548 1512 1599; x_wconf 83' lang='grc' dir='ltr'>πάλιν</span> <span class='ocrx_word' id='word_1_118' title='bbox 1550 1550 1646 1618; x_wconf 77' lang='grc' dir='ltr'>τῆς</span> <span class='ocrx_word' id='word_1_119' title='bbox 1685 1552 1780 1602; x_wconf 78' lang='grc' dir='ltr'>αὺ-</span> 
     </span>
    </p>
   </div>
   <div class='ocr_carea' id='block_1_17' title="bbox 224 1634 1778 1704">
    <p class='ocr_par' dir='ltr' id='par_1_17' title="bbox 224 1634 1778 1704">
     <span class='ocr_line' id='line_1_17' title="bbox 224 1634 1778 1704; baseline 0.005 -18"><span class='ocrx_word' id='word_1_120' title='bbox 224 1636 339 1687; x_wconf 87' lang='grc' dir='ltr'>τῶν</span> <span class='ocrx_word' id='word_1_121' title='bbox 365 1636 471 1687; x_wconf 88' lang='grc' dir='ltr'>τῶν</span> <span class='ocrx_word' id='word_1_122' title='bbox 508 1643 580 1699; x_wconf 74' lang='grc' dir='ltr'>ις’</span> <span class='ocrx_word' id='word_1_123' title='bbox 608 1636 742 1688; x_wconf 83' lang='grc' dir='ltr'>ἐτῶν</span> <span class='ocrx_word' id='word_1_124' title='bbox 790 1634 1140 1699; x_wconf 81' lang='grc' dir='ltr'>ὲξαπλώσεως</span> <span class='ocrx_word' id='word_1_125' title='bbox 1183 1638 1291 1703; x_wconf 50' lang='grc' dir='ltr'>ἵης’.</span> <span class='ocrx_word' id='word_1_126' title='bbox 1362 1640 1449 1700; x_wconf 85' lang='grc' dir='ltr'>Ὠς</span> <span class='ocrx_word' id='word_1_127' title='bbox 1497 1636 1631 1694; x_wconf 82' lang='grc' dir='ltr'>εἶναι</span> <span class='ocrx_word' id='word_1_128' title='bbox 1683 1642 1778 1704; x_wconf 79' lang='grc' dir='ltr'>τὰς</span> 
     </span>
    </p>
   </div>
   <div class='ocr_carea' id='block_1_18' title="bbox 225 1725 1779 1803">
    <p class='ocr_par' dir='ltr' id='par_1_18' title="bbox 225 1725 1779 1803">
     <span class='ocr_line' id='line_1_18' title="bbox 225 1725 1779 1803; baseline 0.005 -26"><span class='ocrx_word' id='word_1_129' title='bbox 225 1725 407 1789; x_wconf 80' lang='grc' dir='ltr'>πάσας</span> <span class='ocrx_word' id='word_1_130' title='bbox 443 1734 569 1790; x_wconf 74' lang='grc' dir='ltr'>σπς¹</span> <span class='ocrx_word' id='word_1_131' title='bbox 590 1745 602 1755; x_wconf 78' lang='lat'><strong>&#39;</strong></span> <span class='ocrx_word' id='word_1_132' title='bbox 633 1728 695 1787; x_wconf 76' lang='grc' dir='ltr'>ἃς</span> <span class='ocrx_word' id='word_1_133' title='bbox 723 1728 800 1787; x_wconf 80' lang='grc' dir='ltr'>εἰς</span> <span class='ocrx_word' id='word_1_134' title='bbox 829 1727 917 1779; x_wconf 77' lang='grc' dir='ltr'>τὸν</span> <span class='ocrx_word' id='word_1_135' title='bbox 961 1728 1003 1779; x_wconf 79' lang='grc' dir='ltr'>λ’</span> <span class='ocrx_word' id='word_1_136' title='bbox 1039 1727 1368 1799; x_wconf 71' lang='grc' dir='ltr'>μερίζοντες,</span> <span class='ocrx_word' id='word_1_137' title='bbox 1401 1730 1459 1794; x_wconf 82' lang='grc' dir='ltr'>ἓξ</span> <span class='ocrx_word' id='word_1_138' title='bbox 1506 1733 1598 1785; x_wconf 84' lang='grc' dir='ltr'>καὶ</span> <span class='ocrx_word' id='word_1_139' title='bbox 1631 1740 1659 1785; x_wconf 85' lang='grc' dir='ltr'>ι’</span> <span class='ocrx_word' id='word_1_140' title='bbox 1684 1734 1779 1803; x_wconf 79' lang='grc' dir='ltr'>τὴν</span> 
     </span>
    </p>
   </div>
   <div class='ocr_carea' id='block_1_19' title="bbox 222 1816 1778 1894">
    <p class='ocr_par' dir='ltr' id='par_1_19' title="bbox 222 1816 1778 1894">
     <span class='ocr_line' id='line_1_19' title="bbox 222 1816 1778 1894; baseline 0.006 -27"><span class='ocrx_word' id='word_1_141' title='bbox 222 1816 325 1868; x_wconf 71' lang='grc' dir='ltr'>τοῦ</span> <span class='ocrx_word' id='word_1_142' title='bbox 357 1816 567 1885; x_wconf 79' lang='grc' dir='ltr'>πρώτου</span> <span class='ocrx_word' id='word_1_143' title='bbox 606 1818 769 1887; x_wconf 77' lang='grc' dir='ltr'>μηνὸς</span> <span class='ocrx_word' id='word_1_144' title='bbox 818 1818 857 1869; x_wconf 80' lang='grc' dir='ltr'>δ’</span> <span class='ocrx_word' id='word_1_145' title='bbox 906 1818 999 1871; x_wconf 74' lang='grc' dir='ltr'>καὶ</span> <span class='ocrx_word' id='word_1_146' title='bbox 1034 1819 1063 1871; x_wconf 82' lang='grc' dir='ltr'>ι’</span> <span class='ocrx_word' id='word_1_147' title='bbox 1094 1820 1433 1890; x_wconf 87' lang='grc' dir='ltr'>εὑρίσκομεν.</span> <span class='ocrx_word' id='word_1_148' title='bbox 1478 1823 1690 1894; x_wconf 81' lang='grc' dir='ltr'>Ταύτην</span> <span class='ocrx_word' id='word_1_149' title='bbox 1722 1825 1778 1877; x_wconf 79' lang='grc' dir='ltr'>δὲ</span> 
     </span>
    </p>
   </div>
   <div class='ocr_carea' id='block_1_20' title="bbox 1886 634 3424 698">
    <p class='ocr_par' dir='ltr' id='par_1_20' title="bbox 1886 634 3424 698">
     <span class='ocr_line' id='line_1_20' title="bbox 1886 634 3424 698; baseline 0.004 -11"><span class='ocrx_word' id='word_1_150' title='bbox 1886 634 1953 687; x_wconf 88' lang='lat' dir='ltr'>ab</span> <span class='ocrx_word' id='word_1_151' title='bbox 1984 635 2091 689; x_wconf 85' lang='lat' dir='ltr'>illis</span> <span class='ocrx_word' id='word_1_152' title='bbox 2119 636 2257 688; x_wconf 62' lang='lat' dir='ltr'><strong>luna:</strong></span> <span class='ocrx_word' id='word_1_153' title='bbox 2282 651 2390 698; x_wconf 81' lang='lat' dir='ltr'><strong>xvi,</strong></span> <span class='ocrx_word' id='word_1_154' title='bbox 2423 650 2451 688; x_wconf 91' lang='lat' dir='ltr'>a</span> <span class='ocrx_word' id='word_1_155' title='bbox 2484 634 2637 689; x_wconf 89' lang='lat' dir='ltr'><strong>nobis</strong></span> <span class='ocrx_word' id='word_1_156' title='bbox 2676 651 2764 688; x_wconf 85' lang='lat' dir='ltr'>xix</span> <span class='ocrx_word' id='word_1_157' title='bbox 2786 646 3113 690; x_wconf 88' lang='lat' dir='ltr'><strong>numeratur.</strong></span> <span class='ocrx_word' id='word_1_158' title='bbox 3144 637 3255 691; x_wconf 86' lang='lat' dir='ltr'><strong>Hoc</strong></span> <span class='ocrx_word' id='word_1_159' title='bbox 3279 642 3424 693; x_wconf 88' lang='lat' dir='ltr'><strong>enim</strong></span> 
     </span>
    </p>
   </div>
   <div class='ocr_carea' id='block_1_21' title="bbox 1884 725 3425 795">
    <p class='ocr_par' dir='ltr' id='par_1_21' title="bbox 1884 725 3425 795">
     <span class='ocr_line' id='line_1_21' title="bbox 1884 725 3425 795; baseline 0.003 -18"><span class='ocrx_word' id='word_1_160' title='bbox 1884 740 2025 778; x_wconf 91' lang='lat' dir='ltr'><strong>anno</strong></span> <span class='ocrx_word' id='word_1_161' title='bbox 2064 741 2152 777; x_wconf 86' lang='lat' dir='ltr'>xiv</span> <span class='ocrx_word' id='word_1_162' title='bbox 2182 727 2338 793; x_wconf 82' lang='lat' dir='ltr'>primi</span> <span class='ocrx_word' id='word_1_163' title='bbox 2378 725 2588 779; x_wconf 85' lang='lat' dir='ltr'><strong>Judaici</strong></span> <span class='ocrx_word' id='word_1_164' title='bbox 2634 728 2836 781; x_wconf 85' lang='lat' dir='ltr'><strong>mensis</strong></span> <span class='ocrx_word' id='word_1_165' title='bbox 2882 736 3136 795; x_wconf 90' lang='lat' dir='ltr'><strong>perpetuo</strong></span> <span class='ocrx_word' id='word_1_166' title='bbox 3172 729 3318 782; x_wconf 89' lang='lat' dir='ltr'><strong>cadit</strong></span> <span class='ocrx_word' id='word_1_167' title='bbox 3369 731 3425 783; x_wconf 91' lang='lat' dir='ltr'>in</span> 
     </span>
    </p>
   </div>
   <div class='ocr_carea' id='block_1_22' title="bbox 1883 816 3422 887">
    <p class='ocr_par' dir='ltr' id='par_1_22' title="bbox 1883 816 3422 887">
     <span class='ocr_line' id='line_1_22' title="bbox 1883 816 3422 887; baseline 0.005 -20"><span class='ocrx_word' id='word_1_168' title='bbox 1883 816 2080 885; x_wconf 79' lang='lat' dir='ltr'><strong>Aprilis</strong></span> <span class='ocrx_word' id='word_1_169' title='bbox 2109 833 2239 870; x_wconf 85' lang='lat' dir='ltr'><strong>xvu.</strong></span> <span class='ocrx_word' id='word_1_170' title='bbox 2286 816 2417 870; x_wconf 87' lang='lat' dir='ltr'>Nam</span> <span class='ocrx_word' id='word_1_171' title='bbox 2467 825 2747 887; x_wconf 80' lang='lat' dir='ltr'>propterea</span> <span class='ocrx_word' id='word_1_172' title='bbox 2789 820 2843 871; x_wconf 91' lang='lat' dir='ltr'>in</span> <span class='ocrx_word' id='word_1_173' title='bbox 2889 818 3081 872; x_wconf 67' lang='lat' dir='ltr'><strong>tabella</strong></span> <span class='ocrx_word' id='word_1_174' title='bbox 3129 819 3315 873; x_wconf 83' lang='lat' dir='ltr'><strong>dextra</strong></span> <span class='ocrx_word' id='word_1_175' title='bbox 3354 821 3422 874; x_wconf 91' lang='lat' dir='ltr'>ad</span> 
     </span>
    </p>
   </div>
   <div class='ocr_carea' id='block_1_23' title="bbox 1884 906 3425 977">
    <p class='ocr_par' dir='ltr' id='par_1_23' title="bbox 1884 906 3425 977">
     <span class='ocr_line' id='line_1_23' title="bbox 1884 906 3425 977; baseline 0.002 -18"><span class='ocrx_word' id='word_1_176' title='bbox 1884 922 2121 961; x_wconf 81' lang='lat' dir='ltr'>mensem</span> <span class='ocrx_word' id='word_1_177' title='bbox 2146 908 2381 976; x_wconf 76' lang='lat' dir='ltr'><strong>Aprilem</strong></span> <span class='ocrx_word' id='word_1_178' title='bbox 2415 908 2557 961; x_wconf 90' lang='lat' dir='ltr'><strong>diem</strong></span> <span class='ocrx_word' id='word_1_179' title='bbox 2587 924 2695 960; x_wconf 82' lang='lat' dir='ltr'><strong>xvii</strong></span> <span class='ocrx_word' id='word_1_180' title='bbox 2723 909 3021 976; x_wconf 84' lang='lat' dir='ltr'><strong>posuimus.</strong></span> <span class='ocrx_word' id='word_1_181' title='bbox 3054 906 3219 977; x_wconf 77' lang='lat' dir='ltr'><strong>Igitur</strong></span> <span class='ocrx_word' id='word_1_182' title='bbox 3250 910 3365 965; x_wconf 87' lang='lat' dir='ltr'><strong>dies</strong></span> <span class='ocrx_word' id='word_1_183' title='bbox 3394 926 3425 962; x_wconf 91' lang='lat' dir='ltr'>a</span> 
     </span>
    </p>
   </div>
   <div class='ocr_carea' id='block_1_24' title="bbox 1883 987 3427 1069">
    <p class='ocr_par' dir='ltr' id='par_1_24' title="bbox 1883 987 3427 1069">
     <span class='ocr_line' id='line_1_24' title="bbox 1883 987 3427 1069; baseline 0.005 -22"><span class='ocrx_word' id='word_1_184' title='bbox 1883 987 2134 1051; x_wconf 76' lang='lat' dir='ltr'><strong>Kalendis</strong></span> <span class='ocrx_word' id='word_1_185' title='bbox 2152 996 2423 1051; x_wconf 86' lang='lat' dir='ltr'><strong>Januariis</strong></span> <span class='ocrx_word' id='word_1_186' title='bbox 2445 998 2510 1051; x_wconf 88' lang='lat' dir='ltr'>ad</span> <span class='ocrx_word' id='word_1_187' title='bbox 2527 998 2727 1067; x_wconf 86' lang='lat' dir='ltr'><strong>Aprilis</strong></span> <span class='ocrx_word' id='word_1_188' title='bbox 2750 999 3017 1052; x_wconf 85' lang='lat' dir='ltr'><strong>decimum</strong></span> <span class='ocrx_word' id='word_1_189' title='bbox 3038 1002 3321 1069; x_wconf 87' lang='lat' dir='ltr'><strong>septimum</strong></span> <span class='ocrx_word' id='word_1_190' title='bbox 3353 1003 3427 1054; x_wconf 90' lang='lat' dir='ltr'><strong>in-</strong></span> 
     </span>
    </p>
   </div>
   <div class='ocr_carea' id='block_1_25' title="bbox 1881 1086 3425 1158">
    <p class='ocr_par' dir='ltr' id='par_1_25' title="bbox 1881 1086 3425 1158">
     <span class='ocr_line' id='line_1_25' title="bbox 1881 1086 3425 1158; baseline 0.004 -19"><span class='ocrx_word' id='word_1_191' title='bbox 1881 1086 2135 1155; x_wconf 89' lang='lat' dir='ltr'><strong>terjectos</strong></span> <span class='ocrx_word' id='word_1_192' title='bbox 2180 1089 2482 1158; x_wconf 85' lang='lat' dir='ltr'><strong>colligimus</strong></span> <span class='ocrx_word' id='word_1_193' title='bbox 2529 1105 2755 1143; x_wconf 89' lang='lat' dir='ltr'><strong>numero</strong></span> <span class='ocrx_word' id='word_1_194' title='bbox 2795 1104 2898 1142; x_wconf 87' lang='lat' dir='ltr'>cvu</span> <span class='ocrx_word' id='word_1_195' title='bbox 2926 1129 2941 1153; x_wconf 91' lang='lat'>,</span> <span class='ocrx_word' id='word_1_196' title='bbox 2989 1101 3102 1144; x_wconf 90' lang='lat' dir='ltr'>tum</span> <span class='ocrx_word' id='word_1_197' title='bbox 3140 1092 3296 1145; x_wconf 89' lang='lat' dir='ltr'><strong>annis</strong></span> <span class='ocrx_word' id='word_1_198' title='bbox 3336 1107 3425 1145; x_wconf 58' lang='grc' dir='ltr'>ενι</span> 
     </span>
    </p>
   </div>
   <div class='ocr_carea' id='block_1_26' title="bbox 1881 1179 3425 1248">
    <p class='ocr_par' dir='ltr' id='par_1_26' title="bbox 1881 1179 3425 1248">
     <span class='ocr_line' id='line_1_26' title="bbox 1881 1179 3425 1248; baseline 0.005 -19"><span class='ocrx_word' id='word_1_199' title='bbox 1881 1179 2169 1246; x_wconf 87' lang='lat' dir='ltr'><strong>quinquies</strong></span> <span class='ocrx_word' id='word_1_200' title='bbox 2206 1180 2596 1248; x_wconf 73' lang='lat' dir='ltr'><strong>multiplicatis,</strong></span> <span class='ocrx_word' id='word_1_201' title='bbox 2633 1196 2773 1232; x_wconf 82' lang='lat' dir='ltr'><strong>Lxxx</strong></span> <span class='ocrx_word' id='word_1_202' title='bbox 2808 1181 2945 1234; x_wconf 87' lang='lat' dir='ltr'><strong>dies.</strong></span> <span class='ocrx_word' id='word_1_203' title='bbox 2994 1179 3275 1235; x_wconf 86' lang='lat' dir='ltr'><strong>Accedunt</strong></span> <span class='ocrx_word' id='word_1_204' title='bbox 3315 1191 3425 1237; x_wconf 88' lang='lat' dir='ltr'><strong>tres</strong></span> 
     </span>
    </p>
   </div>
   <div class='ocr_carea' id='block_1_27' title="bbox 1882 1268 3426 1342">
    <p class='ocr_par' dir='ltr' id='par_1_27' title="bbox 1882 1268 3426 1342">
     <span class='ocr_line' id='line_1_27' title="bbox 1882 1268 3426 1342; baseline 0.005 -24"><span class='ocrx_word' id='word_1_205' title='bbox 1882 1268 1994 1331; x_wconf 86' lang='lat' dir='ltr'><strong>alii,</strong></span> <span class='ocrx_word' id='word_1_206' title='bbox 2020 1283 2159 1336; x_wconf 92' lang='lat' dir='ltr'><strong>quos</strong></span> <span class='ocrx_word' id='word_1_207' title='bbox 2193 1270 2525 1338; x_wconf 79' lang='lat' dir='ltr'><strong>sexagesima</strong></span> <span class='ocrx_word' id='word_1_208' title='bbox 2564 1270 2817 1340; x_wconf 87' lang='lat' dir='ltr'><strong>scrupula</strong></span> <span class='ocrx_word' id='word_1_209' title='bbox 2846 1270 2913 1324; x_wconf 90' lang='lat' dir='ltr'>de</span> <span class='ocrx_word' id='word_1_210' title='bbox 2947 1270 3139 1325; x_wconf 90' lang='lat' dir='ltr'><strong>diebus</strong></span> <span class='ocrx_word' id='word_1_211' title='bbox 3171 1271 3426 1342; x_wconf 81' lang='lat' dir='ltr'><strong>decerpta</strong></span> 
     </span>
    </p>
   </div>
   <div class='ocr_carea' id='block_1_28' title="bbox 1882 1358 3428 1432">
    <p class='ocr_par' dir='ltr' id='par_1_28' title="bbox 1882 1358 3428 1432">
     <span class='ocr_line' id='line_1_28' title="bbox 1882 1358 3428 1432; baseline 0.002 -19"><span class='ocrx_word' id='word_1_212' title='bbox 1882 1360 2196 1413; x_wconf 83' lang='lat' dir='ltr'><strong>conllciunt.</strong></span> <span class='ocrx_word' id='word_1_213' title='bbox 2242 1358 2454 1415; x_wconf 82' lang='lat' dir='ltr'><strong>Rursus</strong></span> <span class='ocrx_word' id='word_1_214' title='bbox 2494 1362 2655 1414; x_wconf 89' lang='lat' dir='ltr'><strong>iidem</strong></span> <span class='ocrx_word' id='word_1_215' title='bbox 2689 1361 2817 1414; x_wconf 91' lang='lat' dir='ltr'><strong>anni</strong></span> <span class='ocrx_word' id='word_1_216' title='bbox 2850 1376 2938 1415; x_wconf 82' lang='lat' dir='ltr'>xvi</span> <span class='ocrx_word' id='word_1_217' title='bbox 2966 1362 3139 1415; x_wconf 83' lang='lat' dir='ltr'><strong>sexies</strong></span> <span class='ocrx_word' id='word_1_218' title='bbox 3168 1363 3428 1432; x_wconf 88' lang='lat' dir='ltr'><strong>multipli-</strong></span> 
     </span>
    </p>
   </div>
   <div class='ocr_carea' id='block_1_29' title="bbox 1882 1451 3428 1511">
    <p class='ocr_par' dir='ltr' id='par_1_29' title="bbox 1882 1451 3428 1511">
     <span class='ocr_line' id='line_1_29' title="bbox 1882 1451 3428 1511; baseline 0.005 -8"><span class='ocrx_word' id='word_1_219' title='bbox 1882 1452 1991 1504; x_wconf 90' lang='lat' dir='ltr'><strong>cati</strong></span> <span class='ocrx_word' id='word_1_220' title='bbox 2014 1467 2134 1507; x_wconf 71' lang='lat' dir='ltr'><strong>xcv:</strong></span> <span class='ocrx_word' id='word_1_221' title='bbox 2166 1451 2283 1506; x_wconf 87' lang='lat' dir='ltr'><strong>dies</strong></span> <span class='ocrx_word' id='word_1_222' title='bbox 2310 1453 2670 1505; x_wconf 85' lang='lat' dir='ltr'><strong>accumulant.</strong></span> <span class='ocrx_word' id='word_1_223' title='bbox 2726 1452 2794 1505; x_wconf 89' lang='lat' dir='ltr'>Ut</span> <span class='ocrx_word' id='word_1_224' title='bbox 2826 1469 2893 1507; x_wconf 83' lang='lat' dir='ltr'>ex</span> <span class='ocrx_word' id='word_1_225' title='bbox 2931 1454 3178 1509; x_wconf 90' lang='lat' dir='ltr'><strong>omnibus</strong></span> <span class='ocrx_word' id='word_1_226' title='bbox 3209 1456 3428 1511; x_wconf 81' lang='lat' dir='ltr'><strong>redacta</strong></span> 
     </span>
    </p>
   </div>
   <div class='ocr_carea' id='block_1_30' title="bbox 1881 1545 3427 1615">
    <p class='ocr_par' dir='ltr' id='par_1_30' title="bbox 1881 1545 3427 1615">
     <span class='ocr_line' id='line_1_30' title="bbox 1881 1545 3427 1615; baseline 0.001 -17"><span class='ocrx_word' id='word_1_227' title='bbox 1881 1559 2113 1609; x_wconf 87' lang='lat' dir='ltr'><strong>summa,</strong></span> <span class='ocrx_word' id='word_1_228' title='bbox 2165 1545 2280 1599; x_wconf 91' lang='lat' dir='ltr'><strong>dies</strong></span> <span class='ocrx_word' id='word_1_229' title='bbox 2322 1545 2591 1599; x_wconf 85' lang='lat' dir='ltr'><strong>exsistunt</strong></span> <span class='ocrx_word' id='word_1_230' title='bbox 2626 1559 2911 1609; x_wconf 73' lang='lat' dir='ltr'><strong>cetxxxvr,</strong></span> <span class='ocrx_word' id='word_1_231' title='bbox 2966 1546 3163 1615; x_wconf 89' lang='lat' dir='ltr'><strong>quibus</strong></span> <span class='ocrx_word' id='word_1_232' title='bbox 3200 1562 3294 1615; x_wconf 89' lang='lat' dir='ltr'>per</span> <span class='ocrx_word' id='word_1_233' title='bbox 3319 1563 3427 1600; x_wconf 79' lang='lat' dir='ltr'>xxx</span> 
     </span>
    </p>
   </div>
   <div class='ocr_carea' id='block_1_31' title="bbox 1880 1634 3428 1706">
    <p class='ocr_par' dir='ltr' id='par_1_31' title="bbox 1880 1634 3428 1706">
     <span class='ocr_line' id='line_1_31' title="bbox 1880 1634 3428 1706; baseline 0.003 -20"><span class='ocrx_word' id='word_1_234' title='bbox 1880 1634 2089 1700; x_wconf 81' lang='lat' dir='ltr'><strong>divisis,</strong></span> <span class='ocrx_word' id='word_1_235' title='bbox 2138 1634 2397 1689; x_wconf 76' lang='lat' dir='ltr'><strong>decimam</strong></span> <span class='ocrx_word' id='word_1_236' title='bbox 2425 1642 2627 1690; x_wconf 88' lang='lat' dir='ltr'><strong>sextam</strong></span> <span class='ocrx_word' id='word_1_237' title='bbox 2659 1636 2959 1690; x_wconf 78' lang='lat' dir='ltr'><strong>invenimus</strong></span> <span class='ocrx_word' id='word_1_238' title='bbox 2997 1651 3113 1691; x_wconf 87' lang='lat' dir='ltr'>eam</span> <span class='ocrx_word' id='word_1_239' title='bbox 3143 1652 3282 1702; x_wconf 88' lang='lat' dir='ltr'><strong>esse,</strong></span> <span class='ocrx_word' id='word_1_240' title='bbox 3308 1652 3428 1706; x_wconf 64' lang='lat' dir='ltr'><strong>quae</strong></span> 
     </span>
    </p>
   </div>
   <div class='ocr_carea' id='block_1_32' title="bbox 1881 1727 3428 1798">
    <p class='ocr_par' dir='ltr' id='par_1_32' title="bbox 1881 1727 3428 1798">
     <span class='ocr_line' id='line_1_32' title="bbox 1881 1727 3428 1798; baseline 0.001 -19"><span class='ocrx_word' id='word_1_241' title='bbox 1881 1742 2068 1781; x_wconf 85' lang='lat' dir='ltr'><strong>revera</strong></span> <span class='ocrx_word' id='word_1_242' title='bbox 2098 1729 2167 1781; x_wconf 90' lang='lat' dir='ltr'>sit</span> <span class='ocrx_word' id='word_1_243' title='bbox 2198 1728 2358 1796; x_wconf 82' lang='lat' dir='ltr'><strong>primi</strong></span> <span class='ocrx_word' id='word_1_244' title='bbox 2389 1728 2591 1782; x_wconf 75' lang='lat' dir='ltr'><strong>mensis</strong></span> <span class='ocrx_word' id='word_1_245' title='bbox 2637 1738 2829 1795; x_wconf 90' lang='lat' dir='ltr'><strong>quarta</strong></span> <span class='ocrx_word' id='word_1_246' title='bbox 2860 1727 3085 1782; x_wconf 89' lang='lat' dir='ltr'><strong>declma.</strong></span> <span class='ocrx_word' id='word_1_247' title='bbox 3136 1730 3267 1795; x_wconf 67' lang='lat' dir='ltr'><strong>Quae</strong></span> <span class='ocrx_word' id='word_1_248' title='bbox 3308 1732 3428 1798; x_wconf 83' lang='lat' dir='ltr'><strong>qui-</strong></span> 
     </span>
    </p>
   </div>
   <div class='ocr_carea' id='block_1_33' title="bbox 1880 1818 3423 1887">
    <p class='ocr_par' dir='ltr' id='par_1_33' title="bbox 1880 1818 3423 1887">
     <span class='ocr_line' id='line_1_33' title="bbox 1880 1818 3423 1887; baseline 0 -14"><span class='ocrx_word' id='word_1_249' title='bbox 1880 1819 2001 1873; x_wconf 86' lang='lat' dir='ltr'>dem</span> <span class='ocrx_word' id='word_1_250' title='bbox 2039 1820 2093 1872; x_wconf 91' lang='lat' dir='ltr'>in</span> <span class='ocrx_word' id='word_1_251' title='bbox 2132 1833 2291 1887; x_wconf 82' lang='lat' dir='ltr'><strong>quam</strong></span> <span class='ocrx_word' id='word_1_252' title='bbox 2324 1818 2672 1873; x_wconf 77' lang='lat' dir='ltr'><strong>liebdomadae</strong></span> <span class='ocrx_word' id='word_1_253' title='bbox 2723 1818 2909 1873; x_wconf 84' lang='lat' dir='ltr'><strong>feriam</strong></span> <span class='ocrx_word' id='word_1_254' title='bbox 2942 1820 3144 1873; x_wconf 89' lang='lat' dir='ltr'><strong>incidat</strong></span> <span class='ocrx_word' id='word_1_255' title='bbox 3191 1836 3353 1875; x_wconf 85' lang='lat' dir='ltr'><strong>nosse</strong></span> <span class='ocrx_word' id='word_1_256' title='bbox 3381 1822 3423 1873; x_wconf 78' lang='lat' dir='ltr'><strong>si</strong></span> 
     </span>
    </p>
   </div>
   <div class='ocr_carea' id='block_1_34' title="bbox 230 1895 1794 1982">
    <p class='ocr_par' dir='ltr' id='par_1_34' title="bbox 230 1908 1777 1982">
     <span class='ocr_line' id='line_1_34' title="bbox 230 1908 1777 1982; baseline 0.005 -23"><span class='ocrx_word' id='word_1_257' title='bbox 230 1908 421 1977; x_wconf 81' lang='grc' dir='ltr'>μαθεῖν</span> <span class='ocrx_word' id='word_1_258' title='bbox 450 1911 498 1960; x_wconf 90' lang='grc' dir='ltr'>εἰ</span> <span class='ocrx_word' id='word_1_259' title='bbox 533 1908 872 1979; x_wconf 74' lang='grc' dir='ltr'>βουληθῶμεν</span> <span class='ocrx_word' id='word_1_260' title='bbox 914 1912 991 1972; x_wconf 84' lang='grc' dir='ltr'>εἰς</span> <span class='ocrx_word' id='word_1_261' title='bbox 1032 1912 1186 1963; x_wconf 82' lang='grc' dir='ltr'>ποίαν</span> <span class='ocrx_word' id='word_1_262' title='bbox 1217 1913 1472 1981; x_wconf 75' lang='grc' dir='ltr'>ἐμπίπτει</span> <span class='ocrx_word' id='word_1_263' title='bbox 1502 1914 1600 1982; x_wconf 74' lang='grc' dir='ltr'>τῆς</span> <span class='ocrx_word' id='word_1_264' title='bbox 1628 1916 1777 1967; x_wconf 81' lang='grc' dir='ltr'>ἐϐδο-</span> 
     </span>
    </p>
   </div>
   <div class='ocr_carea' id='block_1_35' title="bbox 1879 1895 3421 1982">
    <p class='ocr_par' dir='ltr' id='par_1_35' title="bbox 1882 1909 3421 1969">
     <span class='ocr_line' id='line_1_35' title="bbox 1882 1909 3421 1969; baseline 0.002 -9"><span class='ocrx_word' id='word_1_265' title='bbox 1882 1909 2082 1969; x_wconf 85' lang='lat' dir='ltr'><strong>lubeat,</strong></span> <span class='ocrx_word' id='word_1_266' title='bbox 2120 1915 2539 1962; x_wconf 85' lang='lat' dir='ltr'><strong>consentaneum</strong></span> <span class='ocrx_word' id='word_1_267' title='bbox 2588 1916 2671 1961; x_wconf 85' lang='lat' dir='ltr'>est</span> <span class='ocrx_word' id='word_1_268' title='bbox 2710 1909 2997 1963; x_wconf 85' lang='lat' dir='ltr'><strong>observare</strong></span> <span class='ocrx_word' id='word_1_269' title='bbox 3045 1924 3245 1963; x_wconf 86' lang='lat' dir='ltr'><strong>annum</strong></span> <span class='ocrx_word' id='word_1_270' title='bbox 3294 1910 3421 1964; x_wconf 88' lang='lat' dir='ltr'><strong>solis</strong></span> 
     </span>
    </p>
   </div>
   <div class='ocr_carea' id='block_1_36' title="bbox 230 2002 1779 2078">
    <p class='ocr_par' dir='ltr' id='par_1_36' title="bbox 230 2002 1779 2078">
     <span class='ocr_line' id='line_1_36' title="bbox 230 2002 1779 2078; baseline 0.005 -27"><span class='ocrx_word' id='word_1_271' title='bbox 230 2002 395 2071; x_wconf 82' lang='grc' dir='ltr'>μάὸος</span> <span class='ocrx_word' id='word_1_272' title='bbox 422 2003 653 2071; x_wconf 81' lang='grc' dir='ltr'>ἡμέραν,</span> <span class='ocrx_word' id='word_1_273' title='bbox 681 2002 819 2056; x_wconf 75' lang='grc' dir='ltr'>κατὰ</span> <span class='ocrx_word' id='word_1_274' title='bbox 856 2004 950 2072; x_wconf 75' lang='grc' dir='ltr'>μὲν</span> <span class='ocrx_word' id='word_1_275' title='bbox 978 2005 1074 2073; x_wconf 83' lang='grc' dir='ltr'>τὴν</span> <span class='ocrx_word' id='word_1_276' title='bbox 1105 2003 1322 2078; x_wconf 75' lang='grc' dir='ltr'>πρώτην</span> <span class='ocrx_word' id='word_1_277' title='bbox 1354 2007 1779 2059; x_wconf 80' lang='grc' dir='ltr'>ἐννεακαιδεκαε-</span> 
     </span>
    </p>
   </div>
   <div class='ocr_carea' id='block_1_37' title="bbox 223 2092 1781 2169">
    <p class='ocr_par' dir='ltr' id='par_1_37' title="bbox 223 2092 1781 2169">
     <span class='ocr_line' id='line_1_37' title="bbox 223 2092 1781 2169; baseline 0.004 -25"><span class='ocrx_word' id='word_1_278' title='bbox 223 2092 419 2161; x_wconf 83' lang='grc' dir='ltr'>τηρίδα</span> <span class='ocrx_word' id='word_1_279' title='bbox 450 2095 768 2165; x_wconf 73' lang='grc' dir='ltr'>προσφόρως</span> <span class='ocrx_word' id='word_1_280' title='bbox 795 2096 855 2146; x_wconf 83' lang='grc' dir='ltr'>τὸ</span> <span class='ocrx_word' id='word_1_281' title='bbox 898 2097 994 2164; x_wconf 83' lang='grc' dir='ltr'>τῆς</span> <span class='ocrx_word' id='word_1_282' title='bbox 1036 2095 1256 2165; x_wconf 78' lang='grc' dir='ltr'>πρώτης</span> <span class='ocrx_word' id='word_1_283' title='bbox 1293 2099 1781 2169; x_wconf 78' lang='grc' dir='ltr'>εἰκοσιοκταετηρί-</span> 
     </span>
    </p>
   </div>
   <div class='ocr_carea' id='block_1_38' title="bbox 222 2182 1777 2255">
    <p class='ocr_par' dir='ltr' id='par_1_38' title="bbox 222 2182 1777 2255">
     <span class='ocr_line' id='line_1_38' title="bbox 222 2182 1777 2255; baseline 0.005 -21"><span class='ocrx_word' id='word_1_284' title='bbox 222 2182 317 2245; x_wconf 79' lang='grc' dir='ltr'>δος</span> <span class='ocrx_word' id='word_1_285' title='bbox 345 2184 623 2253; x_wconf 77' lang='grc' dir='ltr'>ἰσάριθμον</span> <span class='ocrx_word' id='word_1_286' title='bbox 659 2186 750 2237; x_wconf 78' lang='grc' dir='ltr'>τοῦ</span> <span class='ocrx_word' id='word_1_287' title='bbox 792 2186 941 2255; x_wconf 86' lang='grc' dir='ltr'>ἡλίου</span> <span class='ocrx_word' id='word_1_288' title='bbox 972 2186 1105 2249; x_wconf 72' lang='grc' dir='ltr'>ἔτος,</span> <span class='ocrx_word' id='word_1_289' title='bbox 1136 2186 1275 2254; x_wconf 87' lang='grc' dir='ltr'>λέγω</span> <span class='ocrx_word' id='word_1_290' title='bbox 1307 2188 1363 2239; x_wconf 83' lang='grc' dir='ltr'>δὲ</span> <span class='ocrx_word' id='word_1_291' title='bbox 1412 2190 1471 2241; x_wconf 82' lang='grc' dir='ltr'>τὸ</span> <span class='ocrx_word' id='word_1_292' title='bbox 1495 2190 1554 2253; x_wconf 83' lang='grc' dir='ltr'>ἒξ</span> <span class='ocrx_word' id='word_1_293' title='bbox 1586 2193 1679 2243; x_wconf 73' lang='grc' dir='ltr'>καὶ</span> <span class='ocrx_word' id='word_1_294' title='bbox 1727 2196 1777 2252; x_wconf 85' lang='grc' dir='ltr'>ι’,</span> 
     </span>
    </p>
   </div>
   <div class='ocr_carea' id='block_1_39' title="bbox 224 2274 1778 2349">
    <p class='ocr_par' dir='ltr' id='par_1_39' title="bbox 224 2274 1778 2349">
     <span class='ocr_line' id='line_1_39' title="bbox 224 2274 1778 2349; baseline 0.006 -24"><span class='ocrx_word' id='word_1_295' title='bbox 224 2274 289 2339; x_wconf 78' lang='grc' dir='ltr'>ἐξ</span> <span class='ocrx_word' id='word_1_296' title='bbox 332 2276 640 2345; x_wconf 77' lang='grc' dir='ltr'>εὐωνύμων,</span> <span class='ocrx_word' id='word_1_297' title='bbox 675 2278 748 2339; x_wconf 83' lang='grc' dir='ltr'>ὡς</span> <span class='ocrx_word' id='word_1_298' title='bbox 802 2278 955 2346; x_wconf 79' lang='grc' dir='ltr'>ἔφην,</span> <span class='ocrx_word' id='word_1_299' title='bbox 993 2277 1251 2345; x_wconf 80' lang='grc' dir='ltr'>σύνεγγυς</span> <span class='ocrx_word' id='word_1_300' title='bbox 1296 2281 1636 2349; x_wconf 80' lang='grc' dir='ltr'>τεταγμένων</span> <span class='ocrx_word' id='word_1_301' title='bbox 1687 2283 1778 2335; x_wconf 79' lang='grc' dir='ltr'>τοῦ</span> 
     </span>
    </p>
   </div>
   <div class='ocr_carea' id='block_1_40' title="bbox 223 2364 1781 2438">
    <p class='ocr_par' dir='ltr' id='par_1_40' title="bbox 223 2364 1781 2438">
     <span class='ocr_line' id='line_1_40' title="bbox 223 2364 1781 2438; baseline 0.006 -24"><span class='ocrx_word' id='word_1_302' title='bbox 223 2364 393 2416; x_wconf 77' lang='grc' dir='ltr'>αὐτοῦ</span> <span class='ocrx_word' id='word_1_303' title='bbox 437 2366 535 2435; x_wconf 78' lang='grc' dir='ltr'>τῆς</span> <span class='ocrx_word' id='word_1_304' title='bbox 588 2367 810 2437; x_wconf 81' lang='grc' dir='ltr'>σελήνης</span> <span class='ocrx_word' id='word_1_305' title='bbox 857 2366 1005 2428; x_wconf 77' lang='grc' dir='ltr'>ἔτους</span> <span class='ocrx_word' id='word_1_306' title='bbox 1050 2366 1479 2438; x_wconf 78' lang='grc' dir='ltr'>διασκοποῦμεν·</span> <span class='ocrx_word' id='word_1_307' title='bbox 1551 2371 1639 2422; x_wconf 76' lang='grc' dir='ltr'>καὶ</span> <span class='ocrx_word' id='word_1_308' title='bbox 1684 2372 1781 2432; x_wconf 73' lang='grc' dir='ltr'>τὰς</span> 
     </span>
    </p>
   </div>
   <div class='ocr_carea' id='block_1_41' title="bbox 221 2452 1777 2529">
    <p class='ocr_par' dir='ltr' id='par_1_41' title="bbox 221 2452 1777 2529">
     <span class='ocr_line' id='line_1_41' title="bbox 221 2452 1777 2529; baseline 0.004 -24"><span class='ocrx_word' id='word_1_309' title='bbox 221 2452 391 2505; x_wconf 76' lang='grc' dir='ltr'>αὐτοῦ</span> <span class='ocrx_word' id='word_1_310' title='bbox 424 2453 781 2523; x_wconf 87' lang='grc' dir='ltr'>λαμϐάνοντες</span> <span class='ocrx_word' id='word_1_311' title='bbox 835 2455 1097 2518; x_wconf 77' lang='grc' dir='ltr'>ὲπακτὰς,</span> <span class='ocrx_word' id='word_1_312' title='bbox 1148 2458 1205 2507; x_wconf 83' lang='grc' dir='ltr'>ὲν</span> <span class='ocrx_word' id='word_1_313' title='bbox 1249 2457 1324 2526; x_wconf 79' lang='grc' dir='ltr'>τῷ</span> <span class='ocrx_word' id='word_1_314' title='bbox 1370 2458 1413 2527; x_wconf 83' lang='grc' dir='ltr'>β’</span> <span class='ocrx_word' id='word_1_315' title='bbox 1443 2458 1530 2510; x_wconf 73' lang='grc' dir='ltr'>τοῦ</span> <span class='ocrx_word' id='word_1_316' title='bbox 1583 2459 1777 2529; x_wconf 79' lang='grc' dir='ltr'>τροχοῦ</span> 
     </span>
    </p>
   </div>
   <div class='ocr_carea' id='block_1_42' title="bbox 222 2542 1779 2619">
    <p class='ocr_par' dir='ltr' id='par_1_42' title="bbox 222 2542 1779 2619">
     <span class='ocr_line' id='line_1_42' title="bbox 222 2542 1779 2619; baseline 0.006 -26"><span class='ocrx_word' id='word_1_317' title='bbox 222 2542 409 2613; x_wconf 72' lang='grc' dir='ltr'>κύκλῳ</span> <span class='ocrx_word' id='word_1_318' title='bbox 429 2542 913 2615; x_wconf 81' lang='grc' dir='ltr'>διαγεγραμμένας,</span> <span class='ocrx_word' id='word_1_319' title='bbox 941 2544 1103 2611; x_wconf 75' lang='grc' dir='ltr'>θύσας</span> <span class='ocrx_word' id='word_1_320' title='bbox 1130 2548 1218 2599; x_wconf 87' lang='grc' dir='ltr'>τὸν</span> <span class='ocrx_word' id='word_1_321' title='bbox 1246 2548 1477 2619; x_wconf 80' lang='grc' dir='ltr'>ἀριθμὸν</span> <span class='ocrx_word' id='word_1_322' title='bbox 1511 2554 1580 2612; x_wconf 79' lang='grc' dir='ltr'>ς’,</span> <span class='ocrx_word' id='word_1_323' title='bbox 1612 2566 1779 2619; x_wconf 84' lang='grc' dir='ltr'>προσ-</span> 
     </span>
    </p>
   </div>
   <div class='ocr_carea' id='block_1_43' title="bbox 222 2635 1778 2709">
    <p class='ocr_par' dir='ltr' id='par_1_43' title="bbox 222 2635 1778 2709">
     <span class='ocr_line' id='line_1_43' title="bbox 222 2635 1778 2709; baseline 0.005 -24"><span class='ocrx_word' id='word_1_324' title='bbox 222 2635 494 2705; x_wconf 78' lang='grc' dir='ltr'>πλέκομεν</span> <span class='ocrx_word' id='word_1_325' title='bbox 524 2639 644 2698; x_wconf 84' lang='grc' dir='ltr'>ταῖς</span> <span class='ocrx_word' id='word_1_326' title='bbox 677 2637 739 2699; x_wconf 79' lang='grc' dir='ltr'>ιζ’</span> <span class='ocrx_word' id='word_1_327' title='bbox 772 2637 862 2689; x_wconf 80' lang='grc' dir='ltr'>τοῦ</span> <span class='ocrx_word' id='word_1_328' title='bbox 904 2638 1175 2708; x_wconf 80' lang='grc' dir='ltr'>’Δπριλίου</span> <span class='ocrx_word' id='word_1_329' title='bbox 1209 2638 1372 2709; x_wconf 79' lang='grc' dir='ltr'>μηνὸς</span> <span class='ocrx_word' id='word_1_330' title='bbox 1399 2640 1651 2709; x_wconf 78' lang='grc' dir='ltr'>ἡμέραις,</span> <span class='ocrx_word' id='word_1_331' title='bbox 1686 2641 1778 2693; x_wconf 79' lang='grc' dir='ltr'>καὶ</span> 
     </span>
    </p>
   </div>
   <div class='ocr_carea' id='block_1_44' title="bbox 221 2724 1778 2799">
    <p class='ocr_par' dir='ltr' id='par_1_44' title="bbox 221 2724 1778 2799">
     <span class='ocr_line' id='line_1_44' title="bbox 221 2724 1778 2799; baseline 0.006 -26"><span class='ocrx_word' id='word_1_332' title='bbox 221 2724 306 2785; x_wconf 83' lang='grc' dir='ltr'>εἰς</span> <span class='ocrx_word' id='word_1_333' title='bbox 328 2724 419 2775; x_wconf 84' lang='grc' dir='ltr'>τὸν</span> <span class='ocrx_word' id='word_1_334' title='bbox 450 2724 494 2786; x_wconf 77' lang='grc' dir='ltr'>ζ’</span> <span class='ocrx_word' id='word_1_335' title='bbox 528 2725 816 2794; x_wconf 78' lang='grc' dir='ltr'>μερίζομεν</span> <span class='ocrx_word' id='word_1_336' title='bbox 836 2743 848 2753; x_wconf 91' lang='grc'>·</span> <span class='ocrx_word' id='word_1_337' title='bbox 885 2729 993 2779; x_wconf 83' lang='grc' dir='ltr'>κάκ</span> <span class='ocrx_word' id='word_1_338' title='bbox 1018 2727 1124 2779; x_wconf 88' lang='grc' dir='ltr'>τῶν</span> <span class='ocrx_word' id='word_1_339' title='bbox 1159 2728 1540 2797; x_wconf 85' lang='grc' dir='ltr'>ἁπομενουσῶν</span> <span class='ocrx_word' id='word_1_340' title='bbox 1568 2730 1658 2782; x_wconf 86' lang='grc' dir='ltr'>δύο</span> <span class='ocrx_word' id='word_1_341' title='bbox 1682 2732 1778 2799; x_wconf 74' lang='grc' dir='ltr'>τὴν</span> 
     </span>
    </p>
   </div>
   <div class='ocr_carea' id='block_1_45' title="bbox 218 2815 1777 2893">
    <p class='ocr_par' dir='ltr' id='par_1_45' title="bbox 218 2815 1777 2893">
     <span class='ocr_line' id='line_1_45' title="bbox 218 2815 1777 2893; baseline 0.006 -28"><span class='ocrx_word' id='word_1_342' title='bbox 218 2816 324 2884; x_wconf 77' lang='grc' dir='ltr'>τῆς</span> <span class='ocrx_word' id='word_1_343' title='bbox 353 2815 645 2886; x_wconf 79' lang='grc' dir='ltr'>ἑϐδομάδος</span> <span class='ocrx_word' id='word_1_344' title='bbox 689 2818 897 2888; x_wconf 85' lang='grc' dir='ltr'>ἡμέραν</span> <span class='ocrx_word' id='word_1_345' title='bbox 930 2818 1288 2889; x_wconf 86' lang='grc' dir='ltr'>γινώσκομεν,</span> <span class='ocrx_word' id='word_1_346' title='bbox 1324 2822 1402 2883; x_wconf 89' lang='grc' dir='ltr'>εἰς</span> <span class='ocrx_word' id='word_1_347' title='bbox 1437 2824 1501 2893; x_wconf 79' lang='grc' dir='ltr'>ἣν</span> <span class='ocrx_word' id='word_1_348' title='bbox 1545 2822 1777 2891; x_wconf 81' lang='grc' dir='ltr'>Ἑϐραῖοι</span> 
     </span>
    </p>
   </div>
   <div class='ocr_carea' id='block_1_46' title="bbox 218 2906 1775 2986">
    <p class='ocr_par' dir='ltr' id='par_1_46' title="bbox 218 2906 1775 2986">
     <span class='ocr_line' id='line_1_46' title="bbox 218 2906 1775 2986; baseline 0.006 -28"><span class='ocrx_word' id='word_1_349' title='bbox 218 2906 287 2958; x_wconf 78' lang='grc' dir='ltr'>τὸ</span> <span class='ocrx_word' id='word_1_350' title='bbox 332 2908 519 2978; x_wconf 82' lang='grc' dir='ltr'>Πάσχα</span> <span class='ocrx_word' id='word_1_351' title='bbox 556 2909 784 2962; x_wconf 80' lang='grc' dir='ltr'>τελοῦσι.</span> <span class='ocrx_word' id='word_1_352' title='bbox 838 2912 927 2963; x_wconf 84' lang='grc' dir='ltr'>Διὸ</span> <span class='ocrx_word' id='word_1_353' title='bbox 978 2914 1041 2981; x_wconf 83' lang='grc' dir='ltr'>τῇ</span> <span class='ocrx_word' id='word_1_354' title='bbox 1092 2912 1196 2982; x_wconf 77' lang='grc' dir='ltr'>πρὸ</span> <span class='ocrx_word' id='word_1_355' title='bbox 1247 2912 1464 2985; x_wconf 80' lang='grc' dir='ltr'>ταύτης,</span> <span class='ocrx_word' id='word_1_356' title='bbox 1502 2916 1665 2985; x_wconf 77' lang='grc' dir='ltr'>ἡγουν</span> <span class='ocrx_word' id='word_1_357' title='bbox 1711 2919 1775 2986; x_wconf 82' lang='grc' dir='ltr'>τῇ</span> 
     </span>
    </p>
   </div>
   <div class='ocr_carea' id='block_1_47' title="bbox 218 2997 1779 3079">
    <p class='ocr_par' dir='ltr' id='par_1_47' title="bbox 218 2997 1779 3079">
     <span class='ocr_line' id='line_1_47' title="bbox 218 2997 1779 3079; baseline 0.008 -30"><span class='ocrx_word' id='word_1_358' title='bbox 218 2997 356 3068; x_wconf 70' lang='grc' dir='ltr'>ἁγίᾳ.</span> <span class='ocrx_word' id='word_1_359' title='bbox 390 3002 656 3071; x_wconf 75' lang='grc' dir='ltr'>κυριακῇ,</span> <span class='ocrx_word' id='word_1_360' title='bbox 704 3008 745 3053; x_wconf 92' lang='grc' dir='ltr'>ε’</span> <span class='ocrx_word' id='word_1_361' title='bbox 783 3004 875 3055; x_wconf 77' lang='grc' dir='ltr'>καὶ</span> <span class='ocrx_word' id='word_1_362' title='bbox 926 3010 955 3069; x_wconf 78' lang='grc' dir='ltr'>ι’</span> <span class='ocrx_word' id='word_1_363' title='bbox 1003 3006 1195 3058; x_wconf 77' lang='grc' dir='ltr'>ἐκεῖνοι</span> <span class='ocrx_word' id='word_1_364' title='bbox 1232 3004 1323 3057; x_wconf 78' lang='grc' dir='ltr'>τοῦ</span> <span class='ocrx_word' id='word_1_365' title='bbox 1357 3006 1585 3074; x_wconf 65' lang='grc' dir='ltr'>φέγγους</span> <span class='ocrx_word' id='word_1_366' title='bbox 1614 3008 1779 3079; x_wconf 61' lang='grc' dir='ltr'>ψηψί-</span> 
     </span>
    </p>
   </div>
   <div class='ocr_carea' id='block_1_48' title="bbox 220 3088 1776 3173">
    <p class='ocr_par' dir='ltr' id='par_1_48' title="bbox 220 3088 1776 3173">
     <span class='ocr_line' id='line_1_48' title="bbox 220 3088 1776 3173; baseline 0.008 -32"><span class='ocrx_word' id='word_1_367' title='bbox 220 3088 425 3154; x_wconf 80' lang='grc' dir='ltr'>ζοντες,</span> <span class='ocrx_word' id='word_1_368' title='bbox 477 3092 580 3163; x_wconf 86' lang='grc' dir='ltr'>πρὸ</span> <span class='ocrx_word' id='word_1_369' title='bbox 628 3092 719 3145; x_wconf 75' lang='grc' dir='ltr'>τοῦ</span> <span class='ocrx_word' id='word_1_370' title='bbox 771 3094 1050 3164; x_wconf 80' lang='grc' dir='ltr'>Ἐϐραῖκοῦ</span> <span class='ocrx_word' id='word_1_371' title='bbox 1092 3096 1151 3148; x_wconf 84' lang='grc' dir='ltr'>τὸ</span> <span class='ocrx_word' id='word_1_372' title='bbox 1178 3097 1315 3149; x_wconf 73' lang='grc' dir='ltr'>κατὰ</span> <span class='ocrx_word' id='word_1_373' title='bbox 1359 3099 1609 3167; x_wconf 82' lang='grc' dir='ltr'>Χριστὸν,</span> <span class='ocrx_word' id='word_1_374' title='bbox 1642 3101 1776 3173; x_wconf 83' lang='grc' dir='ltr'>ὅπερ</span> 
     </span>
    </p>
   </div>
   <div class='ocr_carea' id='block_1_49' title="bbox 1882 1998 3418 2069">
    <p class='ocr_par' dir='ltr' id='par_1_49' title="bbox 1882 1998 3418 2069">
     <span class='ocr_line' id='line_1_49' title="bbox 1882 1998 3418 2069; baseline 0 -18"><span class='ocrx_word' id='word_1_375' title='bbox 1882 2000 1935 2052; x_wconf 92' lang='lat' dir='ltr'>in</span> <span class='ocrx_word' id='word_1_376' title='bbox 1978 1998 2152 2067; x_wconf 89' lang='lat' dir='ltr'><strong>primo</strong></span> <span class='ocrx_word' id='word_1_377' title='bbox 2184 2000 2301 2067; x_wconf 88' lang='lat' dir='ltr'><strong>ejus</strong></span> <span class='ocrx_word' id='word_1_378' title='bbox 2340 1999 2511 2068; x_wconf 91' lang='lat' dir='ltr'><strong>cyclo,</strong></span> <span class='ocrx_word' id='word_1_379' title='bbox 2537 2001 2748 2053; x_wconf 90' lang='lat' dir='ltr'><strong>numeri</strong></span> <span class='ocrx_word' id='word_1_380' title='bbox 2783 2000 3024 2069; x_wconf 81' lang='lat' dir='ltr'><strong>ejusdem</strong></span> <span class='ocrx_word' id='word_1_381' title='bbox 3061 2016 3184 2054; x_wconf 87' lang='lat' dir='ltr'>cum</span> <span class='ocrx_word' id='word_1_382' title='bbox 3228 2000 3418 2064; x_wconf 85' lang='lat' dir='ltr'><strong>lunari,</strong></span> 
     </span>
    </p>
   </div>
   <div class='ocr_carea' id='block_1_50' title="bbox 1878 2089 3421 2159">
    <p class='ocr_par' dir='ltr' id='par_1_50' title="bbox 1878 2089 3421 2159">
     <span class='ocr_line' id='line_1_50' title="bbox 1878 2089 3421 2159; baseline 0.002 -17"><span class='ocrx_word' id='word_1_383' title='bbox 1878 2089 1980 2142; x_wconf 90' lang='lat' dir='ltr'>hoc</span> <span class='ocrx_word' id='word_1_384' title='bbox 2011 2097 2094 2143; x_wconf 90' lang='lat' dir='ltr'>est</span> <span class='ocrx_word' id='word_1_385' title='bbox 2124 2105 2231 2151; x_wconf 80' lang='lat' dir='ltr'><strong>xvi,</strong></span> <span class='ocrx_word' id='word_1_386' title='bbox 2262 2105 2419 2159; x_wconf 88' lang='lat' dir='ltr'><strong>quem</strong></span> <span class='ocrx_word' id='word_1_387' title='bbox 2450 2091 2516 2142; x_wconf 86' lang='lat' dir='ltr'>ad</span> <span class='ocrx_word' id='word_1_388' title='bbox 2538 2090 2783 2143; x_wconf 82' lang='lat' dir='ltr'><strong>dextram</strong></span> <span class='ocrx_word' id='word_1_389' title='bbox 2814 2092 2942 2143; x_wconf 85' lang='lat' dir='ltr'><strong>anni</strong></span> <span class='ocrx_word' id='word_1_390' title='bbox 2986 2092 3146 2146; x_wconf 91' lang='lat' dir='ltr'><strong>istius</strong></span> <span class='ocrx_word' id='word_1_391' title='bbox 3171 2092 3331 2156; x_wconf 69' lang='lat' dir='ltr'><strong>lunae,</strong></span> <span class='ocrx_word' id='word_1_392' title='bbox 3362 2106 3421 2145; x_wconf 87' lang='lat' dir='ltr'>ac</span> 
     </span>
    </p>
   </div>
   <div class='ocr_carea' id='block_1_51' title="bbox 1879 2176 3424 2252">
    <p class='ocr_par' dir='ltr' id='par_1_51' title="bbox 1879 2176 3424 2252">
     <span class='ocr_line' id='line_1_51' title="bbox 1879 2176 3424 2252; baseline 0.003 -21"><span class='ocrx_word' id='word_1_393' title='bbox 1879 2195 2043 2249; x_wconf 88' lang='lat' dir='ltr'><strong>prope</strong></span> <span class='ocrx_word' id='word_1_394' title='bbox 2071 2180 2246 2248; x_wconf 89' lang='lat' dir='ltr'><strong>ipsum</strong></span> <span class='ocrx_word' id='word_1_395' title='bbox 2275 2182 2507 2249; x_wconf 85' lang='lat' dir='ltr'><strong>positum</strong></span> <span class='ocrx_word' id='word_1_396' title='bbox 2539 2196 2659 2236; x_wconf 91' lang='lat' dir='ltr'><strong>esse</strong></span> <span class='ocrx_word' id='word_1_397' title='bbox 2682 2181 2984 2236; x_wconf 91' lang='lat' dir='ltr'><strong>docuimus.</strong></span> <span class='ocrx_word' id='word_1_398' title='bbox 3013 2180 3184 2251; x_wconf 89' lang='lat' dir='ltr'><strong>Hujus</strong></span> <span class='ocrx_word' id='word_1_399' title='bbox 3208 2176 3424 2252; x_wconf 87' lang='lat' dir='ltr'><strong>cpaclas</strong></span> 
     </span>
    </p>
   </div>
   <div class='ocr_carea' id='block_1_52' title="bbox 1880 2271 3424 2342">
    <p class='ocr_par' dir='ltr' id='par_1_52' title="bbox 1880 2271 3424 2342">
     <span class='ocr_line' id='line_1_52' title="bbox 1880 2271 3424 2342; baseline 0.001 -17"><span class='ocrx_word' id='word_1_400' title='bbox 1880 2274 1935 2326; x_wconf 90' lang='lat' dir='ltr'>in</span> <span class='ocrx_word' id='word_1_401' title='bbox 1988 2272 2225 2327; x_wconf 91' lang='lat' dir='ltr'><strong>secundo</strong></span> <span class='ocrx_word' id='word_1_402' title='bbox 2270 2279 2398 2326; x_wconf 76' lang='lat' dir='ltr'><strong>rotae</strong></span> <span class='ocrx_word' id='word_1_403' title='bbox 2431 2272 2637 2325; x_wconf 88' lang='lat' dir='ltr'><strong>circulo</strong></span> <span class='ocrx_word' id='word_1_404' title='bbox 2669 2271 2989 2342; x_wconf 87' lang='lat' dir='ltr'><strong>descriptas,</strong></span> <span class='ocrx_word' id='word_1_405' title='bbox 3039 2288 3159 2341; x_wconf 76' lang='lat' dir='ltr'><strong>qua:</strong></span> <span class='ocrx_word' id='word_1_406' title='bbox 3188 2282 3314 2327; x_wconf 90' lang='lat' dir='ltr'><strong>sunt</strong></span> <span class='ocrx_word' id='word_1_407' title='bbox 3348 2290 3424 2338; x_wconf 83' lang='lat' dir='ltr'>vi,</span> 
     </span>
    </p>
   </div>
   <div class='ocr_carea' id='block_1_53' title="bbox 1880 2363 3425 2433">
    <p class='ocr_par' dir='ltr' id='par_1_53' title="bbox 1880 2363 3425 2433">
     <span class='ocr_line' id='line_1_53' title="bbox 1880 2363 3425 2433; baseline 0 -17"><span class='ocrx_word' id='word_1_408' title='bbox 1880 2363 2128 2418; x_wconf 88' lang='lat' dir='ltr'><strong>addimus</strong></span> <span class='ocrx_word' id='word_1_409' title='bbox 2171 2380 2283 2417; x_wconf 83' lang='lat' dir='ltr'>xvn</span> <span class='ocrx_word' id='word_1_410' title='bbox 2318 2363 2519 2432; x_wconf 79' lang='lat' dir='ltr'><strong>Aprilis</strong></span> <span class='ocrx_word' id='word_1_411' title='bbox 2568 2363 2793 2428; x_wconf 85' lang='lat' dir='ltr'><strong>diebus;</strong></span> <span class='ocrx_word' id='word_1_412' title='bbox 2835 2378 2895 2415; x_wconf 88' lang='lat' dir='ltr'>ac</span> <span class='ocrx_word' id='word_1_413' title='bbox 2915 2370 3086 2416; x_wconf 89' lang='lat' dir='ltr'><strong>totum</strong></span> <span class='ocrx_word' id='word_1_414' title='bbox 3117 2363 3169 2416; x_wconf 91' lang='lat' dir='ltr'>in</span> <span class='ocrx_word' id='word_1_415' title='bbox 3199 2378 3271 2415; x_wconf 73' lang='grc' dir='ltr'>ιιι</span> <span class='ocrx_word' id='word_1_416' title='bbox 3304 2379 3425 2433; x_wconf 89' lang='lat' dir='ltr'><strong>par-</strong></span> 
     </span>
    </p>
   </div>
   <div class='ocr_carea' id='block_1_54' title="bbox 1880 2454 3423 2524">
    <p class='ocr_par' dir='ltr' id='par_1_54' title="bbox 1880 2454 3423 2524">
     <span class='ocr_line' id='line_1_54' title="bbox 1880 2454 3423 2524; baseline 0.001 -17"><span class='ocrx_word' id='word_1_417' title='bbox 1880 2457 2063 2509; x_wconf 91' lang='lat' dir='ltr'><strong>timur.</strong></span> <span class='ocrx_word' id='word_1_418' title='bbox 2100 2455 2200 2519; x_wconf 86' lang='lat' dir='ltr'>Qui</span> <span class='ocrx_word' id='word_1_419' title='bbox 2228 2456 2465 2524; x_wconf 85' lang='lat' dir='ltr'><strong>reliquus</strong></span> <span class='ocrx_word' id='word_1_420' title='bbox 2496 2464 2579 2509; x_wconf 91' lang='lat' dir='ltr'>est</span> <span class='ocrx_word' id='word_1_421' title='bbox 2614 2456 2853 2508; x_wconf 74' lang='lat' dir='ltr'><strong>liinarius</strong></span> <span class='ocrx_word' id='word_1_422' title='bbox 2887 2455 3073 2507; x_wconf 84' lang='lat' dir='ltr'><strong>feriam</strong></span> <span class='ocrx_word' id='word_1_423' title='bbox 3105 2454 3341 2521; x_wconf 79' lang='lat' dir='ltr'><strong>exhibet,</strong></span> <span class='ocrx_word' id='word_1_424' title='bbox 3368 2456 3423 2509; x_wconf 90' lang='lat' dir='ltr'><strong>in</strong></span> 
     </span>
    </p>
   </div>
   <div class='ocr_carea' id='block_1_55' title="bbox 1878 2544 3423 2613">
    <p class='ocr_par' dir='ltr' id='par_1_55' title="bbox 1878 2544 3423 2613">
     <span class='ocr_line' id='line_1_55' title="bbox 1878 2544 3423 2613; baseline 0.001 -15"><span class='ocrx_word' id='word_1_425' title='bbox 1878 2560 1983 2613; x_wconf 90' lang='lat' dir='ltr'>qua</span> <span class='ocrx_word' id='word_1_426' title='bbox 2011 2544 2180 2599; x_wconf 62' lang='lat' dir='ltr'><strong>Judaei</strong></span> <span class='ocrx_word' id='word_1_427' title='bbox 2218 2544 2425 2600; x_wconf 78' lang='lat' dir='ltr'><strong>Pascha</strong></span> <span class='ocrx_word' id='word_1_428' title='bbox 2454 2547 2749 2599; x_wconf 87' lang='lat' dir='ltr'><strong>celebrant.</strong></span> <span class='ocrx_word' id='word_1_429' title='bbox 2774 2546 2853 2599; x_wconf 92' lang='lat' dir='ltr'><strong>Ob</strong></span> <span class='ocrx_word' id='word_1_430' title='bbox 2883 2545 2934 2597; x_wconf 88' lang='lat' dir='ltr'>id</span> <span class='ocrx_word' id='word_1_431' title='bbox 2966 2545 3313 2601; x_wconf 85' lang='lat' dir='ltr'><strong>antecedente</strong></span> <span class='ocrx_word' id='word_1_432' title='bbox 3346 2546 3423 2599; x_wconf 92' lang='lat' dir='ltr'><strong>illi</strong></span> 
     </span>
    </p>
   </div>
   <div class='ocr_carea' id='block_1_56' title="bbox 1878 2634 3423 2707">
    <p class='ocr_par' dir='ltr' id='par_1_56' title="bbox 1878 2634 3423 2707">
     <span class='ocr_line' id='line_1_56' title="bbox 1878 2634 3423 2707; baseline 0.003 -19"><span class='ocrx_word' id='word_1_433' title='bbox 1878 2636 1985 2702; x_wconf 90' lang='lat' dir='ltr'><strong>die,</strong></span> <span class='ocrx_word' id='word_1_434' title='bbox 2041 2636 2295 2688; x_wconf 87' lang='lat' dir='ltr'><strong>nimirum</strong></span> <span class='ocrx_word' id='word_1_435' title='bbox 2344 2634 2663 2700; x_wconf 89' lang='lat' dir='ltr'><strong>Dominica,</strong></span> <span class='ocrx_word' id='word_1_436' title='bbox 2707 2651 2776 2688; x_wconf 84' lang='lat' dir='ltr'>xv</span> <span class='ocrx_word' id='word_1_437' title='bbox 2832 2636 2974 2691; x_wconf 76' lang='lat' dir='ltr'><strong>lunae</strong></span> <span class='ocrx_word' id='word_1_438' title='bbox 3022 2647 3423 2707; x_wconf 78' lang='lat' dir='ltr'><strong>computantes‘,</strong></span> 
     </span>
    </p>
   </div>
   <div class='ocr_carea' id='block_1_57' title="bbox 1879 2723 3427 2803">
    <p class='ocr_par' dir='ltr' id='par_1_57' title="bbox 1879 2723 3427 2803">
     <span class='ocr_line' id='line_1_57' title="bbox 1879 2723 3427 2803; baseline 0.004 -26"><span class='ocrx_word' id='word_1_439' title='bbox 1879 2736 2001 2779; x_wconf 86' lang='lat' dir='ltr'><strong>ante</strong></span> <span class='ocrx_word' id='word_1_440' title='bbox 2038 2724 2319 2778; x_wconf 82' lang='lat' dir='ltr'><strong>Judaicum</strong></span> <span class='ocrx_word' id='word_1_441' title='bbox 2361 2723 2588 2790; x_wconf 87' lang='lat' dir='ltr'><strong>Pascha,</strong></span> <span class='ocrx_word' id='word_1_442' title='bbox 2633 2726 2775 2803; x_wconf 58' lang='lat' dir='ltr'><strong>quod</strong></span> <span class='ocrx_word' id='word_1_443' title='bbox 2823 2726 2975 2779; x_wconf 79' lang='lat' dir='ltr'><strong>nefas</strong></span> <span class='ocrx_word' id='word_1_444' title='bbox 3021 2737 3122 2789; x_wconf 92' lang='lat' dir='ltr'><strong>est,</strong></span> <span class='ocrx_word' id='word_1_445' title='bbox 3158 2728 3427 2783; x_wconf 86' lang='lat' dir='ltr'><strong>Christia-</strong></span> 
     </span>
    </p>
   </div>
   <div class='ocr_carea' id='block_1_58' title="bbox 1879 2814 3424 2888">
    <p class='ocr_par' dir='ltr' id='par_1_58' title="bbox 1879 2814 3424 2888">
     <span class='ocr_line' id='line_1_58' title="bbox 1879 2814 3424 2888; baseline 0.003 -19"><span class='ocrx_word' id='word_1_446' title='bbox 1879 2832 2006 2869; x_wconf 91' lang='lat' dir='ltr'>num</span> <span class='ocrx_word' id='word_1_447' title='bbox 2056 2824 2320 2870; x_wconf 85' lang='lat' dir='ltr'><strong>statuunt.</strong></span> <span class='ocrx_word' id='word_1_448' title='bbox 2370 2814 2665 2886; x_wconf 84' lang='lat' dir='ltr'><strong>Propterea</strong></span> <span class='ocrx_word' id='word_1_449' title='bbox 2698 2832 2798 2871; x_wconf 88' lang='lat' dir='ltr'>nos</span> <span class='ocrx_word' id='word_1_450' title='bbox 2840 2817 2984 2871; x_wconf 84' lang='lat' dir='ltr'><strong>hunc</strong></span> <span class='ocrx_word' id='word_1_451' title='bbox 3013 2819 3187 2888; x_wconf 88' lang='lat' dir='ltr'><strong>ipsum</strong></span> <span class='ocrx_word' id='word_1_452' title='bbox 3222 2836 3424 2874; x_wconf 86' lang='lat' dir='ltr'><strong>annum</strong></span> 
     </span>
    </p>
   </div>
   <div class='ocr_carea' id='block_1_59' title="bbox 1878 2908 3423 2979">
    <p class='ocr_par' dir='ltr' id='par_1_59' title="bbox 1878 2908 3423 2979">
     <span class='ocr_line' id='line_1_59' title="bbox 1878 2908 3423 2979; baseline 0.005 -17"><span class='ocrx_word' id='word_1_453' title='bbox 1878 2926 1988 2972; x_wconf 82' lang='lat' dir='ltr'><strong>xvi,</strong></span> <span class='ocrx_word' id='word_1_454' title='bbox 2022 2917 2079 2961; x_wconf 89' lang='lat' dir='ltr'>ut</span> <span class='ocrx_word' id='word_1_455' title='bbox 2105 2911 2214 2979; x_wconf 87' lang='lat' dir='ltr'>jam</span> <span class='ocrx_word' id='word_1_456' title='bbox 2250 2908 2451 2961; x_wconf 87' lang='lat' dir='ltr'><strong>dictum</strong></span> <span class='ocrx_word' id='word_1_457' title='bbox 2481 2919 2587 2972; x_wconf 89' lang='lat' dir='ltr'><strong>est,</strong></span> <span class='ocrx_word' id='word_1_458' title='bbox 2627 2909 2829 2978; x_wconf 90' lang='lat' dir='ltr'><strong>duplici</strong></span> <span class='ocrx_word' id='word_1_459' title='bbox 2869 2921 3068 2979; x_wconf 81' lang='lat' dir='ltr'><strong>puncto</strong></span> <span class='ocrx_word' id='word_1_460' title='bbox 3092 2914 3423 2969; x_wconf 80' lang='lat' dir='ltr'><strong>notavimus.</strong></span> 
     </span>
    </p>
   </div>
   <div class='ocr_carea' id='block_1_60' title="bbox 1878 3001 3413 3075">
    <p class='ocr_par' dir='ltr' id='par_1_60' title="bbox 1878 3001 3413 3075">
     <span class='ocr_line' id='line_1_60' title="bbox 1878 3001 3413 3075; baseline 0.004 -22"><span class='ocrx_word' id='word_1_461' title='bbox 1878 3002 1957 3053; x_wconf 90' lang='lat' dir='ltr'>Ad</span> <span class='ocrx_word' id='word_1_462' title='bbox 1984 3001 2129 3056; x_wconf 88' lang='lat' dir='ltr'><strong>hunc</strong></span> <span class='ocrx_word' id='word_1_463' title='bbox 2165 3004 2387 3055; x_wconf 85' lang='lat' dir='ltr'><strong>modum</strong></span> <span class='ocrx_word' id='word_1_464' title='bbox 2414 3016 2705 3055; x_wconf 88' lang='lat' dir='ltr'><strong>numerare</strong></span> <span class='ocrx_word' id='word_1_465' title='bbox 2735 3004 2987 3056; x_wconf 80' lang='lat' dir='ltr'><strong>convenit</strong></span> <span class='ocrx_word' id='word_1_466' title='bbox 3029 3004 3082 3057; x_wconf 91' lang='lat' dir='ltr'>in</span> <span class='ocrx_word' id='word_1_467' title='bbox 3122 3004 3296 3071; x_wconf 87' lang='lat' dir='ltr'><strong>primo</strong></span> <span class='ocrx_word' id='word_1_468' title='bbox 3330 3020 3413 3075; x_wconf 65' lang='lat' dir='ltr'>cy-</span> 
     </span>
    </p>
   </div>
   <div class='ocr_carea' id='block_1_61' title="bbox 1880 3092 3423 3163">
    <p class='ocr_par' dir='ltr' id='par_1_61' title="bbox 1880 3092 3423 3163">
     <span class='ocr_line' id='line_1_61' title="bbox 1880 3092 3423 3163; baseline 0.005 -20"><span class='ocrx_word' id='word_1_469' title='bbox 1880 3092 1965 3144; x_wconf 89' lang='lat' dir='ltr'>clo</span> <span class='ocrx_word' id='word_1_470' title='bbox 2008 3094 2166 3163; x_wconf 78' lang='lat'>186</span> <span class='ocrx_word' id='word_1_471' title='bbox 2190 3093 2666 3147; x_wconf 87' lang='lat' dir='ltr'><strong>deccmnovennali</strong></span> <span class='ocrx_word' id='word_1_472' title='bbox 2705 3108 2906 3147; x_wconf 91' lang='lat' dir='ltr'><strong>annum</strong></span> <span class='ocrx_word' id='word_1_473' title='bbox 2941 3094 3104 3148; x_wconf 87' lang='lat' dir='ltr'><strong>istum</strong></span> <span class='ocrx_word' id='word_1_474' title='bbox 3146 3095 3285 3150; x_wconf 71' lang='lat' dir='ltr'><strong>lunte</strong></span> <span class='ocrx_word' id='word_1_475' title='bbox 3314 3114 3423 3152; x_wconf 70' lang='lat' dir='ltr'><strong>xvn.</strong></span> 
     </span>
    </p>
   </div>
   <div class='ocr_carea' id='block_1_62' title="bbox 213 3181 1794 3281">
    <p class='ocr_par' dir='ltr' id='par_1_62' title="bbox 213 3181 1776 3264">
     <span class='ocr_line' id='line_1_62' title="bbox 213 3181 1776 3264; baseline 0.01 -33"><span class='ocrx_word' id='word_1_476' title='bbox 213 3181 285 3232; x_wconf 72' lang='grc' dir='ltr'>οὐ</span> <span class='ocrx_word' id='word_1_477' title='bbox 316 3181 488 3252; x_wconf 84' lang='grc' dir='ltr'>θέμις,</span> <span class='ocrx_word' id='word_1_478' title='bbox 518 3184 849 3247; x_wconf 80' lang='grc' dir='ltr'>κανονίζουσι</span> <span class='ocrx_word' id='word_1_479' title='bbox 880 3187 1085 3256; x_wconf 84' lang='grc' dir='ltr'>Πάσχα.</span> <span class='ocrx_word' id='word_1_480' title='bbox 1119 3188 1330 3259; x_wconf 79' lang='grc' dir='ltr'>Ταύτης</span> <span class='ocrx_word' id='word_1_481' title='bbox 1350 3186 1442 3241; x_wconf 82' lang='grc' dir='ltr'>οὖν</span> <span class='ocrx_word' id='word_1_482' title='bbox 1469 3191 1648 3246; x_wconf 77' lang='grc' dir='ltr'>ἕνεκεν</span> <span class='ocrx_word' id='word_1_483' title='bbox 1682 3195 1776 3264; x_wconf 80' lang='grc' dir='ltr'>τῆς</span> 
     </span>
    </p>
   </div>
   <div class='ocr_carea' id='block_1_63' title="bbox 1879 3181 3428 3281">
    <p class='ocr_par' dir='ltr' id='par_1_63' title="bbox 1879 3184 3428 3254">
     <span class='ocr_line' id='line_1_63' title="bbox 1879 3184 3428 3254; baseline 0.004 -17"><span class='ocrx_word' id='word_1_484' title='bbox 1879 3184 1995 3239; x_wconf 84' lang='lat' dir='ltr'>Jam</span> <span class='ocrx_word' id='word_1_485' title='bbox 2022 3200 2147 3238; x_wconf 79' lang='lat' dir='ltr'><strong>vero</strong></span> <span class='ocrx_word' id='word_1_486' title='bbox 2177 3187 2224 3238; x_wconf 89' lang='lat' dir='ltr'>si</span> <span class='ocrx_word' id='word_1_487' title='bbox 2254 3185 2310 3237; x_wconf 92' lang='lat' dir='ltr'><strong>in</strong></span> <span class='ocrx_word' id='word_1_488' title='bbox 2338 3186 2490 3254; x_wconf 87' lang='lat' dir='ltr'><strong>cyclo</strong></span> <span class='ocrx_word' id='word_1_489' title='bbox 2528 3185 3003 3240; x_wconf 85' lang='lat' dir='ltr'><strong>decemnovennali</strong></span> <span class='ocrx_word' id='word_1_490' title='bbox 3037 3202 3089 3239; x_wconf 86' lang='lat' dir='ltr'><strong>vI</strong></span> <span class='ocrx_word' id='word_1_491' title='bbox 3125 3188 3264 3243; x_wconf 89' lang='lat' dir='ltr'><strong>scire</strong></span> <span class='ocrx_word' id='word_1_492' title='bbox 3293 3187 3428 3243; x_wconf 88' lang='lat' dir='ltr'><strong>veli-</strong></span> 
     </span>
    </p>
   </div>
   <div class='ocr_carea' id='block_1_64' title="bbox 218 3271 1774 3353">
    <p class='ocr_par' dir='ltr' id='par_1_64' title="bbox 218 3271 1774 3353">
     <span class='ocr_line' id='line_1_64' title="bbox 218 3271 1774 3353; baseline 0.01 -28"><span class='ocrx_word' id='word_1_493' title='bbox 218 3274 434 3340; x_wconf 74' lang='grc' dir='ltr'>αἰτίας,</span> <span class='ocrx_word' id='word_1_494' title='bbox 497 3276 570 3339; x_wconf 84' lang='grc' dir='ltr'>ὡς</span> <span class='ocrx_word' id='word_1_495' title='bbox 627 3278 725 3346; x_wconf 82' lang='grc' dir='ltr'>ἡδη</span> <span class='ocrx_word' id='word_1_496' title='bbox 779 3277 1055 3342; x_wconf 85' lang='grc' dir='ltr'>λέλεκται,</span> <span class='ocrx_word' id='word_1_497' title='bbox 1110 3271 1257 3331; x_wconf 72' lang='grc' dir='ltr'>δυσὶν</span> <span class='ocrx_word' id='word_1_498' title='bbox 1315 3282 1774 3353; x_wconf 78' lang='grc' dir='ltr'>ὲπεσημηνάμεθα</span> 
     </span>
    </p>
   </div>
   <div class='ocr_carea' id='block_1_65' title="bbox 219 3368 1774 3445">
    <p class='ocr_par' dir='ltr' id='par_1_65' title="bbox 219 3368 1774 3445">
     <span class='ocr_line' id='line_1_65' title="bbox 219 3368 1774 3445; baseline 0.007 -28"><span class='ocrx_word' id='word_1_499' title='bbox 219 3371 474 3436; x_wconf 83' lang='grc' dir='ltr'>στιγμαῖς</span> <span class='ocrx_word' id='word_1_500' title='bbox 504 3368 561 3420; x_wconf 80' lang='grc' dir='ltr'>τὸ</span> <span class='ocrx_word' id='word_1_501' title='bbox 588 3370 716 3421; x_wconf 77' lang='grc' dir='ltr'>αὐτὸ</span> <span class='ocrx_word' id='word_1_502' title='bbox 745 3369 802 3433; x_wconf 87' lang='grc' dir='ltr'>ἒξ</span> <span class='ocrx_word' id='word_1_503' title='bbox 834 3370 925 3422; x_wconf 73' lang='grc' dir='ltr'>καὶ</span> <span class='ocrx_word' id='word_1_504' title='bbox 956 3378 984 3422; x_wconf 80' lang='grc' dir='ltr'>ι’</span> <span class='ocrx_word' id='word_1_505' title='bbox 1002 3371 1136 3434; x_wconf 76' lang='grc' dir='ltr'>ἔτος.</span> <span class='ocrx_word' id='word_1_506' title='bbox 1157 3372 1263 3424; x_wconf 71' lang='grc' dir='ltr'>Καὶ</span> <span class='ocrx_word' id='word_1_507' title='bbox 1288 3372 1459 3436; x_wconf 71' lang='grc' dir='ltr'>οὕτως</span> <span class='ocrx_word' id='word_1_508' title='bbox 1487 3376 1581 3442; x_wconf 87' lang='grc' dir='ltr'>μὲν</span> <span class='ocrx_word' id='word_1_509' title='bbox 1611 3392 1774 3445; x_wconf 84' lang='grc' dir='ltr'>προσ-</span> 
     </span>
    </p>
   </div>
   <div class='ocr_carea' id='block_1_66' title="bbox 216 3459 1774 3538">
    <p class='ocr_par' dir='ltr' id='par_1_66' title="bbox 216 3459 1774 3538">
     <span class='ocr_line' id='line_1_66' title="bbox 216 3459 1774 3538; baseline 0.006 -28"><span class='ocrx_word' id='word_1_510' title='bbox 216 3459 347 3528; x_wconf 82' lang='grc' dir='ltr'>ήκει</span> <span class='ocrx_word' id='word_1_511' title='bbox 383 3459 633 3527; x_wconf 69' lang='grc' dir='ltr'>ψηφίζειν</span> <span class='ocrx_word' id='word_1_512' title='bbox 684 3461 821 3515; x_wconf 75' lang='grc' dir='ltr'>κατὰ</span> <span class='ocrx_word' id='word_1_513' title='bbox 859 3463 957 3533; x_wconf 86' lang='grc' dir='ltr'>τὴν</span> <span class='ocrx_word' id='word_1_514' title='bbox 1006 3462 1227 3536; x_wconf 85' lang='grc' dir='ltr'>πρώτην</span> <span class='ocrx_word' id='word_1_515' title='bbox 1272 3468 1774 3538; x_wconf 73' lang='grc' dir='ltr'>ἐννεακαιδεκαετη-</span> 
     </span>
    </p>
   </div>
   <div class='ocr_carea' id='block_1_67' title="bbox 220 3549 1773 3625">
    <p class='ocr_par' dir='ltr' id='par_1_67' title="bbox 220 3549 1773 3625">
     <span class='ocr_line' id='line_1_67' title="bbox 220 3549 1773 3625; baseline 0.008 -25"><span class='ocrx_word' id='word_1_516' title='bbox 220 3549 343 3620; x_wconf 83' lang='grc' dir='ltr'>ρίδα</span> <span class='ocrx_word' id='word_1_517' title='bbox 385 3550 443 3601; x_wconf 83' lang='grc' dir='ltr'>τὸ</span> <span class='ocrx_word' id='word_1_518' title='bbox 471 3551 602 3603; x_wconf 79' lang='grc' dir='ltr'>αὐτὸ</span> <span class='ocrx_word' id='word_1_519' title='bbox 650 3551 708 3615; x_wconf 84' lang='grc' dir='ltr'>ἒξ</span> <span class='ocrx_word' id='word_1_520' title='bbox 757 3554 847 3605; x_wconf 85' lang='grc' dir='ltr'>καὶ</span> <span class='ocrx_word' id='word_1_521' title='bbox 888 3560 917 3605; x_wconf 88' lang='grc' dir='ltr'>ι’</span> <span class='ocrx_word' id='word_1_522' title='bbox 947 3555 1043 3624; x_wconf 75' lang='grc' dir='ltr'>τῆς</span> <span class='ocrx_word' id='word_1_523' title='bbox 1094 3556 1318 3625; x_wconf 79' lang='grc' dir='ltr'>σελήνης</span> <span class='ocrx_word' id='word_1_524' title='bbox 1351 3557 1498 3621; x_wconf 76' lang='grc' dir='ltr'>ἔτος·</span> <span class='ocrx_word' id='word_1_525' title='bbox 1536 3560 1673 3613; x_wconf 72' lang='grc' dir='ltr'>κατὰ</span> <span class='ocrx_word' id='word_1_526' title='bbox 1717 3561 1773 3613; x_wconf 85' lang='grc' dir='ltr'>δὲ</span> 
     </span>
    </p>
   </div>
   <div class='ocr_carea' id='block_1_68' title="bbox 214 3641 1775 3721">
    <p class='ocr_par' dir='ltr' id='par_1_68' title="bbox 214 3641 1775 3721">
     <span class='ocr_line' id='line_1_68' title="bbox 214 3641 1775 3721; baseline 0.007 -28"><span class='ocrx_word' id='word_1_527' title='bbox 214 3641 320 3711; x_wconf 84' lang='grc' dir='ltr'>τὴν</span> <span class='ocrx_word' id='word_1_528' title='bbox 355 3646 405 3705; x_wconf 78' lang='grc' dir='ltr'>ς’</span> <span class='ocrx_word' id='word_1_529' title='bbox 438 3644 1055 3716; x_wconf 81' lang='grc' dir='ltr'>ὲννεακαιδεκαετηρίδα,</span> <span class='ocrx_word' id='word_1_530' title='bbox 1087 3649 1133 3699; x_wconf 76' lang='grc' dir='ltr'>εἰ</span> <span class='ocrx_word' id='word_1_531' title='bbox 1168 3648 1327 3701; x_wconf 79' lang='grc' dir='ltr'>πάλιν</span> <span class='ocrx_word' id='word_1_532' title='bbox 1363 3650 1673 3721; x_wconf 78' lang='grc' dir='ltr'>θελήσωμεν</span> <span class='ocrx_word' id='word_1_533' title='bbox 1700 3655 1775 3703; x_wconf 82' lang='grc' dir='ltr'>εί-</span> 
     </span>
    </p>
   </div>
   <div class='ocr_carea' id='block_1_69' title="bbox 216 3735 1772 3812">
    <p class='ocr_par' dir='ltr' id='par_1_69' title="bbox 216 3735 1772 3812">
     <span class='ocr_line' id='line_1_69' title="bbox 216 3735 1772 3812; baseline 0.004 -24"><span class='ocrx_word' id='word_1_534' title='bbox 216 3735 367 3789; x_wconf 84' lang='grc' dir='ltr'>δέναι</span> <span class='ocrx_word' id='word_1_535' title='bbox 406 3736 533 3807; x_wconf 77' lang='grc' dir='ltr'>ποίᾳ</span> <span class='ocrx_word' id='word_1_536' title='bbox 556 3738 650 3807; x_wconf 80' lang='grc' dir='ltr'>τῆς</span> <span class='ocrx_word' id='word_1_537' title='bbox 675 3737 959 3807; x_wconf 78' lang='grc' dir='ltr'>ἑϐδομάδος</span> <span class='ocrx_word' id='word_1_538' title='bbox 989 3742 1168 3811; x_wconf 62' lang='grc' dir='ltr'>ἡμέρα.</span> <span class='ocrx_word' id='word_1_539' title='bbox 1193 3742 1291 3812; x_wconf 77' lang='grc' dir='ltr'>τὴν</span> <span class='ocrx_word' id='word_1_540' title='bbox 1341 3741 1400 3806; x_wconf 83' lang='grc' dir='ltr'>ἒξ</span> <span class='ocrx_word' id='word_1_541' title='bbox 1434 3743 1524 3795; x_wconf 75' lang='grc' dir='ltr'>καὶ</span> <span class='ocrx_word' id='word_1_542' title='bbox 1574 3751 1602 3795; x_wconf 83' lang='grc' dir='ltr'>ι’</span> <span class='ocrx_word' id='word_1_543' title='bbox 1632 3743 1772 3795; x_wconf 81' lang='grc' dir='ltr'>ἐκεῖ·</span> 
     </span>
    </p>
   </div>
   <div class='ocr_carea' id='block_1_70' title="bbox 216 3829 1837 3904">
    <p class='ocr_par' dir='ltr' id='par_1_70' title="bbox 216 3829 1837 3904">
     <span class='ocr_line' id='line_1_70' title="bbox 216 3829 1837 3904; baseline 0.005 -23"><span class='ocrx_word' id='word_1_544' title='bbox 216 3846 302 3882; x_wconf 74' lang='grc' dir='ltr'>ενοι</span> <span class='ocrx_word' id='word_1_545' title='bbox 342 3829 663 3901; x_wconf 68' lang='grc' dir='ltr'>ψηφίζουσιν</span> <span class='ocrx_word' id='word_1_546' title='bbox 714 3834 805 3884; x_wconf 76' lang='grc' dir='ltr'>ἐπὶ</span> <span class='ocrx_word' id='word_1_547' title='bbox 830 3832 924 3885; x_wconf 81' lang='grc' dir='ltr'>τοῦ</span> <span class='ocrx_word' id='word_1_548' title='bbox 969 3834 1128 3885; x_wconf 75' lang='grc' dir='ltr'>αὑτοῦ</span> <span class='ocrx_word' id='word_1_549' title='bbox 1180 3834 1349 3899; x_wconf 77' lang='grc' dir='ltr'>ἔτους,</span> <span class='ocrx_word' id='word_1_550' title='bbox 1397 3836 1558 3904; x_wconf 73' lang='grc' dir='ltr'>ἤγουν</span> <span class='ocrx_word' id='word_1_551' title='bbox 1590 3837 1681 3889; x_wconf 79' lang='grc' dir='ltr'>τοῦ</span> <span class='ocrx_word' id='word_1_552' title='bbox 1715 3837 1772 3903; x_wconf 86' lang='grc' dir='ltr'>ἓξ</span> <span class='ocrx_word' id='word_1_553' title='bbox 1830 3898 1837 3901; x_wconf 99' lang='lat'>_</span> 
     </span>
    </p>
   </div>
   <div class='ocr_carea' id='block_1_71' title="bbox 218 3923 1770 3997">
    <p class='ocr_par' dir='ltr' id='par_1_71' title="bbox 218 3923 1770 3997">
     <span class='ocr_line' id='line_1_71' title="bbox 218 3923 1770 3997; baseline 0.003 -22"><span class='ocrx_word' id='word_1_554' title='bbox 218 3924 316 3975; x_wconf 77' lang='grc' dir='ltr'>καὶ</span> <span class='ocrx_word' id='word_1_555' title='bbox 366 3929 416 3987; x_wconf 84' lang='grc' dir='ltr'>ι’,</span> <span class='ocrx_word' id='word_1_556' title='bbox 465 3923 557 3975; x_wconf 79' lang='grc' dir='ltr'>τοῦ</span> <span class='ocrx_word' id='word_1_557' title='bbox 614 3923 855 3987; x_wconf 85' lang='grc' dir='ltr'>συνόντος</span> <span class='ocrx_word' id='word_1_558' title='bbox 902 3926 1048 3995; x_wconf 80' lang='grc' dir='ltr'>αὐτῷ</span> <span class='ocrx_word' id='word_1_559' title='bbox 1097 3925 1155 3989; x_wconf 81' lang='grc' dir='ltr'>ἐξ</span> <span class='ocrx_word' id='word_1_560' title='bbox 1215 3926 1505 3995; x_wconf 80' lang='grc' dir='ltr'>εὐωνύμων</span> <span class='ocrx_word' id='word_1_561' title='bbox 1548 3927 1770 3997; x_wconf 72' lang='grc' dir='ltr'>ἡλιακοῦ</span> 
     </span>
    </p>
   </div>
   <div class='ocr_carea' id='block_1_72' title="bbox 218 4014 1773 4088">
    <p class='ocr_par' dir='ltr' id='par_1_72' title="bbox 218 4014 1773 4088">
     <span class='ocr_line' id='line_1_72' title="bbox 218 4014 1773 4088; baseline 0.002 -22"><span class='ocrx_word' id='word_1_562' title='bbox 218 4014 392 4079; x_wconf 68' lang='grc' dir='ltr'>ἔτους,</span> <span class='ocrx_word' id='word_1_563' title='bbox 434 4015 573 4083; x_wconf 86' lang='grc' dir='ltr'>λέγω</span> <span class='ocrx_word' id='word_1_564' title='bbox 620 4016 676 4068; x_wconf 84' lang='grc' dir='ltr'>δὲ</span> <span class='ocrx_word' id='word_1_565' title='bbox 721 4015 815 4068; x_wconf 80' lang='grc' dir='ltr'>τοῦ</span> <span class='ocrx_word' id='word_1_566' title='bbox 864 4016 943 4081; x_wconf 81' lang='grc' dir='ltr'>κζ’</span> <span class='ocrx_word' id='word_1_567' title='bbox 992 4018 1089 4086; x_wconf 86' lang='grc' dir='ltr'>τῆς</span> <span class='ocrx_word' id='word_1_568' title='bbox 1134 4017 1175 4069; x_wconf 79' lang='grc' dir='ltr'>δ’</span> <span class='ocrx_word' id='word_1_569' title='bbox 1229 4018 1773 4088; x_wconf 80' lang='grc' dir='ltr'>εἰκοσιοκταετηρίδος</span> 
     </span>
    </p>
   </div>
   <div class='ocr_carea' id='block_1_73' title="bbox 219 4105 1773 4177">
    <p class='ocr_par' dir='ltr' id='par_1_73' title="bbox 219 4105 1773 4177">
     <span class='ocr_line' id='line_1_73' title="bbox 219 4105 1773 4177; baseline 0.002 -20"><span class='ocrx_word' id='word_1_570' title='bbox 219 4105 573 4174; x_wconf 81' lang='grc' dir='ltr'>ὑπάρχοντος,</span> <span class='ocrx_word' id='word_1_571' title='bbox 625 4106 721 4169; x_wconf 81' lang='grc' dir='ltr'>τὰς</span> <span class='ocrx_word' id='word_1_572' title='bbox 766 4107 1004 4169; x_wconf 77' lang='grc' dir='ltr'>ἐπακτὰς</span> <span class='ocrx_word' id='word_1_573' title='bbox 1048 4107 1426 4177; x_wconf 84' lang='grc' dir='ltr'>λαμϐάνοντες,</span> <span class='ocrx_word' id='word_1_574' title='bbox 1474 4107 1638 4171; x_wconf 74' lang='grc' dir='ltr'>οὔσας</span> <span class='ocrx_word' id='word_1_575' title='bbox 1681 4108 1773 4160; x_wconf 81' lang='grc' dir='ltr'>τὸν</span> 
     </span>
    </p>
   </div>
   <div class='ocr_carea' id='block_1_74' title="bbox 217 4183 1771 4270">
    <p class='ocr_par' dir='ltr' id='par_1_74' title="bbox 217 4183 1771 4270">
     <span class='ocr_line' id='line_1_74' title="bbox 217 4183 1771 4270; baseline 0.002 -22"><span class='ocrx_word' id='word_1_576' title='bbox 217 4196 449 4267; x_wconf 79' lang='grc' dir='ltr'>ἀριθμὸν</span> <span class='ocrx_word' id='word_1_577' title='bbox 477 4205 536 4259; x_wconf 88' lang='grc' dir='ltr'>ε’,</span> <span class='ocrx_word' id='word_1_578' title='bbox 579 4201 644 4268; x_wconf 81' lang='grc' dir='ltr'>τῇ</span> <span class='ocrx_word' id='word_1_579' title='bbox 693 4200 826 4269; x_wconf 76' lang='grc' dir='ltr'>αὐτῇ</span> <span class='ocrx_word' id='word_1_580' title='bbox 870 4199 961 4251; x_wconf 74' lang='grc' dir='ltr'>τοῦ</span> <span class='ocrx_word' id='word_1_581' title='bbox 1004 4199 1272 4268; x_wconf 71' lang='grc' dir='ltr'>Ἃπριλέου</span> <span class='ocrx_word' id='word_1_582' title='bbox 1314 4199 1479 4270; x_wconf 80' lang='grc' dir='ltr'>μηνὸς</span> <span class='ocrx_word' id='word_1_583' title='bbox 1607 4200 1699 4252; x_wconf 74' lang='grc' dir='ltr'>καὶ</span> <span class='ocrx_word' id='word_1_584' title='bbox 1742 4207 1771 4251; x_wconf 81' lang='grc' dir='ltr'>ι’</span> 
     </span>
    </p>
   </div>
   <div class='ocr_carea' id='block_1_75' title="bbox 220 4288 1773 4361">
    <p class='ocr_par' dir='ltr' id='par_1_75' title="bbox 220 4288 1773 4361">
     <span class='ocr_line' id='line_1_75' title="bbox 220 4288 1773 4361; baseline 0.012 -23"><span class='ocrx_word' id='word_1_585' title='bbox 220 4288 606 4358; x_wconf 83' lang='grc' dir='ltr'>συμπλέκομεν</span> <span class='ocrx_word' id='word_1_586' title='bbox 626 4306 639 4318; x_wconf 78' lang='grc'><em>’</em></span> <span class='ocrx_word' id='word_1_587' title='bbox 670 4290 759 4341; x_wconf 79' lang='grc' dir='ltr'>καὶ</span> <span class='ocrx_word' id='word_1_588' title='bbox 790 4292 867 4353; x_wconf 87' lang='grc' dir='ltr'>εὶς</span> <span class='ocrx_word' id='word_1_589' title='bbox 896 4291 983 4343; x_wconf 82' lang='grc' dir='ltr'>τὸν</span> <span class='ocrx_word' id='word_1_590' title='bbox 1009 4290 1050 4353; x_wconf 78' lang='grc' dir='ltr'>ζ’</span> <span class='ocrx_word' id='word_1_591' title='bbox 1092 4291 1187 4353; x_wconf 75' lang='grc' dir='ltr'>τὰς</span> <span class='ocrx_word' id='word_1_592' title='bbox 1218 4291 1297 4359; x_wconf 74' lang='grc' dir='ltr'>κβ¹</span> <span class='ocrx_word' id='word_1_593' title='bbox 1334 4290 1661 4361; x_wconf 70' lang='grc' dir='ltr'>μερίζοντες,</span> <span class='ocrx_word' id='word_1_594' title='bbox 1710 4293 1773 4344; x_wconf 76' lang='grc' dir='ltr'><strong>ἐκ</strong></span> 
     </span>
    </p>
   </div>
   <div class='ocr_carea' id='block_1_76' title="bbox 217 4376 1773 4452">
    <p class='ocr_par' dir='ltr' id='par_1_76' title="bbox 217 4376 1773 4452">
     <span class='ocr_line' id='line_1_76' title="bbox 217 4376 1773 4452; baseline 0.004 -26"><span class='ocrx_word' id='word_1_595' title='bbox 217 4376 319 4445; x_wconf 78' lang='grc' dir='ltr'>τῆς</span> <span class='ocrx_word' id='word_1_596' title='bbox 351 4376 723 4448; x_wconf 83' lang='grc' dir='ltr'>ἀπομενούσης</span> <span class='ocrx_word' id='word_1_597' title='bbox 753 4381 1034 4450; x_wconf 82' lang='grc' dir='ltr'>Κυριακὴν</span> <span class='ocrx_word' id='word_1_598' title='bbox 1079 4381 1175 4451; x_wconf 82' lang='grc' dir='ltr'>τὴν</span> <span class='ocrx_word' id='word_1_599' title='bbox 1203 4383 1299 4451; x_wconf 81' lang='grc' dir='ltr'>τῆς</span> <span class='ocrx_word' id='word_1_600' title='bbox 1330 4380 1614 4450; x_wconf 75' lang='grc' dir='ltr'>ἑϐδομάδος</span> <span class='ocrx_word' id='word_1_601' title='bbox 1640 4384 1671 4452; x_wconf 88' lang='grc' dir='ltr'>ἡ</span> <span class='ocrx_word' id='word_1_602' title='bbox 1683 4382 1773 4451; x_wconf 80' lang='grc' dir='ltr'>μέ-</span> 
     </span>
    </p>
   </div>
   <div class='ocr_carea' id='block_1_77' title="bbox 222 4466 1772 4540">
    <p class='ocr_par' dir='ltr' id='par_1_77' title="bbox 222 4466 1772 4540">
     <span class='ocr_line' id='line_1_77' title="bbox 222 4466 1772 4540; baseline 0.004 -24"><span class='ocrx_word' id='word_1_603' title='bbox 222 4482 325 4534; x_wconf 88' lang='grc' dir='ltr'>ραν</span> <span class='ocrx_word' id='word_1_604' title='bbox 364 4466 705 4538; x_wconf 76' lang='grc' dir='ltr'>εὖρίσκομεν.</span> <span class='ocrx_word' id='word_1_605' title='bbox 744 4470 835 4521; x_wconf 84' lang='grc' dir='ltr'>Ἐκ</span> <span class='ocrx_word' id='word_1_606' title='bbox 875 4470 1076 4537; x_wconf 88' lang='grc' dir='ltr'>ταύτης</span> <span class='ocrx_word' id='word_1_607' title='bbox 1124 4472 1220 4539; x_wconf 83' lang='grc' dir='ltr'>μὲν</span> <span class='ocrx_word' id='word_1_608' title='bbox 1257 4466 1347 4522; x_wconf 76' lang='grc' dir='ltr'>οὖν</span> <span class='ocrx_word' id='word_1_609' title='bbox 1377 4472 1472 4540; x_wconf 82' lang='grc' dir='ltr'>τῆς</span> <span class='ocrx_word' id='word_1_610' title='bbox 1519 4472 1655 4524; x_wconf 71' lang='grc' dir='ltr'>κατὰ</span> <span class='ocrx_word' id='word_1_611' title='bbox 1685 4472 1772 4523; x_wconf 79' lang='grc' dir='ltr'>τὸν</span> 
     </span>
    </p>
   </div>
   <div class='ocr_carea' id='block_1_78' title="bbox 1880 3277 3424 3345">
    <p class='ocr_par' dir='ltr' id='par_1_78' title="bbox 1880 3277 3424 3345">
     <span class='ocr_line' id='line_1_78' title="bbox 1880 3277 3424 3345; baseline 0.003 -14"><span class='ocrx_word' id='word_1_612' title='bbox 1880 3293 2022 3340; x_wconf 87' lang='lat' dir='ltr'><strong>mus,</strong></span> <span class='ocrx_word' id='word_1_613' title='bbox 2059 3291 2296 3345; x_wconf 89' lang='lat' dir='ltr'><strong>quanam</strong></span> <span class='ocrx_word' id='word_1_614' title='bbox 2350 3278 2706 3333; x_wconf 84' lang='lat' dir='ltr'><strong>hebdomadis</strong></span> <span class='ocrx_word' id='word_1_615' title='bbox 2751 3277 2883 3333; x_wconf 81' lang='lat' dir='ltr'><strong>feria</strong></span> <span class='ocrx_word' id='word_1_616' title='bbox 2906 3278 3167 3333; x_wconf 90' lang='lat' dir='ltr'><strong>decimam</strong></span> <span class='ocrx_word' id='word_1_617' title='bbox 3217 3290 3424 3336; x_wconf 78' lang='lat' dir='ltr'><strong>sextam</strong></span> 
     </span>
    </p>
   </div>
   <div class='ocr_carea' id='block_1_79' title="bbox 1880 3360 3426 3442">
    <p class='ocr_par' dir='ltr' id='par_1_79' title="bbox 1880 3360 3426 3442">
     <span class='ocr_line' id='line_1_79' title="bbox 1880 3360 3426 3442; baseline 0.003 -20"><span class='ocrx_word' id='word_1_618' title='bbox 1880 3370 1956 3423; x_wconf 91' lang='lat' dir='ltr'><strong>illi</strong></span> <span class='ocrx_word' id='word_1_619' title='bbox 1990 3378 2271 3423; x_wconf 87' lang='lat' dir='ltr'><strong>numerent</strong></span> <span class='ocrx_word' id='word_1_620' title='bbox 2302 3372 2356 3423; x_wconf 86' lang='lat' dir='ltr'>in</span> <span class='ocrx_word' id='word_1_621' title='bbox 2385 3384 2525 3423; x_wconf 87' lang='lat' dir='ltr'><strong>anno</strong></span> <span class='ocrx_word' id='word_1_622' title='bbox 2556 3368 2743 3423; x_wconf 89' lang='lat' dir='ltr'><strong>eodem</strong></span> <span class='ocrx_word' id='word_1_623' title='bbox 2767 3360 2879 3435; x_wconf 80' lang='lat' dir='ltr'><strong>xvi,</strong></span> <span class='ocrx_word' id='word_1_624' title='bbox 2904 3371 3028 3423; x_wconf 91' lang='lat' dir='ltr'><strong>anni</strong></span> <span class='ocrx_word' id='word_1_625' title='bbox 3059 3372 3208 3435; x_wconf 89' lang='lat' dir='ltr'><strong>solis,</strong></span> <span class='ocrx_word' id='word_1_626' title='bbox 3235 3374 3324 3442; x_wconf 89' lang='lat' dir='ltr'>qui</span> <span class='ocrx_word' id='word_1_627' title='bbox 3358 3375 3426 3427; x_wconf 91' lang='lat' dir='ltr'>ad</span> 
     </span>
    </p>
   </div>
   <div class='ocr_carea' id='block_1_80' title="bbox 1878 3460 3427 3532">
    <p class='ocr_par' dir='ltr' id='par_1_80' title="bbox 1878 3460 3427 3532">
     <span class='ocr_line' id='line_1_80' title="bbox 1878 3460 3427 3532; baseline 0.001 -17"><span class='ocrx_word' id='word_1_628' title='bbox 1878 3463 1998 3530; x_wconf 89' lang='lat' dir='ltr'><strong>ejus</strong></span> <span class='ocrx_word' id='word_1_629' title='bbox 2031 3462 2306 3515; x_wconf 85' lang='lat' dir='ltr'><strong>sinistram</strong></span> <span class='ocrx_word' id='word_1_630' title='bbox 2347 3460 2555 3528; x_wconf 89' lang='lat' dir='ltr'><strong>positus</strong></span> <span class='ocrx_word' id='word_1_631' title='bbox 2594 3468 2697 3523; x_wconf 87' lang='lat' dir='ltr'><strong>est,</strong></span> <span class='ocrx_word' id='word_1_632' title='bbox 2731 3469 2784 3514; x_wconf 91' lang='lat' dir='ltr'>et</span> <span class='ocrx_word' id='word_1_633' title='bbox 2816 3472 2897 3515; x_wconf 84' lang='lat' dir='ltr'>est</span> <span class='ocrx_word' id='word_1_634' title='bbox 2939 3476 3089 3515; x_wconf 80' lang='lat' dir='ltr'><strong>xxvii</strong></span> <span class='ocrx_word' id='word_1_635' title='bbox 3118 3464 3251 3532; x_wconf 85' lang='lat' dir='ltr'><strong>cycli</strong></span> <span class='ocrx_word' id='word_1_636' title='bbox 3282 3465 3427 3519; x_wconf 82' lang='lat' dir='ltr'><strong>sola-</strong></span> 
     </span>
    </p>
   </div>
   <div class='ocr_carea' id='block_1_81' title="bbox 1879 3551 3426 3622">
    <p class='ocr_par' dir='ltr' id='par_1_81' title="bbox 1879 3551 3426 3622">
     <span class='ocr_line' id='line_1_81' title="bbox 1879 3551 3426 3622; baseline 0 -15"><span class='ocrx_word' id='word_1_637' title='bbox 1879 3554 1955 3607; x_wconf 90' lang='lat' dir='ltr'>ris</span> <span class='ocrx_word' id='word_1_638' title='bbox 2001 3568 2075 3615; x_wconf 83' lang='lat' dir='ltr'>iv,</span> <span class='ocrx_word' id='word_1_639' title='bbox 2111 3551 2384 3606; x_wconf 72' lang='lat' dir='ltr'><strong>sumenda:</strong></span> <span class='ocrx_word' id='word_1_640' title='bbox 2415 3559 2541 3605; x_wconf 91' lang='lat' dir='ltr'><strong>sunt</strong></span> <span class='ocrx_word' id='word_1_641' title='bbox 2572 3564 2775 3619; x_wconf 71' lang='lat' dir='ltr'><strong>epactze</strong></span> <span class='ocrx_word' id='word_1_642' title='bbox 2800 3568 2851 3613; x_wconf 82' lang='grc' dir='ltr'>ν,</span> <span class='ocrx_word' id='word_1_643' title='bbox 2902 3558 2954 3605; x_wconf 87' lang='lat' dir='ltr'>et</span> <span class='ocrx_word' id='word_1_644' title='bbox 2981 3552 3047 3605; x_wconf 87' lang='lat' dir='ltr'>ad</span> <span class='ocrx_word' id='word_1_645' title='bbox 3086 3569 3193 3605; x_wconf 83' lang='lat' dir='ltr'>xvu</span> <span class='ocrx_word' id='word_1_646' title='bbox 3224 3552 3426 3622; x_wconf 84' lang='lat' dir='ltr'><strong>Aprilis</strong></span> 
     </span>
    </p>
   </div>
   <div class='ocr_carea' id='block_1_82' title="bbox 1879 3642 3424 3714">
    <p class='ocr_par' dir='ltr' id='par_1_82' title="bbox 1879 3642 3424 3714">
     <span class='ocr_line' id='line_1_82' title="bbox 1879 3642 3424 3714; baseline 0.001 -17"><span class='ocrx_word' id='word_1_647' title='bbox 1879 3643 2195 3713; x_wconf 63' lang='lat' dir='ltr'><strong>adjiciendae</strong></span> <span class='ocrx_word' id='word_1_648' title='bbox 2226 3663 2236 3695; x_wconf 92' lang='lat'><strong>:</strong></span> <span class='ocrx_word' id='word_1_649' title='bbox 2270 3643 2392 3696; x_wconf 89' lang='lat' dir='ltr'><strong>inde</strong></span> <span class='ocrx_word' id='word_1_650' title='bbox 2425 3656 2690 3697; x_wconf 88' lang='lat' dir='ltr'><strong>summam</strong></span> <span class='ocrx_word' id='word_1_651' title='bbox 2733 3642 2943 3696; x_wconf 91' lang='lat' dir='ltr'><strong>dierum</strong></span> <span class='ocrx_word' id='word_1_652' title='bbox 2978 3660 3088 3697; x_wconf 65' lang='grc' dir='ltr'>χχιι</span> <span class='ocrx_word' id='word_1_653' title='bbox 3122 3661 3214 3714; x_wconf 88' lang='lat' dir='ltr'>per</span> <span class='ocrx_word' id='word_1_654' title='bbox 3240 3660 3315 3700; x_wconf 79' lang='lat' dir='ltr'>vn</span> <span class='ocrx_word' id='word_1_655' title='bbox 3340 3646 3424 3699; x_wconf 89' lang='lat' dir='ltr'>di—</span> 
     </span>
    </p>
   </div>
   <div class='ocr_carea' id='block_1_83' title="bbox 1879 3732 3427 3805">
    <p class='ocr_par' dir='ltr' id='par_1_83' title="bbox 1879 3732 3427 3805">
     <span class='ocr_line' id='line_1_83' title="bbox 1879 3732 3427 3805; baseline 0.002 -18"><span class='ocrx_word' id='word_1_656' title='bbox 1879 3733 2142 3795; x_wconf 83' lang='lat' dir='ltr'><strong>videntes,</strong></span> <span class='ocrx_word' id='word_1_657' title='bbox 2196 3733 2454 3801; x_wconf 87' lang='lat' dir='ltr'><strong>reliquam</strong></span> <span class='ocrx_word' id='word_1_658' title='bbox 2492 3732 2747 3788; x_wconf 79' lang='lat' dir='ltr'><strong>faciemus</strong></span> <span class='ocrx_word' id='word_1_659' title='bbox 2792 3733 3140 3795; x_wconf 88' lang='lat' dir='ltr'><strong>Dominicam,</strong></span> <span class='ocrx_word' id='word_1_660' title='bbox 3188 3752 3307 3805; x_wconf 73' lang='lat' dir='ltr'><strong>qua:</strong></span> <span class='ocrx_word' id='word_1_661' title='bbox 3344 3746 3427 3792; x_wconf 87' lang='lat' dir='ltr'>est</span> 
     </span>
    </p>
   </div>
   <div class='ocr_carea' id='block_1_84' title="bbox 1878 3825 3426 3897">
    <p class='ocr_par' dir='ltr' id='par_1_84' title="bbox 1878 3825 3426 3897">
     <span class='ocr_line' id='line_1_84' title="bbox 1878 3825 3426 3897; baseline 0.003 -17"><span class='ocrx_word' id='word_1_662' title='bbox 1878 3828 2023 3881; x_wconf 88' lang='lat' dir='ltr'><strong>illius</strong></span> <span class='ocrx_word' id='word_1_663' title='bbox 2039 3826 2144 3881; x_wconf 90' lang='lat' dir='ltr'><strong>diei</strong></span> <span class='ocrx_word' id='word_1_664' title='bbox 2172 3826 2322 3880; x_wconf 78' lang='lat' dir='ltr'><strong>feria.</strong></span> <span class='ocrx_word' id='word_1_665' title='bbox 2348 3825 2421 3879; x_wconf 83' lang='lat' dir='ltr'>Ex</span> <span class='ocrx_word' id='word_1_666' title='bbox 2456 3827 2556 3880; x_wconf 84' lang='lat' dir='ltr'>hac</span> <span class='ocrx_word' id='word_1_667' title='bbox 2583 3826 2745 3897; x_wconf 82' lang='lat' dir='ltr'><strong>igitur</strong></span> <span class='ocrx_word' id='word_1_668' title='bbox 2770 3842 2879 3890; x_wconf 81' lang='lat' dir='ltr'><strong>xvi,</strong></span> <span class='ocrx_word' id='word_1_669' title='bbox 2906 3842 3064 3896; x_wconf 89' lang='lat' dir='ltr'><strong>quam</strong></span> <span class='ocrx_word' id='word_1_670' title='bbox 3095 3830 3169 3881; x_wconf 90' lang='lat' dir='ltr'><strong>illi</strong></span> <span class='ocrx_word' id='word_1_671' title='bbox 3198 3829 3252 3882; x_wconf 90' lang='lat' dir='ltr'>in</span> <span class='ocrx_word' id='word_1_672' title='bbox 3274 3840 3426 3884; x_wconf 86' lang='lat' dir='ltr'><strong>sexto</strong></span> 
     </span>
    </p>
   </div>
   <div class='ocr_carea' id='block_1_85' title="bbox 1878 3916 3425 3986">
    <p class='ocr_par' dir='ltr' id='par_1_85' title="bbox 1878 3916 3425 3986">
     <span class='ocr_line' id='line_1_85' title="bbox 1878 3916 3425 3986; baseline 0.001 -13"><span class='ocrx_word' id='word_1_673' title='bbox 1878 3918 2353 3973; x_wconf 81' lang='lat' dir='ltr'><strong>decemnovennali</strong></span> <span class='ocrx_word' id='word_1_674' title='bbox 2388 3918 2540 3986; x_wconf 89' lang='lat' dir='ltr'><strong>cyclo</strong></span> <span class='ocrx_word' id='word_1_675' title='bbox 2585 3925 2921 3985; x_wconf 85' lang='lat' dir='ltr'><strong>computant.</strong></span> <span class='ocrx_word' id='word_1_676' title='bbox 2951 3916 3318 3973; x_wconf 86' lang='lat' dir='ltr'><strong>Christianum</strong></span> <span class='ocrx_word' id='word_1_677' title='bbox 3358 3923 3425 3975; x_wconf 91' lang='lat' dir='ltr'>ab</span> 
     </span>
    </p>
   </div>
   <div class='ocr_carea' id='block_1_86' title="bbox 1880 3986 3426 4077">
    <p class='ocr_par' dir='ltr' id='par_1_86' title="bbox 1880 3986 3426 4077">
     <span class='ocr_line' id='line_1_86' title="bbox 1880 3986 3426 4077; baseline -0.001 -14"><span class='ocrx_word' id='word_1_678' title='bbox 1880 4011 1947 4063; x_wconf 85' lang='lat' dir='ltr'>iis</span> <span class='ocrx_word' id='word_1_679' title='bbox 1973 3986 2182 4063; x_wconf 79' lang='lat' dir='ltr'><strong>Pasclia</strong></span> <span class='ocrx_word' id='word_1_680' title='bbox 2217 4010 2269 4060; x_wconf 92' lang='lat' dir='ltr'>in</span> <span class='ocrx_word' id='word_1_681' title='bbox 2297 4022 2430 4061; x_wconf 78' lang='lat' dir='ltr'>xxm</span> <span class='ocrx_word' id='word_1_682' title='bbox 2461 4008 2598 4061; x_wconf 69' lang='lat' dir='ltr'><strong>lunae</strong></span> <span class='ocrx_word' id='word_1_683' title='bbox 2621 4007 2765 4062; x_wconf 87' lang='lat' dir='ltr'><strong>diem</strong></span> <span class='ocrx_word' id='word_1_684' title='bbox 2809 4006 3086 4062; x_wconf 84' lang='lat' dir='ltr'><strong>confertur</strong></span> <span class='ocrx_word' id='word_1_685' title='bbox 3120 4028 3131 4061; x_wconf 94' lang='lat'><strong>:</strong></span> <span class='ocrx_word' id='word_1_686' title='bbox 3170 4011 3426 4077; x_wconf 89' lang='lat' dir='ltr'><strong>quoniam</strong></span> 
     </span>
    </p>
   </div>
   <div class='ocr_carea' id='block_1_87' title="bbox 1879 4098 3425 4169">
    <p class='ocr_par' dir='ltr' id='par_1_87' title="bbox 1879 4098 3425 4169">
     <span class='ocr_line' id='line_1_87' title="bbox 1879 4098 3425 4169; baseline -0.001 -16"><span class='ocrx_word' id='word_1_687' title='bbox 1879 4102 1934 4153; x_wconf 89' lang='lat' dir='ltr'>in</span> <span class='ocrx_word' id='word_1_688' title='bbox 1963 4100 2335 4167; x_wconf 80' lang='lat' dir='ltr'><strong>insequentem</strong></span> <span class='ocrx_word' id='word_1_689' title='bbox 2378 4098 2710 4151; x_wconf 82' lang='lat' dir='ltr'><strong>Dominicam</strong></span> <span class='ocrx_word' id='word_1_690' title='bbox 2751 4098 3117 4152; x_wconf 78' lang='lat' dir='ltr'><strong>ecclesiastica</strong></span> <span class='ocrx_word' id='word_1_691' title='bbox 3152 4100 3203 4151; x_wconf 89' lang='lat' dir='ltr'><strong>id</strong></span> <span class='ocrx_word' id='word_1_692' title='bbox 3242 4101 3425 4169; x_wconf 79' lang='lat' dir='ltr'><strong>regula</strong></span> 
     </span>
    </p>
   </div>
   <div class='ocr_carea' id='block_1_88' title="bbox 1881 4188 3412 4259">
    <p class='ocr_par' dir='ltr' id='par_1_88' title="bbox 1881 4188 3412 4259">
     <span class='ocr_line' id='line_1_88' title="bbox 1881 4188 3412 4259; baseline 0 -16"><span class='ocrx_word' id='word_1_693' title='bbox 1881 4188 2165 4245; x_wconf 76' lang='lat' dir='ltr'><strong>transferri</strong></span> <span class='ocrx_word' id='word_1_694' title='bbox 2196 4190 2471 4259; x_wconf 69' lang='lat' dir='ltr'><strong>praecipit;</strong></span> <span class='ocrx_word' id='word_1_695' title='bbox 2499 4205 2565 4243; x_wconf 89' lang='lat' dir='ltr'>ex</span> <span class='ocrx_word' id='word_1_696' title='bbox 2592 4204 2655 4244; x_wconf 89' lang='lat' dir='ltr'>ea</span> <span class='ocrx_word' id='word_1_697' title='bbox 2680 4204 2824 4250; x_wconf 87' lang='lat' dir='ltr'><strong>vero,</strong></span> <span class='ocrx_word' id='word_1_698' title='bbox 2855 4204 3015 4257; x_wconf 83' lang='lat' dir='ltr'><strong>quam</strong></span> <span class='ocrx_word' id='word_1_699' title='bbox 3045 4191 3097 4242; x_wconf 92' lang='lat' dir='ltr'>in</span> <span class='ocrx_word' id='word_1_700' title='bbox 3125 4191 3297 4259; x_wconf 86' lang='lat' dir='ltr'><strong>prima</strong></span> <span class='ocrx_word' id='word_1_701' title='bbox 3331 4207 3412 4243; x_wconf 73' lang='lat' dir='ltr'>en.</span> 
     </span>
    </p>
   </div>
   <div class='ocr_carea' id='block_1_89' title="bbox 1878 4280 3424 4349">
    <p class='ocr_par' dir='ltr' id='par_1_89' title="bbox 1878 4280 3424 4349">
     <span class='ocr_line' id='line_1_89' title="bbox 1878 4280 3424 4349; baseline 0.001 -15"><span class='ocrx_word' id='word_1_702' title='bbox 1878 4281 2320 4336; x_wconf 88' lang='lat' dir='ltr'><strong>neadecaeteride</strong></span> <span class='ocrx_word' id='word_1_703' title='bbox 2344 4289 2650 4343; x_wconf 83' lang='lat' dir='ltr'><strong>numerant,</strong></span> <span class='ocrx_word' id='word_1_704' title='bbox 2681 4281 2824 4349; x_wconf 88' lang='lat' dir='ltr'><strong>quod</strong></span> <span class='ocrx_word' id='word_1_705' title='bbox 2858 4294 2919 4334; x_wconf 89' lang='lat' dir='ltr'>ea</span> <span class='ocrx_word' id='word_1_706' title='bbox 2956 4280 3246 4334; x_wconf 85' lang='lat' dir='ltr'><strong>secundam</strong></span> <span class='ocrx_word' id='word_1_707' title='bbox 3275 4282 3325 4334; x_wconf 92' lang='lat' dir='ltr'>in</span> <span class='ocrx_word' id='word_1_708' title='bbox 3350 4280 3424 4335; x_wconf 71' lang='grc' dir='ltr'>ΐο-</span> 
     </span>
    </p>
   </div>
   <div class='ocr_carea' id='block_1_90' title="bbox 1878 4370 3421 4441">
    <p class='ocr_par' dir='ltr' id='par_1_90' title="bbox 1878 4370 3421 4441">
     <span class='ocr_line' id='line_1_90' title="bbox 1878 4370 3421 4441; baseline -0.001 -16"><span class='ocrx_word' id='word_1_709' title='bbox 1878 4374 2015 4425; x_wconf 87' lang='lat' dir='ltr'><strong>riam</strong></span> <span class='ocrx_word' id='word_1_710' title='bbox 2054 4373 2277 4435; x_wconf 82' lang='lat' dir='ltr'><strong>incidat,</strong></span> <span class='ocrx_word' id='word_1_711' title='bbox 2324 4370 2532 4427; x_wconf 76' lang='lat' dir='ltr'><strong>Pascha</strong></span> <span class='ocrx_word' id='word_1_712' title='bbox 2562 4371 2617 4423; x_wconf 87' lang='lat' dir='ltr'><strong>in</strong></span> <span class='ocrx_word' id='word_1_713' title='bbox 2666 4386 2777 4424; x_wconf 82' lang='lat' dir='ltr'>xxu</span> <span class='ocrx_word' id='word_1_714' title='bbox 2812 4372 2949 4425; x_wconf 75' lang='lat' dir='ltr'><strong>luna:</strong></span> <span class='ocrx_word' id='word_1_715' title='bbox 2973 4372 3113 4426; x_wconf 91' lang='lat' dir='ltr'><strong>diem</strong></span> <span class='ocrx_word' id='word_1_716' title='bbox 3145 4371 3421 4441; x_wconf 89' lang='lat' dir='ltr'><strong>competit.</strong></span> 
     </span>
    </p>
   </div>
   <div class='ocr_carea' id='block_1_91' title="bbox 1880 4468 3427 4538">
    <p class='ocr_par' dir='ltr' id='par_1_91' title="bbox 1880 4468 3427 4538">
     <span class='ocr_line' id='line_1_91' title="bbox 1880 4468 3427 4538; baseline 0.001 -18"><span class='ocrx_word' id='word_1_717' title='bbox 1880 4468 1993 4521; x_wconf 86' lang='lat' dir='ltr'><strong>Hoc</strong></span> <span class='ocrx_word' id='word_1_718' title='bbox 2040 4469 2203 4536; x_wconf 81' lang='lat' dir='ltr'><strong>igitur</strong></span> <span class='ocrx_word' id='word_1_719' title='bbox 2234 4475 2393 4535; x_wconf 90' lang='lat' dir='ltr'><strong>pacto</strong></span> <span class='ocrx_word' id='word_1_720' title='bbox 2423 4468 2468 4521; x_wconf 91' lang='lat' dir='ltr'>si</span> <span class='ocrx_word' id='word_1_721' title='bbox 2498 4470 2622 4534; x_wconf 89' lang='lat' dir='ltr'><strong>quis</strong></span> <span class='ocrx_word' id='word_1_722' title='bbox 2653 4468 2809 4521; x_wconf 91' lang='lat' dir='ltr'><strong>annis</strong></span> <span class='ocrx_word' id='word_1_723' title='bbox 2836 4469 2995 4532; x_wconf 63' lang='lat' dir='ltr'><strong>lunae,</strong></span> <span class='ocrx_word' id='word_1_724' title='bbox 3047 4470 3137 4538; x_wconf 90' lang='lat' dir='ltr'>qui</span> <span class='ocrx_word' id='word_1_725' title='bbox 3178 4470 3231 4521; x_wconf 91' lang='lat' dir='ltr'>in</span> <span class='ocrx_word' id='word_1_726' title='bbox 3262 4484 3293 4521; x_wconf 76' lang='grc' dir='ltr'>ν</span> <span class='ocrx_word' id='word_1_727' title='bbox 3318 4470 3427 4521; x_wconf 87' lang='lat' dir='ltr'><strong>cir-</strong></span> 
     </span>
    </p>
   </div>
   <div class='ocr_carea' id='block_1_92' title="bbox 222 4558 1794 4634">
    <p class='ocr_par' dir='ltr' id='par_1_92' title="bbox 222 4559 1770 4634">
     <span class='ocr_line' id='line_1_92' title="bbox 222 4559 1770 4634; baseline 0.003 -22"><span class='ocrx_word' id='word_1_728' title='bbox 222 4566 280 4624; x_wconf 77' lang='grc' dir='ltr'>ς¹</span> <span class='ocrx_word' id='word_1_729' title='bbox 304 4559 898 4633; x_wconf 78' lang='grc' dir='ltr'>ὲννεακαιδεκαετηρίδα</span> <span class='ocrx_word' id='word_1_730' title='bbox 918 4564 1287 4634; x_wconf 67' lang='grc' dir='ltr'>ψηφιζομένης</span> <span class='ocrx_word' id='word_1_731' title='bbox 1314 4566 1492 4628; x_wconf 70' lang='grc' dir='ltr'>αὐτοῖς</span> <span class='ocrx_word' id='word_1_732' title='bbox 1522 4566 1579 4631; x_wconf 84' lang='grc' dir='ltr'>ἒξ</span> <span class='ocrx_word' id='word_1_733' title='bbox 1605 4566 1696 4618; x_wconf 69' lang='grc' dir='ltr'>καὶ</span> <span class='ocrx_word' id='word_1_734' title='bbox 1722 4572 1770 4627; x_wconf 83' lang='grc' dir='ltr'>ι’,</span> 
     </span>
    </p>
   </div>
   <div class='ocr_carea' id='block_1_93' title="bbox 1879 4558 3428 4634">
    <p class='ocr_par' dir='ltr' id='par_1_93' title="bbox 1879 4558 3428 4628">
     <span class='ocr_line' id='line_1_93' title="bbox 1879 4558 3428 4628; baseline 0.001 -15"><span class='ocrx_word' id='word_1_735' title='bbox 1879 4561 2017 4614; x_wconf 87' lang='lat' dir='ltr'><strong>culis</strong></span> <span class='ocrx_word' id='word_1_736' title='bbox 2048 4568 2176 4613; x_wconf 75' lang='lat' dir='ltr'><strong>rota:</strong></span> <span class='ocrx_word' id='word_1_737' title='bbox 2199 4558 2443 4628; x_wconf 89' lang='lat' dir='ltr'><strong>inscripti</strong></span> <span class='ocrx_word' id='word_1_738' title='bbox 2472 4565 2619 4621; x_wconf 90' lang='lat' dir='ltr'><strong>sunt,</strong></span> <span class='ocrx_word' id='word_1_739' title='bbox 2647 4562 2724 4611; x_wconf 91' lang='lat' dir='ltr'>uti</span> <span class='ocrx_word' id='word_1_740' title='bbox 2753 4558 2897 4621; x_wconf 79' lang='lat' dir='ltr'><strong>velit,</strong></span> <span class='ocrx_word' id='word_1_741' title='bbox 2932 4559 2984 4611; x_wconf 89' lang='lat' dir='ltr'>in</span> <span class='ocrx_word' id='word_1_742' title='bbox 3011 4559 3247 4627; x_wconf 86' lang='lat' dir='ltr'><strong>quolibet</strong></span> <span class='ocrx_word' id='word_1_743' title='bbox 3279 4559 3428 4615; x_wconf 84' lang='lat' dir='ltr'><strong>inve-</strong></span> 
     </span>
    </p>
   </div>
   <div class='ocr_carea' id='block_1_94' title="bbox 220 4652 1774 4726">
    <p class='ocr_par' dir='ltr' id='par_1_94' title="bbox 220 4652 1774 4726">
     <span class='ocr_line' id='line_1_94' title="bbox 220 4652 1774 4726; baseline 0.002 -23"><span class='ocrx_word' id='word_1_744' title='bbox 220 4652 393 4705; x_wconf 78' lang='grc' dir='ltr'>εἰκάδι</span> <span class='ocrx_word' id='word_1_745' title='bbox 424 4660 491 4719; x_wconf 82' lang='grc' dir='ltr'>γ’,</span> <span class='ocrx_word' id='word_1_746' title='bbox 520 4654 579 4705; x_wconf 78' lang='grc' dir='ltr'>τὸ</span> <span class='ocrx_word' id='word_1_747' title='bbox 612 4655 749 4706; x_wconf 73' lang='grc' dir='ltr'>κατὰ</span> <span class='ocrx_word' id='word_1_748' title='bbox 787 4655 1017 4725; x_wconf 74' lang='grc' dir='ltr'>Χριστὸν</span> <span class='ocrx_word' id='word_1_749' title='bbox 1062 4656 1393 4719; x_wconf 76' lang='grc' dir='ltr'>κανονίζουσι</span> <span class='ocrx_word' id='word_1_750' title='bbox 1440 4658 1630 4726; x_wconf 76' lang='grc' dir='ltr'>Πάσχα</span> <span class='ocrx_word' id='word_1_751' title='bbox 1655 4674 1666 4685; x_wconf 92' lang='grc'>·</span> <span class='ocrx_word' id='word_1_752' title='bbox 1700 4657 1774 4719; x_wconf 91' lang='grc' dir='ltr'>ώς</span> 
     </span>
    </p>
   </div>
   <div class='ocr_carea' id='block_1_95' title="bbox 220 4743 1774 4817">
    <p class='ocr_par' dir='ltr' id='par_1_95' title="bbox 220 4743 1774 4817">
     <span class='ocr_line' id='line_1_95' title="bbox 220 4743 1774 4817; baseline 0.004 -23"><span class='ocrx_word' id='word_1_753' title='bbox 220 4745 303 4806; x_wconf 84' lang='grc' dir='ltr'>εἰς</span> <span class='ocrx_word' id='word_1_754' title='bbox 330 4743 425 4813; x_wconf 80' lang='grc' dir='ltr'>τὴν</span> <span class='ocrx_word' id='word_1_755' title='bbox 451 4744 572 4813; x_wconf 71' lang='grc' dir='ltr'>ἑξῆς</span> <span class='ocrx_word' id='word_1_756' title='bbox 606 4746 761 4813; x_wconf 84' lang='grc' dir='ltr'>ἁγίαν</span> <span class='ocrx_word' id='word_1_757' title='bbox 790 4746 1067 4816; x_wconf 78' lang='grc' dir='ltr'>Κυριακὴν</span> <span class='ocrx_word' id='word_1_758' title='bbox 1093 4746 1253 4799; x_wconf 76' lang='grc' dir='ltr'>αὑτοῦ</span> <span class='ocrx_word' id='word_1_759' title='bbox 1290 4748 1603 4817; x_wconf 81' lang='grc' dir='ltr'>τελουμένου</span> <span class='ocrx_word' id='word_1_760' title='bbox 1636 4750 1774 4801; x_wconf 73' lang='grc' dir='ltr'>κατὰ</span> 
     </span>
    </p>
   </div>
   <div class='ocr_carea' id='block_1_96' title="bbox 218 4832 1775 4909">
    <p class='ocr_par' dir='ltr' id='par_1_96' title="bbox 218 4832 1775 4909">
     <span class='ocr_line' id='line_1_96' title="bbox 218 4832 1775 4909; baseline 0.006 -27"><span class='ocrx_word' id='word_1_761' title='bbox 218 4832 798 4906; x_wconf 25' lang='grc' dir='ltr'>τῆν’ὲκκλησιαστικὴν</span> <span class='ocrx_word' id='word_1_762' title='bbox 839 4836 1162 4905; x_wconf 61' lang='grc' dir='ltr'>παράδοσινθ</span> <span class='ocrx_word' id='word_1_763' title='bbox 1201 4840 1258 4890; x_wconf 66' lang='grc' dir='ltr'>ἐκ</span> <span class='ocrx_word' id='word_1_764' title='bbox 1296 4838 1349 4889; x_wconf 75' lang='grc' dir='ltr'>δὲ</span> <span class='ocrx_word' id='word_1_765' title='bbox 1386 4839 1483 4907; x_wconf 82' lang='grc' dir='ltr'>τῆς</span> <span class='ocrx_word' id='word_1_766' title='bbox 1510 4839 1650 4891; x_wconf 81' lang='grc' dir='ltr'>κατὰ</span> <span class='ocrx_word' id='word_1_767' title='bbox 1679 4839 1775 4909; x_wconf 84' lang='grc' dir='ltr'>τὴν</span> 
     </span>
    </p>
   </div>
   <div class='ocr_carea' id='block_1_97' title="bbox 219 4925 1773 5000">
    <p class='ocr_par' dir='ltr' id='par_1_97' title="bbox 219 4925 1773 5000">
     <span class='ocr_line' id='line_1_97' title="bbox 219 4925 1773 5000; baseline 0.005 -24"><span class='ocrx_word' id='word_1_768' title='bbox 219 4931 271 4976; x_wconf 85' lang='grc' dir='ltr'>α’</span> <span class='ocrx_word' id='word_1_769' title='bbox 315 4925 938 4997; x_wconf 80' lang='grc' dir='ltr'>ἐννεακαιδεκαετηρίδα,</span> <span class='ocrx_word' id='word_1_770' title='bbox 990 4929 1074 4981; x_wconf 70' lang='grc' dir='ltr'>διὰ</span> <span class='ocrx_word' id='word_1_771' title='bbox 1115 4929 1174 4980; x_wconf 78' lang='grc' dir='ltr'>τὸ</span> <span class='ocrx_word' id='word_1_772' title='bbox 1226 4928 1553 4999; x_wconf 82' lang='grc' dir='ltr'>συμφθάνειν</span> <span class='ocrx_word' id='word_1_773' title='bbox 1594 4932 1672 4994; x_wconf 79' lang='grc' dir='ltr'>είς</span> <span class='ocrx_word' id='word_1_774' title='bbox 1731 4931 1773 5000; x_wconf 80' lang='grc' dir='ltr'>β’</span> 
     </span>
    </p>
   </div>
   <div class='ocr_carea' id='block_1_98' title="bbox 219 5017 1777 5089">
    <p class='ocr_par' dir='ltr' id='par_1_98' title="bbox 219 5017 1777 5089">
     <span class='ocr_line' id='line_1_98' title="bbox 219 5017 1777 5089; baseline 0.004 -20"><span class='ocrx_word' id='word_1_775' title='bbox 219 5017 432 5087; x_wconf 67' lang='grc' dir='ltr'>ἡμέραν</span> <span class='ocrx_word' id='word_1_776' title='bbox 456 5017 553 5086; x_wconf 82' lang='grc' dir='ltr'>τῆς</span> <span class='ocrx_word' id='word_1_777' title='bbox 580 5017 882 5087; x_wconf 79' lang='grc' dir='ltr'>ἑϐδομάδος,</span> <span class='ocrx_word' id='word_1_778' title='bbox 912 5020 1081 5073; x_wconf 77' lang='grc' dir='ltr'>εἰκάδι</span> <span class='ocrx_word' id='word_1_779' title='bbox 1110 5021 1153 5089; x_wconf 68' lang='grc' dir='ltr'>ξδ’</span> <span class='ocrx_word' id='word_1_780' title='bbox 1178 5020 1267 5072; x_wconf 74' lang='grc' dir='ltr'>τοῦ</span> <span class='ocrx_word' id='word_1_781' title='bbox 1304 5022 1553 5088; x_wconf 68' lang='grc' dir='ltr'>φέγγους.</span> <span class='ocrx_word' id='word_1_782' title='bbox 1593 5021 1777 5085; x_wconf 75' lang='grc' dir='ltr'>Οὕτως</span> 
     </span>
    </p>
   </div>
   <div class='ocr_carea' id='block_1_99' title="bbox 225 5109 1775 5184">
    <p class='ocr_par' dir='ltr' id='par_1_99' title="bbox 225 5109 1775 5184">
     <span class='ocr_line' id='line_1_99' title="bbox 225 5109 1775 5184; baseline 0.005 -24"><span class='ocrx_word' id='word_1_783' title='bbox 225 5109 324 5178; x_wconf 85' lang='grc' dir='ltr'>μὲν</span> <span class='ocrx_word' id='word_1_784' title='bbox 350 5112 395 5161; x_wconf 87' lang='grc' dir='ltr'>εἰ</span> <span class='ocrx_word' id='word_1_785' title='bbox 437 5112 685 5181; x_wconf 74' lang='grc' dir='ltr'>χρήσοιτο</span> <span class='ocrx_word' id='word_1_786' title='bbox 718 5129 798 5173; x_wconf 88' lang='grc' dir='ltr'>τις</span> <span class='ocrx_word' id='word_1_787' title='bbox 825 5115 949 5183; x_wconf 72' lang='grc' dir='ltr'>περὶ</span> <span class='ocrx_word' id='word_1_788' title='bbox 978 5113 1080 5165; x_wconf 87' lang='grc' dir='ltr'>τῶν</span> <span class='ocrx_word' id='word_1_789' title='bbox 1106 5116 1162 5165; x_wconf 82' lang='grc' dir='ltr'>ἐν</span> <span class='ocrx_word' id='word_1_790' title='bbox 1196 5114 1272 5183; x_wconf 81' lang='grc' dir='ltr'>τῷ</span> <span class='ocrx_word' id='word_1_791' title='bbox 1312 5115 1487 5184; x_wconf 82' lang='grc' dir='ltr'>τροχῷ</span> <span class='ocrx_word' id='word_1_792' title='bbox 1513 5115 1650 5167; x_wconf 80' lang='grc' dir='ltr'>κατὰ</span> <span class='ocrx_word' id='word_1_793' title='bbox 1678 5116 1775 5178; x_wconf 74' lang='grc' dir='ltr'>τὰς</span> 
     </span>
    </p>
   </div>
   <div class='ocr_carea' id='block_1_100' title="bbox 219 5200 1774 5276">
    <p class='ocr_par' dir='ltr' id='par_1_100' title="bbox 219 5200 1774 5276">
     <span class='ocr_line' id='line_1_100' title="bbox 219 5200 1774 5276; baseline 0.001 -23"><span class='ocrx_word' id='word_1_794' title='bbox 219 5208 262 5253; x_wconf 87' lang='grc' dir='ltr'>ε’</span> <span class='ocrx_word' id='word_1_795' title='bbox 292 5200 470 5276; x_wconf 57' lang='grc' dir='ltr'>ζώνας</span> <span class='ocrx_word' id='word_1_796' title='bbox 489 5204 710 5257; x_wconf 80' lang='grc' dir='ltr'>ἐνόντων</span> <span class='ocrx_word' id='word_1_797' title='bbox 747 5205 843 5273; x_wconf 80' lang='grc' dir='ltr'>τῆς</span> <span class='ocrx_word' id='word_1_798' title='bbox 888 5205 1113 5276; x_wconf 85' lang='grc' dir='ltr'>σελήνης</span> <span class='ocrx_word' id='word_1_799' title='bbox 1152 5206 1307 5267; x_wconf 81' lang='grc' dir='ltr'>ἑτῶν,</span> <span class='ocrx_word' id='word_1_800' title='bbox 1345 5205 1672 5275; x_wconf 81' lang='grc' dir='ltr'>διερευνήσει</span> <span class='ocrx_word' id='word_1_801' title='bbox 1719 5208 1774 5257; x_wconf 82' lang='grc' dir='ltr'>ὲν</span> 
     </span>
    </p>
   </div>
   <div class='ocr_carea' id='block_1_101' title="bbox 218 5220 1767 5435">
    <p class='ocr_par' dir='ltr' id='par_1_101' title="bbox 218 5220 1767 5435">
     <span class='ocr_line' id='line_1_101' title="bbox 219 5220 1767 5276; baseline 0.001 -23"><span class='ocrx_word' id='word_1_802' title='bbox 219 5220 261 5253; x_wconf 78' lang='grc' dir='ltr'>ε’</span> <span class='ocrx_word' id='word_1_803' title='bbox 292 5220 432 5264; x_wconf 64' lang='grc' dir='ltr'>ςωνα</span> <span class='ocrx_word' id='word_1_804' title='bbox 489 5220 710 5257; x_wconf 88' lang='grc' dir='ltr'>ενοντων</span> <span class='ocrx_word' id='word_1_805' title='bbox 747 5221 843 5273; x_wconf 85' lang='grc' dir='ltr'>της</span> <span class='ocrx_word' id='word_1_806' title='bbox 888 5220 1113 5276; x_wconf 75' lang='grc' dir='ltr'>σεληνης</span> <span class='ocrx_word' id='word_1_807' title='bbox 1152 5220 1307 5267; x_wconf 88' lang='grc' dir='ltr'>ετων,</span> <span class='ocrx_word' id='word_1_808' title='bbox 1345 5220 1672 5275; x_wconf 82' lang='grc' dir='ltr'>οιερευνησει</span> <span class='ocrx_word' id='word_1_809' title='bbox 1719 5220 1767 5257; x_wconf 78' lang='grc' dir='ltr'>εν</span> 
     </span>
     <span class='ocr_line' id='line_1_102' title="bbox 218 5220 1767 5435; baseline 0.002 -91"><span class='ocrx_word' id='word_1_810' title='bbox 218 5220 577 5435; x_wconf 33' lang='grc' dir='ltr'>ἑκάστῳχὲῗ</span> <span class='ocrx_word' id='word_1_811' title='bbox 624 5296 721 5364; x_wconf 79' lang='grc' dir='ltr'>τῆς</span> <span class='ocrx_word' id='word_1_812' title='bbox 774 5295 1058 5363; x_wconf 76' lang='grc' dir='ltr'>ἑϐδομάδος</span> <span class='ocrx_word' id='word_1_813' title='bbox 1112 5302 1157 5347; x_wconf 83' lang='grc' dir='ltr'>α’</span> <span class='ocrx_word' id='word_1_814' title='bbox 1194 5296 1424 5366; x_wconf 80' lang='grc' dir='ltr'>ἡμέραν,</span> <span class='ocrx_word' id='word_1_815' title='bbox 1461 5296 1493 5364; x_wconf 85' lang='grc' dir='ltr'>ἢ</span> <span class='ocrx_word' id='word_1_816' title='bbox 1544 5296 1643 5364; x_wconf 84' lang='grc' dir='ltr'>τὴν</span> <span class='ocrx_word' id='word_1_817' title='bbox 1689 5296 1767 5364; x_wconf 84' lang='grc' dir='ltr'>β’·</span> 
     </span>
     <span class='ocr_line' id='line_1_103' title="bbox 218 5382 1767 5435; baseline 0.001 -1"><span class='ocrx_word' id='word_1_818' title='bbox 218 5382 348 5435; x_wconf 70' lang='grc' dir='ltr'>περὶ</span> <span class='ocrx_word' id='word_1_819' title='bbox 377 5382 431 5433; x_wconf 84' lang='grc' dir='ltr'>δὲ</span> <span class='ocrx_word' id='word_1_820' title='bbox 460 5401 534 5435; x_wconf 90' lang='grc' dir='ltr'>τω</span> <span class='ocrx_word' id='word_1_821' title='bbox 594 5387 649 5435; x_wconf 84' lang='grc' dir='ltr'>ὲν</span> <span class='ocrx_word' id='word_1_822' title='bbox 676 5384 752 5435; x_wconf 84' lang='grc' dir='ltr'>τῶ</span> <span class='ocrx_word' id='word_1_823' title='bbox 781 5384 1039 5435; x_wconf 75' lang='grc' dir='ltr'>εὐωνύμω</span> <span class='ocrx_word' id='word_1_824' title='bbox 1063 5384 1565 5435; x_wconf 69' lang='grc' dir='ltr'>διαγεγραμμένων.</span> <span class='ocrx_word' id='word_1_825' title='bbox 1599 5385 1767 5435; x_wconf 67' lang='grc' dir='ltr'>ζητῶν</span> 
     </span>
    </p>
   </div>
   <div class='ocr_carea' id='block_1_102' title="bbox 216 5382 1773 5461">
    <p class='ocr_par' dir='ltr' id='par_1_102' title="bbox 216 5382 1773 5457">
     <span class='ocr_line' id='line_1_104' title="bbox 216 5382 1773 5457; baseline 0.003 -24"><span class='ocrx_word' id='word_1_826' title='bbox 216 5382 348 5452; x_wconf 71' lang='grc' dir='ltr'>περὶ</span> <span class='ocrx_word' id='word_1_827' title='bbox 377 5382 431 5433; x_wconf 83' lang='grc' dir='ltr'>δὲ</span> <span class='ocrx_word' id='word_1_828' title='bbox 460 5382 565 5435; x_wconf 59' lang='lat' dir='ltr'><strong>an»</strong></span> <span class='ocrx_word' id='word_1_829' title='bbox 594 5387 649 5437; x_wconf 82' lang='grc' dir='ltr'>ὲν</span> <span class='ocrx_word' id='word_1_830' title='bbox 676 5384 752 5454; x_wconf 80' lang='grc' dir='ltr'>τῷ</span> <span class='ocrx_word' id='word_1_831' title='bbox 781 5384 1039 5454; x_wconf 77' lang='grc' dir='ltr'>εὐωνύμῳ</span> <span class='ocrx_word' id='word_1_832' title='bbox 1063 5384 1565 5457; x_wconf 81' lang='grc' dir='ltr'>διαγεγραμμένων,</span> <span class='ocrx_word' id='word_1_833' title='bbox 1599 5385 1773 5455; x_wconf 74' lang='grc' dir='ltr'>ζητῶν</span> 
     </span>
    </p>
   </div>
   <div class='ocr_carea' id='block_1_103' title="bbox 218 5473 1775 5548">
    <p class='ocr_par' dir='ltr' id='par_1_103' title="bbox 218 5473 1775 5548">
     <span class='ocr_line' id='line_1_105' title="bbox 218 5473 1775 5548; baseline 0.001 -21"><span class='ocrx_word' id='word_1_834' title='bbox 218 5474 315 5527; x_wconf 77' lang='grc' dir='ltr'>καὶ</span> <span class='ocrx_word' id='word_1_835' title='bbox 346 5473 555 5536; x_wconf 88' lang='grc' dir='ltr'>τούτοις</span> <span class='ocrx_word' id='word_1_836' title='bbox 580 5476 623 5507; x_wconf 76' lang='grc' dir='ltr'>’θ</span> <span class='ocrx_word' id='word_1_837' title='bbox 655 5479 751 5547; x_wconf 81' lang='grc' dir='ltr'>τὴν</span> <span class='ocrx_word' id='word_1_838' title='bbox 801 5476 934 5546; x_wconf 78' lang='grc' dir='ltr'>μετὰ</span> <span class='ocrx_word' id='word_1_839' title='bbox 964 5476 1058 5545; x_wconf 83' lang='grc' dir='ltr'>τὴν</span> <span class='ocrx_word' id='word_1_840' title='bbox 1090 5477 1309 5548; x_wconf 85' lang='grc' dir='ltr'>πρώτην</span> <span class='ocrx_word' id='word_1_841' title='bbox 1340 5478 1432 5529; x_wconf 74' lang='grc' dir='ltr'>καὶ</span> <span class='ocrx_word' id='word_1_842' title='bbox 1466 5476 1507 5545; x_wconf 85' lang='grc' dir='ltr'>β’</span> <span class='ocrx_word' id='word_1_843' title='bbox 1549 5476 1775 5546; x_wconf 77' lang='grc' dir='ltr'>ἑϐδομα-</span> 
     </span>
    </p>
   </div>
   <div class='ocr_carea' id='block_1_104' title="bbox 1880 4649 3428 4721">
    <p class='ocr_par' dir='ltr' id='par_1_104' title="bbox 1880 4649 3428 4721">
     <span class='ocr_line' id='line_1_106' title="bbox 1880 4649 3428 4721; baseline 0.001 -17"><span class='ocrx_word' id='word_1_844' title='bbox 1880 4651 2097 4720; x_wconf 67' lang='lat' dir='ltr'><strong>stigaliit</strong></span> <span class='ocrx_word' id='word_1_845' title='bbox 2151 4650 2335 4703; x_wconf 81' lang='lat' dir='ltr'><strong>feriam</strong></span> <span class='ocrx_word' id='word_1_846' title='bbox 2377 4666 2415 4713; x_wconf 91' lang='grc' dir='ltr'>ι,</span> <span class='ocrx_word' id='word_1_847' title='bbox 2451 4660 2544 4703; x_wconf 87' lang='lat' dir='ltr'>aut</span> <span class='ocrx_word' id='word_1_848' title='bbox 2568 4664 2649 4704; x_wconf 82' lang='lat' dir='ltr'>ll:</span> <span class='ocrx_word' id='word_1_849' title='bbox 2688 4649 2827 4718; x_wconf 87' lang='lat' dir='ltr'><strong>quod</strong></span> <span class='ocrx_word' id='word_1_850' title='bbox 2860 4649 2925 4702; x_wconf 90' lang='lat' dir='ltr'>ad</span> <span class='ocrx_word' id='word_1_851' title='bbox 2958 4664 3052 4703; x_wconf 91' lang='lat' dir='ltr'>eos</span> <span class='ocrx_word' id='word_1_852' title='bbox 3096 4666 3222 4704; x_wconf 87' lang='lat' dir='ltr'><strong>vero</strong></span> <span class='ocrx_word' id='word_1_853' title='bbox 3261 4652 3428 4721; x_wconf 87' lang='lat' dir='ltr'><strong>perli-</strong></span> 
     </span>
    </p>
   </div>
   <div class='ocr_carea' id='block_1_105' title="bbox 1882 4739 3425 4810">
    <p class='ocr_par' dir='ltr' id='par_1_105' title="bbox 1882 4739 3425 4810">
     <span class='ocr_line' id='line_1_107' title="bbox 1882 4739 3425 4810; baseline 0.001 -17"><span class='ocrx_word' id='word_1_854' title='bbox 1882 4749 1990 4804; x_wconf 87' lang='lat' dir='ltr'><strong>nct,</strong></span> <span class='ocrx_word' id='word_1_855' title='bbox 2018 4742 2114 4809; x_wconf 87' lang='lat' dir='ltr'>qui</span> <span class='ocrx_word' id='word_1_856' title='bbox 2144 4740 2209 4793; x_wconf 90' lang='lat' dir='ltr'>ad</span> <span class='ocrx_word' id='word_1_857' title='bbox 2234 4740 2513 4794; x_wconf 88' lang='lat' dir='ltr'><strong>sinistram</strong></span> <span class='ocrx_word' id='word_1_858' title='bbox 2555 4740 2713 4809; x_wconf 89' lang='lat' dir='ltr'><strong>positi</strong></span> <span class='ocrx_word' id='word_1_859' title='bbox 2748 4745 2896 4804; x_wconf 86' lang='lat' dir='ltr'><strong>sunt,</strong></span> <span class='ocrx_word' id='word_1_860' title='bbox 2930 4739 2976 4793; x_wconf 90' lang='lat' dir='ltr'><strong>si</strong></span> <span class='ocrx_word' id='word_1_861' title='bbox 3008 4740 3245 4810; x_wconf 89' lang='lat' dir='ltr'><strong>inquirat</strong></span> <span class='ocrx_word' id='word_1_862' title='bbox 3280 4758 3425 4803; x_wconf 81' lang='lat' dir='ltr'><strong>eam,</strong></span> 
     </span>
    </p>
   </div>
   <div class='ocr_carea' id='block_1_106' title="bbox 1882 4831 3395 4905">
    <p class='ocr_par' dir='ltr' id='par_1_106' title="bbox 1882 4831 3395 4905">
     <span class='ocr_line' id='line_1_108' title="bbox 1882 4831 3395 4905; baseline 0.002 -20"><span class='ocrx_word' id='word_1_863' title='bbox 1882 4849 2001 4905; x_wconf 63' lang='lat' dir='ltr'><strong>quae</strong></span> <span class='ocrx_word' id='word_1_864' title='bbox 2042 4834 2270 4903; x_wconf 91' lang='lat' dir='ltr'><strong>primam</strong></span> <span class='ocrx_word' id='word_1_865' title='bbox 2328 4831 2685 4887; x_wconf 88' lang='lat' dir='ltr'><strong>secundamve</strong></span> <span class='ocrx_word' id='word_1_866' title='bbox 2724 4832 2988 4899; x_wconf 88' lang='lat' dir='ltr'><strong>sequitur,</strong></span> <span class='ocrx_word' id='word_1_867' title='bbox 3024 4848 3081 4885; x_wconf 87' lang='grc' dir='ltr'>ιιι</span> <span class='ocrx_word' id='word_1_868' title='bbox 3127 4834 3209 4886; x_wconf 91' lang='lat' dir='ltr'>vel</span> <span class='ocrx_word' id='word_1_869' title='bbox 3246 4850 3295 4886; x_wconf 85' lang='lat' dir='ltr'>iv</span> <span class='ocrx_word' id='word_1_870' title='bbox 3345 4835 3395 4889; x_wconf 80' lang='lat' dir='ltr'>fe</span> 
     </span>
    </p>
   </div>
   <div class='ocr_carea' id='block_1_107' title="bbox 1881 4923 3426 4995">
    <p class='ocr_par' dir='ltr' id='par_1_107' title="bbox 1881 4923 3426 4995">
     <span class='ocr_line' id='line_1_109' title="bbox 1881 4923 3426 4995; baseline 0.001 -16"><span class='ocrx_word' id='word_1_871' title='bbox 1881 4928 2037 4990; x_wconf 87' lang='lat' dir='ltr'><strong>riam,</strong></span> <span class='ocrx_word' id='word_1_872' title='bbox 2076 4940 2139 4978; x_wconf 92' lang='lat' dir='ltr'>ac</span> <span class='ocrx_word' id='word_1_873' title='bbox 2162 4934 2381 4980; x_wconf 66' lang='lat' dir='ltr'><strong>caeteras</strong></span> <span class='ocrx_word' id='word_1_874' title='bbox 2414 4923 2688 4993; x_wconf 89' lang='lat' dir='ltr'><strong>deinceps,</strong></span> <span class='ocrx_word' id='word_1_875' title='bbox 2730 4932 2889 4993; x_wconf 90' lang='lat' dir='ltr'><strong>prout</strong></span> <span class='ocrx_word' id='word_1_876' title='bbox 2918 4925 3021 4978; x_wconf 90' lang='lat' dir='ltr'><strong>erit</strong></span> <span class='ocrx_word' id='word_1_877' title='bbox 3043 4926 3177 4995; x_wconf 86' lang='lat' dir='ltr'><strong>cycli</strong></span> <span class='ocrx_word' id='word_1_878' title='bbox 3210 4926 3426 4981; x_wconf 85' lang='lat' dir='ltr'><strong>decem-</strong></span> 
     </span>
    </p>
   </div>
   <div class='ocr_carea' id='block_1_108' title="bbox 1882 5016 3424 5086">
    <p class='ocr_par' dir='ltr' id='par_1_108' title="bbox 1882 5016 3424 5086">
     <span class='ocr_line' id='line_1_110' title="bbox 1882 5016 3424 5086; baseline -0.001 -15"><span class='ocrx_word' id='word_1_879' title='bbox 1882 5017 2199 5073; x_wconf 83' lang='lat' dir='ltr'><strong>novennalis</strong></span> <span class='ocrx_word' id='word_1_880' title='bbox 2247 5031 2459 5079; x_wconf 89' lang='lat' dir='ltr'><strong>annus,</strong></span> <span class='ocrx_word' id='word_1_881' title='bbox 2511 5016 2603 5084; x_wconf 93' lang='lat' dir='ltr'>qui</span> <span class='ocrx_word' id='word_1_882' title='bbox 2650 5019 2988 5085; x_wconf 89' lang='lat' dir='ltr'><strong>proponitur,</strong></span> <span class='ocrx_word' id='word_1_883' title='bbox 3043 5025 3424 5086; x_wconf 72' lang='lat' dir='ltr'><strong>congruentem</strong></span> 
     </span>
    </p>
   </div>
   <div class='ocr_carea' id='block_1_109' title="bbox 1882 5106 3428 5179">
    <p class='ocr_par' dir='ltr' id='par_1_109' title="bbox 1882 5106 3428 5179">
     <span class='ocr_line' id='line_1_111' title="bbox 1882 5106 3428 5179; baseline 0.001 -18"><span class='ocrx_word' id='word_1_884' title='bbox 1882 5109 2019 5179; x_wconf 80' lang='lat' dir='ltr'><strong>rycli</strong></span> <span class='ocrx_word' id='word_1_885' title='bbox 2052 5108 2247 5163; x_wconf 90' lang='lat' dir='ltr'><strong>solaris</strong></span> <span class='ocrx_word' id='word_1_886' title='bbox 2278 5106 2553 5177; x_wconf 78' lang='lat' dir='ltr'><strong>indagabit</strong></span> <span class='ocrx_word' id='word_1_887' title='bbox 2594 5121 2834 5172; x_wconf 88' lang='lat' dir='ltr'><strong>annum;</strong></span> <span class='ocrx_word' id='word_1_888' title='bbox 2882 5107 3040 5174; x_wconf 83' lang='lat' dir='ltr'><strong>cujus</strong></span> <span class='ocrx_word' id='word_1_889' title='bbox 3068 5118 3286 5175; x_wconf 86' lang='lat' dir='ltr'><strong>epactas</strong></span> <span class='ocrx_word' id='word_1_890' title='bbox 3331 5109 3428 5162; x_wconf 88' lang='lat' dir='ltr'><strong>ad-</strong></span> 
     </span>
    </p>
   </div>
   <div class='ocr_carea' id='block_1_110' title="bbox 1878 5185 3445 5271">
    <p class='ocr_par' dir='ltr' id='par_1_110' title="bbox 1878 5185 3445 5271">
     <span class='ocr_line' id='line_1_112' title="bbox 1878 5185 3445 5271; baseline -0.001 -18"><span class='ocrx_word' id='word_1_891' title='bbox 1878 5203 2067 5271; x_wconf 83' lang='lat' dir='ltr'><strong>junget</strong></span> <span class='ocrx_word' id='word_1_892' title='bbox 2096 5201 2161 5253; x_wconf 89' lang='lat' dir='ltr'>ad</span> <span class='ocrx_word' id='word_1_893' title='bbox 2197 5200 2335 5254; x_wconf 86' lang='lat' dir='ltr'><strong>diem</strong></span> <span class='ocrx_word' id='word_1_894' title='bbox 2358 5197 2581 5252; x_wconf 85' lang='lat' dir='ltr'><strong>Romani</strong></span> <span class='ocrx_word' id='word_1_895' title='bbox 2612 5198 2837 5259; x_wconf 91' lang='lat' dir='ltr'><strong>mensis,</strong></span> <span class='ocrx_word' id='word_1_896' title='bbox 2876 5198 2929 5250; x_wconf 92' lang='lat' dir='ltr'>in</span> <span class='ocrx_word' id='word_1_897' title='bbox 2966 5213 3125 5267; x_wconf 87' lang='lat' dir='ltr'><strong>quem</strong></span> <span class='ocrx_word' id='word_1_898' title='bbox 3152 5215 3240 5253; x_wconf 86' lang='lat' dir='ltr'>xiv</span> <span class='ocrx_word' id='word_1_899' title='bbox 3268 5185 3445 5267; x_wconf 37' lang='lat' dir='ltr'><strong>primi.</strong></span> 
     </span>
    </p>
   </div>
   <div class='ocr_carea' id='block_1_111' title="bbox 1882 5290 3425 5361">
    <p class='ocr_par' dir='ltr' id='par_1_111' title="bbox 1882 5290 3425 5361">
     <span class='ocr_line' id='line_1_113' title="bbox 1882 5290 3425 5361; baseline -0.001 -15"><span class='ocrx_word' id='word_1_900' title='bbox 1882 5292 2087 5347; x_wconf 89' lang='lat' dir='ltr'><strong>mensis</strong></span> <span class='ocrx_word' id='word_1_901' title='bbox 2154 5291 2342 5345; x_wconf 90' lang='lat' dir='ltr'><strong>incidit</strong></span> <span class='ocrx_word' id='word_1_902' title='bbox 2386 5305 2530 5343; x_wconf 90' lang='lat' dir='ltr'><strong>anno</strong></span> <span class='ocrx_word' id='word_1_903' title='bbox 2574 5290 2668 5343; x_wconf 89' lang='lat' dir='ltr'><strong>illo</strong></span> <span class='ocrx_word' id='word_1_904' title='bbox 2713 5290 2872 5355; x_wconf 63' lang='lat' dir='ltr'><strong>lunae,</strong></span> <span class='ocrx_word' id='word_1_905' title='bbox 2916 5290 2982 5344; x_wconf 92' lang='lat' dir='ltr'>de</span> <span class='ocrx_word' id='word_1_906' title='bbox 3012 5305 3119 5361; x_wconf 91' lang='lat' dir='ltr'>quo</span> <span class='ocrx_word' id='word_1_907' title='bbox 3148 5290 3425 5359; x_wconf 61' lang='lat' dir='ltr'><strong>queritur.</strong></span> 
     </span>
    </p>
   </div>
   <div class='ocr_carea' id='block_1_112' title="bbox 1881 5380 3431 5453">
    <p class='ocr_par' dir='ltr' id='par_1_112' title="bbox 1881 5380 3431 5453">
     <span class='ocr_line' id='line_1_114' title="bbox 1881 5380 3431 5453; baseline -0.001 -18"><span class='ocrx_word' id='word_1_908' title='bbox 1881 5383 2084 5437; x_wconf 87' lang='lat' dir='ltr'><strong>Deinde</strong></span> <span class='ocrx_word' id='word_1_909' title='bbox 2128 5384 2417 5453; x_wconf 89' lang='lat' dir='ltr'><strong>partitione</strong></span> <span class='ocrx_word' id='word_1_910' title='bbox 2457 5382 2597 5435; x_wconf 83' lang='lat' dir='ltr'><strong>facta</strong></span> <span class='ocrx_word' id='word_1_911' title='bbox 2628 5396 2723 5451; x_wconf 89' lang='lat' dir='ltr'>per</span> <span class='ocrx_word' id='word_1_912' title='bbox 2758 5396 2851 5446; x_wconf 83' lang='lat' dir='ltr'>vn,</span> <span class='ocrx_word' id='word_1_913' title='bbox 2894 5396 2960 5434; x_wconf 90' lang='lat' dir='ltr'>ex</span> <span class='ocrx_word' id='word_1_914' title='bbox 2992 5396 3056 5435; x_wconf 93' lang='lat' dir='ltr'>eo</span> <span class='ocrx_word' id='word_1_915' title='bbox 3095 5380 3282 5434; x_wconf 82' lang='lat' dir='ltr'><strong>feriam</strong></span> <span class='ocrx_word' id='word_1_916' title='bbox 3331 5380 3431 5433; x_wconf 82' lang='lat' dir='ltr'><strong>ob-</strong></span> 
     </span>
    </p>
   </div>
   <div class='ocr_carea' id='block_1_113' title="bbox 1880 5476 2095 5531">
    <p class='ocr_par' dir='ltr' id='par_1_113' title="bbox 1880 5476 2095 5531">
     <span class='ocr_line' id='line_1_115' title="bbox 1880 5476 2095 5531; baseline 0.014 -3"><span class='ocrx_word' id='word_1_917' title='bbox 1880 5476 2095 5531; x_wconf 84' lang='lat' dir='ltr'><strong>tinebit.</strong></span> 
     </span>
    </p>
   </div>
   <div class='ocr_carea' id='block_1_114' title="bbox 216 5561 3429 5639">
    <p class='ocr_par' dir='ltr' id='par_1_114' title="bbox 216 5561 3429 5639">
     <span class='ocr_line' id='line_1_116' title="bbox 216 5561 3429 5639; baseline -0.003 -18"><span class='ocrx_word' id='word_1_918' title='bbox 216 5563 375 5632; x_wconf 81' lang='grc' dir='ltr'>τικὴν</span> <span class='ocrx_word' id='word_1_919' title='bbox 405 5563 631 5633; x_wconf 81' lang='grc' dir='ltr'>ἡμέραν,</span> <span class='ocrx_word' id='word_1_920' title='bbox 664 5563 771 5619; x_wconf 79' lang='grc' dir='ltr'>οἷον</span> <span class='ocrx_word' id='word_1_921' title='bbox 800 5569 898 5639; x_wconf 84' lang='grc' dir='ltr'>τὴν</span> <span class='ocrx_word' id='word_1_922' title='bbox 930 5574 999 5635; x_wconf 85' lang='grc' dir='ltr'>γ’,</span> <span class='ocrx_word' id='word_1_923' title='bbox 1033 5568 1124 5619; x_wconf 78' lang='grc' dir='ltr'>καὶ</span> <span class='ocrx_word' id='word_1_924' title='bbox 1154 5569 1249 5637; x_wconf 75' lang='grc' dir='ltr'>τὴν</span> <span class='ocrx_word' id='word_1_925' title='bbox 1275 5569 1335 5631; x_wconf 87' lang='grc' dir='ltr'>δ’,</span> <span class='ocrx_word' id='word_1_926' title='bbox 1368 5568 1459 5619; x_wconf 73' lang='grc' dir='ltr'>καὶ</span> <span class='ocrx_word' id='word_1_927' title='bbox 1500 5567 1597 5631; x_wconf 70' lang='grc' dir='ltr'>τὰς</span> <span class='ocrx_word' id='word_1_928' title='bbox 1632 5568 1757 5638; x_wconf 82' lang='grc' dir='ltr'>ἑξῆς</span> <span class='ocrx_word' id='word_1_929' title='bbox 1810 5568 1943 5638; x_wconf 69' lang='grc' dir='ltr'>πρὸς</span> <span class='ocrx_word' id='word_1_930' title='bbox 1989 5568 2048 5619; x_wconf 86' lang='grc' dir='ltr'>τὸ</span> <span class='ocrx_word' id='word_1_931' title='bbox 2097 5568 2194 5636; x_wconf 80' lang='grc' dir='ltr'>τῆς</span> <span class='ocrx_word' id='word_1_932' title='bbox 2241 5566 2608 5637; x_wconf 60' lang='grc' dir='ltr'>ψηφιζομένης</span> <span class='ocrx_word' id='word_1_933' title='bbox 2646 5562 3265 5634; x_wconf 81' lang='grc' dir='ltr'>ὲννεακαιδεκαετηρίδος</span> <span class='ocrx_word' id='word_1_934' title='bbox 3314 5561 3429 5625; x_wconf 72' lang='grc' dir='ltr'>ἔτος</span> 
     </span>
    </p>
   </div>
   <div class='ocr_carea' id='block_1_115' title="bbox 218 5652 3429 5735">
    <p class='ocr_par' dir='ltr' id='par_1_115' title="bbox 218 5652 3429 5735">
     <span class='ocr_line' id='line_1_117' title="bbox 218 5652 3429 5735; baseline 0 -25"><span class='ocrx_word' id='word_1_935' title='bbox 218 5652 568 5723; x_wconf 81' lang='grc' dir='ltr'>διακριϐώσει</span> <span class='ocrx_word' id='word_1_936' title='bbox 620 5656 678 5707; x_wconf 82' lang='grc' dir='ltr'>τὸ</span> <span class='ocrx_word' id='word_1_937' title='bbox 724 5661 1025 5731; x_wconf 60' lang='grc' dir='ltr'>πρόσφορον</span> <span class='ocrx_word' id='word_1_938' title='bbox 1070 5661 1168 5729; x_wconf 72' lang='grc' dir='ltr'>τῆς</span> <span class='ocrx_word' id='word_1_939' title='bbox 1197 5662 1763 5733; x_wconf 81' lang='grc' dir='ltr'>εἰκοσιοκταετηρίδος,</span> <span class='ocrx_word' id='word_1_940' title='bbox 1797 5663 1888 5716; x_wconf 68' lang='grc' dir='ltr'>καὶ</span> <span class='ocrx_word' id='word_1_941' title='bbox 1916 5661 2102 5713; x_wconf 75' lang='grc' dir='ltr'>τούτου</span> <span class='ocrx_word' id='word_1_942' title='bbox 2147 5661 2241 5724; x_wconf 74' lang='grc' dir='ltr'>τὰς</span> <span class='ocrx_word' id='word_1_943' title='bbox 2286 5661 2523 5725; x_wconf 76' lang='grc' dir='ltr'>ὲπακτὰς</span> <span class='ocrx_word' id='word_1_944' title='bbox 2569 5660 2889 5735; x_wconf 81' lang='grc' dir='ltr'>προσπλέξει</span> <span class='ocrx_word' id='word_1_945' title='bbox 2928 5662 2991 5729; x_wconf 84' lang='grc' dir='ltr'>τῇ</span> <span class='ocrx_word' id='word_1_946' title='bbox 3050 5657 3278 5727; x_wconf 58' lang='grc' dir='ltr'>ποσταία</span> <span class='ocrx_word' id='word_1_947' title='bbox 3336 5656 3429 5715; x_wconf 72' lang='grc' dir='ltr'>τοῦ</span> 
     </span>
    </p>
   </div>
   <div class='ocr_carea' id='block_1_116' title="bbox 286 5833 735 5902">
    <p class='ocr_par' dir='ltr' id='par_1_116' title="bbox 286 5833 735 5902">
     <span class='ocr_line' id='line_1_118' title="bbox 286 5833 735 5902; baseline 0.009 -15"><span class='ocrx_word' id='word_1_948' title='bbox 286 5833 332 5866; x_wconf 83' lang='grc'>⁹⁰</span> <span class='ocrx_word' id='word_1_949' title='bbox 360 5833 403 5902; x_wconf 83' lang='grc' dir='ltr'>Ῑ.</span> <span class='ocrx_word' id='word_1_950' title='bbox 434 5834 490 5886; x_wconf 76' lang='grc' dir='ltr'>ἐν</span> <span class='ocrx_word' id='word_1_951' title='bbox 508 5833 735 5898; x_wconf 81' lang='grc' dir='ltr'>τούτοις.</span> 
     </span>
    </p>
   </div>
  </div>
