  <div class='ocr_page' id='page_1' title='image "/cluster/home/n/w/nwhite01/storage/ocr_20150623/19/pst.000005712045/648.png"; bbox 0 0 4130 6342; ppageno 0'>
   <div class='ocr_carea' id='block_1_1' title="bbox 167 476 1798 563">
    <p class='ocr_par' dir='ltr' id='par_1_1' title="bbox 167 476 1798 563">
     <span class='ocr_line' id='line_1_1' title="bbox 167 476 1798 563; baseline 0.009 -34"><span class='ocrx_word' id='word_1_1' title='bbox 167 476 315 533; x_wconf 70' lang='grc'>1265</span> <span class='ocrx_word' id='word_1_2' title='bbox 967 484 1023 540; x_wconf 92' lang='lat' dir='ltr'><strong>S.</strong></span> <span class='ocrx_word' id='word_1_3' title='bbox 1066 484 1311 541; x_wconf 77' lang='lat' dir='ltr'>MAXIM!</span> <span class='ocrx_word' id='word_1_4' title='bbox 1351 488 1703 563; x_wconf 78' lang='lat' dir='ltr'>MARTYRIS</span> <span class='ocrx_word' id='word_1_5' title='bbox 1740 492 1798 546; x_wconf 76' lang='lat' dir='ltr'><strong>Ct</strong></span> 
     </span>
    </p>
   </div>
   <div class='ocr_carea' id='block_1_2' title="bbox 1736 476 3367 563">
    <p class='ocr_par' dir='ltr' id='par_1_2' title="bbox 1740 491 3367 555">
     <span class='ocr_line' id='line_1_2' title="bbox 1740 491 3367 555; baseline 0.005 -9"><span class='ocrx_word' id='word_1_6' title='bbox 1740 492 1875 546; x_wconf 81' lang='lat' dir='ltr'>CUM</span> <span class='ocrx_word' id='word_1_7' title='bbox 1886 492 2112 549; x_wconf 84' lang='lat' dir='ltr'>PUTUS</span> <span class='ocrx_word' id='word_1_8' title='bbox 2146 491 2574 548; x_wconf 74' lang='lat' dir='ltr'>ECCLESIAST.</span> <span class='ocrx_word' id='word_1_9' title='bbox 3206 499 3367 555; x_wconf 67' lang='lat'>1266</span> 
     </span>
    </p>
   </div>
   <div class='ocr_carea' id='block_1_3' title="bbox 452 592 2083 681">
    <p class='ocr_par' dir='ltr' id='par_1_3' title="bbox 452 592 1791 673">
     <span class='ocr_line' id='line_1_3' title="bbox 452 592 1791 673; baseline 0.015 -29"><span class='ocrx_word' id='word_1_10' title='bbox 452 592 587 660; x_wconf 78' lang='grc' dir='ltr'>Περὶ</span> <span class='ocrx_word' id='word_1_11' title='bbox 616 593 721 663; x_wconf 84' lang='grc' dir='ltr'>τῆς</span> <span class='ocrx_word' id='word_1_12' title='bbox 740 596 1065 667; x_wconf 64' lang='grc' dir='ltr'>διαγραφῆς</span> <span class='ocrx_word' id='word_1_13' title='bbox 1086 602 1188 655; x_wconf 85' lang='grc' dir='ltr'>τοῦ</span> <span class='ocrx_word' id='word_1_14' title='bbox 1204 605 1438 673; x_wconf 82' lang='grc' dir='ltr'>τροχοῦ.</span> <span class='ocrx_word' id='word_1_15' title='bbox 1744 615 1791 671; x_wconf 78' lang='grc' dir='ltr'><strong>Α</strong></span> 
     </span>
    </p>
   </div>
   <div class='ocr_carea' id='block_1_4' title="bbox 1333 592 2964 681">
    <p class='ocr_par' dir='ltr' id='par_1_4' title="bbox 1333 598 2964 681">
     <span class='ocr_line' id='line_1_4' title="bbox 1333 598 2964 681; baseline 0.004 -23"><span class='ocrx_word' id='word_1_16' title='bbox 1333 605 1438 672; x_wconf 60' lang='lat' dir='ltr'><strong>{of}.</strong></span> <span class='ocrx_word' id='word_1_17' title='bbox 1744 615 1791 671; x_wconf 75' lang='grc' dir='ltr'><strong>Α</strong></span> <span class='ocrx_word' id='word_1_18' title='bbox 2170 598 2323 681; x_wconf 74' lang='grc'>187</span> <span class='ocrx_word' id='word_1_19' title='bbox 2360 610 2431 664; x_wconf 87' lang='lat' dir='ltr'><strong>De</strong></span> <span class='ocrx_word' id='word_1_20' title='bbox 2458 620 2586 664; x_wconf 72' lang='grc' dir='ltr'>τοίω</span> <span class='ocrx_word' id='word_1_21' title='bbox 2614 609 2964 678; x_wconf 72' lang='lat' dir='ltr'>descriptione.</span> 
     </span>
    </p>
   </div>
   <div class='ocr_carea' id='block_1_5' title="bbox 247 702 1878 794">
    <p class='ocr_par' dir='ltr' id='par_1_5' title="bbox 247 702 1717 794">
     <span class='ocr_line' id='line_1_5' title="bbox 247 702 1717 794; baseline 0.013 -39"><span class='ocrx_word' id='word_1_22' title='bbox 247 704 321 757; x_wconf 84' lang='lat' dir='ltr'>B’.</span> <span class='ocrx_word' id='word_1_23' title='bbox 363 704 545 794; x_wconf 61' lang='grc' dir='ltr'>ινξῖστιν</span> <span class='ocrx_word' id='word_1_24' title='bbox 592 702 681 759; x_wconf 73' lang='grc' dir='ltr'>οὖν</span> <span class='ocrx_word' id='word_1_25' title='bbox 723 710 755 779; x_wconf 90' lang='grc' dir='ltr'>ἡ</span> <span class='ocrx_word' id='word_1_26' title='bbox 811 710 1079 783; x_wconf 79' lang='grc' dir='ltr'>διαγραφὴ</span> <span class='ocrx_word' id='word_1_27' title='bbox 1111 715 1203 767; x_wconf 83' lang='grc' dir='ltr'>τοῦ</span> <span class='ocrx_word' id='word_1_28' title='bbox 1251 718 1458 787; x_wconf 89' lang='grc' dir='ltr'>τροχοῦ·</span> <span class='ocrx_word' id='word_1_29' title='bbox 1481 721 1717 793; x_wconf 83' lang='grc' dir='ltr'>τοιαύτη.</span> 
     </span>
    </p>
   </div>
   <div class='ocr_carea' id='block_1_6' title="bbox 1825 702 3456 794">
    <p class='ocr_par' dir='ltr' id='par_1_6' title="bbox 1895 702 3456 794">
     <span class='ocr_line' id='line_1_6' title="bbox 1895 702 3456 794; baseline 0.003 -18"><span class='ocrx_word' id='word_1_30' title='bbox 1895 722 1955 778; x_wconf 93' lang='lat' dir='ltr'>ll.</span> <span class='ocrx_word' id='word_1_31' title='bbox 1982 723 2105 779; x_wconf 72' lang='lat' dir='ltr'><strong>Haec</strong></span> <span class='ocrx_word' id='word_1_32' title='bbox 2136 724 2300 794; x_wconf 76' lang='lat' dir='ltr'><strong>igitur</strong></span> <span class='ocrx_word' id='word_1_33' title='bbox 2331 737 2447 778; x_wconf 86' lang='lat' dir='ltr'><strong>rota</strong></span> <span class='ocrx_word' id='word_1_34' title='bbox 2490 726 2593 779; x_wconf 89' lang='lat' dir='ltr'><strong>ista</strong></span> <span class='ocrx_word' id='word_1_35' title='bbox 2622 725 3016 793; x_wconf 74' lang='lat' dir='ltr'>complectitur.</span> <span class='ocrx_word' id='word_1_36' title='bbox 3047 723 3181 780; x_wconf 88' lang='lat' dir='ltr'>Tres</span> <span class='ocrx_word' id='word_1_37' title='bbox 3217 741 3269 779; x_wconf 76' lang='lat' dir='ltr'>in</span> <span class='ocrx_word' id='word_1_38' title='bbox 3300 741 3363 780; x_wconf 86' lang='lat' dir='ltr'>ea</span> <span class='ocrx_word' id='word_1_39' title='bbox 3449 702 3456 711; x_wconf 52' lang='grc'><em>’</em></span> 
     </span>
    </p>
   </div>
   <div class='ocr_carea' id='block_1_7' title="bbox 160 785 1791 885">
    <p class='ocr_par' dir='ltr' id='par_1_7' title="bbox 160 785 1718 866">
     <span class='ocr_line' id='line_1_7' title="bbox 160 785 1718 866; baseline 0.012 -21"><span class='ocrx_word' id='word_1_40' title='bbox 160 795 336 865; x_wconf 80' lang='grc' dir='ltr'>Τρεῖς</span> <span class='ocrx_word' id='word_1_41' title='bbox 364 785 513 856; x_wconf 73' lang='grc' dir='ltr'>οὗτος</span> <span class='ocrx_word' id='word_1_42' title='bbox 537 795 789 866; x_wconf 87' lang='grc' dir='ltr'>κέκτηται</span> <span class='ocrx_word' id='word_1_43' title='bbox 827 798 1019 865; x_wconf 78' lang='grc' dir='ltr'>ζώνας,</span> <span class='ocrx_word' id='word_1_44' title='bbox 1061 805 1152 857; x_wconf 76' lang='grc' dir='ltr'>καὶ</span> <span class='ocrx_word' id='word_1_45' title='bbox 1185 804 1327 858; x_wconf 84' lang='grc' dir='ltr'>ἔνδον</span> <span class='ocrx_word' id='word_1_46' title='bbox 1360 807 1536 860; x_wconf 86' lang='grc' dir='ltr'>αὐτῶν</span> <span class='ocrx_word' id='word_1_47' title='bbox 1560 811 1718 863; x_wconf 84' lang='grc' dir='ltr'>κανό-</span> 
     </span>
    </p>
   </div>
   <div class='ocr_carea' id='block_1_8' title="bbox 1729 785 3360 885">
    <p class='ocr_par' dir='ltr' id='par_1_8' title="bbox 1826 815 3360 885">
     <span class='ocr_line' id='line_1_8' title="bbox 1826 815 3360 885; baseline 0.005 -20"><span class='ocrx_word' id='word_1_48' title='bbox 1826 829 1973 868; x_wconf 85' lang='lat' dir='ltr'><strong>zonae</strong></span> <span class='ocrx_word' id='word_1_49' title='bbox 2003 823 2150 877; x_wconf 91' lang='lat' dir='ltr'><strong>sunt,</strong></span> <span class='ocrx_word' id='word_1_50' title='bbox 2179 822 2231 868; x_wconf 90' lang='lat' dir='ltr'>et</span> <span class='ocrx_word' id='word_1_51' title='bbox 2260 816 2313 867; x_wconf 90' lang='lat' dir='ltr'>in</span> <span class='ocrx_word' id='word_1_52' title='bbox 2344 815 2520 869; x_wconf 90' lang='lat' dir='ltr'><strong>medio</strong></span> <span class='ocrx_word' id='word_1_53' title='bbox 2541 815 3010 884; x_wconf 72' lang='lat' dir='ltr'><strong>quadrata.tabula</strong></span> <span class='ocrx_word' id='word_1_54' title='bbox 3036 817 3360 885; x_wconf 82' lang='lat' dir='ltr'><strong>aequilatera.</strong></span> 
     </span>
    </p>
   </div>
   <div class='ocr_carea' id='block_1_9' title="bbox 162 886 1793 975">
    <p class='ocr_par' dir='ltr' id='par_1_9' title="bbox 162 886 1721 967">
     <span class='ocr_line' id='line_1_9' title="bbox 162 886 1721 967; baseline 0.012 -35"><span class='ocrx_word' id='word_1_55' title='bbox 162 900 282 934; x_wconf 81' lang='grc' dir='ltr'>νιον</span> <span class='ocrx_word' id='word_1_56' title='bbox 338 886 766 953; x_wconf 84' lang='grc' dir='ltr'>ἰσοτετράγωνον.</span> <span class='ocrx_word' id='word_1_57' title='bbox 828 889 888 940; x_wconf 85' lang='lat' dir='ltr'>&#39;H</span> <span class='ocrx_word' id='word_1_58' title='bbox 931 892 1026 959; x_wconf 84' lang='grc' dir='ltr'>μὲν</span> <span class='ocrx_word' id='word_1_59' title='bbox 1062 888 1151 944; x_wconf 77' lang='grc' dir='ltr'>οὖν</span> <span class='ocrx_word' id='word_1_60' title='bbox 1183 895 1370 965; x_wconf 85' lang='grc' dir='ltr'>πρώτη</span> <span class='ocrx_word' id='word_1_61' title='bbox 1397 896 1537 965; x_wconf 79' lang='grc' dir='ltr'>ζώνη</span> <span class='ocrx_word' id='word_1_62' title='bbox 1571 914 1721 967; x_wconf 81' lang='grc' dir='ltr'>περι-</span> 
     </span>
    </p>
   </div>
   <div class='ocr_carea' id='block_1_10' title="bbox 1733 886 3364 975">
    <p class='ocr_par' dir='ltr' id='par_1_10' title="bbox 1826 905 3364 975">
     <span class='ocr_line' id='line_1_10' title="bbox 1826 905 3364 975; baseline 0.003 -18"><span class='ocrx_word' id='word_1_63' title='bbox 1826 905 2004 959; x_wconf 85' lang='lat' dir='ltr'><strong>Prima</strong></span> <span class='ocrx_word' id='word_1_64' title='bbox 2035 921 2165 958; x_wconf 84' lang='lat' dir='ltr'><strong>zona</strong></span> <span class='ocrx_word' id='word_1_65' title='bbox 2197 920 2459 959; x_wconf 88' lang='lat' dir='ltr'><strong>annorum</strong></span> <span class='ocrx_word' id='word_1_66' title='bbox 2486 906 2672 975; x_wconf 81' lang='lat' dir='ltr'><strong>viginti</strong></span> <span class='ocrx_word' id='word_1_67' title='bbox 2706 916 2828 961; x_wconf 89' lang='lat' dir='ltr'><strong>octo</strong></span> <span class='ocrx_word' id='word_1_68' title='bbox 2852 907 2981 961; x_wconf 90' lang='lat' dir='ltr'><strong>solis</strong></span> <span class='ocrx_word' id='word_1_69' title='bbox 3003 916 3219 975; x_wconf 85' lang='lat' dir='ltr'><strong>epactas</strong></span> <span class='ocrx_word' id='word_1_70' title='bbox 3235 923 3364 962; x_wconf 91' lang='lat' dir='ltr'><strong>con-</strong></span> 
     </span>
    </p>
   </div>
   <div class='ocr_carea' id='block_1_11' title="bbox 164 973 1795 1066">
    <p class='ocr_par' dir='ltr' id='par_1_11' title="bbox 164 973 1719 1055">
     <span class='ocr_line' id='line_1_11' title="bbox 164 973 1719 1055; baseline 0.01 -32"><span class='ocrx_word' id='word_1_71' title='bbox 164 973 285 1043; x_wconf 83' lang='grc' dir='ltr'>έχει</span> <span class='ocrx_word' id='word_1_72' title='bbox 320 975 415 1036; x_wconf 74' lang='grc' dir='ltr'>τὰς</span> <span class='ocrx_word' id='word_1_73' title='bbox 450 975 554 1027; x_wconf 82' lang='grc' dir='ltr'>τῶν</span> <span class='ocrx_word' id='word_1_74' title='bbox 587 984 669 1045; x_wconf 86' lang='grc' dir='ltr'>κη’</span> <span class='ocrx_word' id='word_1_75' title='bbox 702 978 791 1031; x_wconf 90' lang='grc' dir='ltr'>τοῦ</span> <span class='ocrx_word' id='word_1_76' title='bbox 817 979 963 1049; x_wconf 80' lang='grc' dir='ltr'>ἡλίου</span> <span class='ocrx_word' id='word_1_77' title='bbox 990 982 1124 1034; x_wconf 83' lang='grc' dir='ltr'>ὲτῶν</span> <span class='ocrx_word' id='word_1_78' title='bbox 1153 985 1422 1047; x_wconf 81' lang='grc' dir='ltr'>ἐπακτάς·</span> <span class='ocrx_word' id='word_1_79' title='bbox 1453 989 1485 1055; x_wconf 84' lang='grc' dir='ltr'>ἡ</span> <span class='ocrx_word' id='word_1_80' title='bbox 1518 987 1574 1038; x_wconf 87' lang='grc' dir='ltr'>δὲ</span> <span class='ocrx_word' id='word_1_81' title='bbox 1601 986 1719 1039; x_wconf 87' lang='grc' dir='ltr'>δευ-</span> 
     </span>
    </p>
   </div>
   <div class='ocr_carea' id='block_1_12' title="bbox 1733 973 3364 1066">
    <p class='ocr_par' dir='ltr' id='par_1_12' title="bbox 1828 994 3364 1066">
     <span class='ocr_line' id='line_1_12' title="bbox 1828 994 3364 1066; baseline 0.002 -19"><span class='ocrx_word' id='word_1_82' title='bbox 1828 995 1993 1058; x_wconf 82' lang='lat' dir='ltr'><strong>tinet;</strong></span> <span class='ocrx_word' id='word_1_83' title='bbox 2019 994 2252 1048; x_wconf 87' lang='lat' dir='ltr'><strong>secunda</strong></span> <span class='ocrx_word' id='word_1_84' title='bbox 2282 1010 2455 1048; x_wconf 87' lang='lat' dir='ltr'><strong>annos</strong></span> <span class='ocrx_word' id='word_1_85' title='bbox 2490 995 2636 1064; x_wconf 89' lang='lat' dir='ltr'><strong>ipsos</strong></span> <span class='ocrx_word' id='word_1_86' title='bbox 2679 1012 2841 1049; x_wconf 82' lang='lat' dir='ltr'><strong>xxvnl</strong></span> <span class='ocrx_word' id='word_1_87' title='bbox 2879 997 3083 1051; x_wconf 85' lang='lat' dir='ltr'><strong>solares</strong></span> <span class='ocrx_word' id='word_1_88' title='bbox 3133 1011 3161 1049; x_wconf 90' lang='lat' dir='ltr'>a</span> <span class='ocrx_word' id='word_1_89' title='bbox 3190 997 3364 1066; x_wconf 88' lang='lat' dir='ltr'><strong>primo</strong></span> 
     </span>
    </p>
   </div>
   <div class='ocr_carea' id='block_1_13' title="bbox 160 1065 1791 1156">
    <p class='ocr_par' dir='ltr' id='par_1_13' title="bbox 160 1065 1719 1147">
     <span class='ocr_line' id='line_1_13' title="bbox 160 1065 1719 1147; baseline 0.01 -33"><span class='ocrx_word' id='word_1_90' title='bbox 160 1065 309 1132; x_wconf 80' lang='grc' dir='ltr'>τέρα</span> <span class='ocrx_word' id='word_1_91' title='bbox 340 1065 474 1117; x_wconf 81' lang='grc' dir='ltr'>αὑτὰ</span> <span class='ocrx_word' id='word_1_92' title='bbox 498 1066 565 1118; x_wconf 72' lang='grc' dir='ltr'>τὰ</span> <span class='ocrx_word' id='word_1_93' title='bbox 602 1075 687 1137; x_wconf 84' lang='grc' dir='ltr'>κη’</span> <span class='ocrx_word' id='word_1_94' title='bbox 712 1069 805 1122; x_wconf 85' lang='grc' dir='ltr'>τοῦ</span> <span class='ocrx_word' id='word_1_95' title='bbox 847 1071 995 1140; x_wconf 88' lang='grc' dir='ltr'>ἡλίου</span> <span class='ocrx_word' id='word_1_96' title='bbox 1027 1071 1117 1143; x_wconf 81' lang='grc' dir='ltr'>ἔτη</span> <span class='ocrx_word' id='word_1_97' title='bbox 1152 1074 1256 1127; x_wconf 79' lang='grc' dir='ltr'>ἀπὸ</span> <span class='ocrx_word' id='word_1_98' title='bbox 1308 1076 1519 1145; x_wconf 84' lang='grc' dir='ltr'>πρώτου</span> <span class='ocrx_word' id='word_1_99' title='bbox 1562 1077 1719 1147; x_wconf 89' lang='grc' dir='ltr'>μέχρι</span> 
     </span>
    </p>
   </div>
   <div class='ocr_carea' id='block_1_14' title="bbox 1732 1065 3363 1156">
    <p class='ocr_par' dir='ltr' id='par_1_14' title="bbox 1829 1065 3363 1156">
     <span class='ocr_line' id='line_1_14' title="bbox 1829 1065 3363 1156; baseline 0 -17"><span class='ocrx_word' id='word_1_100' title='bbox 1829 1086 1894 1139; x_wconf 85' lang='lat' dir='ltr'>ad</span> <span class='ocrx_word' id='word_1_101' title='bbox 1912 1086 2153 1139; x_wconf 90' lang='lat' dir='ltr'><strong>ultimam</strong></span> <span class='ocrx_word' id='word_1_102' title='bbox 2175 1100 2347 1153; x_wconf 89' lang='lat' dir='ltr'><strong>usque</strong></span> <span class='ocrx_word' id='word_1_103' title='bbox 2373 1100 2709 1155; x_wconf 81' lang='lat' dir='ltr'><strong>progressos.</strong></span> <span class='ocrx_word' id='word_1_104' title='bbox 2734 1085 2915 1141; x_wconf 87' lang='lat' dir='ltr'><strong>Tertia</strong></span> <span class='ocrx_word' id='word_1_105' title='bbox 2930 1065 3255 1148; x_wconf 83' lang='lat' dir='ltr'><strong>bissextiles,</strong></span> <span class='ocrx_word' id='word_1_106' title='bbox 3273 1088 3363 1156; x_wconf 88' lang='lat' dir='ltr'><strong>qui</strong></span> 
     </span>
    </p>
   </div>
   <div class='ocr_carea' id='block_1_15' title="bbox 159 1153 1790 1247">
    <p class='ocr_par' dir='ltr' id='par_1_15' title="bbox 159 1153 1720 1235">
     <span class='ocr_line' id='line_1_15' title="bbox 159 1153 1720 1235; baseline 0.009 -31"><span class='ocrx_word' id='word_1_107' title='bbox 159 1153 264 1204; x_wconf 81' lang='grc' dir='ltr'>τοῦ</span> <span class='ocrx_word' id='word_1_108' title='bbox 316 1154 642 1219; x_wconf 82' lang='grc' dir='ltr'>τελευταίου,</span> <span class='ocrx_word' id='word_1_109' title='bbox 702 1160 840 1213; x_wconf 70' lang='grc' dir='ltr'>κατὰ</span> <span class='ocrx_word' id='word_1_110' title='bbox 887 1162 1036 1227; x_wconf 77' lang='grc' dir='ltr'>τάξιν</span> <span class='ocrx_word' id='word_1_111' title='bbox 1087 1163 1559 1235; x_wconf 84' lang='grc' dir='ltr'>διαγεγραμμένα·</span> <span class='ocrx_word' id='word_1_112' title='bbox 1600 1169 1632 1235; x_wconf 84' lang='grc' dir='ltr'>ἡ</span> <span class='ocrx_word' id='word_1_113' title='bbox 1663 1167 1720 1218; x_wconf 82' lang='grc' dir='ltr'>δὲ</span> 
     </span>
    </p>
   </div>
   <div class='ocr_carea' id='block_1_16' title="bbox 1731 1153 3362 1247">
    <p class='ocr_par' dir='ltr' id='par_1_16' title="bbox 1826 1153 3362 1247">
     <span class='ocr_line' id='line_1_16' title="bbox 1826 1153 3362 1247; baseline 0.003 -17"><span class='ocrx_word' id='word_1_114' title='bbox 1826 1177 2184 1247; x_wconf 86' lang='lat' dir='ltr'>quadriennio</span> <span class='ocrx_word' id='word_1_115' title='bbox 2210 1153 2405 1245; x_wconf 82' lang='lat' dir='ltr'><strong>cuique</strong></span> <span class='ocrx_word' id='word_1_116' title='bbox 2420 1153 2751 1245; x_wconf 86' lang='lat' dir='ltr'><strong>competunt.</strong></span> <span class='ocrx_word' id='word_1_117' title='bbox 2771 1175 2893 1231; x_wconf 63' lang='lat' dir='ltr'><strong>Haec</strong></span> <span class='ocrx_word' id='word_1_118' title='bbox 2921 1177 2976 1230; x_wconf 90' lang='lat' dir='ltr'><strong>in</strong></span> <span class='ocrx_word' id='word_1_119' title='bbox 3006 1177 3177 1232; x_wconf 88' lang='lat' dir='ltr'><strong>tribus</strong></span> <span class='ocrx_word' id='word_1_120' title='bbox 3193 1153 3362 1234; x_wconf 78' lang='lat' dir='ltr'><strong>zonis.</strong></span> 
     </span>
    </p>
   </div>
   <div class='ocr_carea' id='block_1_17' title="bbox 163 1244 2751 1324">
    <p class='ocr_par' dir='ltr' id='par_1_17' title="bbox 163 1244 2751 1324">
     <span class='ocr_line' id='line_1_17' title="bbox 163 1244 2751 1324; baseline 0.011 -31"><span class='ocrx_word' id='word_1_121' title='bbox 163 1244 331 1313; x_wconf 84' lang='grc' dir='ltr'>τρίτη</span> <span class='ocrx_word' id='word_1_122' title='bbox 348 1246 412 1298; x_wconf 75' lang='grc' dir='ltr'>τὰ</span> <span class='ocrx_word' id='word_1_123' title='bbox 435 1246 696 1319; x_wconf 30' lang='grc' dir='ltr'>κατὰὶτὴν</span> <span class='ocrx_word' id='word_1_124' title='bbox 718 1254 1099 1323; x_wconf 80' lang='grc' dir='ltr'>τετραετηρίδα</span> <span class='ocrx_word' id='word_1_125' title='bbox 1122 1254 1392 1324; x_wconf 80' lang='grc' dir='ltr'>βίσσεξτα.</span> <span class='ocrx_word' id='word_1_126' title='bbox 1420 1259 1527 1310; x_wconf 65' lang='grc' dir='ltr'>Καὶ</span> <span class='ocrx_word' id='word_1_127' title='bbox 1551 1258 1719 1310; x_wconf 88' lang='grc' dir='ltr'>ταῦτα</span> <span class='ocrx_word' id='word_1_128' title='bbox 1844 1244 1860 1247; x_wconf 23' lang='grc' dir='ltr'><strong>ἡ</strong></span> <span class='ocrx_word' id='word_1_129' title='bbox 2322 1244 2325 1245; x_wconf 12' lang='grc' dir='ltr'><em>ν</em></span> <span class='ocrx_word' id='word_1_130' title='bbox 2547 1244 2557 1245; x_wconf 19' lang='lat'><em>7</em></span> <span class='ocrx_word' id='word_1_131' title='bbox 2750 1258 2751 1261; x_wconf 28' lang='grc'><em>“</em></span> 
     </span>
    </p>
   </div>
   <div class='ocr_carea' id='block_1_18' title="bbox 168 1337 1217 1409">
    <p class='ocr_par' dir='ltr' id='par_1_18' title="bbox 168 1337 1217 1409">
     <span class='ocr_line' id='line_1_18' title="bbox 168 1337 1217 1409; baseline 0.007 -21"><span class='ocrx_word' id='word_1_132' title='bbox 168 1337 275 1404; x_wconf 80' lang='grc' dir='ltr'>μὲν</span> <span class='ocrx_word' id='word_1_133' title='bbox 304 1340 357 1390; x_wconf 82' lang='grc' dir='ltr'>αἰ</span> <span class='ocrx_word' id='word_1_134' title='bbox 384 1342 527 1409; x_wconf 81' lang='grc' dir='ltr'>τρεῖς</span> <span class='ocrx_word' id='word_1_135' title='bbox 548 1341 731 1404; x_wconf 75' lang='grc' dir='ltr'>ζῶναι.</span> <span class='ocrx_word' id='word_1_136' title='bbox 1204 1347 1217 1357; x_wconf 75' lang='grc'>⁸</span> 
     </span>
    </p>
   </div>
   <div class='ocr_carea' id='block_1_19' title="bbox 409 1451 2040 1530">
    <p class='ocr_par' dir='ltr' id='par_1_19' title="bbox 409 1451 1491 1524">
     <span class='ocr_line' id='line_1_19' title="bbox 409 1451 1491 1524; baseline 0.01 -22"><span class='ocrx_word' id='word_1_137' title='bbox 409 1452 545 1517; x_wconf 76' lang='grc' dir='ltr'>Περὶ</span> <span class='ocrx_word' id='word_1_138' title='bbox 576 1451 684 1519; x_wconf 80' lang='grc' dir='ltr'>τῆς</span> <span class='ocrx_word' id='word_1_139' title='bbox 709 1453 1029 1524; x_wconf 72' lang='grc' dir='ltr'>διαγραφῆς</span> <span class='ocrx_word' id='word_1_140' title='bbox 1056 1456 1159 1511; x_wconf 85' lang='grc' dir='ltr'>τοῦ</span> <span class='ocrx_word' id='word_1_141' title='bbox 1194 1460 1491 1513; x_wconf 79' lang='grc' dir='ltr'>κανονίου.</span> 
     </span>
    </p>
   </div>
   <div class='ocr_carea' id='block_1_20' title="bbox 1454 1451 3085 1530">
    <p class='ocr_par' dir='ltr' id='par_1_20' title="bbox 1454 1459 3085 1530">
     <span class='ocr_line' id='line_1_20' title="bbox 1454 1459 3085 1530; baseline 0.001 -18"><span class='ocrx_word' id='word_1_142' title='bbox 1454 1478 1491 1512; x_wconf 81' lang='grc'>).</span> <span class='ocrx_word' id='word_1_143' title='bbox 2099 1459 2175 1514; x_wconf 89' lang='lat' dir='ltr'><strong>De</strong></span> <span class='ocrx_word' id='word_1_144' title='bbox 2218 1459 2473 1515; x_wconf 77' lang='lat' dir='ltr'><strong>mediana:</strong></span> <span class='ocrx_word' id='word_1_145' title='bbox 2511 1463 2705 1517; x_wconf 68' lang='lat' dir='ltr'><strong>tabula:</strong></span> <span class='ocrx_word' id='word_1_146' title='bbox 2732 1461 3085 1530; x_wconf 63' lang='lat' dir='ltr'>descriptione.</span> 
     </span>
    </p>
   </div>
   <div class='ocr_carea' id='block_1_21' title="bbox 247 1559 1878 1639">
    <p class='ocr_par' dir='ltr' id='par_1_21' title="bbox 247 1559 1720 1639">
     <span class='ocr_line' id='line_1_21' title="bbox 247 1559 1720 1639; baseline 0.008 -29"><span class='ocrx_word' id='word_1_147' title='bbox 247 1559 320 1611; x_wconf 78' lang='lat' dir='ltr'>F&#39;.</span> <span class='ocrx_word' id='word_1_148' title='bbox 349 1561 418 1611; x_wconf 91' lang='grc' dir='ltr'>Τὸ</span> <span class='ocrx_word' id='word_1_149' title='bbox 437 1562 496 1627; x_wconf 76' lang='grc' dir='ltr'>δὲ</span> <span class='ocrx_word' id='word_1_150' title='bbox 536 1564 775 1617; x_wconf 77' lang='grc' dir='ltr'>κανόνων</span> <span class='ocrx_word' id='word_1_151' title='bbox 798 1566 932 1620; x_wconf 79' lang='grc' dir='ltr'>ἑπτὰ</span> <span class='ocrx_word' id='word_1_152' title='bbox 964 1568 1172 1637; x_wconf 82' lang='grc' dir='ltr'>στίχους</span> <span class='ocrx_word' id='word_1_153' title='bbox 1202 1569 1332 1638; x_wconf 77' lang='grc' dir='ltr'>ἔχει,</span> <span class='ocrx_word' id='word_1_154' title='bbox 1358 1572 1413 1622; x_wconf 85' lang='grc' dir='ltr'>ὲν</span> <span class='ocrx_word' id='word_1_155' title='bbox 1440 1565 1519 1632; x_wconf 72' lang='grc' dir='ltr'>οἷς</span> <span class='ocrx_word' id='word_1_156' title='bbox 1546 1570 1602 1621; x_wconf 87' lang='grc' dir='ltr'>αἱ</span> <span class='ocrx_word' id='word_1_157' title='bbox 1624 1570 1720 1639; x_wconf 79' lang='grc' dir='ltr'>τῆς</span> 
     </span>
    </p>
   </div>
   <div class='ocr_carea' id='block_1_22' title="bbox 1730 1559 3361 1639">
    <p class='ocr_par' dir='ltr' id='par_1_22' title="bbox 1894 1568 3361 1639">
     <span class='ocr_line' id='line_1_22' title="bbox 1894 1568 3361 1639; baseline -0.001 -16"><span class='ocrx_word' id='word_1_158' title='bbox 1894 1568 1977 1623; x_wconf 91' lang='lat' dir='ltr'><strong>Ill.</strong></span> <span class='ocrx_word' id='word_1_159' title='bbox 2015 1568 2217 1623; x_wconf 83' lang='lat' dir='ltr'><strong>Tabula</strong></span> <span class='ocrx_word' id='word_1_160' title='bbox 2268 1576 2469 1637; x_wconf 86' lang='lat' dir='ltr'>septem</span> <span class='ocrx_word' id='word_1_161' title='bbox 2519 1570 2766 1625; x_wconf 87' lang='lat' dir='ltr'><strong>versibus</strong></span> <span class='ocrx_word' id='word_1_162' title='bbox 2809 1578 3038 1633; x_wconf 82' lang='lat' dir='ltr'>constat,</span> <span class='ocrx_word' id='word_1_163' title='bbox 3078 1571 3131 1623; x_wconf 92' lang='lat' dir='ltr'>in</span> <span class='ocrx_word' id='word_1_164' title='bbox 3167 1569 3361 1639; x_wconf 80' lang='lat' dir='ltr'><strong>quibus</strong></span> 
     </span>
    </p>
   </div>
   <div class='ocr_carea' id='block_1_23' title="bbox 167 1651 1798 1732">
    <p class='ocr_par' dir='ltr' id='par_1_23' title="bbox 167 1651 1720 1731">
     <span class='ocr_line' id='line_1_23' title="bbox 167 1651 1720 1731; baseline 0.007 -28"><span class='ocrx_word' id='word_1_165' title='bbox 167 1651 463 1721; x_wconf 72' lang='grc' dir='ltr'>ἑϐδομάδος</span> <span class='ocrx_word' id='word_1_166' title='bbox 497 1657 694 1727; x_wconf 83' lang='grc' dir='ltr'>ἡμέραι</span> <span class='ocrx_word' id='word_1_167' title='bbox 729 1660 1047 1729; x_wconf 78' lang='grc' dir='ltr'>τεταγμέναι</span> <span class='ocrx_word' id='word_1_168' title='bbox 1074 1664 1445 1731; x_wconf 87' lang='grc' dir='ltr'>τυγχάνουσιν.</span> <span class='ocrx_word' id='word_1_169' title='bbox 1491 1664 1633 1715; x_wconf 77' lang='grc' dir='ltr'>Ἀλλή</span> <span class='ocrx_word' id='word_1_170' title='bbox 1663 1665 1720 1714; x_wconf 82' lang='grc' dir='ltr'>έν</span> 
     </span>
    </p>
   </div>
   <div class='ocr_carea' id='block_1_24' title="bbox 1822 1651 3453 1732">
    <p class='ocr_par' dir='ltr' id='par_1_24' title="bbox 1826 1659 3453 1732">
     <span class='ocr_line' id='line_1_24' title="bbox 1826 1659 3453 1732; baseline -0.003 -16"><span class='ocrx_word' id='word_1_171' title='bbox 1826 1668 2028 1730; x_wconf 81' lang='lat' dir='ltr'><strong>septem</strong></span> <span class='ocrx_word' id='word_1_172' title='bbox 2048 1659 2401 1714; x_wconf 87' lang='lat' dir='ltr'>hebdomadis</span> <span class='ocrx_word' id='word_1_173' title='bbox 2424 1660 2541 1714; x_wconf 90' lang='lat' dir='ltr'><strong>dies</strong></span> <span class='ocrx_word' id='word_1_174' title='bbox 2562 1661 2904 1716; x_wconf 89' lang='lat' dir='ltr'><strong>exhibentur.</strong></span> <span class='ocrx_word' id='word_1_175' title='bbox 2930 1662 2985 1715; x_wconf 85' lang='lat' dir='ltr'><strong>In</strong></span> <span class='ocrx_word' id='word_1_176' title='bbox 3012 1662 3183 1732; x_wconf 90' lang='lat' dir='ltr'><strong>primo</strong></span> <span class='ocrx_word' id='word_1_177' title='bbox 3204 1677 3364 1717; x_wconf 88' lang='lat' dir='ltr'><strong>versu</strong></span> <span class='ocrx_word' id='word_1_178' title='bbox 3445 1704 3453 1711; x_wconf 94' lang='lat'>.</span> 
     </span>
    </p>
   </div>
   <div class='ocr_carea' id='block_1_25' title="bbox 171 1740 1802 1822">
    <p class='ocr_par' dir='ltr' id='par_1_25' title="bbox 171 1740 1714 1821">
     <span class='ocr_line' id='line_1_25' title="bbox 171 1740 1714 1821; baseline 0.01 -30"><span class='ocrx_word' id='word_1_179' title='bbox 171 1742 277 1809; x_wconf 78' lang='grc' dir='ltr'>μὲν</span> <span class='ocrx_word' id='word_1_180' title='bbox 298 1740 374 1811; x_wconf 82' lang='grc' dir='ltr'>τῷ</span> <span class='ocrx_word' id='word_1_181' title='bbox 400 1744 595 1815; x_wconf 81' lang='grc' dir='ltr'>πρώτῳ</span> <span class='ocrx_word' id='word_1_182' title='bbox 641 1748 801 1816; x_wconf 80' lang='grc' dir='ltr'>στίχῳ</span> <span class='ocrx_word' id='word_1_183' title='bbox 851 1751 988 1802; x_wconf 82' lang='grc' dir='ltr'>κατὰ</span> <span class='ocrx_word' id='word_1_184' title='bbox 1011 1750 1178 1815; x_wconf 80' lang='grc' dir='ltr'>τάξιν,</span> <span class='ocrx_word' id='word_1_185' title='bbox 1200 1746 1307 1804; x_wconf 85' lang='grc' dir='ltr'>οἷον</span> <span class='ocrx_word' id='word_1_186' title='bbox 1341 1755 1402 1805; x_wconf 83' lang='grc' dir='ltr'>ἐκ</span> <span class='ocrx_word' id='word_1_187' title='bbox 1432 1760 1499 1815; x_wconf 90' lang='grc' dir='ltr'>α’,</span> <span class='ocrx_word' id='word_1_188' title='bbox 1533 1753 1625 1805; x_wconf 75' lang='grc' dir='ltr'>καὶ</span> <span class='ocrx_word' id='word_1_189' title='bbox 1653 1751 1714 1821; x_wconf 84' lang='grc' dir='ltr'>β’,</span> 
     </span>
    </p>
   </div>
   <div class='ocr_carea' id='block_1_26' title="bbox 1734 1740 3365 1822">
    <p class='ocr_par' dir='ltr' id='par_1_26' title="bbox 1824 1751 3365 1822">
     <span class='ocr_line' id='line_1_26' title="bbox 1824 1751 3365 1822; baseline 0.001 -16"><span class='ocrx_word' id='word_1_190' title='bbox 1824 1752 2015 1806; x_wconf 88' lang='lat' dir='ltr'><strong>ordine</strong></span> <span class='ocrx_word' id='word_1_191' title='bbox 2039 1752 2337 1815; x_wconf 86' lang='lat' dir='ltr'><strong>procedunt</strong></span> <span class='ocrx_word' id='word_1_192' title='bbox 2366 1751 2433 1805; x_wconf 89' lang='lat' dir='ltr'>ab</span> <span class='ocrx_word' id='word_1_193' title='bbox 2463 1752 2514 1816; x_wconf 89' lang='grc'>1,</span> <span class='ocrx_word' id='word_1_194' title='bbox 2546 1752 2600 1814; x_wconf 73' lang='lat'><strong>2,</strong></span> <span class='ocrx_word' id='word_1_195' title='bbox 2631 1754 2662 1806; x_wconf 79' lang='lat'><strong>5</strong></span> <span class='ocrx_word' id='word_1_196' title='bbox 2690 1768 2859 1821; x_wconf 91' lang='lat' dir='ltr'><strong>usque</strong></span> <span class='ocrx_word' id='word_1_197' title='bbox 2884 1752 2950 1804; x_wconf 86' lang='lat' dir='ltr'>ad</span> <span class='ocrx_word' id='word_1_198' title='bbox 2978 1753 3031 1815; x_wconf 87' lang='lat'><strong>7,</strong></span> <span class='ocrx_word' id='word_1_199' title='bbox 3054 1754 3106 1806; x_wconf 92' lang='lat' dir='ltr'>in</span> <span class='ocrx_word' id='word_1_200' title='bbox 3136 1768 3365 1822; x_wconf 84' lang='lat' dir='ltr'><strong>sequen-</strong></span> 
     </span>
    </p>
   </div>
   <div class='ocr_carea' id='block_1_27' title="bbox 169 1830 1800 1911">
    <p class='ocr_par' dir='ltr' id='par_1_27' title="bbox 169 1830 1718 1911">
     <span class='ocr_line' id='line_1_27' title="bbox 169 1830 1718 1911; baseline 0.008 -32"><span class='ocrx_word' id='word_1_201' title='bbox 169 1832 267 1881; x_wconf 72' lang='grc' dir='ltr'>καὶ</span> <span class='ocrx_word' id='word_1_202' title='bbox 285 1830 471 1900; x_wconf 74' lang='grc' dir='ltr'>τρίτης</span> <span class='ocrx_word' id='word_1_203' title='bbox 506 1836 664 1905; x_wconf 85' lang='grc' dir='ltr'>μέχρι</span> <span class='ocrx_word' id='word_1_204' title='bbox 688 1837 794 1889; x_wconf 91' lang='grc' dir='ltr'>τῶν</span> <span class='ocrx_word' id='word_1_205' title='bbox 824 1837 866 1899; x_wconf 73' lang='grc' dir='ltr'>ζ’</span> <span class='ocrx_word' id='word_1_206' title='bbox 886 1856 897 1866; x_wconf 90' lang='grc'><strong>·</strong></span> <span class='ocrx_word' id='word_1_207' title='bbox 937 1840 991 1891; x_wconf 79' lang='grc' dir='ltr'>ἐν</span> <span class='ocrx_word' id='word_1_208' title='bbox 1019 1840 1073 1891; x_wconf 79' lang='grc' dir='ltr'>δὲ</span> <span class='ocrx_word' id='word_1_209' title='bbox 1106 1843 1215 1901; x_wconf 82' lang='grc' dir='ltr'>τοῖς</span> <span class='ocrx_word' id='word_1_210' title='bbox 1239 1841 1372 1909; x_wconf 82' lang='grc' dir='ltr'>μετὰ</span> <span class='ocrx_word' id='word_1_211' title='bbox 1392 1840 1481 1892; x_wconf 80' lang='grc' dir='ltr'>τὸν</span> <span class='ocrx_word' id='word_1_212' title='bbox 1511 1840 1718 1911; x_wconf 87' lang='grc' dir='ltr'>πρῶτον</span> 
     </span>
    </p>
   </div>
   <div class='ocr_carea' id='block_1_28' title="bbox 1734 1830 3365 1911">
    <p class='ocr_par' dir='ltr' id='par_1_28' title="bbox 1826 1840 3365 1911">
     <span class='ocr_line' id='line_1_28' title="bbox 1826 1840 3365 1911; baseline -0.001 -16"><span class='ocrx_word' id='word_1_213' title='bbox 1826 1843 1968 1896; x_wconf 87' lang='lat' dir='ltr'><strong>tibus</strong></span> <span class='ocrx_word' id='word_1_214' title='bbox 1999 1850 2157 1911; x_wconf 85' lang='lat' dir='ltr'><strong>prout</strong></span> <span class='ocrx_word' id='word_1_215' title='bbox 2197 1842 2441 1896; x_wconf 87' lang='lat' dir='ltr'><strong>calculus</strong></span> <span class='ocrx_word' id='word_1_216' title='bbox 2496 1842 2639 1895; x_wconf 88' lang='lat' dir='ltr'><strong>tulit.</strong></span> <span class='ocrx_word' id='word_1_217' title='bbox 2694 1840 2956 1910; x_wconf 88' lang='lat' dir='ltr'><strong>Utrinque</strong></span> <span class='ocrx_word' id='word_1_218' title='bbox 2995 1841 3160 1895; x_wconf 88' lang='lat' dir='ltr'><strong>rubro</strong></span> <span class='ocrx_word' id='word_1_219' title='bbox 3209 1841 3365 1909; x_wconf 76' lang='lat' dir='ltr'><strong>picta:</strong></span> 
     </span>
    </p>
   </div>
   <div class='ocr_carea' id='block_1_29' title="bbox 170 1918 1801 2011">
    <p class='ocr_par' dir='ltr' id='par_1_29' title="bbox 170 1918 1792 2011">
     <span class='ocr_line' id='line_1_29' title="bbox 170 1918 1792 2011; baseline 0.009 -44"><span class='ocrx_word' id='word_1_220' title='bbox 170 1918 353 2011; x_wconf 75' lang='grc' dir='ltr'>στίχον</span> <span class='ocrx_word' id='word_1_221' title='bbox 382 1921 518 1992; x_wconf 87' lang='grc' dir='ltr'>ώςὴ</span> <span class='ocrx_word' id='word_1_222' title='bbox 561 1924 735 1993; x_wconf 66' lang='grc' dir='ltr'>ψῆφος</span> <span class='ocrx_word' id='word_1_223' title='bbox 779 1927 1069 1997; x_wconf 81' lang='grc' dir='ltr'>ἀπῄτησεν.</span> <span class='ocrx_word' id='word_1_224' title='bbox 1126 1930 1578 2000; x_wconf 75' lang='grc' dir='ltr'>Ἑκατέρωθενδὲ</span> <span class='ocrx_word' id='word_1_225' title='bbox 1628 1928 1717 1981; x_wconf 84' lang='grc' dir='ltr'>τοῦ</span> <span class='ocrx_word' id='word_1_226' title='bbox 1752 1958 1792 2011; x_wconf 72' lang='grc' dir='ltr'><strong>Β</strong></span> 
     </span>
    </p>
   </div>
   <div class='ocr_carea' id='block_1_30' title="bbox 1730 1918 3361 2011">
    <p class='ocr_par' dir='ltr' id='par_1_30' title="bbox 1752 1930 3361 2011">
     <span class='ocr_line' id='line_1_30' title="bbox 1752 1930 3361 2011; baseline -0.004 -25"><span class='ocrx_word' id='word_1_227' title='bbox 1752 1958 1792 2011; x_wconf 71' lang='grc' dir='ltr'><strong>Β</strong></span> <span class='ocrx_word' id='word_1_228' title='bbox 1823 1940 1948 1986; x_wconf 87' lang='lat' dir='ltr'><strong>sunt</strong></span> <span class='ocrx_word' id='word_1_229' title='bbox 1989 1931 2186 1985; x_wconf 63' lang='lat' dir='ltr'><strong>eaedem</strong></span> <span class='ocrx_word' id='word_1_230' title='bbox 2214 1930 2569 1985; x_wconf 82' lang='lat' dir='ltr'>hebdomadis</span> <span class='ocrx_word' id='word_1_231' title='bbox 2592 1931 2736 1986; x_wconf 68' lang='lat' dir='ltr'><strong>feriae.</strong></span> <span class='ocrx_word' id='word_1_232' title='bbox 2782 1931 3032 1986; x_wconf 88' lang='lat' dir='ltr'><strong>deorsum</strong></span> <span class='ocrx_word' id='word_1_233' title='bbox 3076 1944 3106 1983; x_wconf 86' lang='lat' dir='ltr'>a</span> <span class='ocrx_word' id='word_1_234' title='bbox 3150 1942 3361 1983; x_wconf 86' lang='lat' dir='ltr'><strong>summo</strong></span> 
     </span>
    </p>
   </div>
   <div class='ocr_carea' id='block_1_31' title="bbox 167 2009 1798 2091">
    <p class='ocr_par' dir='ltr' id='par_1_31' title="bbox 167 2009 1783 2091">
     <span class='ocr_line' id='line_1_31' title="bbox 167 2009 1783 2091; baseline 0.008 -32"><span class='ocrx_word' id='word_1_235' title='bbox 167 2009 336 2062; x_wconf 81' lang='grc' dir='ltr'>αὐτοῦ</span> <span class='ocrx_word' id='word_1_236' title='bbox 372 2011 458 2064; x_wconf 82' lang='grc' dir='ltr'>διὰ</span> <span class='ocrx_word' id='word_1_237' title='bbox 523 2017 745 2091; x_wconf 85' lang='grc' dir='ltr'>σηρικοῦ</span> <span class='ocrx_word' id='word_1_238' title='bbox 780 2019 1156 2088; x_wconf 79' lang='grc' dir='ltr'>γεγραμμέναι</span> <span class='ocrx_word' id='word_1_239' title='bbox 1186 2020 1341 2073; x_wconf 80' lang='grc' dir='ltr'>πάλιν</span> <span class='ocrx_word' id='word_1_240' title='bbox 1376 2022 1511 2074; x_wconf 70' lang='grc' dir='ltr'>είσὶν</span> <span class='ocrx_word' id='word_1_241' title='bbox 1548 2020 1718 2091; x_wconf 78' lang='grc' dir='ltr'>ὀρθῶς</span> <span class='ocrx_word' id='word_1_242' title='bbox 1754 2009 1783 2011; x_wconf 23' lang='grc' dir='ltr'><strong>ἡ</strong></span> 
     </span>
    </p>
   </div>
   <div class='ocr_carea' id='block_1_32' title="bbox 1733 2009 3364 2091">
    <p class='ocr_par' dir='ltr' id='par_1_32' title="bbox 1754 2009 3364 2088">
     <span class='ocr_line' id='line_1_32' title="bbox 1754 2009 3364 2088; baseline -0.002 -14"><span class='ocrx_word' id='word_1_243' title='bbox 1754 2009 1783 2011; x_wconf 18' lang='grc' dir='ltr'><strong>ἡ</strong></span> <span class='ocrx_word' id='word_1_244' title='bbox 1822 2019 2231 2083; x_wconf 84' lang='lat' dir='ltr'><strong>descendentes,</strong></span> <span class='ocrx_word' id='word_1_245' title='bbox 2263 2021 2457 2087; x_wconf 81' lang='lat' dir='ltr'><strong>quibus</strong></span> <span class='ocrx_word' id='word_1_246' title='bbox 2485 2020 2723 2088; x_wconf 89' lang='lat' dir='ltr'><strong>adjuncti</strong></span> <span class='ocrx_word' id='word_1_247' title='bbox 2767 2027 2893 2075; x_wconf 92' lang='lat' dir='ltr'><strong>sunt</strong></span> <span class='ocrx_word' id='word_1_248' title='bbox 2945 2020 3168 2073; x_wconf 74' lang='lat' dir='ltr'><strong>Romani</strong></span> <span class='ocrx_word' id='word_1_249' title='bbox 3213 2033 3364 2073; x_wconf 73' lang='lat' dir='ltr'><strong>men-</strong></span> 
     </span>
    </p>
   </div>
   <div class='ocr_carea' id='block_1_33' title="bbox 169 2086 1800 2183">
    <p class='ocr_par' dir='ltr' id='par_1_33' title="bbox 169 2086 1718 2183">
     <span class='ocr_line' id='line_1_33' title="bbox 169 2086 1718 2183; baseline 0.013 -32"><span class='ocrx_word' id='word_1_250' title='bbox 169 2102 491 2171; x_wconf 81' lang='grc' dir='ltr'>καθιέμεναι</span> <span class='ocrx_word' id='word_1_251' title='bbox 517 2106 569 2158; x_wconf 79' lang='grc' dir='ltr'>αἱ</span> <span class='ocrx_word' id='word_1_252' title='bbox 601 2086 756 2160; x_wconf 72' lang='grc' dir='ltr'>αὑταὶ</span> <span class='ocrx_word' id='word_1_253' title='bbox 792 2086 895 2179; x_wconf 81' lang='grc' dir='ltr'>τῆς</span> <span class='ocrx_word' id='word_1_254' title='bbox 929 2086 1212 2180; x_wconf 65' lang='grc' dir='ltr'>ἑϐδομάδος</span> <span class='ocrx_word' id='word_1_255' title='bbox 1248 2112 1483 2183; x_wconf 83' lang='grc' dir='ltr'>ἡμέραι·</span> <span class='ocrx_word' id='word_1_256' title='bbox 1517 2086 1630 2181; x_wconf 64' lang='grc' dir='ltr'>μεθ’</span> <span class='ocrx_word' id='word_1_257' title='bbox 1654 2111 1718 2173; x_wconf 77' lang='grc' dir='ltr'>ἃς</span> 
     </span>
    </p>
   </div>
   <div class='ocr_carea' id='block_1_34' title="bbox 1727 2086 3358 2183">
    <p class='ocr_par' dir='ltr' id='par_1_34' title="bbox 1824 2104 3358 2177">
     <span class='ocr_line' id='line_1_34' title="bbox 1824 2104 3358 2177; baseline -0.003 -13"><span class='ocrx_word' id='word_1_258' title='bbox 1824 2124 1948 2175; x_wconf 85' lang='lat' dir='ltr'><strong>ses;</strong></span> <span class='ocrx_word' id='word_1_259' title='bbox 1982 2109 2036 2161; x_wconf 91' lang='lat' dir='ltr'><strong>in</strong></span> <span class='ocrx_word' id='word_1_260' title='bbox 2063 2104 2275 2177; x_wconf 79' lang='lat' dir='ltr'><strong>gemino</strong></span> <span class='ocrx_word' id='word_1_261' title='bbox 2301 2122 2460 2161; x_wconf 90' lang='lat' dir='ltr'><strong>versu</strong></span> <span class='ocrx_word' id='word_1_262' title='bbox 2495 2110 2643 2163; x_wconf 90' lang='lat' dir='ltr'><strong>solus</strong></span> <span class='ocrx_word' id='word_1_263' title='bbox 2672 2109 2967 2176; x_wconf 87' lang='lat' dir='ltr'><strong>inscriptus</strong></span> <span class='ocrx_word' id='word_1_264' title='bbox 2997 2118 3080 2164; x_wconf 92' lang='lat' dir='ltr'>est</span> <span class='ocrx_word' id='word_1_265' title='bbox 3117 2108 3358 2170; x_wconf 78' lang='lat' dir='ltr'><strong>Martius,</strong></span> 
     </span>
    </p>
   </div>
   <div class='ocr_carea' id='block_1_35' title="bbox 168 2192 1799 2273">
    <p class='ocr_par' dir='ltr' id='par_1_35' title="bbox 168 2192 1721 2273">
     <span class='ocr_line' id='line_1_35' title="bbox 168 2192 1721 2273; baseline 0.007 -31"><span class='ocrx_word' id='word_1_266' title='bbox 168 2192 265 2243; x_wconf 73' lang='grc' dir='ltr'>καὶ</span> <span class='ocrx_word' id='word_1_267' title='bbox 313 2195 361 2244; x_wconf 78' lang='grc' dir='ltr'>οἱ</span> <span class='ocrx_word' id='word_1_268' title='bbox 409 2195 722 2250; x_wconf 80' lang='grc' dir='ltr'>δυοκαίδεκα</span> <span class='ocrx_word' id='word_1_269' title='bbox 764 2201 1054 2269; x_wconf 87' lang='grc' dir='ltr'>Ῥωμαῖκο“ι</span> <span class='ocrx_word' id='word_1_270' title='bbox 1082 2202 1241 2272; x_wconf 80' lang='grc' dir='ltr'>μῆνες</span> <span class='ocrx_word' id='word_1_271' title='bbox 1267 2202 1721 2273; x_wconf 86' lang='grc' dir='ltr'>διαγεγραμμένοι</span> 
     </span>
    </p>
   </div>
   <div class='ocr_carea' id='block_1_36' title="bbox 1733 2192 3364 2273">
    <p class='ocr_par' dir='ltr' id='par_1_36' title="bbox 1824 2196 3364 2267">
     <span class='ocr_line' id='line_1_36' title="bbox 1824 2196 3364 2267; baseline -0.002 -15"><span class='ocrx_word' id='word_1_272' title='bbox 1824 2206 2040 2267; x_wconf 85' lang='lat' dir='ltr'><strong>propter</strong></span> <span class='ocrx_word' id='word_1_273' title='bbox 2068 2199 2383 2252; x_wconf 80' lang='lat' dir='ltr'><strong>bissextum.</strong></span> <span class='ocrx_word' id='word_1_274' title='bbox 2410 2196 2681 2262; x_wconf 87' lang='lat' dir='ltr'><strong>Ejusmodi</strong></span> <span class='ocrx_word' id='word_1_275' title='bbox 2710 2206 2793 2252; x_wconf 84' lang='lat' dir='ltr'>est</span> <span class='ocrx_word' id='word_1_276' title='bbox 2823 2199 3027 2253; x_wconf 57' lang='lat' dir='ltr'><strong>tabella}</strong></span> <span class='ocrx_word' id='word_1_277' title='bbox 3053 2197 3364 2267; x_wconf 88' lang='lat' dir='ltr'><strong>descriptio.</strong></span> 
     </span>
    </p>
   </div>
   <div class='ocr_carea' id='block_1_37' title="bbox 168 2287 3365 2369">
    <p class='ocr_par' dir='ltr' id='par_1_37' title="bbox 168 2287 3365 2369">
     <span class='ocr_line' id='line_1_37' title="bbox 168 2287 3365 2369; baseline 0.003 -34"><span class='ocrx_word' id='word_1_278' title='bbox 168 2287 545 2354; x_wconf 78' lang='grc' dir='ltr'>τυγχάνουσιν.</span> <span class='ocrx_word' id='word_1_279' title='bbox 589 2291 673 2369; x_wconf 87' lang='grc' dir='ltr'>Ἐν</span> <span class='ocrx_word' id='word_1_280' title='bbox 718 2292 874 2361; x_wconf 88' lang='grc' dir='ltr'>διττῷ</span> <span class='ocrx_word' id='word_1_281' title='bbox 901 2294 971 2344; x_wconf 82' lang='grc' dir='ltr'>δὲ·</span> <span class='ocrx_word' id='word_1_282' title='bbox 998 2294 1461 2365; x_wconf 80' lang='grc' dir='ltr'>διαγεγραμμένος</span> <span class='ocrx_word' id='word_1_283' title='bbox 1492 2297 1719 2367; x_wconf 78' lang='grc' dir='ltr'>ὑπάρχει</span> <span class='ocrx_word' id='word_1_284' title='bbox 1743 2294 1938 2364; x_wconf 80' lang='grc' dir='ltr'>μόνοςὸ</span> <span class='ocrx_word' id='word_1_285' title='bbox 1970 2292 2207 2362; x_wconf 81' lang='grc' dir='ltr'>Μάρτιος</span> <span class='ocrx_word' id='word_1_286' title='bbox 2232 2290 2317 2344; x_wconf 76' lang='grc' dir='ltr'>διὰ</span> <span class='ocrx_word' id='word_1_287' title='bbox 2337 2289 2397 2343; x_wconf 84' lang='grc' dir='ltr'>τὸ</span> <span class='ocrx_word' id='word_1_288' title='bbox 2420 2287 2706 2359; x_wconf 79' lang='grc' dir='ltr'>βίσσεξτον.</span> <span class='ocrx_word' id='word_1_289' title='bbox 2734 2290 2915 2353; x_wconf 84' lang='grc' dir='ltr'>Ταῦτα</span> <span class='ocrx_word' id='word_1_290' title='bbox 2942 2291 3034 2343; x_wconf 67' lang='grc' dir='ltr'>καὶ</span> <span class='ocrx_word' id='word_1_291' title='bbox 3090 2290 3217 2360; x_wconf 74' lang='grc' dir='ltr'>περὶ</span> <span class='ocrx_word' id='word_1_292' title='bbox 3266 2287 3365 2358; x_wconf 80' lang='grc' dir='ltr'>τῆς</span> 
     </span>
    </p>
   </div>
   <div class='ocr_carea' id='block_1_38' title="bbox 170 2376 879 2453">
    <p class='ocr_par' dir='ltr' id='par_1_38' title="bbox 170 2376 879 2453">
     <span class='ocr_line' id='line_1_38' title="bbox 170 2376 879 2453; baseline 0.016 -28"><span class='ocrx_word' id='word_1_293' title='bbox 170 2376 265 2429; x_wconf 88' lang='grc' dir='ltr'>τοῦ</span> <span class='ocrx_word' id='word_1_294' title='bbox 302 2380 543 2434; x_wconf 76' lang='grc' dir='ltr'>κανονίου</span> <span class='ocrx_word' id='word_1_295' title='bbox 576 2382 879 2453; x_wconf 75' lang='grc' dir='ltr'>διασκευῆς.</span> 
     </span>
    </p>
   </div>
   <div class='ocr_carea' id='block_1_39' title="bbox 417 2487 2048 2610">
    <p class='ocr_par' dir='ltr' id='par_1_39' title="bbox 417 2487 2048 2563">
     <span class='ocr_line' id='line_1_39' title="bbox 417 2487 2048 2563; baseline 0.009 -25"><span class='ocrx_word' id='word_1_296' title='bbox 417 2488 474 2539; x_wconf 88' lang='grc' dir='ltr'>’Υ</span> <span class='ocrx_word' id='word_1_297' title='bbox 472 2487 675 2552; x_wconf 55' lang='lat' dir='ltr'><strong>added:</strong></span> <span class='ocrx_word' id='word_1_298' title='bbox 680 2508 733 2555; x_wconf 86' lang='grc' dir='ltr'>ις</span> <span class='ocrx_word' id='word_1_299' title='bbox 766 2490 873 2558; x_wconf 76' lang='grc' dir='ltr'>τῆς</span> <span class='ocrx_word' id='word_1_300' title='bbox 888 2494 1014 2545; x_wconf 80' lang='grc' dir='ltr'>καθ’</span> <span class='ocrx_word' id='word_1_301' title='bbox 1038 2495 1238 2562; x_wconf 79' lang='grc' dir='ltr'>εἱρμὸν</span> <span class='ocrx_word' id='word_1_302' title='bbox 1254 2494 1475 2563; x_wconf 65' lang='grc' dir='ltr'>ψήφου.</span> <span class='ocrx_word' id='word_1_303' title='bbox 1959 2491 2048 2556; x_wconf 66' lang='grc' dir='ltr'>Οθιι</span> 
     </span>
    </p>
   </div>
   <div class='ocr_carea' id='block_1_40' title="bbox 1585 2487 3216 2610">
    <p class='ocr_par' dir='ltr' id='par_1_40' title="bbox 1959 2487 3216 2610">
     <span class='ocr_line' id='line_1_40' title="bbox 1959 2487 3216 2556; baseline -0.002 -15"><span class='ocrx_word' id='word_1_304' title='bbox 1959 2491 2202 2556; x_wconf 55' lang='lat' dir='ltr'><strong>Quanam</strong></span> <span class='ocrx_word' id='word_1_305' title='bbox 2231 2490 2431 2541; x_wconf 79' lang='lat' dir='ltr'><strong>ratinm</strong></span> <span class='ocrx_word' id='word_1_306' title='bbox 2458 2488 2689 2542; x_wconf 79' lang='lat' dir='ltr'><strong>calculus</strong></span> <span class='ocrx_word' id='word_1_307' title='bbox 2726 2487 2903 2541; x_wconf 80' lang='lat' dir='ltr'><strong>ordine</strong></span> <span class='ocrx_word' id='word_1_308' title='bbox 2934 2488 3127 2540; x_wconf 84' lang='lat' dir='ltr'><strong>directo</strong></span> <span class='ocrx_word' id='word_1_309' title='bbox 3155 2489 3216 2539; x_wconf 79' lang='lat' dir='ltr'>sit</span> 
     </span>
     <span class='ocr_line' id='line_1_41' title="bbox 2401 2559 2770 2610; baseline 0 0"><span class='ocrx_word' id='word_1_310' title='bbox 2401 2559 2770 2610; x_wconf 78' lang='lat' dir='ltr'><strong>instituendus.</strong></span> 
     </span>
    </p>
   </div>
   <div class='ocr_carea' id='block_1_41' title="bbox 2401 2574 2770 2613">
    <p class='ocr_par' dir='ltr' id='par_1_41' title="bbox 2401 2574 2770 2613">
     <span class='ocr_line' id='line_1_42' title="bbox 2401 2574 2770 2613; baseline -0.003 -1"><span class='ocrx_word' id='word_1_311' title='bbox 2401 2574 2770 2613; x_wconf 73' lang='lat' dir='ltr'><strong>instituendus.</strong></span> 
     </span>
    </p>
   </div>
   <div class='ocr_carea' id='block_1_42' title="bbox 242 2658 1873 2739">
    <p class='ocr_par' dir='ltr' id='par_1_42' title="bbox 242 2661 1719 2737">
     <span class='ocr_line' id='line_1_43' title="bbox 242 2661 1719 2737; baseline 0.005 -26"><span class='ocrx_word' id='word_1_312' title='bbox 242 2661 316 2714; x_wconf 84' lang='grc' dir='ltr'>Δ’.</span> <span class='ocrx_word' id='word_1_313' title='bbox 361 2661 546 2716; x_wconf 85' lang='grc' dir='ltr'>Ἦνίκα</span> <span class='ocrx_word' id='word_1_314' title='bbox 573 2662 747 2716; x_wconf 83' lang='grc' dir='ltr'>τοίνυν</span> <span class='ocrx_word' id='word_1_315' title='bbox 778 2666 840 2717; x_wconf 87' lang='grc' dir='ltr'>ὲκ</span> <span class='ocrx_word' id='word_1_316' title='bbox 863 2664 1013 2717; x_wconf 85' lang='grc' dir='ltr'>τοῦδε</span> <span class='ocrx_word' id='word_1_317' title='bbox 1050 2665 1141 2718; x_wconf 89' lang='grc' dir='ltr'>τοῦ</span> <span class='ocrx_word' id='word_1_318' title='bbox 1164 2666 1352 2737; x_wconf 82' lang='grc' dir='ltr'>τροχοῦ</span> <span class='ocrx_word' id='word_1_319' title='bbox 1377 2666 1473 2736; x_wconf 79' lang='grc' dir='ltr'>τὴν</span> <span class='ocrx_word' id='word_1_320' title='bbox 1499 2666 1719 2736; x_wconf 76' lang='grc' dir='ltr'>έῦδομα-</span> 
     </span>
    </p>
   </div>
   <div class='ocr_carea' id='block_1_43' title="bbox 1732 2658 3363 2739">
    <p class='ocr_par' dir='ltr' id='par_1_43' title="bbox 1888 2658 3363 2739">
     <span class='ocr_line' id='line_1_44' title="bbox 1888 2658 3363 2739; baseline 0.001 -18"><span class='ocrx_word' id='word_1_321' title='bbox 1888 2667 1976 2721; x_wconf 77' lang='grc' dir='ltr'>ιν.</span> <span class='ocrx_word' id='word_1_322' title='bbox 2007 2658 2079 2721; x_wconf 73' lang='lat' dir='ltr'><strong>Ut</strong></span> <span class='ocrx_word' id='word_1_323' title='bbox 2101 2683 2167 2724; x_wconf 89' lang='lat' dir='ltr'>ex</span> <span class='ocrx_word' id='word_1_324' title='bbox 2191 2668 2291 2721; x_wconf 89' lang='lat' dir='ltr'>hac</span> <span class='ocrx_word' id='word_1_325' title='bbox 2314 2676 2436 2722; x_wconf 89' lang='lat' dir='ltr'><strong>rota</strong></span> <span class='ocrx_word' id='word_1_326' title='bbox 2469 2667 2655 2721; x_wconf 81' lang='lat' dir='ltr'><strong>feriam</strong></span> <span class='ocrx_word' id='word_1_327' title='bbox 2686 2684 3009 2739; x_wconf 90' lang='lat' dir='ltr'><strong>quocunque</strong></span> <span class='ocrx_word' id='word_1_328' title='bbox 3030 2668 3117 2723; x_wconf 81' lang='lat' dir='ltr'>die</span> <span class='ocrx_word' id='word_1_329' title='bbox 3132 2666 3363 2727; x_wconf 82' lang='lat' dir='ltr'><strong>Romani</strong></span> 
     </span>
    </p>
   </div>
   <div class='ocr_carea' id='block_1_44' title="bbox 173 2751 1804 2833">
    <p class='ocr_par' dir='ltr' id='par_1_44' title="bbox 173 2751 1721 2828">
     <span class='ocr_line' id='line_1_45' title="bbox 173 2751 1721 2828; baseline 0.005 -29"><span class='ocrx_word' id='word_1_330' title='bbox 173 2751 332 2818; x_wconf 80' lang='grc' dir='ltr'>τικὴν</span> <span class='ocrx_word' id='word_1_331' title='bbox 348 2751 574 2820; x_wconf 81' lang='grc' dir='ltr'>ἡμέραν,</span> <span class='ocrx_word' id='word_1_332' title='bbox 594 2753 649 2805; x_wconf 84' lang='grc' dir='ltr'>έν</span> <span class='ocrx_word' id='word_1_333' title='bbox 674 2754 758 2823; x_wconf 75' lang='grc' dir='ltr'>οἵᾳ</span> <span class='ocrx_word' id='word_1_334' title='bbox 781 2754 841 2824; x_wconf 86' lang='grc' dir='ltr'>δή</span> <span class='ocrx_word' id='word_1_335' title='bbox 850 2773 974 2808; x_wconf 86' lang='grc' dir='ltr'>ποτε</span> <span class='ocrx_word' id='word_1_336' title='bbox 989 2756 1288 2826; x_wconf 76' lang='grc' dir='ltr'>Ῥωμαϊκοῦ</span> <span class='ocrx_word' id='word_1_337' title='bbox 1306 2758 1470 2827; x_wconf 84' lang='grc' dir='ltr'>μηνὸς</span> <span class='ocrx_word' id='word_1_338' title='bbox 1492 2757 1721 2828; x_wconf 75' lang='grc' dir='ltr'>ποσταία</span> 
     </span>
    </p>
   </div>
   <div class='ocr_carea' id='block_1_45' title="bbox 1733 2751 3364 2833">
    <p class='ocr_par' dir='ltr' id='par_1_45' title="bbox 1822 2756 3364 2833">
     <span class='ocr_line' id='line_1_46' title="bbox 1822 2756 3364 2833; baseline -0.001 -20"><span class='ocrx_word' id='word_1_339' title='bbox 1822 2758 2023 2827; x_wconf 77' lang='lat' dir='ltr'><strong>mensis</strong></span> <span class='ocrx_word' id='word_1_340' title='bbox 2068 2758 2426 2820; x_wconf 87' lang='lat' dir='ltr'><strong>obtineamus,</strong></span> <span class='ocrx_word' id='word_1_341' title='bbox 2472 2758 2702 2826; x_wconf 89' lang='lat' dir='ltr'><strong>primum</strong></span> <span class='ocrx_word' id='word_1_342' title='bbox 2746 2756 3119 2827; x_wconf 72' lang='lat' dir='ltr'><strong>cycli&#39;solaris</strong></span> <span class='ocrx_word' id='word_1_343' title='bbox 3164 2773 3364 2833; x_wconf 61' lang='lat' dir='ltr'><strong>annus,</strong></span> 
     </span>
    </p>
   </div>
   <div class='ocr_carea' id='block_1_46' title="bbox 178 2839 1809 2933">
    <p class='ocr_par' dir='ltr' id='par_1_46' title="bbox 178 2839 1720 2918">
     <span class='ocr_line' id='line_1_47' title="bbox 178 2839 1720 2918; baseline 0.005 -26"><span class='ocrx_word' id='word_1_344' title='bbox 178 2839 520 2911; x_wconf 79' lang='grc' dir='ltr'>βουληθῶμεν</span> <span class='ocrx_word' id='word_1_345' title='bbox 560 2846 767 2913; x_wconf 82' lang='grc' dir='ltr'>μαθεῖν,</span> <span class='ocrx_word' id='word_1_346' title='bbox 814 2848 1116 2916; x_wconf 81' lang='grc' dir='ltr'>σκοποῦμεν</span> <span class='ocrx_word' id='word_1_347' title='bbox 1137 2847 1349 2918; x_wconf 86' lang='grc' dir='ltr'>πρῶτον</span> <span class='ocrx_word' id='word_1_348' title='bbox 1369 2849 1453 2901; x_wconf 86' lang='grc' dir='ltr'>διὰ</span> <span class='ocrx_word' id='word_1_349' title='bbox 1472 2850 1567 2917; x_wconf 78' lang='grc' dir='ltr'>τῆς</span> <span class='ocrx_word' id='word_1_350' title='bbox 1590 2849 1720 2900; x_wconf 89' lang='grc' dir='ltr'>ὑπο-</span> 
     </span>
    </p>
   </div>
   <div class='ocr_carea' id='block_1_47' title="bbox 1727 2839 3358 2933">
    <p class='ocr_par' dir='ltr' id='par_1_47' title="bbox 1818 2842 3358 2933">
     <span class='ocr_line' id='line_1_48' title="bbox 1818 2842 3358 2933; baseline -0.001 -32"><span class='ocrx_word' id='word_1_351' title='bbox 1818 2860 1875 2933; x_wconf 59' lang='grc' dir='ltr'>ςιι</span> <span class='ocrx_word' id='word_1_352' title='bbox 1906 2864 2011 2918; x_wconf 90' lang='lat' dir='ltr'>quo</span> <span class='ocrx_word' id='word_1_353' title='bbox 2039 2842 2335 2911; x_wconf 78' lang='lat' dir='ltr'><strong>versamur,</strong></span> <span class='ocrx_word' id='word_1_354' title='bbox 2368 2847 2790 2901; x_wconf 87' lang='lat' dir='ltr'><strong>considerandus</strong></span> <span class='ocrx_word' id='word_1_355' title='bbox 2817 2863 2878 2901; x_wconf 86' lang='lat' dir='ltr'>ea</span> <span class='ocrx_word' id='word_1_356' title='bbox 2923 2848 3171 2903; x_wconf 87' lang='lat' dir='ltr'><strong>methodo</strong></span> <span class='ocrx_word' id='word_1_357' title='bbox 3198 2863 3358 2917; x_wconf 87' lang='lat' dir='ltr'><strong>quam</strong></span> 
     </span>
    </p>
   </div>
   <div class='ocr_carea' id='block_1_48' title="bbox 175 2931 1806 3009">
    <p class='ocr_par' dir='ltr' id='par_1_48' title="bbox 175 2931 1714 3008">
     <span class='ocr_line' id='line_1_49' title="bbox 175 2931 1714 3008; baseline 0.005 -26"><span class='ocrx_word' id='word_1_358' title='bbox 175 2931 469 3002; x_wconf 78' lang='grc' dir='ltr'>δειχθείσης</span> <span class='ocrx_word' id='word_1_359' title='bbox 526 2934 742 3003; x_wconf 82' lang='grc' dir='ltr'>μεθόδου</span> <span class='ocrx_word' id='word_1_360' title='bbox 785 2936 842 2987; x_wconf 82' lang='grc' dir='ltr'>τὸ</span> <span class='ocrx_word' id='word_1_361' title='bbox 880 2938 1219 3008; x_wconf 78' lang='grc' dir='ltr'>ἐνιστάμενον</span> <span class='ocrx_word' id='word_1_362' title='bbox 1245 2938 1337 2990; x_wconf 91' lang='grc' dir='ltr'>τοῦ</span> <span class='ocrx_word' id='word_1_363' title='bbox 1375 2939 1519 3007; x_wconf 87' lang='grc' dir='ltr'>ἡλίου</span> <span class='ocrx_word' id='word_1_364' title='bbox 1567 2938 1714 3000; x_wconf 82' lang='grc' dir='ltr'>ἔτος·</span> 
     </span>
    </p>
   </div>
   <div class='ocr_carea' id='block_1_49' title="bbox 1729 2931 3360 3009">
    <p class='ocr_par' dir='ltr' id='par_1_49' title="bbox 1824 2931 3360 3009">
     <span class='ocr_line' id='line_1_50' title="bbox 1824 2931 3360 3009; baseline -0.001 -15"><span class='ocrx_word' id='word_1_365' title='bbox 1824 2931 1987 3009; x_wconf 80' lang='lat' dir='ltr'><strong>supra</strong></span> <span class='ocrx_word' id='word_1_366' title='bbox 2041 2937 2530 2992; x_wconf 83' lang='lat' dir='ltr'><strong>demonstravimus</strong></span> <span class='ocrx_word' id='word_1_367' title='bbox 2572 2950 2586 2988; x_wconf 89' lang='lat'><strong>:</strong></span> <span class='ocrx_word' id='word_1_368' title='bbox 2626 2945 2683 2989; x_wconf 91' lang='lat' dir='ltr'><strong>ut</strong></span> <span class='ocrx_word' id='word_1_369' title='bbox 2722 2937 2948 3006; x_wconf 85' lang='lat' dir='ltr'><strong>exempli</strong></span> <span class='ocrx_word' id='word_1_370' title='bbox 2997 2940 3201 3006; x_wconf 76' lang='lat' dir='ltr'><strong>gratia,</strong></span> <span class='ocrx_word' id='word_1_371' title='bbox 3258 2938 3360 2992; x_wconf 87' lang='lat' dir='ltr'>hoc</span> 
     </span>
    </p>
   </div>
   <div class='ocr_carea' id='block_1_50' title="bbox 172 3021 1803 3099">
    <p class='ocr_par' dir='ltr' id='par_1_50' title="bbox 172 3021 1712 3099">
     <span class='ocr_line' id='line_1_51' title="bbox 172 3021 1712 3099; baseline 0.005 -27"><span class='ocrx_word' id='word_1_372' title='bbox 172 3021 248 3082; x_wconf 84' lang='grc' dir='ltr'>ὡς</span> <span class='ocrx_word' id='word_1_373' title='bbox 296 3024 390 3074; x_wconf 75' lang='grc' dir='ltr'>ἐπὶ</span> <span class='ocrx_word' id='word_1_374' title='bbox 435 3024 526 3075; x_wconf 86' lang='grc' dir='ltr'>τοῦ</span> <span class='ocrx_word' id='word_1_375' title='bbox 571 3025 856 3087; x_wconf 77' lang='grc' dir='ltr'>ἐνεστῶτος</span> <span class='ocrx_word' id='word_1_376' title='bbox 898 3027 1027 3097; x_wconf 81' lang='grc' dir='ltr'>φέρε</span> <span class='ocrx_word' id='word_1_377' title='bbox 1059 3031 1249 3090; x_wconf 83' lang='grc' dir='ltr'>εἰπεῖν,</span> <span class='ocrx_word' id='word_1_378' title='bbox 1285 3030 1450 3098; x_wconf 81' lang='grc' dir='ltr'>ἡγουν</span> <span class='ocrx_word' id='word_1_379' title='bbox 1476 3028 1567 3081; x_wconf 87' lang='grc' dir='ltr'>τοῦ</span> <span class='ocrx_word' id='word_1_380' title='bbox 1598 3035 1712 3099; x_wconf 86' lang='grc' dir='ltr'>κη’·</span> 
     </span>
    </p>
   </div>
   <div class='ocr_carea' id='block_1_51' title="bbox 1727 3021 3358 3099">
    <p class='ocr_par' dir='ltr' id='par_1_51' title="bbox 1824 3022 3358 3097">
     <span class='ocr_line' id='line_1_52' title="bbox 1824 3022 3358 3097; baseline 0 -16"><span class='ocrx_word' id='word_1_381' title='bbox 1824 3044 1967 3082; x_wconf 90' lang='lat' dir='ltr'><strong>anno</strong></span> <span class='ocrx_word' id='word_1_382' title='bbox 2000 3029 2351 3097; x_wconf 70' lang='lat' dir='ltr'><strong>cycloxxvm.</strong></span> <span class='ocrx_word' id='word_1_383' title='bbox 2374 3026 2508 3079; x_wconf 91' lang='lat' dir='ltr'><strong>Tum</strong></span> <span class='ocrx_word' id='word_1_384' title='bbox 2531 3027 2690 3095; x_wconf 91' lang='lat' dir='ltr'><strong>hujus</strong></span> <span class='ocrx_word' id='word_1_385' title='bbox 2703 3034 2903 3095; x_wconf 67' lang='lat' dir='ltr'><strong>epactae</strong></span> <span class='ocrx_word' id='word_1_386' title='bbox 2918 3022 3358 3097; x_wconf 26' lang='lat' dir='ltr'><strong>capiendaa‘sunt,</strong></span> 
     </span>
    </p>
   </div>
   <div class='ocr_carea' id='block_1_52' title="bbox 176 3106 1807 3188">
    <p class='ocr_par' dir='ltr' id='par_1_52' title="bbox 176 3106 1715 3184">
     <span class='ocr_line' id='line_1_53' title="bbox 176 3106 1715 3184; baseline 0.006 -23"><span class='ocrx_word' id='word_1_387' title='bbox 176 3106 294 3163; x_wconf 73' lang='grc' dir='ltr'>εἶτα</span> <span class='ocrx_word' id='word_1_388' title='bbox 339 3112 434 3175; x_wconf 79' lang='grc' dir='ltr'>τὰς</span> <span class='ocrx_word' id='word_1_389' title='bbox 474 3114 637 3167; x_wconf 81' lang='grc' dir='ltr'>αὐτοῦ</span> <span class='ocrx_word' id='word_1_390' title='bbox 689 3115 1047 3184; x_wconf 79' lang='grc' dir='ltr'>λαμϐάνοντες</span> <span class='ocrx_word' id='word_1_391' title='bbox 1109 3118 1377 3181; x_wconf 80' lang='grc' dir='ltr'>έπακτάς,</span> <span class='ocrx_word' id='word_1_392' title='bbox 1421 3118 1580 3181; x_wconf 74' lang='grc' dir='ltr'>οὔσας</span> <span class='ocrx_word' id='word_1_393' title='bbox 1625 3119 1715 3171; x_wconf 82' lang='grc' dir='ltr'>τὸν</span> 
     </span>
    </p>
   </div>
   <div class='ocr_carea' id='block_1_53' title="bbox 1727 3106 3358 3188">
    <p class='ocr_par' dir='ltr' id='par_1_53' title="bbox 1821 3116 3358 3188">
     <span class='ocr_line' id='line_1_54' title="bbox 1821 3116 3358 3188; baseline 0 -16"><span class='ocrx_word' id='word_1_394' title='bbox 1821 3134 1941 3188; x_wconf 73' lang='lat' dir='ltr'><strong>qua:</strong></span> <span class='ocrx_word' id='word_1_395' title='bbox 1968 3126 2095 3172; x_wconf 90' lang='lat' dir='ltr'><strong>sunt</strong></span> <span class='ocrx_word' id='word_1_396' title='bbox 2134 3134 2210 3173; x_wconf 87' lang='lat' dir='ltr'>vt.</span> <span class='ocrx_word' id='word_1_397' title='bbox 2254 3116 2371 3172; x_wconf 79' lang='lat' dir='ltr'>Jam</span> <span class='ocrx_word' id='word_1_398' title='bbox 2412 3117 2623 3173; x_wconf 86' lang='lat' dir='ltr'><strong>duobus</strong></span> <span class='ocrx_word' id='word_1_399' title='bbox 2671 3116 2880 3181; x_wconf 46' lang='lat' dir='ltr'><strong>illisgin</strong></span> <span class='ocrx_word' id='word_1_400' title='bbox 2924 3117 3216 3183; x_wconf 89' lang='lat' dir='ltr'><strong>mensibus,</strong></span> <span class='ocrx_word' id='word_1_401' title='bbox 3266 3119 3358 3187; x_wconf 89' lang='lat' dir='ltr'>qui</span> 
     </span>
    </p>
   </div>
   <div class='ocr_carea' id='block_1_54' title="bbox 176 3204 1807 3292">
    <p class='ocr_par' dir='ltr' id='par_1_54' title="bbox 176 3204 1713 3278">
     <span class='ocr_line' id='line_1_55' title="bbox 176 3204 1713 3278; baseline 0.005 -25"><span class='ocrx_word' id='word_1_402' title='bbox 176 3204 400 3272; x_wconf 81' lang='grc' dir='ltr'>ἀριθμὸν</span> <span class='ocrx_word' id='word_1_403' title='bbox 431 3212 503 3268; x_wconf 82' lang='grc' dir='ltr'>ς’,</span> <span class='ocrx_word' id='word_1_404' title='bbox 538 3208 584 3256; x_wconf 89' lang='grc' dir='ltr'>εἰ</span> <span class='ocrx_word' id='word_1_405' title='bbox 618 3206 713 3274; x_wconf 83' lang='grc' dir='ltr'>μὲν</span> <span class='ocrx_word' id='word_1_406' title='bbox 745 3209 801 3259; x_wconf 84' lang='grc' dir='ltr'>ὲν</span> <span class='ocrx_word' id='word_1_407' title='bbox 837 3211 947 3270; x_wconf 88' lang='grc' dir='ltr'>τοῖς</span> <span class='ocrx_word' id='word_1_408' title='bbox 974 3210 1050 3270; x_wconf 87' lang='grc' dir='ltr'>εἰς</span> <span class='ocrx_word' id='word_1_409' title='bbox 1072 3209 1160 3260; x_wconf 84' lang='grc' dir='ltr'>τὸν</span> <span class='ocrx_word' id='word_1_410' title='bbox 1194 3209 1404 3277; x_wconf 83' lang='grc' dir='ltr'>πρῶτον</span> <span class='ocrx_word' id='word_1_411' title='bbox 1428 3210 1603 3278; x_wconf 82' lang='grc' dir='ltr'>στίχον</span> <span class='ocrx_word' id='word_1_412' title='bbox 1625 3227 1713 3260; x_wconf 83' lang='grc' dir='ltr'>τε-</span> 
     </span>
    </p>
   </div>
   <div class='ocr_carea' id='block_1_55' title="bbox 1722 3204 3353 3292">
    <p class='ocr_par' dir='ltr' id='par_1_55' title="bbox 1821 3206 3353 3292">
     <span class='ocr_line' id='line_1_56' title="bbox 1821 3206 3353 3292; baseline 0.001 -31"><span class='ocrx_word' id='word_1_413' title='bbox 1821 3209 2053 3278; x_wconf 89' lang='lat' dir='ltr'><strong>primum</strong></span> <span class='ocrx_word' id='word_1_414' title='bbox 2092 3223 2310 3292; x_wconf 63' lang='lat' dir='ltr'><strong>versum</strong></span> <span class='ocrx_word' id='word_1_415' title='bbox 2338 3208 2600 3271; x_wconf 86' lang='lat' dir='ltr'><strong>obtinent,</strong></span> <span class='ocrx_word' id='word_1_416' title='bbox 2637 3206 2807 3278; x_wconf 83' lang='lat' dir='ltr'><strong>Aprili</strong></span> <span class='ocrx_word' id='word_1_417' title='bbox 2848 3217 2901 3262; x_wconf 88' lang='lat' dir='ltr'>et</span> <span class='ocrx_word' id='word_1_418' title='bbox 2929 3207 3071 3262; x_wconf 82' lang='lat' dir='ltr'><strong>Julio</strong></span> <span class='ocrx_word' id='word_1_419' title='bbox 3110 3208 3255 3280; x_wconf 89' lang='lat' dir='ltr'><strong>(nam</strong></span> <span class='ocrx_word' id='word_1_420' title='bbox 3298 3209 3353 3263; x_wconf 87' lang='lat' dir='ltr'>hi</span> 
     </span>
    </p>
   </div>
   <div class='ocr_carea' id='block_1_56' title="bbox 177 3294 1808 3370">
    <p class='ocr_par' dir='ltr' id='par_1_56' title="bbox 177 3294 1805 3370">
     <span class='ocr_line' id='line_1_57' title="bbox 177 3294 1805 3370; baseline 0.003 -25"><span class='ocrx_word' id='word_1_421' title='bbox 177 3294 461 3362; x_wconf 84' lang='grc' dir='ltr'>ταγμένοις</span> <span class='ocrx_word' id='word_1_422' title='bbox 525 3297 847 3365; x_wconf 83' lang='grc' dir='ltr'>Ῥωμαϊκοῖς</span> <span class='ocrx_word' id='word_1_423' title='bbox 883 3297 1000 3349; x_wconf 80' lang='grc' dir='ltr'>δυσὶ</span> <span class='ocrx_word' id='word_1_424' title='bbox 1042 3298 1193 3367; x_wconf 70' lang='grc' dir='ltr'>μησὶ,</span> <span class='ocrx_word' id='word_1_425' title='bbox 1234 3298 1309 3369; x_wconf 82' lang='grc' dir='ltr'>τῷ</span> <span class='ocrx_word' id='word_1_426' title='bbox 1334 3315 1393 3349; x_wconf 86' lang='grc' dir='ltr'>τε</span> <span class='ocrx_word' id='word_1_427' title='bbox 1446 3299 1719 3368; x_wconf 76' lang='grc' dir='ltr'>’Ᾱπριλίῳ,</span> <span class='ocrx_word' id='word_1_428' title='bbox 1748 3313 1805 3370; x_wconf 44' lang='grc' dir='ltr'>δν</span> 
     </span>
    </p>
   </div>
   <div class='ocr_carea' id='block_1_57' title="bbox 1723 3294 3354 3370">
    <p class='ocr_par' dir='ltr' id='par_1_57' title="bbox 1748 3298 3354 3370">
     <span class='ocr_line' id='line_1_58' title="bbox 1748 3298 3354 3370; baseline 0.002 -19"><span class='ocrx_word' id='word_1_429' title='bbox 1748 3313 1805 3370; x_wconf 15' lang='lat' dir='ltr'>Cr</span> <span class='ocrx_word' id='word_1_430' title='bbox 1820 3299 2051 3368; x_wconf 90' lang='lat' dir='ltr'><strong>primum</strong></span> <span class='ocrx_word' id='word_1_431' title='bbox 2100 3298 2163 3352; x_wconf 86' lang='lat' dir='ltr'>ad</span> <span class='ocrx_word' id='word_1_432' title='bbox 2198 3313 2413 3352; x_wconf 81' lang='lat' dir='ltr'><strong>versum</strong></span> <span class='ocrx_word' id='word_1_433' title='bbox 2456 3298 2839 3365; x_wconf 89' lang='lat' dir='ltr'><strong>ascribuntur),</strong></span> <span class='ocrx_word' id='word_1_434' title='bbox 2882 3307 3097 3367; x_wconf 88' lang='lat' dir='ltr'><strong>epactas</strong></span> <span class='ocrx_word' id='word_1_435' title='bbox 3117 3300 3248 3354; x_wconf 82' lang='lat' dir='ltr'><strong>istas</strong></span> <span class='ocrx_word' id='word_1_436' title='bbox 3288 3298 3354 3354; x_wconf 83' lang='lat' dir='ltr'>ad</span> 
     </span>
    </p>
   </div>
   <div class='ocr_carea' id='block_1_58' title="bbox 179 3381 1810 3457">
    <p class='ocr_par' dir='ltr' id='par_1_58' title="bbox 179 3381 1726 3457">
     <span class='ocr_line' id='line_1_59' title="bbox 179 3381 1726 3457; baseline 0.003 -23"><span class='ocrx_word' id='word_1_437' title='bbox 179 3401 250 3452; x_wconf 78' lang='grc' dir='ltr'>φη</span> <span class='ocrx_word' id='word_1_438' title='bbox 260 3385 339 3451; x_wconf 73' lang='grc' dir='ltr'>μἰ,</span> <span class='ocrx_word' id='word_1_439' title='bbox 357 3385 447 3436; x_wconf 84' lang='grc' dir='ltr'>καὶ</span> <span class='ocrx_word' id='word_1_440' title='bbox 477 3384 554 3454; x_wconf 79' lang='grc' dir='ltr'>τῷ</span> <span class='ocrx_word' id='word_1_441' title='bbox 571 3386 766 3454; x_wconf 86' lang='grc' dir='ltr'>Ἰουλίῳ</span> <span class='ocrx_word' id='word_1_442' title='bbox 783 3403 796 3415; x_wconf 73' lang='grc' dir='ltr'>ο</span> <span class='ocrx_word' id='word_1_443' title='bbox 824 3381 960 3438; x_wconf 73' lang='grc' dir='ltr'>οὗτοι</span> <span class='ocrx_word' id='word_1_444' title='bbox 977 3388 1082 3457; x_wconf 82' lang='grc' dir='ltr'>γάρ</span> <span class='ocrx_word' id='word_1_445' title='bbox 1098 3390 1229 3439; x_wconf 76' lang='grc' dir='ltr'>εἰσιν</span> <span class='ocrx_word' id='word_1_446' title='bbox 1246 3390 1321 3448; x_wconf 86' lang='grc' dir='ltr'>εἰς</span> <span class='ocrx_word' id='word_1_447' title='bbox 1334 3388 1492 3441; x_wconf 77' lang='grc' dir='ltr'>αὑτὸν</span> <span class='ocrx_word' id='word_1_448' title='bbox 1506 3390 1593 3441; x_wconf 81' lang='grc' dir='ltr'>τὸν</span> <span class='ocrx_word' id='word_1_449' title='bbox 1624 3389 1726 3439; x_wconf 75' lang='grc' dir='ltr'>στίο</span> 
     </span>
    </p>
   </div>
   <div class='ocr_carea' id='block_1_59' title="bbox 1719 3381 3350 3457">
    <p class='ocr_par' dir='ltr' id='par_1_59' title="bbox 1719 3387 3350 3457">
     <span class='ocr_line' id='line_1_60' title="bbox 1719 3387 3350 3457; baseline 0.002 -18"><span class='ocrx_word' id='word_1_450' title='bbox 1719 3417 1726 3429; x_wconf 89' lang='lat'><strong><em>-</em></strong></span> <span class='ocrx_word' id='word_1_451' title='bbox 1820 3390 2159 3457; x_wconf 88' lang='lat' dir='ltr'><strong>propositum</strong></span> <span class='ocrx_word' id='word_1_452' title='bbox 2211 3388 2422 3441; x_wconf 87' lang='lat' dir='ltr'><strong>illorum</strong></span> <span class='ocrx_word' id='word_1_453' title='bbox 2480 3387 2623 3441; x_wconf 88' lang='lat' dir='ltr'><strong>diem</strong></span> <span class='ocrx_word' id='word_1_454' title='bbox 2668 3388 3031 3457; x_wconf 74' lang='lat' dir='ltr'><strong>adiungimus.</strong></span> <span class='ocrx_word' id='word_1_455' title='bbox 3079 3388 3350 3442; x_wconf 83' lang='lat' dir='ltr'><strong>Summam</strong></span> 
     </span>
    </p>
   </div>
   <div class='ocr_carea' id='block_1_60' title="bbox 180 3473 1811 3551">
    <p class='ocr_par' dir='ltr' id='par_1_60' title="bbox 180 3473 1725 3551">
     <span class='ocr_line' id='line_1_61' title="bbox 180 3473 1725 3551; baseline 0.005 -28"><span class='ocrx_word' id='word_1_456' title='bbox 180 3489 269 3540; x_wconf 89' lang='grc' dir='ltr'>χον</span> <span class='ocrx_word' id='word_1_457' title='bbox 289 3473 762 3544; x_wconf 85' lang='grc' dir='ltr'>διαγεγραμμένοι·</span> <span class='ocrx_word' id='word_1_458' title='bbox 779 3477 975 3538; x_wconf 77' lang='grc' dir='ltr'>ταύτας</span> <span class='ocrx_word' id='word_1_459' title='bbox 993 3478 1323 3547; x_wconf 77' lang='grc' dir='ltr'>ἐμϐάλλομεν</span> <span class='ocrx_word' id='word_1_460' title='bbox 1345 3481 1407 3547; x_wconf 81' lang='grc' dir='ltr'>τῇ</span> <span class='ocrx_word' id='word_1_461' title='bbox 1428 3478 1725 3551; x_wconf 76' lang='grc' dir='ltr'>ζητουμένη</span> 
     </span>
    </p>
   </div>
   <div class='ocr_carea' id='block_1_61' title="bbox 1724 3473 3355 3551">
    <p class='ocr_par' dir='ltr' id='par_1_61' title="bbox 1724 3478 3355 3549">
     <span class='ocr_line' id='line_1_62' title="bbox 1724 3478 3355 3549; baseline 0.002 -18"><span class='ocrx_word' id='word_1_462' title='bbox 1724 3540 1725 3545; x_wconf 23' lang='grc' dir='ltr'>η</span> <span class='ocrx_word' id='word_1_463' title='bbox 1821 3494 1917 3548; x_wconf 88' lang='lat' dir='ltr'>per</span> <span class='ocrx_word' id='word_1_464' title='bbox 1940 3495 2008 3531; x_wconf 88' lang='lat' dir='ltr'>vu</span> <span class='ocrx_word' id='word_1_465' title='bbox 2035 3482 2315 3548; x_wconf 84' lang='lat' dir='ltr'><strong>partimur.</strong></span> <span class='ocrx_word' id='word_1_466' title='bbox 2348 3478 2608 3547; x_wconf 70' lang='lat' dir='ltr'><strong>Reliquus</strong></span> <span class='ocrx_word' id='word_1_467' title='bbox 2630 3487 2711 3533; x_wconf 89' lang='lat' dir='ltr'>est</span> <span class='ocrx_word' id='word_1_468' title='bbox 2731 3495 2987 3532; x_wconf 91' lang='lat' dir='ltr'><strong>numerus</strong></span> <span class='ocrx_word' id='word_1_469' title='bbox 3008 3479 3171 3544; x_wconf 76' lang='lat' dir='ltr'><strong>ferite,</strong></span> <span class='ocrx_word' id='word_1_470' title='bbox 3195 3494 3355 3549; x_wconf 84' lang='lat' dir='ltr'><strong>quam</strong></span> 
     </span>
    </p>
   </div>
   <div class='ocr_carea' id='block_1_62' title="bbox 178 3563 1809 3639">
    <p class='ocr_par' dir='ltr' id='par_1_62' title="bbox 178 3563 1719 3636">
     <span class='ocr_line' id='line_1_63' title="bbox 178 3563 1719 3636; baseline 0.006 -25"><span class='ocrx_word' id='word_1_471' title='bbox 178 3563 308 3630; x_wconf 85' lang='grc' dir='ltr'>ἡμῖν</span> <span class='ocrx_word' id='word_1_472' title='bbox 351 3565 425 3624; x_wconf 87' lang='grc' dir='ltr'>εἰς</span> <span class='ocrx_word' id='word_1_473' title='bbox 475 3564 668 3625; x_wconf 77' lang='grc' dir='ltr'>αὐτοὺς</span> <span class='ocrx_word' id='word_1_474' title='bbox 699 3565 947 3633; x_wconf 73' lang='grc' dir='ltr'>ποσταία,</span> <span class='ocrx_word' id='word_1_475' title='bbox 993 3567 1079 3618; x_wconf 73' lang='grc' dir='ltr'>καὶ</span> <span class='ocrx_word' id='word_1_476' title='bbox 1108 3569 1185 3628; x_wconf 72' lang='grc' dir='ltr'>εἰς</span> <span class='ocrx_word' id='word_1_477' title='bbox 1211 3568 1305 3636; x_wconf 84' lang='grc' dir='ltr'>τὴν</span> <span class='ocrx_word' id='word_1_478' title='bbox 1336 3568 1378 3630; x_wconf 79' lang='grc' dir='ltr'>ζ’</span> <span class='ocrx_word' id='word_1_479' title='bbox 1414 3569 1719 3636; x_wconf 76' lang='grc' dir='ltr'>μερίζομεν.</span> 
     </span>
    </p>
   </div>
   <div class='ocr_carea' id='block_1_63' title="bbox 1726 3563 3357 3639">
    <p class='ocr_par' dir='ltr' id='par_1_63' title="bbox 1823 3568 3357 3639">
     <span class='ocr_line' id='line_1_64' title="bbox 1823 3568 3357 3639; baseline 0.001 -16"><span class='ocrx_word' id='word_1_480' title='bbox 1823 3573 2034 3639; x_wconf 87' lang='lat' dir='ltr'><strong>assequi</strong></span> <span class='ocrx_word' id='word_1_481' title='bbox 2068 3571 2365 3625; x_wconf 75' lang='lat' dir='ltr'><strong>studemus.</strong></span> <span class='ocrx_word' id='word_1_482' title='bbox 2406 3569 2528 3623; x_wconf 70' lang='lat' dir='ltr'><strong>Haec</strong></span> <span class='ocrx_word' id='word_1_483' title='bbox 2562 3571 2700 3622; x_wconf 86' lang='lat' dir='ltr'><strong>ratio</strong></span> <span class='ocrx_word' id='word_1_484' title='bbox 2730 3568 2959 3623; x_wconf 87' lang='lat' dir='ltr'><strong>tenenda</strong></span> <span class='ocrx_word' id='word_1_485' title='bbox 3002 3576 3085 3622; x_wconf 89' lang='lat' dir='ltr'>est</span> <span class='ocrx_word' id='word_1_486' title='bbox 3122 3570 3175 3622; x_wconf 91' lang='lat' dir='ltr'>in</span> <span class='ocrx_word' id='word_1_487' title='bbox 3219 3571 3357 3625; x_wconf 85' lang='lat' dir='ltr'><strong>duo-</strong></span> 
     </span>
    </p>
   </div>
   <div class='ocr_carea' id='block_1_64' title="bbox 181 3640 1812 3730">
    <p class='ocr_par' dir='ltr' id='par_1_64' title="bbox 181 3650 1724 3727">
     <span class='ocr_line' id='line_1_65' title="bbox 181 3650 1724 3727; baseline 0.004 -26"><span class='ocrx_word' id='word_1_488' title='bbox 181 3650 300 3702; x_wconf 80' lang='grc' dir='ltr'>Κάκ</span> <span class='ocrx_word' id='word_1_489' title='bbox 345 3653 450 3705; x_wconf 88' lang='grc' dir='ltr'>τῶν</span> <span class='ocrx_word' id='word_1_490' title='bbox 495 3655 874 3722; x_wconf 86' lang='grc' dir='ltr'>ἁπομενουσῶν</span> <span class='ocrx_word' id='word_1_491' title='bbox 899 3656 995 3726; x_wconf 83' lang='grc' dir='ltr'>τὴν</span> <span class='ocrx_word' id='word_1_492' title='bbox 1023 3656 1376 3727; x_wconf 77' lang='grc' dir='ltr'>έδδοματικὴν</span> <span class='ocrx_word' id='word_1_493' title='bbox 1406 3658 1724 3726; x_wconf 83' lang='grc' dir='ltr'>εὑρίσκομεν</span> 
     </span>
    </p>
   </div>
   <div class='ocr_carea' id='block_1_65' title="bbox 1725 3640 3356 3730">
    <p class='ocr_par' dir='ltr' id='par_1_65' title="bbox 1822 3660 3356 3730">
     <span class='ocr_line' id='line_1_66' title="bbox 1822 3660 3356 3730; baseline -0.001 -16"><span class='ocrx_word' id='word_1_494' title='bbox 1822 3662 1922 3716; x_wconf 92' lang='lat' dir='ltr'>bus</span> <span class='ocrx_word' id='word_1_495' title='bbox 1954 3662 2109 3730; x_wconf 85' lang='lat' dir='ltr'><strong>primi</strong></span> <span class='ocrx_word' id='word_1_496' title='bbox 2162 3676 2352 3715; x_wconf 87' lang='lat' dir='ltr'><strong>versus</strong></span> <span class='ocrx_word' id='word_1_497' title='bbox 2398 3660 2693 3714; x_wconf 85' lang='lat' dir='ltr'><strong>mensibus.</strong></span> <span class='ocrx_word' id='word_1_498' title='bbox 2746 3660 2842 3713; x_wconf 88' lang='lat' dir='ltr'><strong>Sin</strong></span> <span class='ocrx_word' id='word_1_499' title='bbox 2884 3660 3094 3715; x_wconf 89' lang='lat' dir='ltr'><strong>duobus</strong></span> <span class='ocrx_word' id='word_1_500' title='bbox 3133 3660 3249 3715; x_wconf 86' lang='lat' dir='ltr'><strong>aliis</strong></span> <span class='ocrx_word' id='word_1_501' title='bbox 3303 3660 3356 3713; x_wconf 89' lang='lat' dir='ltr'><strong>in</strong></span> 
     </span>
    </p>
   </div>
   <div class='ocr_carea' id='block_1_66' title="bbox 182 3741 1813 3818">
    <p class='ocr_par' dir='ltr' id='par_1_66' title="bbox 182 3741 1725 3817">
     <span class='ocr_line' id='line_1_67' title="bbox 182 3741 1725 3817; baseline 0.005 -26"><span class='ocrx_word' id='word_1_502' title='bbox 182 3741 457 3812; x_wconf 68' lang='grc' dir='ltr'>ἰσάριθμον</span> <span class='ocrx_word' id='word_1_503' title='bbox 482 3741 645 3796; x_wconf 77' lang='grc' dir='ltr'>οὖσαν</span> <span class='ocrx_word' id='word_1_504' title='bbox 666 3746 850 3807; x_wconf 81' lang='grc' dir='ltr'>αὑταῖς</span> <span class='ocrx_word' id='word_1_505' title='bbox 871 3750 986 3808; x_wconf 82' lang='grc' dir='ltr'>ταῖς</span> <span class='ocrx_word' id='word_1_506' title='bbox 1018 3747 1556 3817; x_wconf 78' lang='grc' dir='ltr'>ὑπολιμπανομέναις.</span> <span class='ocrx_word' id='word_1_507' title='bbox 1574 3747 1725 3799; x_wconf 82' lang='grc' dir='ltr'>Οῦτω</span> 
     </span>
    </p>
   </div>
   <div class='ocr_carea' id='block_1_67' title="bbox 1727 3741 3358 3818">
    <p class='ocr_par' dir='ltr' id='par_1_67' title="bbox 1820 3746 3358 3818">
     <span class='ocr_line' id='line_1_68' title="bbox 1820 3746 3358 3818; baseline -0.003 -15"><span class='ocrx_word' id='word_1_508' title='bbox 1820 3751 2121 3813; x_wconf 85' lang='lat' dir='ltr'><strong>mensibus,</strong></span> <span class='ocrx_word' id='word_1_509' title='bbox 2152 3750 2245 3818; x_wconf 90' lang='lat' dir='ltr'>qui</span> <span class='ocrx_word' id='word_1_510' title='bbox 2275 3749 2570 3803; x_wconf 87' lang='lat' dir='ltr'><strong>secundum</strong></span> <span class='ocrx_word' id='word_1_511' title='bbox 2601 3763 2811 3802; x_wconf 86' lang='lat' dir='ltr'><strong>versum</strong></span> <span class='ocrx_word' id='word_1_512' title='bbox 2845 3748 3110 3809; x_wconf 86' lang='lat' dir='ltr'><strong>obsident,</strong></span> <span class='ocrx_word' id='word_1_513' title='bbox 3141 3746 3279 3802; x_wconf 80' lang='lat' dir='ltr'><strong>Maio</strong></span> <span class='ocrx_word' id='word_1_514' title='bbox 3304 3756 3358 3801; x_wconf 86' lang='lat' dir='ltr'>et</span> 
     </span>
    </p>
   </div>
   <div class='ocr_carea' id='block_1_68' title="bbox 182 3827 1813 3910">
    <p class='ocr_par' dir='ltr' id='par_1_68' title="bbox 182 3827 1725 3907">
     <span class='ocr_line' id='line_1_69' title="bbox 182 3827 1725 3907; baseline 0.005 -26"><span class='ocrx_word' id='word_1_515' title='bbox 182 3830 273 3898; x_wconf 77' lang='grc' dir='ltr'>μὲν</span> <span class='ocrx_word' id='word_1_516' title='bbox 289 3827 378 3885; x_wconf 62' lang='grc' dir='ltr'>οὖν</span> <span class='ocrx_word' id='word_1_517' title='bbox 403 3836 459 3884; x_wconf 84' lang='grc' dir='ltr'>ἐν</span> <span class='ocrx_word' id='word_1_518' title='bbox 475 3837 587 3896; x_wconf 81' lang='grc' dir='ltr'>τοῖς</span> <span class='ocrx_word' id='word_1_519' title='bbox 614 3836 691 3897; x_wconf 77' lang='grc' dir='ltr'>εἰς</span> <span class='ocrx_word' id='word_1_520' title='bbox 708 3835 797 3888; x_wconf 79' lang='grc' dir='ltr'>τὸν</span> <span class='ocrx_word' id='word_1_521' title='bbox 814 3844 857 3889; x_wconf 80' lang='grc' dir='ltr'>α’</span> <span class='ocrx_word' id='word_1_522' title='bbox 883 3838 1058 3907; x_wconf 89' lang='grc' dir='ltr'>στίχον</span> <span class='ocrx_word' id='word_1_523' title='bbox 1076 3840 1423 3907; x_wconf 86' lang='grc' dir='ltr'>τεταγμένοις</span> <span class='ocrx_word' id='word_1_524' title='bbox 1472 3838 1621 3891; x_wconf 84' lang='grc' dir='ltr'>ποιοῦ</span> <span class='ocrx_word' id='word_1_525' title='bbox 1631 3854 1725 3906; x_wconf 90' lang='grc' dir='ltr'>μεν</span> 
     </span>
    </p>
   </div>
   <div class='ocr_carea' id='block_1_69' title="bbox 1729 3827 3360 3910">
    <p class='ocr_par' dir='ltr' id='par_1_69' title="bbox 1823 3838 3360 3910">
     <span class='ocr_line' id='line_1_70' title="bbox 1823 3838 3360 3910; baseline -0.001 -17"><span class='ocrx_word' id='word_1_526' title='bbox 1823 3839 2097 3904; x_wconf 86' lang='lat' dir='ltr'><strong>Januario,</strong></span> <span class='ocrx_word' id='word_1_527' title='bbox 2126 3840 2311 3894; x_wconf 81' lang='lat' dir='ltr'><strong>feriam</strong></span> <span class='ocrx_word' id='word_1_528' title='bbox 2342 3840 2491 3910; x_wconf 87' lang='lat' dir='ltr'><strong>cyclo</strong></span> <span class='ocrx_word' id='word_1_529' title='bbox 2523 3838 2708 3892; x_wconf 89' lang='lat' dir='ltr'><strong>eodem</strong></span> <span class='ocrx_word' id='word_1_530' title='bbox 2742 3852 2905 3891; x_wconf 83' lang='lat' dir='ltr'><strong>xxvnt</strong></span> <span class='ocrx_word' id='word_1_531' title='bbox 2937 3838 3249 3907; x_wconf 63' lang='lat' dir='ltr'><strong>quaerimus,</strong></span> <span class='ocrx_word' id='word_1_532' title='bbox 3273 3852 3360 3892; x_wconf 86' lang='lat' dir='ltr'><strong>se-</strong></span> 
     </span>
    </p>
   </div>
   <div class='ocr_carea' id='block_1_70' title="bbox 182 3923 1813 3999">
    <p class='ocr_par' dir='ltr' id='par_1_70' title="bbox 182 3923 1726 3999">
     <span class='ocr_line' id='line_1_71' title="bbox 182 3923 1726 3999; baseline 0.005 -27"><span class='ocrx_word' id='word_1_533' title='bbox 182 3923 365 3988; x_wconf 85' lang='grc' dir='ltr'>μησίν·</span> <span class='ocrx_word' id='word_1_534' title='bbox 410 3926 459 3975; x_wconf 77' lang='grc' dir='ltr'>εἰ</span> <span class='ocrx_word' id='word_1_535' title='bbox 494 3924 551 3975; x_wconf 78' lang='grc' dir='ltr'>δὲ</span> <span class='ocrx_word' id='word_1_536' title='bbox 582 3927 637 3975; x_wconf 80' lang='grc' dir='ltr'>ἐν</span> <span class='ocrx_word' id='word_1_537' title='bbox 664 3928 774 3987; x_wconf 81' lang='grc' dir='ltr'>τοῖς</span> <span class='ocrx_word' id='word_1_538' title='bbox 817 3929 895 3988; x_wconf 87' lang='grc' dir='ltr'>εἰς</span> <span class='ocrx_word' id='word_1_539' title='bbox 933 3927 1022 3979; x_wconf 74' lang='grc' dir='ltr'>τὸν</span> <span class='ocrx_word' id='word_1_540' title='bbox 1054 3928 1095 3996; x_wconf 83' lang='grc' dir='ltr'>β’</span> <span class='ocrx_word' id='word_1_541' title='bbox 1138 3929 1314 3997; x_wconf 84' lang='grc' dir='ltr'>στίχον</span> <span class='ocrx_word' id='word_1_542' title='bbox 1346 3929 1496 3981; x_wconf 72' lang='grc' dir='ltr'>δυσὶν</span> <span class='ocrx_word' id='word_1_543' title='bbox 1525 3930 1726 3999; x_wconf 80' lang='grc' dir='ltr'>ἑτέροις</span> 
     </span>
    </p>
   </div>
   <div class='ocr_carea' id='block_1_71' title="bbox 1721 3923 3352 3999">
    <p class='ocr_par' dir='ltr' id='par_1_71' title="bbox 1721 3925 3352 3995">
     <span class='ocr_line' id='line_1_72' title="bbox 1721 3925 3352 3995; baseline -0.003 -11"><span class='ocrx_word' id='word_1_544' title='bbox 1721 3945 1726 3984; x_wconf 83' lang='lat'><strong><em>:</em></strong></span> <span class='ocrx_word' id='word_1_545' title='bbox 1824 3930 1987 3983; x_wconf 90' lang='lat' dir='ltr'><strong>cundi</strong></span> <span class='ocrx_word' id='word_1_546' title='bbox 2027 3944 2216 3983; x_wconf 85' lang='lat' dir='ltr'><strong>versus</strong></span> <span class='ocrx_word' id='word_1_547' title='bbox 2262 3929 2377 3984; x_wconf 85' lang='lat' dir='ltr'><strong>dies</strong></span> <span class='ocrx_word' id='word_1_548' title='bbox 2427 3928 2658 3981; x_wconf 83' lang='lat' dir='ltr'><strong>inventis</strong></span> <span class='ocrx_word' id='word_1_549' title='bbox 2704 3928 2907 3995; x_wconf 82' lang='lat' dir='ltr'><strong>epactis</strong></span> <span class='ocrx_word' id='word_1_550' title='bbox 2977 3941 3025 3979; x_wconf 73' lang='grc' dir='ltr'>γι</span> <span class='ocrx_word' id='word_1_551' title='bbox 3084 3925 3352 3993; x_wconf 78' lang='lat' dir='ltr'><strong>subjectas</strong></span> 
     </span>
    </p>
   </div>
   <div class='ocr_carea' id='block_1_72' title="bbox 184 4012 1815 4087">
    <p class='ocr_par' dir='ltr' id='par_1_72' title="bbox 184 4012 1727 4087">
     <span class='ocr_line' id='line_1_73' title="bbox 184 4012 1727 4087; baseline 0.005 -26"><span class='ocrx_word' id='word_1_552' title='bbox 184 4012 330 4079; x_wconf 66' lang='grc' dir='ltr'>μησὶ,</span> <span class='ocrx_word' id='word_1_553' title='bbox 358 4013 434 4081; x_wconf 81' lang='grc' dir='ltr'>τῷ</span> <span class='ocrx_word' id='word_1_554' title='bbox 485 4014 648 4082; x_wconf 80' lang='grc' dir='ltr'>Μαΐῳ</span> <span class='ocrx_word' id='word_1_555' title='bbox 676 4015 815 4081; x_wconf 84' lang='grc' dir='ltr'>λέγω</span> <span class='ocrx_word' id='word_1_556' title='bbox 850 4018 943 4069; x_wconf 75' lang='grc' dir='ltr'>καὶ</span> <span class='ocrx_word' id='word_1_557' title='bbox 972 4018 1048 4086; x_wconf 81' lang='grc' dir='ltr'>τῷ</span> <span class='ocrx_word' id='word_1_558' title='bbox 1085 4018 1416 4087; x_wconf 83' lang='grc' dir='ltr'>Ἰανουαρίῳ,</span> <span class='ocrx_word' id='word_1_559' title='bbox 1452 4020 1567 4071; x_wconf 76' lang='grc' dir='ltr'>κατ’</span> <span class='ocrx_word' id='word_1_560' title='bbox 1599 4018 1727 4070; x_wconf 68' lang='grc' dir='ltr'>αὐτὸ</span> 
     </span>
    </p>
   </div>
   <div class='ocr_carea' id='block_1_73' title="bbox 1723 4012 3354 4087">
    <p class='ocr_par' dir='ltr' id='par_1_73' title="bbox 1723 4013 3354 4087">
     <span class='ocr_line' id='line_1_74' title="bbox 1723 4013 3354 4087; baseline -0.004 -14"><span class='ocrx_word' id='word_1_561' title='bbox 1723 4043 1727 4063; x_wconf 76' lang='grc' dir='ltr'>ι</span> <span class='ocrx_word' id='word_1_562' title='bbox 1824 4020 2182 4087; x_wconf 80' lang='lat' dir='ltr'><strong>excerpimus,</strong></span> <span class='ocrx_word' id='word_1_563' title='bbox 2215 4018 2458 4071; x_wconf 79' lang='lat' dir='ltr'><strong>videlicet</strong></span> <span class='ocrx_word' id='word_1_564' title='bbox 2486 4032 2502 4068; x_wconf 89' lang='grc' dir='ltr'>ι</span> <span class='ocrx_word' id='word_1_565' title='bbox 2530 4033 2542 4079; x_wconf 90' lang='grc'>;</span> <span class='ocrx_word' id='word_1_566' title='bbox 2578 4031 2680 4084; x_wconf 88' lang='lat' dir='ltr'>qua</span> <span class='ocrx_word' id='word_1_567' title='bbox 2708 4018 2923 4083; x_wconf 89' lang='lat' dir='ltr'><strong>insuper</strong></span> <span class='ocrx_word' id='word_1_568' title='bbox 2942 4013 3005 4066; x_wconf 89' lang='lat' dir='ltr'>ad</span> <span class='ocrx_word' id='word_1_569' title='bbox 3023 4015 3354 4083; x_wconf 82' lang='lat' dir='ltr'><strong>propositum</strong></span> 
     </span>
    </p>
   </div>
   <div class='ocr_carea' id='block_1_74' title="bbox 182 4102 1813 4177">
    <p class='ocr_par' dir='ltr' id='par_1_74' title="bbox 182 4102 1721 4177">
     <span class='ocr_line' id='line_1_75' title="bbox 182 4102 1721 4177; baseline 0.006 -26"><span class='ocrx_word' id='word_1_570' title='bbox 182 4102 238 4152; x_wconf 77' lang='grc' dir='ltr'>τὸ</span> <span class='ocrx_word' id='word_1_571' title='bbox 275 4105 511 4154; x_wconf 79' lang='grc' dir='ltr'>εἰκοστὸν</span> <span class='ocrx_word' id='word_1_572' title='bbox 531 4103 709 4169; x_wconf 76' lang='grc' dir='ltr'>ὄγδοον</span> <span class='ocrx_word' id='word_1_573' title='bbox 735 4104 850 4166; x_wconf 82' lang='grc' dir='ltr'>έτος</span> <span class='ocrx_word' id='word_1_574' title='bbox 875 4106 969 4175; x_wconf 81' lang='grc' dir='ltr'>τὴν</span> <span class='ocrx_word' id='word_1_575' title='bbox 1007 4106 1360 4176; x_wconf 77' lang='grc' dir='ltr'>ἑϐδοματικὴν</span> <span class='ocrx_word' id='word_1_576' title='bbox 1384 4108 1688 4177; x_wconf 82' lang='grc' dir='ltr'>ἐρευνῶμεν</span> <span class='ocrx_word' id='word_1_577' title='bbox 1708 4130 1721 4145; x_wconf 79' lang='grc' dir='ltr'><strong>ο</strong></span> 
     </span>
    </p>
   </div>
   <div class='ocr_carea' id='block_1_75' title="bbox 1723 4102 3354 4177">
    <p class='ocr_par' dir='ltr' id='par_1_75' title="bbox 1825 4105 3354 4170">
     <span class='ocr_line' id='line_1_76' title="bbox 1825 4105 3354 4170; baseline -0.004 -7"><span class='ocrx_word' id='word_1_578' title='bbox 1825 4110 1963 4165; x_wconf 82' lang='lat' dir='ltr'><strong>diem</strong></span> <span class='ocrx_word' id='word_1_579' title='bbox 1997 4110 2199 4163; x_wconf 89' lang='lat' dir='ltr'><strong>mensis</strong></span> <span class='ocrx_word' id='word_1_580' title='bbox 2232 4107 2430 4170; x_wconf 88' lang='lat' dir='ltr'><strong>addita,</strong></span> <span class='ocrx_word' id='word_1_581' title='bbox 2458 4115 2624 4161; x_wconf 90' lang='lat' dir='ltr'><strong>totum</strong></span> <span class='ocrx_word' id='word_1_582' title='bbox 2649 4106 2702 4159; x_wconf 91' lang='lat' dir='ltr'>in</span> <span class='ocrx_word' id='word_1_583' title='bbox 2738 4122 2809 4159; x_wconf 89' lang='lat' dir='ltr'>vn</span> <span class='ocrx_word' id='word_1_584' title='bbox 2837 4105 3149 4159; x_wconf 88' lang='lat' dir='ltr'><strong>tribuimus.</strong></span> <span class='ocrx_word' id='word_1_585' title='bbox 3192 4105 3354 4158; x_wconf 87' lang='lat' dir='ltr'><strong>Eum-</strong></span> 
     </span>
    </p>
   </div>
   <div class='ocr_carea' id='block_1_76' title="bbox 180 4190 1811 4269">
    <p class='ocr_par' dir='ltr' id='par_1_76' title="bbox 180 4190 1723 4267">
     <span class='ocr_line' id='line_1_77' title="bbox 180 4190 1723 4267; baseline 0.006 -26"><span class='ocrx_word' id='word_1_586' title='bbox 180 4190 273 4253; x_wconf 79' lang='grc' dir='ltr'>τὰς</span> <span class='ocrx_word' id='word_1_587' title='bbox 290 4194 364 4253; x_wconf 85' lang='grc' dir='ltr'>εἰς</span> <span class='ocrx_word' id='word_1_588' title='bbox 385 4194 479 4262; x_wconf 81' lang='grc' dir='ltr'>τὴν</span> <span class='ocrx_word' id='word_1_589' title='bbox 501 4193 668 4262; x_wconf 82' lang='grc' dir='ltr'>αὐτὴν</span> <span class='ocrx_word' id='word_1_590' title='bbox 698 4195 870 4247; x_wconf 80' lang='grc' dir='ltr'>σελίδα</span> <span class='ocrx_word' id='word_1_591' title='bbox 891 4197 1273 4266; x_wconf 83' lang='grc' dir='ltr'>γεγραμμένας</span> <span class='ocrx_word' id='word_1_592' title='bbox 1303 4199 1357 4247; x_wconf 84' lang='grc' dir='ltr'>ὲν</span> <span class='ocrx_word' id='word_1_593' title='bbox 1388 4197 1462 4267; x_wconf 85' lang='grc' dir='ltr'>τῷ</span> <span class='ocrx_word' id='word_1_594' title='bbox 1481 4197 1523 4266; x_wconf 77' lang='grc' dir='ltr'>β’</span> <span class='ocrx_word' id='word_1_595' title='bbox 1541 4200 1723 4267; x_wconf 74' lang='grc' dir='ltr'>στίχῳ,</span> 
     </span>
    </p>
   </div>
   <div class='ocr_carea' id='block_1_77' title="bbox 1724 4190 3355 4269">
    <p class='ocr_par' dir='ltr' id='par_1_77' title="bbox 1826 4198 3355 4269">
     <span class='ocr_line' id='line_1_78' title="bbox 1826 4198 3355 4269; baseline -0.004 -14"><span class='ocrx_word' id='word_1_596' title='bbox 1826 4202 1945 4255; x_wconf 87' lang='lat' dir='ltr'>dem</span> <span class='ocrx_word' id='word_1_597' title='bbox 1994 4201 2176 4269; x_wconf 84' lang='lat' dir='ltr'><strong>itaque</strong></span> <span class='ocrx_word' id='word_1_598' title='bbox 2220 4214 2449 4262; x_wconf 88' lang='lat' dir='ltr'><strong>versum,</strong></span> <span class='ocrx_word' id='word_1_599' title='bbox 2492 4208 2544 4252; x_wconf 90' lang='lat' dir='ltr'>et</span> <span class='ocrx_word' id='word_1_600' title='bbox 2595 4198 2721 4250; x_wconf 86' lang='lat' dir='ltr'><strong>huic</strong></span> <span class='ocrx_word' id='word_1_601' title='bbox 2771 4198 3059 4265; x_wconf 89' lang='lat' dir='ltr'><strong>inscriptos</strong></span> <span class='ocrx_word' id='word_1_602' title='bbox 3102 4210 3355 4250; x_wconf 84' lang='lat' dir='ltr'><strong>numeros</strong></span> 
     </span>
    </p>
   </div>
   <div class='ocr_carea' id='block_1_78' title="bbox 181 4281 1812 4357">
    <p class='ocr_par' dir='ltr' id='par_1_78' title="bbox 181 4281 1725 4357">
     <span class='ocr_line' id='line_1_79' title="bbox 181 4281 1725 4357; baseline 0.006 -27"><span class='ocrx_word' id='word_1_603' title='bbox 181 4281 270 4331; x_wconf 67' lang='grc' dir='ltr'>καὶ</span> <span class='ocrx_word' id='word_1_604' title='bbox 308 4283 667 4351; x_wconf 81' lang='grc' dir='ltr'>ὑποκειμένας</span> <span class='ocrx_word' id='word_1_605' title='bbox 696 4286 813 4344; x_wconf 88' lang='grc' dir='ltr'>ταῖς</span> <span class='ocrx_word' id='word_1_606' title='bbox 858 4286 1171 4355; x_wconf 77' lang='grc' dir='ltr'>εἰρημέναις</span> <span class='ocrx_word' id='word_1_607' title='bbox 1200 4285 1255 4350; x_wconf 79' lang='grc' dir='ltr'>ἒξ</span> <span class='ocrx_word' id='word_1_608' title='bbox 1294 4288 1551 4348; x_wconf 81' lang='grc' dir='ltr'>ὲπακταῖς</span> <span class='ocrx_word' id='word_1_609' title='bbox 1586 4288 1725 4357; x_wconf 89' lang='grc' dir='ltr'>λαμ-</span> 
     </span>
    </p>
   </div>
   <div class='ocr_carea' id='block_1_79' title="bbox 1727 4281 3358 4357">
    <p class='ocr_par' dir='ltr' id='par_1_79' title="bbox 1826 4287 3358 4355">
     <span class='ocr_line' id='line_1_80' title="bbox 1826 4287 3358 4355; baseline -0.003 -11"><span class='ocrx_word' id='word_1_610' title='bbox 1826 4292 2037 4346; x_wconf 75' lang='lat' dir='ltr'><strong>cceteris</strong></span> <span class='ocrx_word' id='word_1_611' title='bbox 2061 4292 2113 4345; x_wconf 86' lang='lat' dir='ltr'>in</span> <span class='ocrx_word' id='word_1_612' title='bbox 2145 4291 2388 4345; x_wconf 71' lang='lat' dir='ltr'><strong>versibus</strong></span> <span class='ocrx_word' id='word_1_613' title='bbox 2423 4290 2737 4351; x_wconf 88' lang='lat' dir='ltr'><strong>retinentes,</strong></span> <span class='ocrx_word' id='word_1_614' title='bbox 2769 4289 2820 4341; x_wconf 90' lang='lat' dir='ltr'>in</span> <span class='ocrx_word' id='word_1_615' title='bbox 2862 4287 3147 4355; x_wconf 80' lang='lat' dir='ltr'><strong>descriptis</strong></span> <span class='ocrx_word' id='word_1_616' title='bbox 3184 4288 3358 4340; x_wconf 88' lang='lat' dir='ltr'><strong>utrin-</strong></span> 
     </span>
    </p>
   </div>
   <div class='ocr_carea' id='block_1_80' title="bbox 182 4370 1813 4451">
    <p class='ocr_par' dir='ltr' id='par_1_80' title="bbox 182 4370 1727 4446">
     <span class='ocr_line' id='line_1_81' title="bbox 182 4370 1727 4446; baseline 0.005 -25"><span class='ocrx_word' id='word_1_617' title='bbox 182 4370 406 4442; x_wconf 81' lang='grc' dir='ltr'>ϐάνομεν</span> <span class='ocrx_word' id='word_1_618' title='bbox 459 4375 691 4444; x_wconf 82' lang='grc' dir='ltr'>ἡμέρας,</span> <span class='ocrx_word' id='word_1_619' title='bbox 748 4376 987 4427; x_wconf 79' lang='grc' dir='ltr'>τουτέστι</span> <span class='ocrx_word' id='word_1_620' title='bbox 1047 4376 1143 4445; x_wconf 87' lang='grc' dir='ltr'>τὴν</span> <span class='ocrx_word' id='word_1_621' title='bbox 1192 4377 1352 4445; x_wconf 84' lang='grc' dir='ltr'>μίαν·</span> <span class='ocrx_word' id='word_1_622' title='bbox 1408 4379 1498 4429; x_wconf 76' lang='grc' dir='ltr'>καὶ</span> <span class='ocrx_word' id='word_1_623' title='bbox 1527 4377 1727 4446; x_wconf 82' lang='grc' dir='ltr'>ταύτην</span> 
     </span>
    </p>
   </div>
   <div class='ocr_carea' id='block_1_81' title="bbox 1725 4370 3356 4451">
    <p class='ocr_par' dir='ltr' id='par_1_81' title="bbox 1725 4377 3356 4451">
     <span class='ocr_line' id='line_1_82' title="bbox 1725 4377 3356 4451; baseline -0.005 -16"><span class='ocrx_word' id='word_1_624' title='bbox 1725 4397 1727 4408; x_wconf 75' lang='lat'><em>&#39;</em></span> <span class='ocrx_word' id='word_1_625' title='bbox 1825 4397 1929 4451; x_wconf 92' lang='lat' dir='ltr'>que</span> <span class='ocrx_word' id='word_1_626' title='bbox 1954 4382 2314 4434; x_wconf 81' lang='lat' dir='ltr'><strong>Romanorum</strong></span> <span class='ocrx_word' id='word_1_627' title='bbox 2346 4380 2622 4434; x_wconf 85' lang='lat' dir='ltr'><strong>mensibus</strong></span> <span class='ocrx_word' id='word_1_628' title='bbox 2670 4378 2829 4447; x_wconf 76' lang='lat'>188</span> <span class='ocrx_word' id='word_1_629' title='bbox 2870 4392 3009 4431; x_wconf 87' lang='lat' dir='ltr'><strong>anno</strong></span> <span class='ocrx_word' id='word_1_630' title='bbox 3036 4377 3152 4445; x_wconf 89' lang='lat' dir='ltr'><strong>ipso</strong></span> <span class='ocrx_word' id='word_1_631' title='bbox 3193 4390 3356 4430; x_wconf 82' lang='lat' dir='ltr'><strong>xxvm</strong></span> 
     </span>
    </p>
   </div>
   <div class='ocr_carea' id='block_1_82' title="bbox 183 4462 1814 4538">
    <p class='ocr_par' dir='ltr' id='par_1_82' title="bbox 183 4462 1728 4538">
     <span class='ocr_line' id='line_1_83' title="bbox 183 4462 1728 4538; baseline 0.006 -28"><span class='ocrx_word' id='word_1_632' title='bbox 183 4462 373 4529; x_wconf 84' lang='grc' dir='ltr'>ὁμοίως</span> <span class='ocrx_word' id='word_1_633' title='bbox 427 4464 761 4534; x_wconf 76' lang='grc' dir='ltr'>ἐμϐάλλομεν</span> <span class='ocrx_word' id='word_1_634' title='bbox 808 4468 870 4533; x_wconf 83' lang='grc' dir='ltr'>τῇ</span> <span class='ocrx_word' id='word_1_635' title='bbox 925 4464 1224 4538; x_wconf 78' lang='grc' dir='ltr'>ζητουμένη</span> <span class='ocrx_word' id='word_1_636' title='bbox 1256 4469 1385 4537; x_wconf 88' lang='grc' dir='ltr'>ἡμῖν</span> <span class='ocrx_word' id='word_1_637' title='bbox 1418 4469 1493 4528; x_wconf 82' lang='grc' dir='ltr'>εἰς</span> <span class='ocrx_word' id='word_1_638' title='bbox 1535 4468 1728 4529; x_wconf 79' lang='grc' dir='ltr'>αὐτοὺς</span> 
     </span>
    </p>
   </div>
   <div class='ocr_carea' id='block_1_83' title="bbox 1726 4462 3357 4538">
    <p class='ocr_par' dir='ltr' id='par_1_83' title="bbox 1726 4463 3357 4537">
     <span class='ocr_line' id='line_1_84' title="bbox 1726 4463 3357 4537; baseline -0.006 -12"><span class='ocrx_word' id='word_1_639' title='bbox 1726 4485 1728 4493; x_wconf 52' lang='grc' dir='ltr'>λ</span> <span class='ocrx_word' id='word_1_640' title='bbox 1826 4470 2013 4525; x_wconf 71' lang='lat' dir='ltr'><strong>feriam</strong></span> <span class='ocrx_word' id='word_1_641' title='bbox 2047 4466 2636 4537; x_wconf 26' lang='lat' dir='ltr'><strong>investigamus.rQuod</strong></span> <span class='ocrx_word' id='word_1_642' title='bbox 2680 4465 2815 4518; x_wconf 89' lang='lat' dir='ltr'><strong>idem</strong></span> <span class='ocrx_word' id='word_1_643' title='bbox 2840 4472 2894 4518; x_wconf 91' lang='lat' dir='ltr'>et</span> <span class='ocrx_word' id='word_1_644' title='bbox 2936 4465 2989 4517; x_wconf 90' lang='lat' dir='ltr'>in</span> <span class='ocrx_word' id='word_1_645' title='bbox 3034 4464 3152 4516; x_wconf 86' lang='lat' dir='ltr'><strong>aliis</strong></span> <span class='ocrx_word' id='word_1_646' title='bbox 3194 4463 3357 4532; x_wconf 83' lang='lat' dir='ltr'><strong>cyclis</strong></span> 
     </span>
    </p>
   </div>
   <div class='ocr_carea' id='block_1_84' title="bbox 184 4554 1815 4627">
    <p class='ocr_par' dir='ltr' id='par_1_84' title="bbox 184 4554 1727 4627">
     <span class='ocr_line' id='line_1_85' title="bbox 184 4554 1727 4627; baseline 0.004 -25"><span class='ocrx_word' id='word_1_647' title='bbox 184 4554 424 4624; x_wconf 70' lang='grc' dir='ltr'>ποσταία,</span> <span class='ocrx_word' id='word_1_648' title='bbox 457 4558 551 4608; x_wconf 74' lang='grc' dir='ltr'>καὶ</span> <span class='ocrx_word' id='word_1_649' title='bbox 571 4558 649 4618; x_wconf 84' lang='grc' dir='ltr'>εἰς</span> <span class='ocrx_word' id='word_1_650' title='bbox 675 4555 761 4607; x_wconf 86' lang='grc' dir='ltr'>τὸν</span> <span class='ocrx_word' id='word_1_651' title='bbox 787 4555 827 4617; x_wconf 84' lang='grc' dir='ltr'>ζ’</span> <span class='ocrx_word' id='word_1_652' title='bbox 850 4555 943 4617; x_wconf 80' lang='grc' dir='ltr'>τὰς</span> <span class='ocrx_word' id='word_1_653' title='bbox 960 4555 1084 4618; x_wconf 81' lang='grc' dir='ltr'>ὅλας</span> <span class='ocrx_word' id='word_1_654' title='bbox 1103 4558 1409 4627; x_wconf 73' lang='grc' dir='ltr'>μερίζομεν.</span> <span class='ocrx_word' id='word_1_655' title='bbox 1435 4557 1542 4627; x_wconf 82' lang='grc' dir='ltr'>Τὴν</span> <span class='ocrx_word' id='word_1_656' title='bbox 1562 4556 1727 4626; x_wconf 83' lang='grc' dir='ltr'>αὑτὴν</span> 
     </span>
    </p>
   </div>
   <div class='ocr_carea' id='block_1_85' title="bbox 1726 4554 3357 4627">
    <p class='ocr_par' dir='ltr' id='par_1_85' title="bbox 1726 4554 3357 4626">
     <span class='ocr_line' id='line_1_86' title="bbox 1726 4554 3357 4626; baseline -0.006 -11"><span class='ocrx_word' id='word_1_657' title='bbox 1726 4580 1727 4589; x_wconf 49' lang='grc' dir='ltr'><strong>η</strong></span> <span class='ocrx_word' id='word_1_658' title='bbox 1827 4561 1956 4614; x_wconf 91' lang='lat' dir='ltr'><strong>solis</strong></span> <span class='ocrx_word' id='word_1_659' title='bbox 1982 4559 2209 4613; x_wconf 85' lang='lat' dir='ltr'><strong>facimus</strong></span> <span class='ocrx_word' id='word_1_660' title='bbox 2241 4577 2253 4611; x_wconf 88' lang='lat'><strong>:</strong></span> <span class='ocrx_word' id='word_1_661' title='bbox 2281 4565 2337 4609; x_wconf 89' lang='lat' dir='ltr'><strong>ut</strong></span> <span class='ocrx_word' id='word_1_662' title='bbox 2365 4557 2418 4610; x_wconf 80' lang='lat' dir='ltr'>in</span> <span class='ocrx_word' id='word_1_663' title='bbox 2449 4557 2637 4626; x_wconf 85' lang='lat' dir='ltr'><strong>primis</strong></span> <span class='ocrx_word' id='word_1_664' title='bbox 2658 4556 2775 4625; x_wconf 85' lang='lat' dir='ltr'><strong>ejus</strong></span> <span class='ocrx_word' id='word_1_665' title='bbox 2794 4563 2990 4624; x_wconf 69' lang='lat' dir='ltr'><strong>epactae</strong></span> <span class='ocrx_word' id='word_1_666' title='bbox 3021 4554 3357 4607; x_wconf 82' lang='lat' dir='ltr'><strong>constituan-</strong></span> 
     </span>
    </p>
   </div>
   <div class='ocr_carea' id='block_1_86' title="bbox 184 4629 1815 4719">
    <p class='ocr_par' dir='ltr' id='par_1_86' title="bbox 184 4629 1794 4719">
     <span class='ocr_line' id='line_1_87' title="bbox 184 4629 1794 4719; baseline 0.005 -26"><span class='ocrx_word' id='word_1_667' title='bbox 184 4639 271 4695; x_wconf 73' lang='grc' dir='ltr'>οὖν</span> <span class='ocrx_word' id='word_1_668' title='bbox 304 4646 494 4709; x_wconf 82' lang='grc' dir='ltr'>σελίδα,</span> <span class='ocrx_word' id='word_1_669' title='bbox 522 4646 663 4715; x_wconf 88' lang='grc' dir='ltr'>λέγω</span> <span class='ocrx_word' id='word_1_670' title='bbox 688 4648 742 4699; x_wconf 80' lang='grc' dir='ltr'>δὲ</span> <span class='ocrx_word' id='word_1_671' title='bbox 781 4649 875 4709; x_wconf 76' lang='grc' dir='ltr'>τὰς</span> <span class='ocrx_word' id='word_1_672' title='bbox 908 4649 1022 4699; x_wconf 77' lang='grc' dir='ltr'>κατ’</span> <span class='ocrx_word' id='word_1_673' title='bbox 1051 4649 1215 4718; x_wconf 76' lang='grc' dir='ltr'>αὐτὴν</span> <span class='ocrx_word' id='word_1_674' title='bbox 1250 4650 1717 4719; x_wconf 78' lang='grc' dir='ltr'>ἐγγεγραμμένας,</span> <span class='ocrx_word' id='word_1_675' title='bbox 1751 4629 1794 4683; x_wconf 79' lang='lat' dir='ltr'><strong>D</strong></span> 
     </span>
    </p>
   </div>
   <div class='ocr_carea' id='block_1_87' title="bbox 1728 4629 3359 4719">
    <p class='ocr_par' dir='ltr' id='par_1_87' title="bbox 1751 4629 3359 4715">
     <span class='ocr_line' id='line_1_88' title="bbox 1751 4629 3359 4715; baseline -0.004 -12"><span class='ocrx_word' id='word_1_676' title='bbox 1751 4629 1794 4683; x_wconf 70' lang='grc' dir='ltr'>θ</span> <span class='ocrx_word' id='word_1_677' title='bbox 1822 4657 1910 4703; x_wconf 89' lang='lat' dir='ltr'><strong>tur</strong></span> <span class='ocrx_word' id='word_1_678' title='bbox 1935 4669 1958 4715; x_wconf 92' lang='lat'>_:</span> <span class='ocrx_word' id='word_1_679' title='bbox 1987 4648 2180 4703; x_wconf 89' lang='lat' dir='ltr'><strong>deinde</strong></span> <span class='ocrx_word' id='word_1_680' title='bbox 2208 4647 2479 4714; x_wconf 64' lang='lat' dir='ltr'><strong>subjectae,</strong></span> <span class='ocrx_word' id='word_1_681' title='bbox 2513 4656 2566 4700; x_wconf 91' lang='lat' dir='ltr'>et</span> <span class='ocrx_word' id='word_1_682' title='bbox 2604 4646 2655 4698; x_wconf 89' lang='lat' dir='ltr'>in</span> <span class='ocrx_word' id='word_1_683' title='bbox 2691 4646 2875 4699; x_wconf 88' lang='lat' dir='ltr'><strong>eodem</strong></span> <span class='ocrx_word' id='word_1_684' title='bbox 2906 4659 3064 4699; x_wconf 88' lang='lat' dir='ltr'><strong>versu</strong></span> <span class='ocrx_word' id='word_1_685' title='bbox 3116 4657 3359 4711; x_wconf 89' lang='lat' dir='ltr'><strong>compre-</strong></span> 
     </span>
    </p>
   </div>
   <div class='ocr_carea' id='block_1_88' title="bbox 183 4734 1814 4810">
    <p class='ocr_par' dir='ltr' id='par_1_88' title="bbox 183 4734 1719 4810">
     <span class='ocr_line' id='line_1_89' title="bbox 183 4734 1719 4810; baseline 0.005 -27"><span class='ocrx_word' id='word_1_686' title='bbox 183 4734 271 4785; x_wconf 71' lang='grc' dir='ltr'>καὶ</span> <span class='ocrx_word' id='word_1_687' title='bbox 306 4736 396 4788; x_wconf 76' lang='grc' dir='ltr'>ἐπὶ</span> <span class='ocrx_word' id='word_1_688' title='bbox 436 4738 540 4789; x_wconf 89' lang='grc' dir='ltr'>τῶν</span> <span class='ocrx_word' id='word_1_689' title='bbox 593 4738 791 4790; x_wconf 80' lang='grc' dir='ltr'>λοιπῶν</span> <span class='ocrx_word' id='word_1_690' title='bbox 839 4738 1030 4806; x_wconf 86' lang='grc' dir='ltr'>στίχων</span> <span class='ocrx_word' id='word_1_691' title='bbox 1080 4739 1368 4810; x_wconf 80' lang='grc' dir='ltr'>τηροῦμεν,</span> <span class='ocrx_word' id='word_1_692' title='bbox 1414 4742 1491 4802; x_wconf 85' lang='grc' dir='ltr'>εἰς</span> <span class='ocrx_word' id='word_1_693' title='bbox 1519 4741 1577 4792; x_wconf 84' lang='grc' dir='ltr'>τὸ</span> <span class='ocrx_word' id='word_1_694' title='bbox 1623 4742 1719 4810; x_wconf 83' lang='grc' dir='ltr'>τὴν</span> 
     </span>
    </p>
   </div>
   <div class='ocr_carea' id='block_1_89' title="bbox 1725 4734 3356 4810">
    <p class='ocr_par' dir='ltr' id='par_1_89' title="bbox 1822 4734 3356 4809">
     <span class='ocr_line' id='line_1_90' title="bbox 1822 4734 3356 4809; baseline -0.005 -15"><span class='ocrx_word' id='word_1_695' title='bbox 1822 4741 2001 4795; x_wconf 73' lang='lat' dir='ltr'><strong>hensae</strong></span> <span class='ocrx_word' id='word_1_696' title='bbox 2026 4742 2343 4809; x_wconf 86' lang='lat' dir='ltr'><strong>capiantur;</strong></span> <span class='ocrx_word' id='word_1_697' title='bbox 2373 4739 2450 4793; x_wconf 89' lang='lat' dir='ltr'>sic</span> <span class='ocrx_word' id='word_1_698' title='bbox 2482 4747 2540 4791; x_wconf 91' lang='lat' dir='ltr'><strong>ut</strong></span> <span class='ocrx_word' id='word_1_699' title='bbox 2578 4737 2643 4790; x_wconf 82' lang='lat' dir='ltr'>ad</span> <span class='ocrx_word' id='word_1_700' title='bbox 2669 4737 2870 4790; x_wconf 90' lang='lat' dir='ltr'><strong>nullam</strong></span> <span class='ocrx_word' id='word_1_701' title='bbox 2913 4736 3132 4788; x_wconf 84' lang='lat' dir='ltr'><strong>alteram</strong></span> <span class='ocrx_word' id='word_1_702' title='bbox 3172 4734 3356 4787; x_wconf 87' lang='lat' dir='ltr'><strong>dextra</strong></span> 
     </span>
    </p>
   </div>
   <div class='ocr_carea' id='block_1_90' title="bbox 186 4822 1817 4901">
    <p class='ocr_par' dir='ltr' id='par_1_90' title="bbox 186 4822 1717 4898">
     <span class='ocr_line' id='line_1_91' title="bbox 186 4822 1717 4898; baseline 0.006 -27"><span class='ocrx_word' id='word_1_703' title='bbox 186 4822 528 4898; x_wconf 73' lang='grc' dir='ltr'>ὲδῖοματικὴν</span> <span class='ocrx_word' id='word_1_704' title='bbox 586 4827 794 4896; x_wconf 86' lang='grc' dir='ltr'>ἡμέραν</span> <span class='ocrx_word' id='word_1_705' title='bbox 848 4829 1087 4898; x_wconf 80' lang='grc' dir='ltr'>ἀνευρεῖν</span> <span class='ocrx_word' id='word_1_706' title='bbox 1140 4830 1196 4880; x_wconf 80' lang='grc' dir='ltr'>ἐν</span> <span class='ocrx_word' id='word_1_707' title='bbox 1250 4833 1357 4890; x_wconf 89' lang='grc' dir='ltr'>τοῖς</span> <span class='ocrx_word' id='word_1_708' title='bbox 1386 4829 1717 4898; x_wconf 78' lang='grc' dir='ltr'>ἑκατέρωθεν</span> 
     </span>
    </p>
   </div>
   <div class='ocr_carea' id='block_1_91' title="bbox 1726 4822 3357 4901">
    <p class='ocr_par' dir='ltr' id='par_1_91' title="bbox 1822 4827 3357 4901">
     <span class='ocr_line' id='line_1_92' title="bbox 1822 4827 3357 4901; baseline -0.003 -18"><span class='ocrx_word' id='word_1_709' title='bbox 1822 4831 1907 4886; x_wconf 84' lang='lat' dir='ltr'>vel</span> <span class='ocrx_word' id='word_1_710' title='bbox 1947 4831 2169 4884; x_wconf 85' lang='lat' dir='ltr'><strong>sinistra</strong></span> <span class='ocrx_word' id='word_1_711' title='bbox 2200 4828 2543 4885; x_wconf 84' lang='lat' dir='ltr'><strong>deﬂectamus</strong></span> <span class='ocrx_word' id='word_1_712' title='bbox 2573 4849 2584 4882; x_wconf 93' lang='lat'><strong>:</strong></span> <span class='ocrx_word' id='word_1_713' title='bbox 2620 4829 2708 4901; x_wconf 84' lang='lat' dir='ltr'>sed</span> <span class='ocrx_word' id='word_1_714' title='bbox 2743 4827 2810 4881; x_wconf 88' lang='lat' dir='ltr'>ad</span> <span class='ocrx_word' id='word_1_715' title='bbox 2838 4828 3083 4883; x_wconf 86' lang='lat' dir='ltr'><strong>eumdem</strong></span> <span class='ocrx_word' id='word_1_716' title='bbox 3110 4828 3200 4881; x_wconf 88' lang='lat' dir='ltr'><strong>illo</strong></span> <span class='ocrx_word' id='word_1_717' title='bbox 3218 4842 3357 4879; x_wconf 87' lang='lat' dir='ltr'><strong>anno</strong></span> 
     </span>
    </p>
   </div>
   <div class='ocr_carea' id='block_1_92' title="bbox 183 4911 1814 4987">
    <p class='ocr_par' dir='ltr' id='par_1_92' title="bbox 183 4911 1719 4987">
     <span class='ocr_line' id='line_1_93' title="bbox 183 4911 1719 4987; baseline 0.005 -24"><span class='ocrx_word' id='word_1_718' title='bbox 183 4911 660 4987; x_wconf 81' lang='grc' dir='ltr'>διαγεγραμμένοις</span> <span class='ocrx_word' id='word_1_719' title='bbox 692 4920 868 4981; x_wconf 80' lang='grc' dir='ltr'>αὐτοῖς</span> <span class='ocrx_word' id='word_1_720' title='bbox 909 4920 1223 4987; x_wconf 83' lang='grc' dir='ltr'>Ῥωμαϊκοῖς</span> <span class='ocrx_word' id='word_1_721' title='bbox 1255 4921 1403 4987; x_wconf 74' lang='grc' dir='ltr'>μησὶ,</span> <span class='ocrx_word' id='word_1_722' title='bbox 1437 4919 1573 4971; x_wconf 78' lang='grc' dir='ltr'>κατὰ</span> <span class='ocrx_word' id='word_1_723' title='bbox 1602 4919 1719 4971; x_wconf 82' lang='grc' dir='ltr'>τόδε</span> 
     </span>
    </p>
   </div>
   <div class='ocr_carea' id='block_1_93' title="bbox 1727 4911 3358 4987">
    <p class='ocr_par' dir='ltr' id='par_1_93' title="bbox 1818 4916 3358 4987">
     <span class='ocr_line' id='line_1_94' title="bbox 1818 4916 3358 4987; baseline -0.003 -14"><span class='ocrx_word' id='word_1_724' title='bbox 1818 4935 2031 4973; x_wconf 85' lang='lat' dir='ltr'><strong>versum</strong></span> <span class='ocrx_word' id='word_1_725' title='bbox 2061 4928 2371 4973; x_wconf 87' lang='lat' dir='ltr'><strong>constanter</strong></span> <span class='ocrx_word' id='word_1_726' title='bbox 2396 4919 2759 4974; x_wconf 82' lang='lat' dir='ltr'><strong>adhaereamus</strong></span> <span class='ocrx_word' id='word_1_727' title='bbox 2782 4937 2795 4973; x_wconf 91' lang='lat'><strong>:</strong></span> <span class='ocrx_word' id='word_1_728' title='bbox 2834 4920 2905 4971; x_wconf 87' lang='lat' dir='ltr'>ita</span> <span class='ocrx_word' id='word_1_729' title='bbox 2932 4928 2989 4971; x_wconf 92' lang='lat' dir='ltr'>ut</span> <span class='ocrx_word' id='word_1_730' title='bbox 3007 4926 3207 4987; x_wconf 64' lang='lat' dir='ltr'><strong>epactaa</strong></span> <span class='ocrx_word' id='word_1_731' title='bbox 3226 4916 3358 4970; x_wconf 87' lang='lat' dir='ltr'><strong>duo—</strong></span> 
     </span>
    </p>
   </div>
   <div class='ocr_carea' id='block_1_94' title="bbox 185 4999 1816 5079">
    <p class='ocr_par' dir='ltr' id='par_1_94' title="bbox 185 4999 1712 5075">
     <span class='ocr_line' id='line_1_95' title="bbox 185 4999 1712 5075; baseline 0.002 -22"><span class='ocrx_word' id='word_1_732' title='bbox 185 4999 240 5050; x_wconf 80' lang='grc' dir='ltr'>τὸ</span> <span class='ocrx_word' id='word_1_733' title='bbox 270 5010 350 5072; x_wconf 82' lang='grc' dir='ltr'>κη’</span> <span class='ocrx_word' id='word_1_734' title='bbox 378 5005 492 5067; x_wconf 77' lang='grc' dir='ltr'>ἔτος</span> <span class='ocrx_word' id='word_1_735' title='bbox 512 5024 525 5037; x_wconf 74' lang='grc' dir='ltr'><strong><em>ο</em></strong></span> <span class='ocrx_word' id='word_1_736' title='bbox 557 5007 752 5074; x_wconf 84' lang='grc' dir='ltr'>ὁμοίως</span> <span class='ocrx_word' id='word_1_737' title='bbox 778 5007 833 5058; x_wconf 80' lang='grc' dir='ltr'>δὲ</span> <span class='ocrx_word' id='word_1_738' title='bbox 873 5008 963 5059; x_wconf 79' lang='grc' dir='ltr'>καὶ</span> <span class='ocrx_word' id='word_1_739' title='bbox 990 5008 1067 5068; x_wconf 86' lang='grc' dir='ltr'>εἰς</span> <span class='ocrx_word' id='word_1_740' title='bbox 1111 5008 1215 5058; x_wconf 78' lang='grc' dir='ltr'>πᾶν</span> <span class='ocrx_word' id='word_1_741' title='bbox 1237 5005 1360 5059; x_wconf 84' lang='grc' dir='ltr'>ἄλλο</span> <span class='ocrx_word' id='word_1_742' title='bbox 1383 5005 1531 5075; x_wconf 80' lang='grc' dir='ltr'>ἡλίου</span> <span class='ocrx_word' id='word_1_743' title='bbox 1558 5006 1675 5069; x_wconf 78' lang='grc' dir='ltr'>ἔτος</span> <span class='ocrx_word' id='word_1_744' title='bbox 1698 5022 1712 5037; x_wconf 74' lang='grc' dir='ltr'><strong>ο</strong></span> 
     </span>
    </p>
   </div>
   <div class='ocr_carea' id='block_1_95' title="bbox 1726 4999 3357 5079">
    <p class='ocr_par' dir='ltr' id='par_1_95' title="bbox 1818 5009 3357 5079">
     <span class='ocr_line' id='line_1_96' title="bbox 1818 5009 3357 5079; baseline -0.001 -17"><span class='ocrx_word' id='word_1_745' title='bbox 1818 5009 1919 5063; x_wconf 90' lang='lat' dir='ltr'><strong>bus</strong></span> <span class='ocrx_word' id='word_1_746' title='bbox 1948 5010 2001 5062; x_wconf 90' lang='lat' dir='ltr'>in</span> <span class='ocrx_word' id='word_1_747' title='bbox 2045 5009 2220 5079; x_wconf 91' lang='lat' dir='ltr'><strong>primo</strong></span> <span class='ocrx_word' id='word_1_748' title='bbox 2269 5025 2427 5064; x_wconf 86' lang='lat' dir='ltr'><strong>versu</strong></span> <span class='ocrx_word' id='word_1_749' title='bbox 2476 5009 2749 5079; x_wconf 86' lang='lat' dir='ltr'><strong>inscriptis</strong></span> <span class='ocrx_word' id='word_1_750' title='bbox 2807 5009 3083 5062; x_wconf 90' lang='lat' dir='ltr'><strong>mensibus</strong></span> <span class='ocrx_word' id='word_1_751' title='bbox 3134 5022 3357 5075; x_wconf 85' lang='lat' dir='ltr'><strong>respon-</strong></span> 
     </span>
    </p>
   </div>
   <div class='ocr_carea' id='block_1_96' title="bbox 185 5089 1816 5164">
    <p class='ocr_par' dir='ltr' id='par_1_96' title="bbox 185 5089 1718 5164">
     <span class='ocr_line' id='line_1_97' title="bbox 185 5089 1718 5164; baseline 0.004 -22"><span class='ocrx_word' id='word_1_752' title='bbox 185 5089 342 5153; x_wconf 75' lang='grc' dir='ltr'>αὑτάς</span> <span class='ocrx_word' id='word_1_753' title='bbox 370 5110 428 5145; x_wconf 90' lang='grc' dir='ltr'>τε</span> <span class='ocrx_word' id='word_1_754' title='bbox 471 5097 889 5164; x_wconf 84' lang='grc' dir='ltr'>προηγουμένως</span> <span class='ocrx_word' id='word_1_755' title='bbox 913 5096 1008 5158; x_wconf 83' lang='grc' dir='ltr'>τὰς</span> <span class='ocrx_word' id='word_1_756' title='bbox 1034 5094 1195 5149; x_wconf 87' lang='grc' dir='ltr'>αὑτοῦ</span> <span class='ocrx_word' id='word_1_757' title='bbox 1222 5095 1562 5164; x_wconf 77' lang='grc' dir='ltr'>κανονίζομεν</span> <span class='ocrx_word' id='word_1_758' title='bbox 1587 5097 1718 5148; x_wconf 85' lang='grc' dir='ltr'>ὲπα-</span> 
     </span>
    </p>
   </div>
   <div class='ocr_carea' id='block_1_97' title="bbox 1724 5089 3355 5164">
    <p class='ocr_par' dir='ltr' id='par_1_97' title="bbox 1821 5095 3355 5164">
     <span class='ocr_line' id='line_1_98' title="bbox 1821 5095 3355 5164; baseline -0.002 -13"><span class='ocrx_word' id='word_1_759' title='bbox 1821 5097 2016 5160; x_wconf 84' lang='lat' dir='ltr'><strong>deant;</strong></span> <span class='ocrx_word' id='word_1_760' title='bbox 2046 5098 2161 5152; x_wconf 88' lang='lat' dir='ltr'><strong>dies</strong></span> <span class='ocrx_word' id='word_1_761' title='bbox 2205 5108 2378 5152; x_wconf 83' lang='lat' dir='ltr'><strong>autem</strong></span> <span class='ocrx_word' id='word_1_762' title='bbox 2408 5097 2459 5148; x_wconf 94' lang='lat' dir='ltr'><strong>in</strong></span> <span class='ocrx_word' id='word_1_763' title='bbox 2515 5097 2699 5151; x_wconf 88' lang='lat' dir='ltr'><strong>eadem</strong></span> <span class='ocrx_word' id='word_1_764' title='bbox 2752 5096 2946 5151; x_wconf 87' lang='lat' dir='ltr'><strong>tabella</strong></span> <span class='ocrx_word' id='word_1_765' title='bbox 3003 5095 3189 5164; x_wconf 72' lang='lat' dir='ltr'><strong>posita:</strong></span> <span class='ocrx_word' id='word_1_766' title='bbox 3230 5096 3355 5149; x_wconf 86' lang='lat' dir='ltr'><strong>reli-</strong></span> 
     </span>
    </p>
   </div>
   <div class='ocr_carea' id='block_1_98' title="bbox 187 5180 1818 5254">
    <p class='ocr_par' dir='ltr' id='par_1_98' title="bbox 187 5180 1818 5254">
     <span class='ocr_line' id='line_1_99' title="bbox 187 5180 1818 5254; baseline 0.002 -26"><span class='ocrx_word' id='word_1_767' title='bbox 187 5180 337 5243; x_wconf 80' lang='grc' dir='ltr'>κτάς·</span> <span class='ocrx_word' id='word_1_768' title='bbox 385 5180 501 5236; x_wconf 72' lang='grc' dir='ltr'>εἶτα</span> <span class='ocrx_word' id='word_1_769' title='bbox 551 5188 643 5237; x_wconf 69' lang='grc' dir='ltr'>καὶ</span> <span class='ocrx_word' id='word_1_770' title='bbox 681 5186 776 5247; x_wconf 77' lang='grc' dir='ltr'>τὰς</span> <span class='ocrx_word' id='word_1_771' title='bbox 825 5186 1184 5254; x_wconf 84' lang='grc' dir='ltr'>ὑποκειμένας</span> <span class='ocrx_word' id='word_1_772' title='bbox 1216 5186 1400 5248; x_wconf 75' lang='grc' dir='ltr'>αὑτὰς,</span> <span class='ocrx_word' id='word_1_773' title='bbox 1436 5187 1525 5237; x_wconf 79' lang='grc' dir='ltr'>καὶ</span> <span class='ocrx_word' id='word_1_774' title='bbox 1557 5186 1714 5253; x_wconf 78' lang='grc' dir='ltr'>ἐγγε-</span> <span class='ocrx_word' id='word_1_775' title='bbox 1816 5221 1818 5232; x_wconf 92' lang='grc'>.</span> 
     </span>
    </p>
   </div>
   <div class='ocr_carea' id='block_1_99' title="bbox 1305 5180 2936 5254">
    <p class='ocr_par' dir='ltr' id='par_1_99' title="bbox 1305 5186 2936 5254">
     <span class='ocr_line' id='line_1_100' title="bbox 1305 5186 2936 5254; baseline -0.001 -16"><span class='ocrx_word' id='word_1_776' title='bbox 1305 5186 1400 5248; x_wconf 75' lang='grc' dir='ltr'>τὰς,</span> <span class='ocrx_word' id='word_1_777' title='bbox 1436 5187 1525 5237; x_wconf 78' lang='grc' dir='ltr'>καὶ</span> <span class='ocrx_word' id='word_1_778' title='bbox 1557 5186 1714 5253; x_wconf 77' lang='grc' dir='ltr'>ἐγγε-</span> <span class='ocrx_word' id='word_1_779' title='bbox 1816 5188 1941 5254; x_wconf 89' lang='lat' dir='ltr'><strong>quis</strong></span> <span class='ocrx_word' id='word_1_780' title='bbox 1974 5201 2066 5241; x_wconf 90' lang='lat' dir='ltr'>sex</span> <span class='ocrx_word' id='word_1_781' title='bbox 2100 5202 2352 5240; x_wconf 87' lang='lat' dir='ltr'><strong>versuum</strong></span> <span class='ocrx_word' id='word_1_782' title='bbox 2385 5188 2658 5241; x_wconf 88' lang='lat' dir='ltr'><strong>mensibus</strong></span> <span class='ocrx_word' id='word_1_783' title='bbox 2684 5189 2936 5240; x_wconf 87' lang='lat' dir='ltr'><strong>serviant.</strong></span> 
     </span>
    </p>
   </div>
   <div class='ocr_carea' id='block_1_100' title="bbox 186 5274 3357 5348">
    <p class='ocr_par' dir='ltr' id='par_1_100' title="bbox 186 5274 3357 5348">
     <span class='ocr_line' id='line_1_101' title="bbox 186 5274 3357 5348; baseline 0.001 -27"><span class='ocrx_word' id='word_1_784' title='bbox 186 5274 493 5340; x_wconf 82' lang='grc' dir='ltr'>γραμμένας</span> <span class='ocrx_word' id='word_1_785' title='bbox 517 5277 592 5336; x_wconf 76' lang='grc' dir='ltr'>εἰς</span> <span class='ocrx_word' id='word_1_786' title='bbox 628 5274 723 5342; x_wconf 85' lang='grc' dir='ltr'>τὴν</span> <span class='ocrx_word' id='word_1_787' title='bbox 745 5280 909 5345; x_wconf 84' lang='grc' dir='ltr'>αὑτην</span> <span class='ocrx_word' id='word_1_788' title='bbox 938 5276 1131 5337; x_wconf 89' lang='grc' dir='ltr'>σελίδα,</span> <span class='ocrx_word' id='word_1_789' title='bbox 1162 5277 1418 5345; x_wconf 81' lang='grc' dir='ltr'>μηδαμῶς</span> <span class='ocrx_word' id='word_1_790' title='bbox 1442 5278 1572 5344; x_wconf 82' lang='grc' dir='ltr'>πρὸς</span> <span class='ocrx_word' id='word_1_791' title='bbox 1595 5278 1782 5347; x_wconf 79' lang='grc' dir='ltr'>ἑτέραν</span> <span class='ocrx_word' id='word_1_792' title='bbox 1807 5277 1914 5328; x_wconf 89' lang='grc' dir='ltr'>τῶν</span> <span class='ocrx_word' id='word_1_793' title='bbox 1940 5277 2225 5348; x_wconf 78' lang='grc' dir='ltr'>εὐωνύμων</span> <span class='ocrx_word' id='word_1_794' title='bbox 2244 5278 2275 5347; x_wconf 83' lang='grc' dir='ltr'>ἦ</span> <span class='ocrx_word' id='word_1_795' title='bbox 2292 5276 2473 5341; x_wconf 81' lang='grc' dir='ltr'>δεξιῶν</span> <span class='ocrx_word' id='word_1_796' title='bbox 2496 5278 2898 5340; x_wconf 77' lang='grc' dir='ltr'>πλαγιάζοντες,</span> <span class='ocrx_word' id='word_1_797' title='bbox 2917 5280 2979 5347; x_wconf 78' lang='grc' dir='ltr'>τῇ</span> <span class='ocrx_word' id='word_1_798' title='bbox 3002 5278 3134 5344; x_wconf 79' lang='grc' dir='ltr'>αὑτῇ</span> <span class='ocrx_word' id='word_1_799' title='bbox 3147 5276 3201 5328; x_wconf 83' lang='grc' dir='ltr'>δὲ</span> <span class='ocrx_word' id='word_1_800' title='bbox 3220 5276 3357 5327; x_wconf 76' lang='grc' dir='ltr'>κατά</span> 
     </span>
    </p>
   </div>
   <div class='ocr_carea' id='block_1_101' title="bbox 187 5364 3351 5441">
    <p class='ocr_par' dir='ltr' id='par_1_101' title="bbox 187 5364 3351 5441">
     <span class='ocr_line' id='line_1_102' title="bbox 187 5364 3351 5441; baseline 0.003 -31"><span class='ocrx_word' id='word_1_801' title='bbox 187 5364 242 5413; x_wconf 76' lang='grc' dir='ltr'>τὸ</span> <span class='ocrx_word' id='word_1_802' title='bbox 277 5368 397 5421; x_wconf 84' lang='grc' dir='ltr'>αὐτὸ</span> <span class='ocrx_word' id='word_1_803' title='bbox 427 5370 542 5432; x_wconf 74' lang='grc' dir='ltr'>ἔτος</span> <span class='ocrx_word' id='word_1_804' title='bbox 570 5371 731 5441; x_wconf 64' lang='grc' dir='ltr'>σελιδι</span> <span class='ocrx_word' id='word_1_805' title='bbox 757 5372 1141 5439; x_wconf 84' lang='grc' dir='ltr'>προσμένοντες</span> <span class='ocrx_word' id='word_1_806' title='bbox 1167 5388 1179 5400; x_wconf 81' lang='grc'><strong>’</strong></span> <span class='ocrx_word' id='word_1_807' title='bbox 1211 5370 1342 5423; x_wconf 79' lang='grc' dir='ltr'>ἀλλὰ</span> <span class='ocrx_word' id='word_1_808' title='bbox 1362 5388 1455 5432; x_wconf 89' lang='grc' dir='ltr'>τας</span> <span class='ocrx_word' id='word_1_809' title='bbox 1481 5372 1575 5440; x_wconf 83' lang='grc' dir='ltr'>μὲν</span> <span class='ocrx_word' id='word_1_810' title='bbox 1610 5372 1846 5433; x_wconf 82' lang='grc' dir='ltr'>ἐπακτὰς</span> <span class='ocrx_word' id='word_1_811' title='bbox 1874 5371 1959 5424; x_wconf 80' lang='grc' dir='ltr'>διὰ</span> <span class='ocrx_word' id='word_1_812' title='bbox 2006 5373 2128 5435; x_wconf 84' lang='grc' dir='ltr'>τοὺς</span> <span class='ocrx_word' id='word_1_813' title='bbox 2169 5374 2224 5424; x_wconf 82' lang='grc' dir='ltr'>ὲν</span> <span class='ocrx_word' id='word_1_814' title='bbox 2251 5372 2326 5440; x_wconf 85' lang='grc' dir='ltr'>τῷ</span> <span class='ocrx_word' id='word_1_815' title='bbox 2354 5370 2548 5441; x_wconf 83' lang='grc' dir='ltr'>πρώτῳ</span> <span class='ocrx_word' id='word_1_816' title='bbox 2586 5371 2749 5438; x_wconf 80' lang='grc' dir='ltr'>στίχῳ</span> <span class='ocrx_word' id='word_1_817' title='bbox 2774 5369 3271 5439; x_wconf 80' lang='grc' dir='ltr'>κατατεταγμένους</span> <span class='ocrx_word' id='word_1_818' title='bbox 3308 5365 3351 5433; x_wconf 75' lang='grc' dir='ltr'>β’</span> 
     </span>
    </p>
   </div>
   <div class='ocr_carea' id='block_1_102' title="bbox 192 5456 3351 5534">
    <p class='ocr_par' dir='ltr' id='par_1_102' title="bbox 192 5456 3351 5534">
     <span class='ocr_line' id='line_1_103' title="bbox 192 5456 3351 5534; baseline -0.002 -17"><span class='ocrx_word' id='word_1_819' title='bbox 192 5456 368 5522; x_wconf 80' lang='grc' dir='ltr'>μῆνας,</span> <span class='ocrx_word' id='word_1_820' title='bbox 399 5462 495 5523; x_wconf 83' lang='grc' dir='ltr'>τὰς</span> <span class='ocrx_word' id='word_1_821' title='bbox 521 5463 577 5514; x_wconf 83' lang='grc' dir='ltr'>δὲ</span> <span class='ocrx_word' id='word_1_822' title='bbox 601 5465 679 5523; x_wconf 77' lang='grc' dir='ltr'>εἰς</span> <span class='ocrx_word' id='word_1_823' title='bbox 708 5463 803 5530; x_wconf 81' lang='grc' dir='ltr'>τὴν</span> <span class='ocrx_word' id='word_1_824' title='bbox 828 5467 992 5531; x_wconf 73' lang='grc' dir='ltr'>αὐτην</span> <span class='ocrx_word' id='word_1_825' title='bbox 1019 5464 1585 5533; x_wconf 83' lang='grc' dir='ltr'>σελίδαγεγραμμένας</span> <span class='ocrx_word' id='word_1_826' title='bbox 1610 5467 1816 5534; x_wconf 86' lang='grc' dir='ltr'>ἡμέρας</span> <span class='ocrx_word' id='word_1_827' title='bbox 1831 5466 1917 5519; x_wconf 83' lang='grc' dir='ltr'>διὰ</span> <span class='ocrx_word' id='word_1_828' title='bbox 1940 5467 2062 5529; x_wconf 77' lang='grc' dir='ltr'>τοὺς</span> <span class='ocrx_word' id='word_1_829' title='bbox 2093 5470 2151 5519; x_wconf 79' lang='grc' dir='ltr'>ἐν</span> <span class='ocrx_word' id='word_1_830' title='bbox 2186 5469 2292 5527; x_wconf 86' lang='grc' dir='ltr'>τοῖς</span> <span class='ocrx_word' id='word_1_831' title='bbox 2313 5466 2487 5527; x_wconf 78' lang='grc' dir='ltr'>ἄλλοις</span> <span class='ocrx_word' id='word_1_832' title='bbox 2514 5473 2564 5527; x_wconf 83' lang='grc' dir='ltr'>ς’</span> <span class='ocrx_word' id='word_1_833' title='bbox 2589 5466 2782 5533; x_wconf 79' lang='grc' dir='ltr'>στίχοις</span> <span class='ocrx_word' id='word_1_834' title='bbox 2805 5464 3136 5533; x_wconf 81' lang='grc' dir='ltr'>ὑπάρχοντας</span> <span class='ocrx_word' id='word_1_835' title='bbox 3163 5462 3351 5530; x_wconf 82' lang='grc' dir='ltr'>μῆνας.</span> 
     </span>
    </p>
   </div>
   <div class='ocr_carea' id='block_1_103' title="bbox 317 5573 1948 5643">
    <p class='ocr_par' dir='ltr' id='par_1_103' title="bbox 317 5573 1545 5642">
     <span class='ocr_line' id='line_1_104' title="bbox 317 5573 1545 5642; baseline 0.004 -19"><span class='ocrx_word' id='word_1_836' title='bbox 317 5573 445 5639; x_wconf 73' lang='grc' dir='ltr'>Περὶ</span> <span class='ocrx_word' id='word_1_837' title='bbox 473 5573 578 5641; x_wconf 87' lang='grc' dir='ltr'>τῆς</span> <span class='ocrx_word' id='word_1_838' title='bbox 604 5575 706 5627; x_wconf 82' lang='grc' dir='ltr'>τοῦ</span> <span class='ocrx_word' id='word_1_839' title='bbox 722 5574 1047 5637; x_wconf 76' lang='grc' dir='ltr'>,ϐισσέξτου</span> <span class='ocrx_word' id='word_1_840' title='bbox 1076 5574 1545 5642; x_wconf 78' lang='grc' dir='ltr'>παρατηρήσεως.</span> 
     </span>
    </p>
   </div>
   <div class='ocr_carea' id='block_1_104' title="bbox 1459 5573 3090 5643">
    <p class='ocr_par' dir='ltr' id='par_1_104' title="bbox 1459 5578 3090 5643">
     <span class='ocr_line' id='line_1_105' title="bbox 1459 5578 3090 5643; baseline -0.009 -5"><span class='ocrx_word' id='word_1_841' title='bbox 1459 5592 1545 5638; x_wconf 64' lang='grc' dir='ltr'>ως.</span> <span class='ocrx_word' id='word_1_842' title='bbox 2094 5578 2231 5643; x_wconf 82' lang='lat' dir='ltr'><strong>Quid</strong></span> <span class='ocrx_word' id='word_1_843' title='bbox 2264 5579 2317 5630; x_wconf 86' lang='lat' dir='ltr'>in</span> <span class='ocrx_word' id='word_1_844' title='bbox 2352 5578 2576 5631; x_wconf 78' lang='lat' dir='ltr'><strong>bissexto</strong></span> <span class='ocrx_word' id='word_1_845' title='bbox 2607 5592 2809 5629; x_wconf 79' lang='lat' dir='ltr'><strong>servare</strong></span> <span class='ocrx_word' id='word_1_846' title='bbox 2839 5583 3090 5641; x_wconf 82' lang='lat' dir='ltr'><strong>oporteat.</strong></span> 
     </span>
    </p>
   </div>
   <div class='ocr_carea' id='block_1_105' title="bbox 253 5678 1884 5754">
    <p class='ocr_par' dir='ltr' id='par_1_105' title="bbox 253 5678 1718 5754">
     <span class='ocr_line' id='line_1_106' title="bbox 253 5678 1718 5754; baseline 0.006 -26"><span class='ocrx_word' id='word_1_847' title='bbox 253 5678 322 5730; x_wconf 83' lang='lat' dir='ltr'>E&#39;.</span> <span class='ocrx_word' id='word_1_848' title='bbox 373 5680 492 5751; x_wconf 79' lang='grc' dir='ltr'>Χρὴ</span> <span class='ocrx_word' id='word_1_849' title='bbox 570 5683 626 5735; x_wconf 82' lang='grc' dir='ltr'>δὲ</span> <span class='ocrx_word' id='word_1_850' title='bbox 682 5684 1027 5752; x_wconf 83' lang='grc' dir='ltr'>σημειοῦσθαι</span> <span class='ocrx_word' id='word_1_851' title='bbox 1075 5686 1163 5737; x_wconf 82' lang='grc' dir='ltr'>τὸν</span> <span class='ocrx_word' id='word_1_852' title='bbox 1218 5685 1475 5754; x_wconf 86' lang='grc' dir='ltr'>Μάρτιον,</span> <span class='ocrx_word' id='word_1_853' title='bbox 1532 5687 1593 5739; x_wconf 85' lang='grc' dir='ltr'>ἵν’</span> <span class='ocrx_word' id='word_1_854' title='bbox 1630 5686 1718 5737; x_wconf 83' lang='grc' dir='ltr'>ὅτε</span> 
     </span>
    </p>
   </div>
   <div class='ocr_carea' id='block_1_106' title="bbox 1719 5678 3350 5754">
    <p class='ocr_par' dir='ltr' id='par_1_106' title="bbox 1890 5684 3350 5743">
     <span class='ocr_line' id='line_1_107' title="bbox 1890 5684 3350 5743; baseline -0.003 -4"><span class='ocrx_word' id='word_1_855' title='bbox 1890 5689 1953 5742; x_wconf 71' lang='grc' dir='ltr'>ν.</span> <span class='ocrx_word' id='word_1_856' title='bbox 1988 5688 2390 5743; x_wconf 84' lang='lat' dir='ltr'><strong>Observandum</strong></span> <span class='ocrx_word' id='word_1_857' title='bbox 2418 5690 2517 5742; x_wconf 84' lang='lat' dir='ltr'>hoc</span> <span class='ocrx_word' id='word_1_858' title='bbox 2544 5690 2645 5741; x_wconf 85' lang='lat' dir='ltr'><strong>erit</strong></span> <span class='ocrx_word' id='word_1_859' title='bbox 2676 5690 2727 5741; x_wconf 88' lang='lat' dir='ltr'>in</span> <span class='ocrx_word' id='word_1_860' title='bbox 2756 5689 2971 5743; x_wconf 88' lang='lat' dir='ltr'><strong>Martio.</strong></span> <span class='ocrx_word' id='word_1_861' title='bbox 3030 5695 3086 5738; x_wconf 93' lang='lat' dir='ltr'>ut</span> <span class='ocrx_word' id='word_1_862' title='bbox 3118 5686 3169 5737; x_wconf 89' lang='lat' dir='ltr'>in</span> <span class='ocrx_word' id='word_1_863' title='bbox 3210 5684 3350 5736; x_wconf 82' lang='lat' dir='ltr'><strong>anno</strong></span> 
     </span>
    </p>
   </div>
   <div class='ocr_carea' id='block_1_107' title="bbox 197 5763 1828 5857">
    <p class='ocr_par' dir='ltr' id='par_1_107' title="bbox 197 5763 1828 5845">
     <span class='ocr_line' id='line_1_108' title="bbox 197 5763 1828 5845; baseline 0.007 -30"><span class='ocrx_word' id='word_1_864' title='bbox 197 5763 445 5835; x_wconf 79' lang='grc' dir='ltr'>βίσσιξτον</span> <span class='ocrx_word' id='word_1_865' title='bbox 461 5773 697 5838; x_wconf 71' lang='grc' dir='ltr'>οὐκέστι,</span> <span class='ocrx_word' id='word_1_866' title='bbox 721 5775 805 5827; x_wconf 72' lang='grc' dir='ltr'>διὰ</span> <span class='ocrx_word' id='word_1_867' title='bbox 826 5775 930 5827; x_wconf 87' lang='grc' dir='ltr'>τῶν</span> <span class='ocrx_word' id='word_1_868' title='bbox 947 5774 1036 5827; x_wconf 81' lang='grc' dir='ltr'>τοῦ</span> <span class='ocrx_word' id='word_1_869' title='bbox 1057 5775 1409 5845; x_wconf 78' lang='grc' dir='ltr'>Φεϐρουαρίου</span> <span class='ocrx_word' id='word_1_870' title='bbox 1427 5775 1718 5844; x_wconf 69' lang='grc' dir='ltr'>ψηφίζηται</span> <span class='ocrx_word' id='word_1_871' title='bbox 1821 5798 1828 5826; x_wconf 71' lang='grc' dir='ltr'>ι</span> 
     </span>
    </p>
   </div>
   <div class='ocr_carea' id='block_1_108' title="bbox 1695 5763 3326 5857">
    <p class='ocr_par' dir='ltr' id='par_1_108' title="bbox 1695 5774 3326 5857">
     <span class='ocr_line' id='line_1_109' title="bbox 1695 5774 3326 5857; baseline -0.005 -25"><span class='ocrx_word' id='word_1_872' title='bbox 1695 5795 1718 5827; x_wconf 58' lang='grc' dir='ltr'>τι</span> <span class='ocrx_word' id='word_1_873' title='bbox 1821 5780 2089 5857; x_wconf 76' lang='lat' dir='ltr'><strong>communi</strong></span> <span class='ocrx_word' id='word_1_874' title='bbox 2112 5776 2350 5832; x_wconf 81' lang='lat' dir='ltr'><strong>calculus</strong></span> <span class='ocrx_word' id='word_1_875' title='bbox 2372 5779 2487 5846; x_wconf 87' lang='lat' dir='ltr'><strong>ejus</strong></span> <span class='ocrx_word' id='word_1_876' title='bbox 2516 5782 2624 5831; x_wconf 75' lang='lat' dir='ltr'><strong>sint</strong></span> <span class='ocrx_word' id='word_1_877' title='bbox 2654 5776 2927 5833; x_wconf 83' lang='lat' dir='ltr'><strong>Februarii</strong></span> <span class='ocrx_word' id='word_1_878' title='bbox 2951 5776 3067 5831; x_wconf 89' lang='lat' dir='ltr'><strong>dies</strong></span> <span class='ocrx_word' id='word_1_879' title='bbox 3096 5794 3111 5842; x_wconf 88' lang='lat'><strong>;</strong></span> <span class='ocrx_word' id='word_1_880' title='bbox 3160 5776 3211 5829; x_wconf 87' lang='lat' dir='ltr'><strong>in</strong></span> <span class='ocrx_word' id='word_1_881' title='bbox 3245 5774 3326 5827; x_wconf 61' lang='lat' dir='ltr'>bis</span> 
     </span>
    </p>
   </div>
  </div>
