4124 6320
156 453 185 513 ι
196 452 312 508 269

948 452 1003 506 S.
1049 448 1296 505 MAXIM]
1338 445 1701 503 MABTYRIS
1742 444 2117 503 COMPUTUS
2156 448 2594 505 ECCLESIAST.

3264 450 3286 502 1
3296 451 3400 505 επ)

155 568 273 643 τοῦ
297 569 590 630 ἐνεστῶτος
635 567 1005 636 Αἰγυπτιακοῦ
1057 569 1222 639 μηνὸς
1262 567 1543 629 ποσταίαν,
1568 564 1779 622 καὶτὸ,

1855 568 2126 637 proposito
2157 566 2243 621 die
2280 568 2511 623 labentis
2545 565 2848 645 Egyptiaci
2886 567 3113 620 mensis.
3158 565 3239 619 Ad
3288 565 3401 620 haec

155 663 345 732 ἣμισυ
368 662 477 713 τῶν
498 660 679 731 μηνῶν
707 660 814 714 τῶν
847 662 953 714 ἀπὸ
981 660 1122 724 Θὼθ,
1154 660 1247 713 καὶ
1276 661 1403 729 μίαν
1430 658 1737 728 καθολικὴν.

159 751 281 803 Καὶ
330 752 378 803 εξ
424 751 521 820 μὲν
570 750 614 802 λ’
660 750 861 813 ταύτας
910 752 1233 822 εὑρήσομεν,
1283 750 1315 820 ἧ
1359 749 1509 820 παρὰ
1540 749 1634 811 τὰς
1676 748 1738 807 λ’,

159 839 441 903 τοσαύτας
499 840 723 911 ἔχουσαν
761 841 858 911 τὴν
900 841 1126 911 σελήνην
1158 839 1494 910 γινώσκομεν
1518 856 1531 867 ·
1588 839 1636 889 εί
1682 838 1739 889 δὲ

160 929 317 1003 ὑπὲρ
351 931 447 994 τὰς
479 932 541 997 λ’,
577 932 787 995 ὲκείνας
807 930 962 984 πάλιν
991 929 1128 1001 μετὰ
1148 930 1245 999 τὴν
1267 929 1549 1000 ὑφαίρεσιν
1565 927 1739 982 αὐτῶν

162 1021 283 1074 τῶν
313 1022 626 1093 τριὰκοντα.

243 1111 313 1183 β’.
348 1112 574 1176 Ἀλλως.
597 1111 675 1165 Τὰ
700 1111 805 1165 ἀπὸ
823 1109 1203 1180 Διοκλητιανοῢ
1233 1109 1325 1180 ἐτη
1360 1109 1507 1180 παρὰ
1543 1108 1599 1160 ἓν
1626 1107 1741 1171 ἔτος

164 1204 476 1268 ποιοῦντες,
526 1203 818 1275 μερίζομεν
862 1204 941 1265 εἰς
963 1203 1054 1256 τὸν
1097 1200 1161 1254 ιθ¹
1199 1202 1293 1254 καὶ
1324 1202 1389 1254 τὰ
1422 1200 1579 1253 λοιπὰ
1609 1216 1742 1270 κρα-

163 1292 400 1356 τοῦμεν,
452 1296 545 1347 καὶ
591 1293 799 1356 τούτοις
862 1293 1223 1364 ὲπιὸάλλομεν
1274 1291 1413 1362 ὑπὲρ
1478 1290 1593 1351 ἐνὸς
1645 1288 1741 1359 μὲν

168 1382 351 1445 ἔτους,
403 1382 497 1435 ἐὰν
544 1382 701 1435 τοῦτο
737 1383 894 1454 μόνον
942 1382 1099 1454 τυχὸν
1134 1381 1461 1452 καταλειφθῇ
1489 1380 1624 1451 μετὰ
1654 1380 1743 1431 τὸν

172 1474 469 1544 μερισμὸν,
514 1474 724 1544 ἡμέρας
765 1481 815 1526 t"
863 1474 1001 1544 ὑπὲρ
1039 1473 1079 1542 β’
1115 1472 1171 1526 δὲ
1204 1472 1339 1526 ἐτῶν
1371 1478 1416 1523 κ’
1443 1487 1458 1501 α
1506 1469 1648 1541 ὑπὲρ
1688 1469 1746 1524 δὲ

170 1573 223 1633 γ’
251 1565 375 1618 οὐδὲ
401 1566 556 1636 μίαν·
585 1565 773 1637 ῶσπερ
798 1567 890 1619 καὶ
915 1567 1005 1620 ἐπὶ
1030 1568 1141 1627 τοῖς
1175 1572 1226 1629 ς’
1258 1563 1376 1617 οὐδὲ
1409 1563 1559 1633 μίαν⁶
1582 1563 1615 1632 ἢ
1638 1561 1744 1613 τῶν

174 1657 246 1723 θ’,
277 1660 313 1730 ἢ
349 1659 455 1711 τῶν
482 1658 546 1727 ιβ’
567 1674 581 1689 ο
611 1659 643 1729 ἢ
676 1659 858 1722 ἁπλῶς
899 1659 997 1728 τῆς
1054 1654 1341 1710 ὁποιασοῦν
1371 1654 1704 1726 τριετηρίδος
1726 1671 1739 1683 ·

175 1751 325 1823 ὑπὲρ
374 1750 431 1802 δὲ
486 1750 590 1803 τῶν
633 1750 672 1804 δ’
720 1750 879 1803 πάλιν
932 1748 1069 1802 ἐτῶν
1110 1747 1161 1811 ι’,
1208 1748 1300 1799 καὶ
1351 1747 1490 1815 ὑπὲρ
1542 1743 1649 1798 τῶν
1686 1751 1725 1795 ε’

174 1847 251 1893 κ’.
287 1841 397 1894 Καὶ
421 1839 591 1903 οὕτως
623 1840 855 1911 καθεξῆς
890 1839 1029 1909 ὑπὲρ
1074 1838 1180 1891 τῶν
1211 1838 1278 1901 ζ’,
1312 1837 1403 1890 καὶ
1431 1836 1537 1890 τῶν
1573 1843 1625 1900 ι’,
1652 1837 1745 1904 καὶ

174 1932 293 1983 τῶν
329 1939 395 1984 ια’
418 1932 462 1964 ’ί
485 1950 495 1960 ·
522 1933 613 1984 καὶ
640 1931 747 1984 τῶν
778 1932 913 2001 μετὰ
944 1932 1040 1993 τὰς
1086 1929 1427 2001 τριετηρίδας.
1446 1927 1746 1999 ψηφιζομέ-

176 2038 313 2076 νων.
374 2022 947 2091 Κρατοῦμενποίνυν,
995 2021 1068 2085 ώς
1101 2020 1256 2091 ἔφην,
1309 2020 1375 2072 τὰ
1411 2020 1747 2089 ἀπομένοντα

177 2113 279 2183 ἔτη
331 2112 426 2164 καὶ
475 2112 573 2175 τὰς
614 2114 754 2184 ὑπὲρ
802 2113 1005 2165 τούτων
1062 2114 1272 2183 ἡμέρας
1317 2111 1458 2164 κατὰ
1502 2112 1593 2163 τὸν
1620 2112 1750 2163 ὑπο-

178 2203 465 2273 δειχθέντα
518 2204 734 2275 τρόπον’
798 2206 890 2256 καὶ
912 2205 1010 2275 τὴν
1046 2204 1304 2257 ποσταίαν
1326 2202 1418 2256 τοῦ
1460 2202 1749 2265 ἐνεστῶτος

181 2293 555 2362 Αἰγυπτιακοῦ
604 2296 787 2365 μηνὸς,
847 2298 938 2349 καὶ
985 2296 1044 2348 τὸ
1071 2298 1240 2366 ἥμισυ
1269 2296 1376 2348 τῶν
1415 2296 1596 2367 μηνῶν
1643 2296 1751 2348 ’.ῶν

183 2385 299 2438 ἀπὺ
361 2384 502 2449 Θὼθ,
530 2386 624 2439 καὶ
674 2388 802 2456 μίαν
862 2387 1185 2458 καθολικήν·
1217 2388 1309 2441 καὶ
1357 2388 1435 2449 εἰς
1466 2386 1555 2439 τὸν
1583 2386 1626 2439 λ’
1657 2386 1751 2449 τὰς

184 2478 320 2541 ὅλας
341 2478 650 2550 μερίζομεν.

260 2568 331 2637 Υ.
372 2571 597 2634 Ἀλλως.
628 2572 948 2643 Κρατοῦμεν
976 2572 1072 2637 τὰς
1110 2571 1350 2635 ὲπακτὰς
1376 2572 1473 2642 τῆς
1508 2570 1751 2642 σελήνης,

115 2695 121 2703 -
186 2662 285 2715 καὶ
329 2664 468 2735 ὑπὲρ
512 2664 737 2717 ἑκάστου
772 2665 1077 2735 Ῥωμαῖκοῦ
1128 2666 1311 2736 μηνὸς,
1361 2666 1466 2718 ἀπὸ
1512 2667 1757 2734 Σεπτεμ-

190 2753 348 2823 6ρίου
365 2754 650 2825 ἀρχόμενοι
677 2755 835 2825 μέχρι
864 2756 956 2807 τοῦ
982 2756 1347 2825 ψηφιζομένου
1376 2756 1500 2825 μίαν
1524 2756 1753 2826 ἡμέραν

191 2844 290 2895 καὶ
332 2842 428 2913 τὴν
471 2846 729 2896 ποσταὶαν
776 2844 937 2897 αὐτοῦ
986 2844 1080 2896 τοῦ
1127 2844 1414 2906 ἐνεστῶτος
1454 2842 1755 2913 Ῥωμαῖκοῦ

195 2931 387 3002 μηνὸς,
420 2933 512 2985 καὶ
555 2933 647 2985 δύο
690 2932 999 2996 καθολικὰς,
1047 2935 1140 2986 καὶ
1175 2935 1254 2997 είς
1299 2932 1388 2986 τὸν
1422 2932 1463 2983 λ’
1494 2932 1591 2995 τὰς
1633 2932 1757 2994 ὅλας

196 3023 515 3093 μερίζομεν.

264 3114 328 3166 δ’.
364 3113 588 3178 Ἄλλως.
634 3114 961 3185 Κρατοῦμεν
991 3116 1088 3178 τὰς
1119 3098 1360 3178 ἐπακτὰς
1391 3116 1487 3186 τῆς
1534 3106 1760 3186 σελήνης

196 3205 347 3306 παρᾶ
359 3205 505 3306 μίαν,
531 3207 623 3259 καὶ
647 3208 745 3269 τὰς
774 3206 878 3259 ἀπὸ
911 3207 1233 3278 Ἰανουαρίου
1255 3208 1466 3277 ἡμέρας
1481 3206 1635 3279 μέχρι
1662 3207 1763 3277 τῆς
1789 3244 1831 3306 C

197 3294 534 3365 ζητουμένης
562 3296 719 3365 ἡμῖν⁶
754 3296 848 3347 καὶ
885 3294 953 3348 τὰ
986 3296 1187 3350 τούτων
1208 3295 1280 3361 EC’
1306 3298 1382 3328 ⁹¹·
1420 3297 1515 3349 καὶ
1553 3300 1631 3361 έίς
1673 3297 1777 3351 τὸνο

197 3388 242 3438 λ’
282 3386 381 3450 τὰς
405 3387 529 3450 ὅλας
560 3387 867 3458 μερίζομεν.

272 3476 333 3531 ε’.
366 3478 592 3549 Ἄλλως.
624 3478 946 3549 Κρατοῦμεν
985 3478 1080 3542 τὰς
1111 3480 1353 3543 ὲπακτὰς
1386 3482 1481 3551 τῆς
1516 3480 1762 3550 σελήνης,

200 3568 298 3620 καὶ
319 3567 570 3641 τδήμισυ
597 3568 703 3621 τῶν
738 3570 921 3639 μηνῶν
961 3569 1068 3621 τῶν
1102 3571 1205 3623 ἀπὸ
1228 3572 1321 3624 τοῦ
1362 3571 1631 3643 Ἀπριλίου
1674 3571 1767 3642 μέ-

202 3659 417 3730 κριτοῦ
467 3659 860 3730 ψηφιζομένου,
907 3662 999 3713 καὶ
1048 3662 1144 3725 τὰς
1186 3662 1477 3732 τριακάδας
1526 3663 1763 3734 πρώτας,

204 3752 307 3805 καῖ
330 3752 428 3822 τὴν
462 3736 720 3806 ποσταίαν
758 3753 850 3806 τοῦ
889 3754 1178 3819 ἐνεστῶτος
1213 3756 1406 3826 μηνός·
1439 3756 1529 3808 καὶ
1569 3757 1645 3817 είς
1676 3755 1767 3809 τὸν

201 3841 248 3895 λ’
273 3842 371 3905 τὰς
399 3842 525 3906 ὅλας
559 3842 869 3913 μερίζομεν.

282 3940 356 3997 ς’.
392 3932 618 3994 Ἀλλως.
682 3932 1266 4002 Ἐνδεκαπλασιάζομεν
1308 3933 1366 3985 τὸ
1405 3937 1503 4003 τῆς
1545 3934 1767 4003 σελήνης

208 4024 351 4087 ἔτος,
377 4024 469 4077 καὶ
490 4023 794 4093 κρατοῦμεν
816 4025 913 4087 τὰς
941 4024 1047 4076 ἀπὸ
1076 4022 1293 4094 πρώτης
1322 4024 1642 4093 Ἰανουαρίου
1670 4023 1766 4092 μέ-

207 4134 302 4189 χρι
326 4117 425 4188 τῆς
450 4116 781 4187 ζητουμένης
804 4117 1030 4187 ἡμέρας,
1054 4119 1147 4170 καὶ
1170 4116 1236 4168 τὰ
1262 4116 1462 4168 τούτων
1495 4114 1564 4181 ag'
1586 4134 1599 4145 ·
1624 4119 1767 4184 τρεῖς

205 4222 269 4260 τε
300 4205 599 4269 καθολικῶς
624 4206 995 4276 ἀφαιροῦντες,
1025 4206 1165 4259 οὕτω
1194 4206 1291 4269 τὰς
1319 4206 1441 4267 ὅλας
1480 4204 1766 4274 μερίζομεν

206 4300 289 4362 εἰς
315 4297 403 4351 τὸν
422 4297 482 4350 λ’.
516 4368 519 4377 1
1326 4350 1328 4363 ,

244 4434 247 4437 .
281 4388 349 4453 ζ’.
382 4388 608 4453 Ἀλλως.
640 4386 955 4460 Κρατοῦμεν
990 4389 1088 4452 τὰς
1112 4388 1354 4451 ὲπακτὰς
1385 4388 1482 4457 τῆς
1523 4387 1766 4458 σελήνης,

210 4484 311 4537 καὶ
342 4482 567 4547 ταύταις
607 4482 663 4536 ἕν
709 4500 769 4536 τε
808 4480 886 4553 τῷ
931 4482 1239 4553 Ἰανουαρίῳ
1290 4482 1383 4533 καὶ
1425 4480 1770 4551 Φεϐρουαρίῳ

1844 660 2123 715 dimidium
2177 658 2443 715 mensium
2490 673 2797 722 numerum,
2841 658 2987 727 quia
3020 655 3197 712 Tboth
3228 656 3400 727 elapsi

1842 761 1989 816 sunt,
2023 766 2145 805 cum
2173 766 2283 804 uno
2312 750 2569 821 regulari.
2619 747 2677 803 Si
2720 763 2930 805 summa
2973 747 3189 817 triginta
3231 746 3402 801 conﬁ-

1840 846 1969 907 ciat,
1999 852 2091 899 aut
2113 844 2293 898 minus
2326 844 2570 913 triginta,
2600 841 2824 897 totidem
2854 839 2970 895 dies
2991 838 3174 892 lunam
3198 838 3402 894 habere

1839 938 2239 1007 cognoscimus.
2260 935 2355 989 Sin
2389 935 2625 989 tricenos
2656 934 2775 989 dies
2790 931 3035 995 excedat,
3053 928 3284 1000 demptis
3308 932 3403 984 tri-

1839 1027 1987 1097 ginta
2004 1034 2136 1097 quot
2156 1035 2500 1097 supererunt,
2521 1024 2747 1079 totidem
2760 1025 2905 1078 aetati
2923 1025 3065 1081 luna:
3077 1025 3399 1080 tribuemus.

1896 1118 2015 1172 Alia
2048 1118 2206 1173 ratio.
2258 1119 2443 1173 Annos
2473 1132 2505 1171 a
2534 1114 2873 1171 Diocletiano
2901 1131 3011 1170 uno
3041 1114 3405 1189 minugcapi-

1842 1226 1963 1266 mus
1994 1225 2196 1279 eosque
2224 1209 2492 1279 partimur
2545 1208 2599 1262 in
2625 1222 2746 1274 xxx;
2795 1207 2841 1260 si
2898 1205 3177 1261 residuum
3225 1219 3405 1259 annus

1842 1302 2037 1355 unicus
2076 1302 2168 1364 sit,
2205 1302 2271 1354 ad
2319 1315 2443 1355 eum
2487 1298 2774 1369 adjicimus
2804 1314 2877 1364 x;
2916 1296 2961 1352 si
3010 1297 3119 1352 duo
3174 1303 3401 1369 restent,

1846 1410 1950 1459 xx;
1990 1393 2035 1447 si
2065 1399 2176 1446 tres
2196 1433 2209 1455 ,
2239 1391 2393 1444 nihil.
2427 1391 2564 1445 Cum
2593 1404 2807 1454 novem,
2854 1396 2949 1443 aut
2970 1386 3281 1450 duodecim,
3311 1392 3406 1439 aut

1844 1487 2067 1541 omnino
2104 1485 2329 1556 quilibet
2363 1482 2557 1538 tertius
2601 1496 2781 1536 annus
2801 1480 3045 1536 exstitit:
3078 1476 3301 1550 perinde
3320 1478 3407 1530 ni-

1846 1579 1923 1633 hil
1952 1578 2187 1633 additur.
2240 1576 2306 1645 At
2350 1591 2448 1646 pro
2503 1582 2739 1644 quatuor
2784 1573 2944 1628 annis
2976 1586 3049 1625 x:
3108 1569 3281 1641 189
3308 1582 3407 1639 pro

1846 1672 2087 1741 quinque
2116 1669 2347 1724 addendi
2389 1676 2515 1723 sunt
2545 1682 2632 1721 xx.
2666 1666 2841 1735 Atque
2889 1664 2962 1717 ita
3006 1664 3267 1732 deinceps
3309 1676 3408 1731 pro

1846 1780 1920 1817 ru
1950 1780 2011 1818 ac
2052 1781 2104 1827 x,
2151 1764 2267 1818 dies
2311 1778 2336 1815 κ
2378 1761 2750 1831 adjiciuntur;
2817 1757 2894 1811 uti
2952 1763 3008 1810 et
3052 1769 3151 1825 pro
3184 1770 3281 1808 xm
3344 1767 3410 1806 ac

1849 1854 2217 1925 reliquis,.qui
2245 1868 2410 1922 supra
2444 1851 2741 1906 triennium
2786 1847 3063 1920 quodlibet
3088 1852 3405 1911 excurrunt.

1851 1949 2118 2004 Residuos
2159 1949 2323 2017 igitur
2353 1961 2547 2010 annos,
2600 1960 2665 1999 ac
2696 1944 2940 2015 singulos
2984 1957 3086 2013 pro
3130 1926 3239 1996 illis
3291 1939 3409 1995 dies

1846 2043 1949 2098 hoc
1976 2042 2134 2096 modo
2168 2042 2433 2093 sumimus
2446 2054 2567 2091 cum
2602 2037 2880 2107 proposito
2905 2034 2993 2090 die
3014 2032 3219 2090 mensis
3241 2030 3409 2105 Αἰπ-

1848 2133 2010 2205 ptiaci
2039 2172 2053 2195 ,
2086 2132 2283 2200 quibus
2312 2128 2592 2185 dimidium
2615 2126 3087 2205 acceditnnmeri
3117 2126 3409 2205 mensium,

1849 2200 1943 2295 qui
1974 2238 2003 2277 a
2030 2222 2206 2277 Thoth
2236 2221 2409 2291 elapsi
2451 2228 2601 2283 sunt,
2629 2235 2754 2275 cum
2793 2232 2909 2273 uno
2940 2202 3185 2288 regulari
3213 2235 3226 2270 :
3260 2200 3411 2273 su‘m-

1852 2334 1992 2372 mam
2027 2331 2122 2385 per
2150 2331 2254 2370 xxx
2282 2312 2594 2368 dividimus.

3198 2366 3285 2391 ηπ

1923 2568 2115 2623 Aliter.
2149 2565 2462 2636 Accipimus
2498 2562 2919 2634 epactas-lunaa,
2953 2568 3007 2615 et
3038 2573 3139 2629 pro
3166 2554 3409 2627 quolibet

1854 2661 2223 2718 Romanorum
2260 2671 2465 2719 mense,
2514 2655 2671 2708 initio
2704 2656 2773 2709 ab
2812 2646 2984 2722 Aprili
3034 2651 3413 2717 factorusque

1856 2754 1924 2810 ad
1946 2752 2304 2824 prOpositum,
2333 2748 2581 2817 singulos
2617 2746 2731 2801 dies
2780 2745 3111 2814 colligimus,
3153 2756 3217 2797 ac
3250 2756 3413 2811 regu-

1857 2847 1997 2900 lares
2027 2844 2186 2899 duos.
2220 2840 2497 2897 Summam
2529 2854 2623 2908 per
2650 2853 2755 2891 xxx
2777 2835 3061 2906 partimur.
3274 2828 3297 2837 ”

1928 3102 2119 3157 Aliter.
2155 3101 2388 3170 Epactas
2422 3100 2561 3153 lunae
2605 3096 2815 3152 unitate
2857 3095 3037 3149 minus
3064 3105 3187 3146 cum
3224 3088 3416 3144 diebus

1864 3209 1894 3248 a
1925 3192 2184 3249 Kalendis
2205 3191 2482 3251 Ianuariis
2512 3190 2580 3244 ad
2617 3188 2759 3243 diem
2789 3187 2883 3256 qui
2920 3178 3418 3255 quaeriturelapsis

1864 3285 2270 3356 componimus;
2289 3282 2541 3336 addimus
2552 3290 2605 3335 et
2621 3280 2815 3333 borum
2830 3276 3220 3345 sexagesimam
3236 3286 3420 3343 quam-

1830 3396 1835 3401 ί
1863 3394 1968 3449 que
2000 3384 2230 3447 partem.
2257 3373 2450 3428 Totum
2482 3370 2678 3426 deinde
2705 3384 2801 3439 per
2829 3383 2933 3424 xxx
2960 3363 3276 3421 dividimus.

1934 3469 2125 3523 Aliter.
2162 3466 2394 3535 Epactas
2438 3466 2579 3519 luna:
2616 3477 2741 3517 cum
2776 3460 3001 3516 dimidio
3045 3450 3314 3513 m‘éﬁSium
3352 3457 3422 3512 ab

1864 3560 2032 3630 Aprili
2067 3573 2237 3629 usque
2262 3557 2327 3611 ad
2355 3556 2640 3625 quaesitum
2668 3568 2908 3608 mensem
2927 3592 2942 3615 ,
2975 3559 3091 3604 tum
3114 3547 3421 3605 tricesimo:

1864 3651 2068 3720 primos
2098 3663 2342 3719 quosque
2362 3646 2479 3701 dies
2512 3658 2619 3699 una
2642 3658 2764 3697 cum
2793 3640 3073 3720 proposita
3104 3635 3310 3695 nte-sis
3333 3636 3423 3691 die

1866 3747 1921 3799 in
1945 3718 2502 3810 unumcomponimus
2518 3775 2533 3797 ,
2566 3732 2711 3805 quod
2727 3718 2923 3787 deinde
2941 3730 3209 3802 parti-ur
3222 3729 3278 3784 in
3294 3744 3396 3782 xxx
3409 3766 3423 3780 .

1935 3922 2125 3976 Aliter.
2186 3919 2403 3971 Annum
2456 3915 2599 3970 luna:
2654 3913 2710 3967 in
2757 3926 2811 3966 xl
2883 3909 3159 3972 ducimus,
3199 3921 3268 3965 ac
3305 3908 3425 3965 dies

1867 4026 2055 4066 omnes
2086 4008 2180 4078 qui
2208 4022 2239 4061 a
2270 4005 2532 4061 Kalendis
2547 4002 2822 4058 Januariis
2841 4002 2907 4055 ad
2924 4000 3263 4070 prOpositum
3283 3995 3427 4056 diem

1866 4104 2157 4168 ﬂuxerunt,
2194 4114 2319 4154 cum
2344 4097 2541 4151 horum
2584 4093 2921 4164 sexagesima
2967 4104 3183 4162 quaque
3226 4097 3424 4160 parte;

1868 4194 1993 4247 inde
2013 4192 2193 4267 tribus
2218 4186 2563 4260 regularibus
2585 4184 2836 4255 abiectis,
2880 4196 3148 4239 summam
3188 4194 3282 4252 per
3319 4195 3429 4233 xxx

1866 4283 2175 4337 tribuimus.

1938 4375 2130 4429 Aliter.
2159 4370 2392 4441 Epactas
2426 4370 2566 4423 lunae
2594 4368 2649 4420 in
2680 4364 2941 4420 Januario
2961 4370 3013 4418 et
3038 4361 3334 4418 Februario
3355 4358 3433 4413 in-

1869 4477 2083 4537 tegras,
2132 4464 2186 4517 in
2251 4462 2443 4516 Martio
2493 4461 2703 4514 unitate
2760 4456 2940 4511 minus
3004 4454 3319 4523 accipimus,
3374 4451 3432 4505 in

214 4575 447 4646 πλήρεσι
472 4542 785 4647 κεάρήμεθα
805 4593 818 4605 ·
852 4542 1000 4643 παρὰ
1022 4542 1150 4644 μίαν
1168 4542 1222 4626 δέ
1252 4575 1417 4643 μόνην
1448 4576 1503 4627 ὲν
1630 4542 1777 4645 Μαρ-

1878 4556 2047 4627 Aprili
2073 4570 2135 4609 ac
2149 4552 2397 4623 reliquis,
2420 4551 2664 4620 integras
2699 4567 2710 4601 :
2747 4547 2874 4602 item
2906 4559 3007 4616 pro
3025 4542 3254 4613 singulis
3278 4554 3432 4594 men—

212 4667 348 4737 τίῳ”
379 4668 435 4718 ὲν
466 4666 523 4719 δὲ
550 4666 629 4735 τῷ
664 4665 920 4737 Ἀπριλίῳ
956 4666 1047 4718 καὶ
1079 4668 1187 4727 τοῖς
1213 4668 1328 4735 μετ’
1357 4665 1515 4718 αὑτὸν
1548 4665 1772 4736 πλήρεις

218 4758 701 4829 συλλαμϐάνοντες,
729 4758 821 4810 καὶ
846 4758 971 4826 μίαν
994 4756 1162 4829 ρλλην
1187 4758 1325 4825 ὑπὲρ
1351 4758 1579 4811 ἑκάστου
1607 4757 1771 4827 μηνὸς

216 4852 349 4921 ἄχρι
376 4848 469 4903 τοῦ
490 4834 856 4920 ψηφιζομένου
877 4863 890 4876 ο
920 4848 1010 4901 δύο
1030 4848 1084 4899 δὲ
1120 4847 1275 4916 μόνον
1301 4848 1439 4918 ὑπὲρ
1459 4847 1550 4898 τοῦ
1574 4846 1774 4914 »Αὐγού-

220 4957 380 4995 non“
430 4942 522 4993 καὶ
564 4940 661 5011 τὴν
689 4939 949 4991 ποσταίαν
992 4937 1085 4990 τοῦ
1124 4938 1316 5007 μηνός·
1362 4939 1454 4991 καὶ
1493 4940 1571 5000 εἰς
1611 4937 1701 4989 τὸν
1732 4937 1774 4988 λ’

218 5032 325 5096 τὰς
358 5030 483 5094 ὅλας
517 5030 825 5101 μερίζομεν.

292 5129 365 5194 η’,
400 5122 625 5183 Ἄλλως.
656 5119 977 5190 Κρατοῦμεν
1011 5120 1107 5182 τὰς
1141 5121 1381 5184 ἒπακτάς
1406 5122 1777 5190 τῆςεσελήνης,

224 5215 322 5267 καὶ
348 5213 445 5277 τὰς
477 5211 585 5265 ἀπὸ
622 5210 843 5280 πρώτης
888 5210 1159 5282 Ἀπριλίου
1193 5212 1350 5281 μέχρι
1384 5212 1483 5280 τῆς
1523 5212 1784 5282 ζητουμέ-

224 5323 348 5376 νηςι
388 5307 480 5359 καὶ
521 5306 619 5377 τὴν
656 5303 912 5373 ποσταίαν
957 5303 1050 5356 τοῦ
1095 5303 1286 5373 μηνός·
1324 5304 1416 5355 καὶ
1458 5305 1535 5365 εἰς
1575 5304 1661 5355 τὸν
1702 5301 1781 5355 κθ’

225 5398 397 5468 ἥμισυ
429 5396 526 5459 τὰς
556 5397 679 5459 ὅλας
711 5394 1016 5466 μερίζομεν.

229 5507 369 5575 Περὶ
400 5506 516 5560 τῶν
539 5508 656 5560 ἀπὸ
686 5498 1104 5575 Magnum-of;
1131 5504 1278 5575 ἑτῶν
1297 5524 1309 5535 ·
1351 5502 1475 5569 πῶς
1507 5520 1579 5575 τε
1597 5504 1783 5572 ψηφί-

302 5572 515 5639 ζονται,
544 5576 640 5628 και
671 5574 795 5639 πῶς
822 5574 893 5627 δι’
920 5572 1128 5627 -αὺτῶν
1162 5574 1227 5627 τὸ
1256 5572 1659 5643 τῆς-σελήνης
1690 5577 1787 5628 εὑ-

301 5647 573 5715 ρίσκεται
595 5644 748 5710 ἔτος.

305 5733 361 5787 Θ(
420 5735 499 5788 Τὰ
527 5734 632 5788 ἀπὸ
661 5731 1036 5803 Διοκλητιανοῦ
1068 5731 1169 5803 ἕτςη,
1192 5735 1347 5805 μέχρι
1376 5735 1471 5805 τῆς
1493 5733 1786 5804 ’παρούσης

304 5848 345 5878 ⁸³
388 5851 427 5918 Ῑι
464 5855 551 5917 ιγ’·
626 5848 669 5879 ’³
698 5848 737 5916 Ῑ-
774 5844 846 5910 ξξ¹
880 5856 934 5899 ιιι
959 5847 1051 5915 inf-

1879 4649 2030 4704 sibus
2058 4661 2228 4716 usque
2249 4644 2316 4698 ad
2334 4642 2691 4714 propositum,
2710 4637 2953 4709 singulos
2974 4635 3092 4691 dies
3110 4646 3435 4687 annumera-

1879 4756 2031 4804 mus,
2062 4754 2161 4809 pro
2184 4739 2427 4808 Augusto
2460 4749 2589 4789 vero
2604 4733 2762 4796 duos,
2789 4728 2986 4799 quibus
3016 4724 3199 4781 addita
3220 4723 3435 4795 quaesiti

1879 4831 2082 4885 mensis
2105 4828 2214 4893 die,
2246 4840 2461 4883 summa
2492 4840 2588 4895 per
2620 4838 2727 4876 xxx
2756 4819 3034 4875 dividitur.

1948 5101 2137 5154 Aliter.
2164 5097 2395 5167 Epactas
2427 5095 2570 5148 luna:
2595 5106 2717 5147 cum
2737 5090 2929 5147 diebus
2951 5104 2980 5142 a
2997 5085 3253 5141 Kalendis
3278 5083 3437 5153 Apri-

1879 5194 2022 5248 libus
2051 5192 2119 5245 ad
2144 5190 2427 5260 quaesitum
2463 5186 2696 5241 evolutis
2717 5200 2841 5239 cum
2864 5178 3143 5252 proposita
3171 5176 3258 5232 die
3284 5190 3436 5231 com-

1882 5284 2153 5354 ponimus.
2189 5281 2463 5336 Summam
2492 5293 2587 5350 per
2629 5293 2753 5332 xxix
2796 5274 2899 5343 1/2
2936 5271 3219 5343 partimur.

1886 5504 1962 5559 De
1985 5504 2135 5558 annis
2168 5520 2201 5556 a
2232 5498 2591 5558 Diocletiano;
2627 5492 2880 5564 quomodo
2921 5498 3215 5564 putent-un-
3246 5493 3295 5539 et
3336 5500 3439 5555 qua

2060 5573 2264 5626 ratione
2284 5564 2417 5624 retas
2448 5556 2587 5621 tame
2616 5556 2672 5619 iit
2702 5564 2811 5617 illis
2838 5556 3144 5617 inuenienda
3170 5556 3255 5609 sit.

1961 5726 2051 5782 IX.
2084 5725 2222 5780 Anni
2257 5740 2285 5778 a
2330 5718 2663 5777 Diocletiano
2710 5713 2777 5769 ad
2821 5715 3141 5782 praesentem
3182 5704 3439 5763 indictis:
