  <div class='ocr_page' id='page_1' title='image "/cluster/home/n/w/nwhite01/storage/ocr_20150623/19/pst.000005712045/656.png"; bbox 0 0 4130 6342; ppageno 0'>
   <div class='ocr_carea' id='block_1_1' title="bbox 167 416 303 470">
    <p class='ocr_par' dir='ltr' id='par_1_1' title="bbox 167 416 303 470">
     <span class='ocr_line' id='line_1_1' title="bbox 167 416 303 470; baseline 0.029 -3"><span class='ocrx_word' id='word_1_1' title='bbox 167 416 303 470; x_wconf 70' lang='grc'><strong>1281</strong></span> 
     </span>
    </p>
   </div>
   <div class='ocr_carea' id='block_1_2' title="bbox 1021 413 2464 482">
    <p class='ocr_par' dir='ltr' id='par_1_2' title="bbox 1021 413 2464 482">
     <span class='ocr_line' id='line_1_2' title="bbox 1021 413 2464 482; baseline 0.003 -11"><span class='ocrx_word' id='word_1_2' title='bbox 1021 415 1241 472; x_wconf 73' lang='grc' dir='ltr'>ιεΑΑοι</span> <span class='ocrx_word' id='word_1_3' title='bbox 1275 414 1579 472; x_wconf 77' lang='lat' dir='ltr'><strong>MONACHI</strong></span> <span class='ocrx_word' id='word_1_4' title='bbox 1617 413 1988 482; x_wconf 74' lang='lat' dir='ltr'><strong>CDMPUTUS</strong></span> <span class='ocrx_word' id='word_1_5' title='bbox 2025 415 2464 475; x_wconf 80' lang='lat' dir='ltr'><strong>ECCLESIAS’I‘.</strong></span> 
     </span>
    </p>
   </div>
   <div class='ocr_carea' id='block_1_3' title="bbox 3215 421 3353 482">
    <p class='ocr_par' dir='ltr' id='par_1_3' title="bbox 3215 421 3353 482">
     <span class='ocr_line' id='line_1_3' title="bbox 3215 421 3353 482; baseline 0.007 -3"><span class='ocrx_word' id='word_1_6' title='bbox 3215 421 3353 482; x_wconf 68' lang='grc'><strong>1282</strong></span> 
     </span>
    </p>
   </div>
   <div class='ocr_carea' id='block_1_4' title="bbox 166 532 1710 607">
    <p class='ocr_par' dir='ltr' id='par_1_4' title="bbox 166 532 1710 607">
     <span class='ocr_line' id='line_1_4' title="bbox 166 532 1710 607; baseline -0.001 -20"><span class='ocrx_word' id='word_1_7' title='bbox 166 535 277 587; x_wconf 84' lang='grc' dir='ltr'><strong>τῶν</strong></span> <span class='ocrx_word' id='word_1_8' title='bbox 312 533 686 607; x_wconf 70' lang='grc' dir='ltr'><strong>ῥηθησομένων</strong></span> <span class='ocrx_word' id='word_1_9' title='bbox 719 532 1002 590; x_wconf 81' lang='grc' dir='ltr'>ἀποδοῦναί</span> <span class='ocrx_word' id='word_1_10' title='bbox 1036 553 1117 590; x_wconf 91' lang='grc' dir='ltr'><strong>σοι</strong></span> <span class='ocrx_word' id='word_1_11' title='bbox 1169 536 1418 605; x_wconf 85' lang='grc' dir='ltr'><strong>μεθόδους</strong></span> <span class='ocrx_word' id='word_1_12' title='bbox 1440 553 1453 565; x_wconf 72' lang='grc' dir='ltr'><strong>ο</strong></span> <span class='ocrx_word' id='word_1_13' title='bbox 1499 535 1632 605; x_wconf 84' lang='grc' dir='ltr'>πρὸς</span> <span class='ocrx_word' id='word_1_14' title='bbox 1657 534 1710 587; x_wconf 87' lang='grc' dir='ltr'>δὲ</span> 
     </span>
    </p>
   </div>
   <div class='ocr_carea' id='block_1_5' title="bbox 1794 532 3352 607">
    <p class='ocr_par' dir='ltr' id='par_1_5' title="bbox 1810 533 3352 607">
     <span class='ocr_line' id='line_1_5' title="bbox 1810 533 3352 607; baseline 0.005 -20"><span class='ocrx_word' id='word_1_15' title='bbox 1810 533 2088 603; x_wconf 87' lang='lat' dir='ltr'><strong>judicasti,</strong></span> <span class='ocrx_word' id='word_1_16' title='bbox 2125 537 2216 605; x_wconf 89' lang='lat' dir='ltr'><strong>qui</strong></span> <span class='ocrx_word' id='word_1_17' title='bbox 2242 551 2450 599; x_wconf 87' lang='lat' dir='ltr'><strong>eorum,</strong></span> <span class='ocrx_word' id='word_1_18' title='bbox 2475 536 2542 591; x_wconf 91' lang='lat' dir='ltr'><strong>de</strong></span> <span class='ocrx_word' id='word_1_19' title='bbox 2568 536 2767 607; x_wconf 84' lang='lat' dir='ltr'><strong>quibus</strong></span> <span class='ocrx_word' id='word_1_20' title='bbox 2796 536 2991 592; x_wconf 90' lang='lat' dir='ltr'><strong>dicturi</strong></span> <span class='ocrx_word' id='word_1_21' title='bbox 3011 553 3217 603; x_wconf 91' lang='lat' dir='ltr'><strong>sumus,</strong></span> <span class='ocrx_word' id='word_1_22' title='bbox 3239 540 3352 595; x_wconf 76' lang='lat' dir='ltr'><strong>vias</strong></span> 
     </span>
    </p>
   </div>
   <div class='ocr_carea' id='block_1_6' title="bbox 170 625 1714 696">
    <p class='ocr_par' dir='ltr' id='par_1_6' title="bbox 170 625 1714 696">
     <span class='ocr_line' id='line_1_6' title="bbox 170 625 1714 696; baseline -0.001 -17"><span class='ocrx_word' id='word_1_23' title='bbox 170 628 261 679; x_wconf 72' lang='grc' dir='ltr'><strong>καὶ</strong></span> <span class='ocrx_word' id='word_1_24' title='bbox 303 626 401 688; x_wconf 77' lang='grc' dir='ltr'><strong>τὰς</strong></span> <span class='ocrx_word' id='word_1_25' title='bbox 449 627 540 678; x_wconf 78' lang='grc' dir='ltr'><strong>ἐπὶ</strong></span> <span class='ocrx_word' id='word_1_26' title='bbox 595 625 813 690; x_wconf 79' lang='grc' dir='ltr'><strong>ταύταις</strong></span> <span class='ocrx_word' id='word_1_27' title='bbox 854 626 960 678; x_wconf 87' lang='grc' dir='ltr'><strong>τῶν</strong></span> <span class='ocrx_word' id='word_1_28' title='bbox 1011 627 1180 695; x_wconf 82' lang='grc' dir='ltr'>λόγων</span> <span class='ocrx_word' id='word_1_29' title='bbox 1225 628 1429 689; x_wconf 83' lang='grc' dir='ltr'><strong>αἰτίας·</strong></span> <span class='ocrx_word' id='word_1_30' title='bbox 1484 628 1564 696; x_wconf 83' lang='grc' dir='ltr'>(ού</span> <span class='ocrx_word' id='word_1_31' title='bbox 1608 627 1714 696; x_wconf 88' lang='grc' dir='ltr'>γὰρ</span> 
     </span>
    </p>
   </div>
   <div class='ocr_carea' id='block_1_7' title="bbox 166 717 1714 789">
    <p class='ocr_par' dir='ltr' id='par_1_7' title="bbox 166 717 1714 789">
     <span class='ocr_line' id='line_1_7' title="bbox 166 717 1714 789; baseline 0 -21"><span class='ocrx_word' id='word_1_32' title='bbox 166 718 373 784; x_wconf 67' lang='grc' dir='ltr'>ἀ·(νῶιν</span> <span class='ocrx_word' id='word_1_33' title='bbox 418 718 489 786; x_wconf 82' lang='grc' dir='ltr'>μὴ</span> <span class='ocrx_word' id='word_1_34' title='bbox 536 717 704 778; x_wconf 73' lang='grc' dir='ltr'>οὕτως</span> <span class='ocrx_word' id='word_1_35' title='bbox 750 719 896 787; x_wconf 84' lang='grc' dir='ltr'>ἡμᾶς</span> <span class='ocrx_word' id='word_1_36' title='bbox 929 718 1166 789; x_wconf 78' lang='grc' dir='ltr'>ἔχοντας,</span> <span class='ocrx_word' id='word_1_37' title='bbox 1199 720 1261 771; x_wconf 80' lang='grc' dir='ltr'><strong>τὸ</strong></span> <span class='ocrx_word' id='word_1_38' title='bbox 1304 718 1536 771; x_wconf 89' lang='grc' dir='ltr'>τοιοῦτον</span> <span class='ocrx_word' id='word_1_39' title='bbox 1585 718 1714 788; x_wconf 87' lang='grc' dir='ltr'>ἡμῖν</span> 
     </span>
    </p>
   </div>
   <div class='ocr_carea' id='block_1_8' title="bbox 166 806 1714 878">
    <p class='ocr_par' dir='ltr' id='par_1_8' title="bbox 166 806 1714 878">
     <span class='ocr_line' id='line_1_8' title="bbox 166 806 1714 878; baseline -0.001 -19"><span class='ocrx_word' id='word_1_40' title='bbox 166 806 515 877; x_wconf 66' lang='grc' dir='ltr'>τεθαρρηκὼς</span> <span class='ocrx_word' id='word_1_41' title='bbox 573 806 883 877; x_wconf 86' lang='grc' dir='ltr'>σπούδασμα</span> <span class='ocrx_word' id='word_1_42' title='bbox 945 809 1303 878; x_wconf 84' lang='grc' dir='ltr'>προσανέθου·</span> <span class='ocrx_word' id='word_1_43' title='bbox 1374 808 1590 875; x_wconf 78' lang='grc' dir='ltr'>εὔλογον</span> <span class='ocrx_word' id='word_1_44' title='bbox 1658 807 1714 859; x_wconf 83' lang='grc' dir='ltr'>δὲ</span> 
     </span>
    </p>
   </div>
   <div class='ocr_carea' id='block_1_9' title="bbox 165 898 1714 971">
    <p class='ocr_par' dir='ltr' id='par_1_9' title="bbox 165 898 1714 971">
     <span class='ocr_line' id='line_1_9' title="bbox 165 898 1714 971; baseline 0.001 -22"><span class='ocrx_word' id='word_1_45' title='bbox 165 900 358 966; x_wconf 70' lang='grc' dir='ltr'>ἡγήσω</span> <span class='ocrx_word' id='word_1_46' title='bbox 394 901 458 967; x_wconf 83' lang='grc' dir='ltr'>τῇ</span> <span class='ocrx_word' id='word_1_47' title='bbox 490 898 1010 969; x_wconf 62' lang='grc' dir='ltr'>φιλίᾳχαρίσασθαι,</span> <span class='ocrx_word' id='word_1_48' title='bbox 1041 900 1196 969; x_wconf 76' lang='grc' dir='ltr'>φύσει</span> <span class='ocrx_word' id='word_1_49' title='bbox 1236 898 1567 971; x_wconf 80' lang='grc' dir='ltr'>τυραννούσῃ</span> <span class='ocrx_word' id='word_1_50' title='bbox 1591 899 1714 959; x_wconf 79' lang='grc' dir='ltr'>τοὺς</span> 
     </span>
    </p>
   </div>
   <div class='ocr_carea' id='block_1_10' title="bbox 165 988 1715 1062">
    <p class='ocr_par' dir='ltr' id='par_1_10' title="bbox 165 988 1715 1062">
     <span class='ocr_line' id='line_1_10' title="bbox 165 988 1715 1062; baseline -0.002 -19"><span class='ocrx_word' id='word_1_51' title='bbox 165 994 301 1062; x_wconf 76' lang='grc' dir='ltr'>αὐτῇ</span> <span class='ocrx_word' id='word_1_52' title='bbox 336 992 533 1061; x_wconf 75' lang='grc' dir='ltr'>κυρίως</span> <span class='ocrx_word' id='word_1_53' title='bbox 558 991 865 1062; x_wconf 77' lang='grc' dir='ltr'><strong>χρωμένους</strong></span> <span class='ocrx_word' id='word_1_54' title='bbox 896 993 988 1042; x_wconf 77' lang='grc' dir='ltr'><strong>καὶ</strong></span> <span class='ocrx_word' id='word_1_55' title='bbox 1010 992 1104 1051; x_wconf 80' lang='grc' dir='ltr'>τὰς</span> <span class='ocrx_word' id='word_1_56' title='bbox 1130 991 1341 1060; x_wconf 75' lang='grc' dir='ltr'>ψήφους</span> <span class='ocrx_word' id='word_1_57' title='bbox 1371 988 1614 1043; x_wconf 81' lang='grc' dir='ltr'>ἐντεῦθεν</span> <span class='ocrx_word' id='word_1_58' title='bbox 1640 988 1715 1040; x_wconf 88' lang='grc' dir='ltr'>δε-</span> 
     </span>
    </p>
   </div>
   <div class='ocr_carea' id='block_1_11' title="bbox 164 1079 1711 1154">
    <p class='ocr_par' dir='ltr' id='par_1_11' title="bbox 164 1079 1711 1154">
     <span class='ocr_line' id='line_1_11' title="bbox 164 1079 1711 1154; baseline -0.001 -20"><span class='ocrx_word' id='word_1_59' title='bbox 164 1081 351 1145; x_wconf 78' lang='grc' dir='ltr'>κάζειν</span> <span class='ocrx_word' id='word_1_60' title='bbox 389 1081 930 1154; x_wconf 72' lang='grc' dir='ltr'>παρασκευαζούσῃν)</span> <span class='ocrx_word' id='word_1_61' title='bbox 975 1082 1067 1134; x_wconf 80' lang='grc' dir='ltr'>καὶ</span> <span class='ocrx_word' id='word_1_62' title='bbox 1100 1084 1279 1151; x_wconf 89' lang='grc' dir='ltr'>ἡμεῖς,</span> <span class='ocrx_word' id='word_1_63' title='bbox 1313 1082 1387 1144; x_wconf 84' lang='grc' dir='ltr'><strong>ὼς</strong></span> <span class='ocrx_word' id='word_1_64' title='bbox 1429 1079 1711 1145; x_wconf 78' lang='grc' dir='ltr'><strong>ἐπέταξας,</strong></span> 
     </span>
    </p>
   </div>
   <div class='ocr_carea' id='block_1_12' title="bbox 164 1170 1714 1244">
    <p class='ocr_par' dir='ltr' id='par_1_12' title="bbox 164 1170 1714 1244">
     <span class='ocr_line' id='line_1_12' title="bbox 164 1170 1714 1244; baseline -0.003 -17"><span class='ocrx_word' id='word_1_65' title='bbox 164 1174 417 1244; x_wconf 84' lang='grc' dir='ltr'><strong>κινοῦμεν</strong></span> <span class='ocrx_word' id='word_1_66' title='bbox 445 1174 543 1244; x_wconf 72' lang='grc' dir='ltr'>ἤδη</span> <span class='ocrx_word' id='word_1_67' title='bbox 568 1175 665 1244; x_wconf 79' lang='grc' dir='ltr'><strong>τὴν</strong></span> <span class='ocrx_word' id='word_1_68' title='bbox 693 1177 847 1244; x_wconf 88' lang='grc' dir='ltr'>χεῖρα</span> <span class='ocrx_word' id='word_1_69' title='bbox 882 1174 1014 1243; x_wconf 79' lang='grc' dir='ltr'>πρὸς</span> <span class='ocrx_word' id='word_1_70' title='bbox 1050 1170 1295 1243; x_wconf 79' lang='grc' dir='ltr'>τοῦργον,</span> <span class='ocrx_word' id='word_1_71' title='bbox 1326 1172 1422 1243; x_wconf 85' lang='grc' dir='ltr'><strong>τὴν</strong></span> <span class='ocrx_word' id='word_1_72' title='bbox 1464 1173 1560 1244; x_wconf 73' lang='grc' dir='ltr'><strong>σὴν</strong></span> <span class='ocrx_word' id='word_1_73' title='bbox 1590 1172 1714 1242; x_wconf 83' lang='grc' dir='ltr'>περὶ</span> 
     </span>
    </p>
   </div>
   <div class='ocr_carea' id='block_1_13' title="bbox 165 1262 1714 1337">
    <p class='ocr_par' dir='ltr' id='par_1_13' title="bbox 165 1262 1714 1337">
     <span class='ocr_line' id='line_1_13' title="bbox 165 1262 1714 1337; baseline -0.003 -18"><span class='ocrx_word' id='word_1_74' title='bbox 165 1269 311 1337; x_wconf 83' lang='grc' dir='ltr'>ἡμᾶς</span> <span class='ocrx_word' id='word_1_75' title='bbox 351 1266 528 1337; x_wconf 72' lang='grc' dir='ltr'>ψῆφον</span> <span class='ocrx_word' id='word_1_76' title='bbox 557 1265 981 1333; x_wconf 79' lang='grc' dir='ltr'><strong>δυσωπηθέντες,</strong></span> <span class='ocrx_word' id='word_1_77' title='bbox 1029 1265 1120 1318; x_wconf 70' lang='grc' dir='ltr'><strong>καὶ</strong></span> <span class='ocrx_word' id='word_1_78' title='bbox 1167 1264 1302 1317; x_wconf 82' lang='grc' dir='ltr'>κατὰ</span> <span class='ocrx_word' id='word_1_79' title='bbox 1333 1265 1391 1315; x_wconf 92' lang='grc' dir='ltr'><strong>τὸ</strong></span> <span class='ocrx_word' id='word_1_80' title='bbox 1428 1262 1714 1316; x_wconf 85' lang='grc' dir='ltr'>ἀκόλουθον</span> 
     </span>
    </p>
   </div>
   <div class='ocr_carea' id='block_1_14' title="bbox 168 1353 1712 1427">
    <p class='ocr_par' dir='ltr' id='par_1_14' title="bbox 168 1353 1712 1427">
     <span class='ocr_line' id='line_1_14' title="bbox 168 1353 1712 1427; baseline -0.003 -18"><span class='ocrx_word' id='word_1_81' title='bbox 168 1358 286 1426; x_wconf 75' lang='grc' dir='ltr'>μηδ’</span> <span class='ocrx_word' id='word_1_82' title='bbox 321 1359 481 1427; x_wconf 80' lang='grc' dir='ltr'>ἡμεῖς</span> <span class='ocrx_word' id='word_1_83' title='bbox 506 1355 741 1408; x_wconf 82' lang='grc' dir='ltr'>ὁντινοῦν</span> <span class='ocrx_word' id='word_1_84' title='bbox 763 1354 859 1424; x_wconf 83' lang='grc' dir='ltr'><strong>τῆς</strong></span> <span class='ocrx_word' id='word_1_85' title='bbox 884 1354 1085 1406; x_wconf 93' lang='grc' dir='ltr'>ἑαυτῶν</span> <span class='ocrx_word' id='word_1_86' title='bbox 1115 1355 1239 1425; x_wconf 77' lang='grc' dir='ltr'>περὶ</span> <span class='ocrx_word' id='word_1_87' title='bbox 1262 1353 1322 1405; x_wconf 83' lang='grc' dir='ltr'>τὸ</span> <span class='ocrx_word' id='word_1_88' title='bbox 1362 1353 1712 1423; x_wconf 85' lang='grc' dir='ltr'>προκείμενον</span> 
     </span>
    </p>
   </div>
   <div class='ocr_carea' id='block_1_15' title="bbox 163 1444 1712 1519">
    <p class='ocr_par' dir='ltr' id='par_1_15' title="bbox 163 1444 1712 1519">
     <span class='ocr_line' id='line_1_15' title="bbox 163 1444 1712 1519; baseline -0.005 -17"><span class='ocrx_word' id='word_1_89' title='bbox 163 1448 458 1519; x_wconf 73' lang='grc' dir='ltr'>ἀδυναμίας</span> <span class='ocrx_word' id='word_1_90' title='bbox 494 1447 844 1517; x_wconf 83' lang='grc' dir='ltr'>ποιησάμενοι</span> <span class='ocrx_word' id='word_1_91' title='bbox 887 1446 1059 1512; x_wconf 84' lang='grc' dir='ltr'>λόγον.</span> <span class='ocrx_word' id='word_1_92' title='bbox 1092 1446 1277 1507; x_wconf 81' lang='grc' dir='ltr'>Ὅπως</span> <span class='ocrx_word' id='word_1_93' title='bbox 1307 1444 1349 1497; x_wconf 87' lang='grc' dir='ltr'>δ’</span> <span class='ocrx_word' id='word_1_94' title='bbox 1381 1444 1446 1497; x_wconf 82' lang='grc' dir='ltr'><strong>ἂν</strong></span> <span class='ocrx_word' id='word_1_95' title='bbox 1472 1444 1712 1513; x_wconf 82' lang='grc' dir='ltr'>ἀπαντή-</span> 
     </span>
    </p>
   </div>
   <div class='ocr_carea' id='block_1_16' title="bbox 166 1535 1713 1613">
    <p class='ocr_par' dir='ltr' id='par_1_16' title="bbox 166 1535 1713 1613">
     <span class='ocr_line' id='line_1_16' title="bbox 166 1535 1713 1613; baseline -0.004 -21"><span class='ocrx_word' id='word_1_96' title='bbox 166 1558 275 1593; x_wconf 87' lang='grc' dir='ltr'>σειε</span> <span class='ocrx_word' id='word_1_97' title='bbox 302 1540 365 1592; x_wconf 76' lang='grc' dir='ltr'><strong>τὸ</strong></span> <span class='ocrx_word' id='word_1_98' title='bbox 395 1541 561 1611; x_wconf 81' lang='grc' dir='ltr'><strong>πέρας</strong></span> <span class='ocrx_word' id='word_1_99' title='bbox 605 1541 752 1610; x_wconf 91' lang='grc' dir='ltr'>ἡμῖν,</span> <span class='ocrx_word' id='word_1_100' title='bbox 790 1538 1025 1613; x_wconf 56' lang='grc' dir='ltr'>εὐλόγως</span> <span class='ocrx_word' id='word_1_101' title='bbox 1065 1537 1275 1591; x_wconf 89' lang='grc' dir='ltr'>κεῖσθαί</span> <span class='ocrx_word' id='word_1_102' title='bbox 1312 1554 1391 1589; x_wconf 92' lang='grc' dir='ltr'><strong>σοι</strong></span> <span class='ocrx_word' id='word_1_103' title='bbox 1426 1537 1555 1606; x_wconf 72' lang='grc' dir='ltr'>παρ’</span> <span class='ocrx_word' id='word_1_104' title='bbox 1592 1535 1713 1603; x_wconf 77' lang='grc' dir='ltr'>ἐμοὶ</span> 
     </span>
    </p>
   </div>
   <div class='ocr_carea' id='block_1_17' title="bbox 163 1576 1712 1703">
    <p class='ocr_par' dir='ltr' id='par_1_17' title="bbox 163 1576 1712 1703">
     <span class='ocr_line' id='line_1_17' title="bbox 166 1576 1712 1613; baseline -0.004 -21"><span class='ocrx_word' id='word_1_105' title='bbox 166 1576 275 1593; x_wconf 62' lang='grc' dir='ltr'>υς...</span> <span class='ocrx_word' id='word_1_106' title='bbox 313 1576 365 1592; x_wconf 73' lang='grc' dir='ltr'>..ν</span> <span class='ocrx_word' id='word_1_107' title='bbox 401 1576 558 1611; x_wconf 56' lang='grc' dir='ltr'>...πως</span> <span class='ocrx_word' id='word_1_108' title='bbox 611 1576 752 1610; x_wconf 48' lang='grc' dir='ltr'><strong>,ηρ-ν,</strong></span> <span class='ocrx_word' id='word_1_109' title='bbox 790 1576 1001 1613; x_wconf 54' lang='grc' dir='ltr'><strong>πη,μῆ</strong></span> <span class='ocrx_word' id='word_1_110' title='bbox 1067 1576 1275 1591; x_wconf 53' lang='grc' dir='ltr'>κέων-.</span> <span class='ocrx_word' id='word_1_111' title='bbox 1312 1576 1391 1589; x_wconf 65' lang='grc' dir='ltr'>υ...</span> <span class='ocrx_word' id='word_1_112' title='bbox 1434 1576 1535 1606; x_wconf 62' lang='grc' dir='ltr'>...τ</span> <span class='ocrx_word' id='word_1_113' title='bbox 1592 1576 1712 1603; x_wconf 60' lang='grc' dir='ltr'>η.-.</span> 
     </span>
     <span class='ocr_line' id='line_1_18' title="bbox 163 1576 1712 1703; baseline -0.003 -21"><span class='ocrx_word' id='word_1_114' title='bbox 163 1630 260 1701; x_wconf 77' lang='grc' dir='ltr'>τὴν</span> <span class='ocrx_word' id='word_1_115' title='bbox 293 1632 451 1703; x_wconf 82' lang='grc' dir='ltr'>χάριν</span> <span class='ocrx_word' id='word_1_116' title='bbox 490 1631 827 1701; x_wconf 86' lang='grc' dir='ltr'><strong>ὁμολογήσω·</strong></span> <span class='ocrx_word' id='word_1_117' title='bbox 857 1629 949 1681; x_wconf 86' lang='grc' dir='ltr'><strong>τοῦ</strong></span> <span class='ocrx_word' id='word_1_118' title='bbox 995 1576 1090 1699; x_wconf 55' lang='grc' dir='ltr'><strong>ἐὰν</strong></span> <span class='ocrx_word' id='word_1_119' title='bbox 1127 1626 1486 1697; x_wconf 86' lang='grc' dir='ltr'>κατορθῶσαι,</span> <span class='ocrx_word' id='word_1_120' title='bbox 1520 1627 1601 1679; x_wconf 80' lang='grc' dir='ltr'>ὅτι</span> <span class='ocrx_word' id='word_1_121' title='bbox 1648 1625 1712 1678; x_wconf 84' lang='grc' dir='ltr'><strong>σὺ</strong></span> 
     </span>
    </p>
   </div>
   <div class='ocr_carea' id='block_1_18' title="bbox 166 1719 1709 1795">
    <p class='ocr_par' dir='ltr' id='par_1_18' title="bbox 166 1719 1709 1795">
     <span class='ocr_line' id='line_1_19' title="bbox 166 1719 1709 1795; baseline -0.005 -21"><span class='ocrx_word' id='word_1_122' title='bbox 166 1724 381 1786; x_wconf 79' lang='grc' dir='ltr'>πάντως</span> <span class='ocrx_word' id='word_1_123' title='bbox 424 1724 519 1795; x_wconf 83' lang='grc' dir='ltr'><strong>ἔσῃ</strong></span> <span class='ocrx_word' id='word_1_124' title='bbox 564 1724 684 1785; x_wconf 76' lang='grc' dir='ltr'>δοὺς</span> <span class='ocrx_word' id='word_1_125' title='bbox 712 1724 825 1785; x_wconf 75' lang='grc' dir='ltr'>’τὰς</span> <span class='ocrx_word' id='word_1_126' title='bbox 874 1722 1147 1793; x_wconf 79' lang='grc' dir='ltr'>ἀφορμάς·</span> <span class='ocrx_word' id='word_1_127' title='bbox 1188 1719 1280 1771; x_wconf 86' lang='grc' dir='ltr'><strong>τοῦ</strong></span> <span class='ocrx_word' id='word_1_128' title='bbox 1324 1719 1367 1771; x_wconf 82' lang='grc' dir='ltr'>δ’</span> <span class='ocrx_word' id='word_1_129' title='bbox 1401 1719 1709 1785; x_wconf 86' lang='grc' dir='ltr'>ἀποτυχεῖν,</span> 
     </span>
    </p>
   </div>
   <div class='ocr_carea' id='block_1_19' title="bbox 1814 618 3361 691">
    <p class='ocr_par' dir='ltr' id='par_1_19' title="bbox 1814 618 3361 691">
     <span class='ocr_line' id='line_1_20' title="bbox 1814 618 3361 691; baseline 0.003 -12"><span class='ocrx_word' id='word_1_130' title='bbox 1814 640 1877 679; x_wconf 71' lang='lat' dir='ltr'><strong>ac:</strong></span> <span class='ocrx_word' id='word_1_131' title='bbox 1905 626 2143 681; x_wconf 76' lang='lat' dir='ltr'><strong>rationes</strong></span> <span class='ocrx_word' id='word_1_132' title='bbox 2178 629 2273 683; x_wconf 87' lang='lat' dir='ltr'><strong>tibi</strong></span> <span class='ocrx_word' id='word_1_133' title='bbox 2309 630 2664 690; x_wconf 91' lang='lat' dir='ltr'><strong>traderemus.</strong></span> <span class='ocrx_word' id='word_1_134' title='bbox 2712 636 2825 682; x_wconf 89' lang='lat' dir='ltr'><strong>tum</strong></span> <span class='ocrx_word' id='word_1_135' title='bbox 2859 632 3161 691; x_wconf 81' lang='lat' dir='ltr'><strong>earumdem</strong></span> <span class='ocrx_word' id='word_1_136' title='bbox 3201 618 3361 685; x_wconf 44' lang='lat' dir='ltr'><strong>iuqu</strong></span> 
     </span>
    </p>
   </div>
   <div class='ocr_carea' id='block_1_20' title="bbox 1812 715 3355 788">
    <p class='ocr_par' dir='ltr' id='par_1_20' title="bbox 1812 715 3355 788">
     <span class='ocr_line' id='line_1_21' title="bbox 1812 715 3355 788; baseline 0.004 -22"><span class='ocrx_word' id='word_1_137' title='bbox 1812 729 1906 783; x_wconf 90' lang='lat' dir='ltr'><strong>per</strong></span> <span class='ocrx_word' id='word_1_138' title='bbox 1936 715 2142 768; x_wconf 87' lang='lat' dir='ltr'><strong>viarum</strong></span> <span class='ocrx_word' id='word_1_139' title='bbox 2166 716 2543 785; x_wconf 88' lang='lat' dir='ltr'><strong>rationumque</strong></span> <span class='ocrx_word' id='word_1_140' title='bbox 2575 732 2771 772; x_wconf 79' lang='lat' dir='ltr'><strong>causas</strong></span> <span class='ocrx_word' id='word_1_141' title='bbox 2811 718 2938 788; x_wconf 89' lang='lat' dir='ltr'><strong>(non</strong></span> <span class='ocrx_word' id='word_1_142' title='bbox 2976 720 3116 771; x_wconf 89' lang='lat' dir='ltr'><strong>enim</strong></span> <span class='ocrx_word' id='word_1_143' title='bbox 3148 720 3238 772; x_wconf 88' lang='lat' dir='ltr'><strong>tali</strong></span> <span class='ocrx_word' id='word_1_144' title='bbox 3280 719 3355 772; x_wconf 85' lang='lat' dir='ltr'><strong>fa-</strong></span> 
     </span>
    </p>
   </div>
   <div class='ocr_carea' id='block_1_21' title="bbox 1813 805 3354 879">
    <p class='ocr_par' dir='ltr' id='par_1_21' title="bbox 1813 805 3354 879">
     <span class='ocr_line' id='line_1_22' title="bbox 1813 805 3354 879; baseline 0.003 -21"><span class='ocrx_word' id='word_1_145' title='bbox 1813 805 2013 859; x_wconf 90' lang='lat' dir='ltr'><strong>cultate</strong></span> <span class='ocrx_word' id='word_1_146' title='bbox 2043 805 2333 861; x_wconf 82' lang='lat' dir='ltr'><strong>destitutos</strong></span> <span class='ocrx_word' id='word_1_147' title='bbox 2362 823 2461 862; x_wconf 90' lang='lat' dir='ltr'><strong>nos</strong></span> <span class='ocrx_word' id='word_1_148' title='bbox 2487 824 2606 862; x_wconf 81' lang='lat' dir='ltr'><strong>esse</strong></span> <span class='ocrx_word' id='word_1_149' title='bbox 2638 811 2909 873; x_wconf 89' lang='lat' dir='ltr'><strong>nesciens,</strong></span> <span class='ocrx_word' id='word_1_150' title='bbox 2942 810 2993 862; x_wconf 89' lang='lat' dir='ltr'><strong>id</strong></span> <span class='ocrx_word' id='word_1_151' title='bbox 3036 810 3188 864; x_wconf 89' lang='lat' dir='ltr'><strong>nobis</strong></span> <span class='ocrx_word' id='word_1_152' title='bbox 3225 824 3354 879; x_wconf 88' lang='lat' dir='ltr'><strong>ope-</strong></span> 
     </span>
    </p>
   </div>
   <div class='ocr_carea' id='block_1_22' title="bbox 1811 904 3354 974">
    <p class='ocr_par' dir='ltr' id='par_1_22' title="bbox 1811 904 3354 974">
     <span class='ocr_line' id='line_1_23' title="bbox 1811 904 3354 974; baseline 0.003 -18"><span class='ocrx_word' id='word_1_153' title='bbox 1811 904 1886 957; x_wconf 90' lang='lat' dir='ltr'><strong>ris</strong></span> <span class='ocrx_word' id='word_1_154' title='bbox 1909 904 2164 959; x_wconf 89' lang='lat' dir='ltr'><strong>audacter</strong></span> <span class='ocrx_word' id='word_1_155' title='bbox 2210 906 2513 974; x_wconf 88' lang='lat' dir='ltr'><strong>imposuisti</strong></span> <span class='ocrx_word' id='word_1_156' title='bbox 2550 923 2774 960; x_wconf 90' lang='lat' dir='ltr'><strong>:verum</strong></span> <span class='ocrx_word' id='word_1_157' title='bbox 2809 909 3061 962; x_wconf 66' lang='lat' dir='ltr'><strong>amicitia:</strong></span> <span class='ocrx_word' id='word_1_158' title='bbox 3112 909 3354 963; x_wconf 82' lang='lat' dir='ltr'><strong>tribuen-</strong></span> 
     </span>
    </p>
   </div>
   <div class='ocr_carea' id='block_1_23' title="bbox 1812 991 3355 1066">
    <p class='ocr_par' dir='ltr' id='par_1_23' title="bbox 1812 991 3355 1066">
     <span class='ocr_line' id='line_1_24' title="bbox 1812 991 3355 1066; baseline 0.003 -20"><span class='ocrx_word' id='word_1_159' title='bbox 1812 991 1938 1046; x_wconf 81' lang='lat' dir='ltr'><strong>dum</strong></span> <span class='ocrx_word' id='word_1_160' title='bbox 1980 994 2079 1048; x_wconf 87' lang='lat' dir='ltr'><strong>hoc</strong></span> <span class='ocrx_word' id='word_1_161' title='bbox 2126 996 2374 1064; x_wconf 78' lang='lat' dir='ltr'><strong>putasti:</strong></span> <span class='ocrx_word' id='word_1_162' title='bbox 2409 1011 2529 1065; x_wconf 76' lang='lat' dir='ltr'><strong>quae</strong></span> <span class='ocrx_word' id='word_1_163' title='bbox 2574 996 2909 1066; x_wconf 85' lang='lat' dir='ltr'><strong>tyrannidem</strong></span> <span class='ocrx_word' id='word_1_164' title='bbox 2958 998 3245 1066; x_wconf 84' lang='lat' dir='ltr'><strong>quamdam</strong></span> <span class='ocrx_word' id='word_1_165' title='bbox 3299 998 3355 1051; x_wconf 88' lang='lat' dir='ltr'><strong>in</strong></span> 
     </span>
    </p>
   </div>
   <div class='ocr_carea' id='block_1_24' title="bbox 1812 1087 3357 1156">
    <p class='ocr_par' dir='ltr' id='par_1_24' title="bbox 1812 1087 3357 1156">
     <span class='ocr_line' id='line_1_25' title="bbox 1812 1087 3357 1156; baseline 0.002 -17"><span class='ocrx_word' id='word_1_166' title='bbox 1812 1099 1905 1139; x_wconf 89' lang='lat' dir='ltr'><strong>eos</strong></span> <span class='ocrx_word' id='word_1_167' title='bbox 1928 1100 2179 1141; x_wconf 84' lang='lat' dir='ltr'><strong>exercere</strong></span> <span class='ocrx_word' id='word_1_168' title='bbox 2203 1088 2357 1151; x_wconf 83' lang='lat' dir='ltr'><strong>solet,</strong></span> <span class='ocrx_word' id='word_1_169' title='bbox 2400 1087 2490 1155; x_wconf 91' lang='lat' dir='ltr'><strong>qui</strong></span> <span class='ocrx_word' id='word_1_170' title='bbox 2527 1102 2584 1140; x_wconf 87' lang='lat' dir='ltr'><strong>se</strong></span> <span class='ocrx_word' id='word_1_171' title='bbox 2614 1094 2757 1141; x_wconf 89' lang='lat' dir='ltr'><strong>totos</strong></span> <span class='ocrx_word' id='word_1_172' title='bbox 2788 1088 2863 1140; x_wconf 85' lang='lat' dir='ltr'><strong>illi</strong></span> <span class='ocrx_word' id='word_1_173' title='bbox 2892 1090 3230 1156; x_wconf 81' lang='lat' dir='ltr'><strong>permittunt,</strong></span> <span class='ocrx_word' id='word_1_174' title='bbox 3262 1102 3357 1142; x_wconf 90' lang='lat' dir='ltr'><strong>eo-</strong></span> 
     </span>
    </p>
   </div>
   <div class='ocr_carea' id='block_1_25' title="bbox 1812 1176 3352 1247">
    <p class='ocr_par' dir='ltr' id='par_1_25' title="bbox 1812 1176 3352 1247">
     <span class='ocr_line' id='line_1_26' title="bbox 1812 1176 3352 1247; baseline 0.001 -16"><span class='ocrx_word' id='word_1_175' title='bbox 1812 1193 2040 1246; x_wconf 89' lang='lat' dir='ltr'><strong>rumque</strong></span> <span class='ocrx_word' id='word_1_176' title='bbox 2068 1176 2319 1245; x_wconf 76' lang='lat' dir='ltr'><strong>suﬂ‘ragia</strong></span> <span class='ocrx_word' id='word_1_177' title='bbox 2365 1192 2427 1231; x_wconf 90' lang='lat' dir='ltr'><strong>ac</strong></span> <span class='ocrx_word' id='word_1_178' title='bbox 2457 1179 2658 1247; x_wconf 84' lang='lat' dir='ltr'><strong>judicia</strong></span> <span class='ocrx_word' id='word_1_179' title='bbox 2688 1179 3043 1247; x_wconf 87' lang='lat' dir='ltr'><strong>corrumpit);</strong></span> <span class='ocrx_word' id='word_1_180' title='bbox 3084 1179 3203 1232; x_wconf 87' lang='lat' dir='ltr'><strong>ideo</strong></span> <span class='ocrx_word' id='word_1_181' title='bbox 3232 1178 3352 1242; x_wconf 77' lang='lat' dir='ltr'><strong>nos,</strong></span> 
     </span>
    </p>
   </div>
   <div class='ocr_carea' id='block_1_26' title="bbox 1812 1268 3353 1341">
    <p class='ocr_par' dir='ltr' id='par_1_26' title="bbox 1812 1268 3353 1341">
     <span class='ocr_line' id='line_1_27' title="bbox 1812 1268 3353 1341; baseline 0.001 -21"><span class='ocrx_word' id='word_1_182' title='bbox 1812 1282 1909 1336; x_wconf 89' lang='lat' dir='ltr'><strong>pro</strong></span> <span class='ocrx_word' id='word_1_183' title='bbox 1939 1284 2003 1322; x_wconf 88' lang='lat' dir='ltr'><strong>eo</strong></span> <span class='ocrx_word' id='word_1_184' title='bbox 2027 1270 2354 1341; x_wconf 19' lang='lat' dir='ltr'><strong>aczjussisti.</strong></span> <span class='ocrx_word' id='word_1_185' title='bbox 2402 1284 2616 1322; x_wconf 87' lang='lat' dir='ltr'><strong>manum</strong></span> <span class='ocrx_word' id='word_1_186' title='bbox 2649 1283 2773 1322; x_wconf 83' lang='lat' dir='ltr'><strong>ecce</strong></span> <span class='ocrx_word' id='word_1_187' title='bbox 2803 1268 3148 1321; x_wconf 82' lang='lat' dir='ltr'><strong>admovemus</strong></span> <span class='ocrx_word' id='word_1_188' title='bbox 3181 1271 3353 1337; x_wconf 84' lang='lat' dir='ltr'><strong>Operi,</strong></span> 
     </span>
    </p>
   </div>
   <div class='ocr_carea' id='block_1_27' title="bbox 1811 1356 3355 1427">
    <p class='ocr_par' dir='ltr' id='par_1_27' title="bbox 1811 1356 3355 1427">
     <span class='ocr_line' id='line_1_28' title="bbox 1811 1356 3355 1427; baseline 0 -17"><span class='ocrx_word' id='word_1_189' title='bbox 1811 1365 1961 1411; x_wconf 90' lang='lat' dir='ltr'><strong>tuum</strong></span> <span class='ocrx_word' id='word_1_190' title='bbox 1990 1358 2056 1412; x_wconf 87' lang='lat' dir='ltr'><strong>de</strong></span> <span class='ocrx_word' id='word_1_191' title='bbox 2077 1359 2234 1412; x_wconf 89' lang='lat' dir='ltr'><strong>nobis</strong></span> <span class='ocrx_word' id='word_1_192' title='bbox 2260 1359 2523 1427; x_wconf 87' lang='lat' dir='ltr'><strong>judicium</strong></span> <span class='ocrx_word' id='word_1_193' title='bbox 2566 1358 2801 1421; x_wconf 86' lang='lat' dir='ltr'><strong>reveriti,</strong></span> <span class='ocrx_word' id='word_1_194' title='bbox 2835 1364 2910 1421; x_wconf 86' lang='lat' dir='ltr'><strong>et,</strong></span> <span class='ocrx_word' id='word_1_195' title='bbox 2954 1356 3097 1425; x_wconf 91' lang='lat' dir='ltr'><strong>quod</strong></span> <span class='ocrx_word' id='word_1_196' title='bbox 3126 1373 3355 1411; x_wconf 85' lang='lat' dir='ltr'><strong>consen-</strong></span> 
     </span>
    </p>
   </div>
   <div class='ocr_carea' id='block_1_28' title="bbox 1811 1439 3356 1519">
    <p class='ocr_par' dir='ltr' id='par_1_28' title="bbox 1811 1439 3356 1519">
     <span class='ocr_line' id='line_1_29' title="bbox 1811 1439 3356 1519; baseline 0.001 -16"><span class='ocrx_word' id='word_1_197' title='bbox 1811 1458 2025 1504; x_wconf 87' lang='lat' dir='ltr'><strong>taneum</strong></span> <span class='ocrx_word' id='word_1_198' title='bbox 2057 1459 2160 1513; x_wconf 91' lang='lat' dir='ltr'><strong>est,</strong></span> <span class='ocrx_word' id='word_1_199' title='bbox 2183 1453 2385 1504; x_wconf 87' lang='lat' dir='ltr'><strong>nullam</strong></span> <span class='ocrx_word' id='word_1_200' title='bbox 2411 1450 2793 1505; x_wconf 83' lang='lat' dir='ltr'><strong>imbecillitatis</strong></span> <span class='ocrx_word' id='word_1_201' title='bbox 2823 1461 3020 1503; x_wconf 71' lang='lat' dir='ltr'><strong>nostra:</strong></span> <span class='ocrx_word' id='word_1_202' title='bbox 3041 1451 3103 1503; x_wconf 87' lang='lat' dir='ltr'><strong>ad</strong></span> <span class='ocrx_word' id='word_1_203' title='bbox 3130 1450 3181 1502; x_wconf 87' lang='lat' dir='ltr'><strong>id</strong></span> <span class='ocrx_word' id='word_1_204' title='bbox 3210 1439 3356 1519; x_wconf 81' lang='lat' dir='ltr'><strong>quod</strong></span> 
     </span>
    </p>
   </div>
   <div class='ocr_carea' id='block_1_29' title="bbox 1811 1538 3356 1617">
    <p class='ocr_par' dir='ltr' id='par_1_29' title="bbox 1811 1538 3356 1617">
     <span class='ocr_line' id='line_1_30' title="bbox 1811 1538 3356 1617; baseline 0.001 -25"><span class='ocrx_word' id='word_1_205' title='bbox 1811 1541 2146 1609; x_wconf 87' lang='lat' dir='ltr'><strong>propositum</strong></span> <span class='ocrx_word' id='word_1_206' title='bbox 2179 1549 2262 1594; x_wconf 92' lang='lat' dir='ltr'><strong>est</strong></span> <span class='ocrx_word' id='word_1_207' title='bbox 2282 1540 2617 1594; x_wconf 85' lang='lat' dir='ltr'><strong>elliciendum</strong></span> <span class='ocrx_word' id='word_1_208' title='bbox 2647 1543 2909 1617; x_wconf 84' lang='lat' dir='ltr'><strong>rationem</strong></span> <span class='ocrx_word' id='word_1_209' title='bbox 2943 1541 3223 1594; x_wconf 86' lang='lat' dir='ltr'><strong>ducentes.</strong></span> <span class='ocrx_word' id='word_1_210' title='bbox 3259 1538 3356 1594; x_wconf 88' lang='lat' dir='ltr'><strong>Ut-</strong></span> 
     </span>
    </p>
   </div>
   <div class='ocr_carea' id='block_1_30' title="bbox 1811 1631 3356 1699">
    <p class='ocr_par' dir='ltr' id='par_1_30' title="bbox 1811 1631 3356 1699">
     <span class='ocr_line' id='line_1_31' title="bbox 1811 1631 3356 1699; baseline 0.002 -15"><span class='ocrx_word' id='word_1_211' title='bbox 1811 1646 2023 1699; x_wconf 90' lang='lat' dir='ltr'><strong>cunque</strong></span> <span class='ocrx_word' id='word_1_212' title='bbox 2043 1646 2169 1685; x_wconf 84' lang='lat' dir='ltr'><strong>vero</strong></span> <span class='ocrx_word' id='word_1_213' title='bbox 2200 1646 2512 1685; x_wconf 84' lang='lat' dir='ltr'><strong>successum</strong></span> <span class='ocrx_word' id='word_1_214' title='bbox 2550 1632 2707 1685; x_wconf 88' lang='lat' dir='ltr'><strong>nobis</strong></span> <span class='ocrx_word' id='word_1_215' title='bbox 2737 1631 2920 1694; x_wconf 88' lang='lat' dir='ltr'><strong>fuerit,</strong></span> <span class='ocrx_word' id='word_1_216' title='bbox 2946 1631 3239 1685; x_wconf 88' lang='lat' dir='ltr'><strong>debitorem</strong></span> <span class='ocrx_word' id='word_1_217' title='bbox 3269 1646 3356 1687; x_wconf 83' lang='lat' dir='ltr'><strong>me</strong></span> 
     </span>
    </p>
   </div>
   <div class='ocr_carea' id='block_1_31' title="bbox 1812 1722 3354 1793">
    <p class='ocr_par' dir='ltr' id='par_1_31' title="bbox 1812 1722 3354 1793">
     <span class='ocr_line' id='line_1_32' title="bbox 1812 1722 3354 1793; baseline 0.001 -18"><span class='ocrx_word' id='word_1_218' title='bbox 1812 1723 1906 1776; x_wconf 89' lang='lat' dir='ltr'><strong>tibi</strong></span> <span class='ocrx_word' id='word_1_219' title='bbox 1939 1724 2123 1791; x_wconf 67' lang='lat' dir='ltr'><strong>gratia:</strong></span> <span class='ocrx_word' id='word_1_220' title='bbox 2147 1722 2373 1787; x_wconf 82' lang='lat' dir='ltr'><strong>fatebor,</strong></span> <span class='ocrx_word' id='word_1_221' title='bbox 2407 1722 2571 1793; x_wconf 90' lang='lat' dir='ltr'><strong>quod,</strong></span> <span class='ocrx_word' id='word_1_222' title='bbox 2598 1723 2708 1777; x_wconf 84' lang='lat' dir='ltr'><strong>sive</strong></span> <span class='ocrx_word' id='word_1_223' title='bbox 2756 1738 2870 1777; x_wconf 91' lang='lat' dir='ltr'><strong>rem</strong></span> <span class='ocrx_word' id='word_1_224' title='bbox 2917 1738 2983 1776; x_wconf 82' lang='lat' dir='ltr'><strong>ex</strong></span> <span class='ocrx_word' id='word_1_225' title='bbox 3022 1723 3186 1776; x_wconf 90' lang='lat' dir='ltr'><strong>animi</strong></span> <span class='ocrx_word' id='word_1_226' title='bbox 3225 1738 3354 1776; x_wconf 67' lang='lat' dir='ltr'><strong>seu»</strong></span> 
     </span>
    </p>
   </div>
   <div class='ocr_carea' id='block_1_32' title="bbox 164 1807 1710 1886">
    <p class='ocr_par' dir='ltr' id='par_1_32' title="bbox 164 1807 1710 1885">
     <span class='ocr_line' id='line_1_33' title="bbox 164 1807 1710 1885; baseline -0.006 -19"><span class='ocrx_word' id='word_1_227' title='bbox 164 1815 245 1866; x_wconf 77' lang='grc' dir='ltr'><strong>ὅτι</strong></span> <span class='ocrx_word' id='word_1_228' title='bbox 279 1815 356 1885; x_wconf 82' lang='grc' dir='ltr'>μὴ</span> <span class='ocrx_word' id='word_1_229' title='bbox 396 1815 576 1879; x_wconf 76' lang='grc' dir='ltr'>ἀξίους</span> <span class='ocrx_word' id='word_1_230' title='bbox 623 1814 779 1876; x_wconf 75' lang='grc' dir='ltr'>ὄντας</span> <span class='ocrx_word' id='word_1_231' title='bbox 825 1814 1004 1877; x_wconf 80' lang='grc' dir='ltr'>ἀξίους</span> <span class='ocrx_word' id='word_1_232' title='bbox 1045 1811 1139 1864; x_wconf 90' lang='grc' dir='ltr'><strong>τοῦ</strong></span> <span class='ocrx_word' id='word_1_233' title='bbox 1187 1809 1501 1881; x_wconf 80' lang='grc' dir='ltr'>πράγματος</span> <span class='ocrx_word' id='word_1_234' title='bbox 1530 1807 1710 1877; x_wconf 88' lang='grc' dir='ltr'>κέκρι-</span> 
     </span>
    </p>
   </div>
   <div class='ocr_carea' id='block_1_33' title="bbox 1794 1807 3354 1886">
    <p class='ocr_par' dir='ltr' id='par_1_33' title="bbox 1814 1813 3354 1886">
     <span class='ocr_line' id='line_1_34' title="bbox 1814 1813 3354 1886; baseline 0.001 -20"><span class='ocrx_word' id='word_1_235' title='bbox 1814 1816 1981 1869; x_wconf 86' lang='lat' dir='ltr'><strong>tentia</strong></span> <span class='ocrx_word' id='word_1_236' title='bbox 2008 1813 2304 1883; x_wconf 75' lang='lat' dir='ltr'><strong>perfecero,</strong></span> <span class='ocrx_word' id='word_1_237' title='bbox 2342 1823 2395 1868; x_wconf 92' lang='lat' dir='ltr'><strong>tu</strong></span> <span class='ocrx_word' id='word_1_238' title='bbox 2421 1815 2549 1868; x_wconf 85' lang='lat' dir='ltr'><strong>mihi</strong></span> <span class='ocrx_word' id='word_1_239' title='bbox 2588 1815 2707 1883; x_wconf 82' lang='lat' dir='ltr'><strong>ejus</strong></span> <span class='ocrx_word' id='word_1_240' title='bbox 2736 1816 2874 1869; x_wconf 85' lang='lat' dir='ltr'><strong>bene</strong></span> <span class='ocrx_word' id='word_1_241' title='bbox 2919 1815 3165 1886; x_wconf 79' lang='lat' dir='ltr'><strong>gerendae</strong></span> <span class='ocrx_word' id='word_1_242' title='bbox 3192 1830 3354 1871; x_wconf 87' lang='lat' dir='ltr'><strong>occa-</strong></span> 
     </span>
    </p>
   </div>
   <div class='ocr_carea' id='block_1_34' title="bbox 164 1923 284 1969">
    <p class='ocr_par' dir='ltr' id='par_1_34' title="bbox 164 1923 284 1969">
     <span class='ocr_line' id='line_1_35' title="bbox 164 1923 284 1969; baseline 0.017 -12"><span class='ocrx_word' id='word_1_243' title='bbox 164 1923 284 1969; x_wconf 87' lang='grc' dir='ltr'>κας.</span> 
     </span>
    </p>
   </div>
   <div class='ocr_carea' id='block_1_35' title="bbox 508 2073 1373 2170">
    <p class='ocr_par' dir='ltr' id='par_1_35' title="bbox 508 2073 1373 2170">
     <span class='ocr_line' id='line_1_36' title="bbox 508 2073 1373 2170; baseline -0.008 -14"><span class='ocrx_word' id='word_1_244' title='bbox 508 2102 641 2170; x_wconf 78' lang='grc' dir='ltr'>Περὶ</span> <span class='ocrx_word' id='word_1_245' title='bbox 678 2100 796 2155; x_wconf 81' lang='grc' dir='ltr'>τῶν</span> <span class='ocrx_word' id='word_1_246' title='bbox 825 2098 1089 2167; x_wconf 71' lang='grc' dir='ltr'>ἡλιακῶν</span> <span class='ocrx_word' id='word_1_247' title='bbox 1116 2073 1373 2152; x_wconf 69' lang='grc' dir='ltr'>κύκλων.</span> 
     </span>
    </p>
   </div>
   <div class='ocr_carea' id='block_1_36' title="bbox 230 2205 1709 2284">
    <p class='ocr_par' dir='ltr' id='par_1_36' title="bbox 230 2205 1709 2284">
     <span class='ocr_line' id='line_1_37' title="bbox 230 2205 1709 2284; baseline -0.009 -15"><span class='ocrx_word' id='word_1_248' title='bbox 230 2218 306 2269; x_wconf 81' lang='grc' dir='ltr'><strong>Α’.</strong></span> <span class='ocrx_word' id='word_1_249' title='bbox 347 2216 499 2268; x_wconf 85' lang='grc' dir='ltr'>Ἐστι</span> <span class='ocrx_word' id='word_1_250' title='bbox 531 2214 593 2284; x_wconf 88' lang='grc' dir='ltr'><strong>δὴ</strong></span> <span class='ocrx_word' id='word_1_251' title='bbox 638 2213 847 2283; x_wconf 83' lang='grc' dir='ltr'>πρῶτον</span> <span class='ocrx_word' id='word_1_252' title='bbox 883 2213 1013 2281; x_wconf 85' lang='grc' dir='ltr'>ἡμῖν</span> <span class='ocrx_word' id='word_1_253' title='bbox 1051 2209 1156 2262; x_wconf 83' lang='grc' dir='ltr'><strong>τῶν</strong></span> <span class='ocrx_word' id='word_1_254' title='bbox 1210 2205 1579 2278; x_wconf 82' lang='grc' dir='ltr'>προκειμένων</span> <span class='ocrx_word' id='word_1_255' title='bbox 1632 2205 1709 2267; x_wconf 86' lang='grc' dir='ltr'><strong>εἰς</strong></span> 
     </span>
    </p>
   </div>
   <div class='ocr_carea' id='block_1_37' title="bbox 166 2294 1706 2376">
    <p class='ocr_par' dir='ltr' id='par_1_37' title="bbox 166 2294 1706 2376">
     <span class='ocr_line' id='line_1_38' title="bbox 166 2294 1706 2376; baseline -0.011 -15"><span class='ocrx_word' id='word_1_256' title='bbox 166 2307 352 2376; x_wconf 66' lang='grc' dir='ltr'>σκέψιν</span> <span class='ocrx_word' id='word_1_257' title='bbox 389 2307 447 2359; x_wconf 86' lang='grc' dir='ltr'><strong>τὸ</strong></span> <span class='ocrx_word' id='word_1_258' title='bbox 490 2306 613 2375; x_wconf 76' lang='grc' dir='ltr'>περὶ</span> <span class='ocrx_word' id='word_1_259' title='bbox 661 2304 769 2356; x_wconf 88' lang='grc' dir='ltr'><strong>τῶν</strong></span> <span class='ocrx_word' id='word_1_260' title='bbox 816 2302 1157 2371; x_wconf 81' lang='grc' dir='ltr'>καλουμένων</span> <span class='ocrx_word' id='word_1_261' title='bbox 1202 2298 1435 2370; x_wconf 76' lang='grc' dir='ltr'>ἡλιακῶν</span> <span class='ocrx_word' id='word_1_262' title='bbox 1476 2294 1706 2358; x_wconf 89' lang='grc' dir='ltr'>κύκλων,</span> 
     </span>
    </p>
   </div>
   <div class='ocr_carea' id='block_1_38' title="bbox 162 2386 1707 2461">
    <p class='ocr_par' dir='ltr' id='par_1_38' title="bbox 162 2386 1707 2461">
     <span class='ocr_line' id='line_1_39' title="bbox 162 2386 1707 2461; baseline -0.01 -9"><span class='ocrx_word' id='word_1_263' title='bbox 162 2402 306 2461; x_wconf 76' lang='grc' dir='ltr'>ὅπως</span> <span class='ocrx_word' id='word_1_264' title='bbox 339 2416 396 2451; x_wconf 86' lang='grc' dir='ltr'><strong>τε</strong></span> <span class='ocrx_word' id='word_1_265' title='bbox 421 2397 605 2451; x_wconf 86' lang='grc' dir='ltr'>κύκλοι</span> <span class='ocrx_word' id='word_1_266' title='bbox 625 2394 931 2457; x_wconf 88' lang='grc' dir='ltr'>καλοῦνται,</span> <span class='ocrx_word' id='word_1_267' title='bbox 966 2394 1056 2445; x_wconf 72' lang='grc' dir='ltr'>καὶ</span> <span class='ocrx_word' id='word_1_268' title='bbox 1086 2392 1172 2443; x_wconf 85' lang='grc' dir='ltr'>διὰ</span> <span class='ocrx_word' id='word_1_269' title='bbox 1202 2390 1275 2454; x_wconf 91' lang='grc' dir='ltr'><strong>τί,</strong></span> <span class='ocrx_word' id='word_1_270' title='bbox 1313 2388 1468 2458; x_wconf 87' lang='grc' dir='ltr'>μέχρι</span> <span class='ocrx_word' id='word_1_271' title='bbox 1491 2386 1596 2439; x_wconf 91' lang='grc' dir='ltr'><strong>τῶν</strong></span> <span class='ocrx_word' id='word_1_272' title='bbox 1624 2392 1707 2454; x_wconf 82' lang='grc' dir='ltr'>κη’</span> 
     </span>
    </p>
   </div>
   <div class='ocr_carea' id='block_1_39' title="bbox 163 2474 1707 2561">
    <p class='ocr_par' dir='ltr' id='par_1_39' title="bbox 163 2474 1707 2561">
     <span class='ocr_line' id='line_1_40' title="bbox 163 2474 1707 2561; baseline -0.01 -20"><span class='ocrx_word' id='word_1_273' title='bbox 163 2480 456 2561; x_wconf 73' lang='grc' dir='ltr'>προϊόντες,</span> <span class='ocrx_word' id='word_1_274' title='bbox 507 2487 663 2539; x_wconf 83' lang='grc' dir='ltr'>πάλιν</span> <span class='ocrx_word' id='word_1_275' title='bbox 709 2486 875 2555; x_wconf 83' lang='grc' dir='ltr'>ἀρχὴν</span> <span class='ocrx_word' id='word_1_276' title='bbox 905 2483 1260 2550; x_wconf 81' lang='grc' dir='ltr'>λαμϐάνουσιν</span> <span class='ocrx_word' id='word_1_277' title='bbox 1290 2479 1395 2532; x_wconf 74' lang='grc' dir='ltr'><strong>ἀπὸ</strong></span> <span class='ocrx_word' id='word_1_278' title='bbox 1427 2476 1518 2530; x_wconf 86' lang='grc' dir='ltr'><strong>τοῦ</strong></span> <span class='ocrx_word' id='word_1_279' title='bbox 1559 2474 1707 2546; x_wconf 80' lang='grc' dir='ltr'>πρώ-</span> 
     </span>
    </p>
   </div>
   <div class='ocr_carea' id='block_1_40' title="bbox 161 2565 1708 2645">
    <p class='ocr_par' dir='ltr' id='par_1_40' title="bbox 161 2565 1708 2645">
     <span class='ocr_line' id='line_1_41' title="bbox 161 2565 1708 2645; baseline -0.01 -13"><span class='ocrx_word' id='word_1_280' title='bbox 161 2596 250 2632; x_wconf 86' lang='grc' dir='ltr'><strong>του</strong></span> <span class='ocrx_word' id='word_1_281' title='bbox 273 2597 286 2611; x_wconf 86' lang='grc'><strong>·</strong></span> <span class='ocrx_word' id='word_1_282' title='bbox 315 2579 394 2631; x_wconf 74' lang='grc' dir='ltr'>ἔτι</span> <span class='ocrx_word' id='word_1_283' title='bbox 418 2579 471 2630; x_wconf 84' lang='grc' dir='ltr'>δὲ</span> <span class='ocrx_word' id='word_1_284' title='bbox 494 2579 583 2629; x_wconf 74' lang='grc' dir='ltr'>καὶ</span> <span class='ocrx_word' id='word_1_285' title='bbox 606 2577 711 2629; x_wconf 90' lang='grc' dir='ltr'>τίνι</span> <span class='ocrx_word' id='word_1_286' title='bbox 734 2574 936 2645; x_wconf 83' lang='grc' dir='ltr'>μεθόδῳ</span> <span class='ocrx_word' id='word_1_287' title='bbox 955 2572 1234 2640; x_wconf 78' lang='grc' dir='ltr'>ζητοῦντες</span> <span class='ocrx_word' id='word_1_288' title='bbox 1254 2570 1402 2622; x_wconf 83' lang='grc' dir='ltr'>τόνδε</span> <span class='ocrx_word' id='word_1_289' title='bbox 1430 2566 1549 2621; x_wconf 78' lang='grc' dir='ltr'>τινὰ</span> <span class='ocrx_word' id='word_1_290' title='bbox 1570 2565 1708 2618; x_wconf 80' lang='grc' dir='ltr'>κατὰ</span> 
     </span>
    </p>
   </div>
   <div class='ocr_carea' id='block_1_41' title="bbox 160 2656 1708 2739">
    <p class='ocr_par' dir='ltr' id='par_1_41' title="bbox 160 2656 1708 2739">
     <span class='ocr_line' id='line_1_42' title="bbox 160 2656 1708 2739; baseline -0.008 -18"><span class='ocrx_word' id='word_1_291' title='bbox 160 2670 220 2722; x_wconf 74' lang='grc' dir='ltr'>τὸ</span> <span class='ocrx_word' id='word_1_292' title='bbox 245 2669 589 2739; x_wconf 83' lang='grc' dir='ltr'>ἐνιστάμενον</span> <span class='ocrx_word' id='word_1_293' title='bbox 622 2666 736 2731; x_wconf 75' lang='grc' dir='ltr'>ἔτος</span> <span class='ocrx_word' id='word_1_294' title='bbox 768 2665 1019 2727; x_wconf 85' lang='grc' dir='ltr'>ποσταῖός</span> <span class='ocrx_word' id='word_1_295' title='bbox 1058 2664 1194 2726; x_wconf 89' lang='grc' dir='ltr'>ἑστι,</span> <span class='ocrx_word' id='word_1_296' title='bbox 1237 2658 1473 2732; x_wconf 86' lang='grc' dir='ltr'>ἀκριϐῶς</span> <span class='ocrx_word' id='word_1_297' title='bbox 1519 2657 1584 2711; x_wconf 79' lang='grc' dir='ltr'><strong>ἂν</strong></span> <span class='ocrx_word' id='word_1_298' title='bbox 1619 2656 1708 2709; x_wconf 89' lang='grc' dir='ltr'>δυ·-</span> 
     </span>
    </p>
   </div>
   <div class='ocr_carea' id='block_1_42' title="bbox 160 2740 723 2828">
    <p class='ocr_par' dir='ltr' id='par_1_42' title="bbox 160 2740 723 2828">
     <span class='ocr_line' id='line_1_43' title="bbox 160 2740 723 2828; baseline 0 -19"><span class='ocrx_word' id='word_1_299' title='bbox 160 2758 389 2828; x_wconf 85' lang='grc' dir='ltr'>ναίμεθα</span> <span class='ocrx_word' id='word_1_300' title='bbox 414 2740 723 2826; x_wconf 81' lang='grc' dir='ltr'>λαμϐάνειν.</span> 
     </span>
    </p>
   </div>
   <div class='ocr_carea' id='block_1_43' title="bbox 242 2856 1708 2936">
    <p class='ocr_par' dir='ltr' id='par_1_43' title="bbox 242 2856 1708 2936">
     <span class='ocr_line' id='line_1_44' title="bbox 242 2856 1708 2936; baseline -0.008 -15"><span class='ocrx_word' id='word_1_301' title='bbox 242 2868 359 2936; x_wconf 80' lang='grc' dir='ltr'><strong>Ἐφ’</strong></span> <span class='ocrx_word' id='word_1_302' title='bbox 382 2862 425 2935; x_wconf 84' lang='grc' dir='ltr'>ᾧ</span> <span class='ocrx_word' id='word_1_303' title='bbox 448 2869 538 2919; x_wconf 67' lang='grc' dir='ltr'>καὶ</span> <span class='ocrx_word' id='word_1_304' title='bbox 565 2865 811 2936; x_wconf 85' lang='grc' dir='ltr'>λέγομεν,</span> <span class='ocrx_word' id='word_1_305' title='bbox 838 2865 917 2918; x_wconf 81' lang='grc' dir='ltr'>ὅτι</span> <span class='ocrx_word' id='word_1_306' title='bbox 948 2864 1133 2918; x_wconf 85' lang='grc' dir='ltr'>κύκλοι</span> <span class='ocrx_word' id='word_1_307' title='bbox 1162 2862 1258 2933; x_wconf 86' lang='grc' dir='ltr'>μὲν</span> <span class='ocrx_word' id='word_1_308' title='bbox 1284 2858 1589 2923; x_wconf 87' lang='grc' dir='ltr'>καλοῦνται,</span> <span class='ocrx_word' id='word_1_309' title='bbox 1622 2856 1708 2911; x_wconf 83' lang='grc' dir='ltr'>διὰ</span> 
     </span>
    </p>
   </div>
   <div class='ocr_carea' id='block_1_44' title="bbox 159 2950 1703 3025">
    <p class='ocr_par' dir='ltr' id='par_1_44' title="bbox 159 2950 1703 3025">
     <span class='ocr_line' id='line_1_45' title="bbox 159 2950 1703 3025; baseline -0.006 -15"><span class='ocrx_word' id='word_1_310' title='bbox 159 2957 218 3011; x_wconf 80' lang='grc' dir='ltr'>τὸ</span> <span class='ocrx_word' id='word_1_311' title='bbox 246 2957 474 3009; x_wconf 82' lang='grc' dir='ltr'>ἑκαστον</span> <span class='ocrx_word' id='word_1_312' title='bbox 505 2956 706 3009; x_wconf 84' lang='grc' dir='ltr'>τούτων</span> <span class='ocrx_word' id='word_1_313' title='bbox 746 2957 1066 3010; x_wconf 78' lang='grc' dir='ltr'>ἐνιαυσιαῖον</span> <span class='ocrx_word' id='word_1_314' title='bbox 1101 2953 1367 3025; x_wconf 80' lang='grc' dir='ltr'>περιέχειν</span> <span class='ocrx_word' id='word_1_315' title='bbox 1404 2950 1703 3019; x_wconf 71' lang='grc' dir='ltr'>διάστημαο</span> 
     </span>
    </p>
   </div>
   <div class='ocr_carea' id='block_1_45' title="bbox 158 3042 1707 3116">
    <p class='ocr_par' dir='ltr' id='par_1_45' title="bbox 158 3042 1707 3116">
     <span class='ocr_line' id='line_1_46' title="bbox 158 3042 1707 3116; baseline -0.004 -18"><span class='ocrx_word' id='word_1_316' title='bbox 158 3046 344 3115; x_wconf 80' lang='grc' dir='ltr'>ἐπειδὴ</span> <span class='ocrx_word' id='word_1_317' title='bbox 370 3045 476 3116; x_wconf 83' lang='grc' dir='ltr'><strong>γὰρ</strong></span> <span class='ocrx_word' id='word_1_318' title='bbox 507 3048 533 3098; x_wconf 93' lang='grc' dir='ltr'><strong>ὁ</strong></span> <span class='ocrx_word' id='word_1_319' title='bbox 554 3046 792 3108; x_wconf 82' lang='grc' dir='ltr'>ἐνιαυτὸς</span> <span class='ocrx_word' id='word_1_320' title='bbox 825 3046 888 3115; x_wconf 81' lang='grc' dir='ltr'><strong>τῇ</strong></span> <span class='ocrx_word' id='word_1_321' title='bbox 916 3042 1005 3096; x_wconf 89' lang='grc' dir='ltr'><strong>τοῦ</strong></span> <span class='ocrx_word' id='word_1_322' title='bbox 1046 3042 1192 3114; x_wconf 89' lang='grc' dir='ltr'>ἡλίου</span> <span class='ocrx_word' id='word_1_323' title='bbox 1222 3043 1428 3113; x_wconf 85' lang='grc' dir='ltr'>κινήσει</span> <span class='ocrx_word' id='word_1_324' title='bbox 1463 3053 1707 3109; x_wconf 70' lang='grc' dir='ltr'>παραμεα</span> 
     </span>
    </p>
   </div>
   <div class='ocr_carea' id='block_1_46' title="bbox 158 3129 1711 3209">
    <p class='ocr_par' dir='ltr' id='par_1_46' title="bbox 158 3129 1711 3209">
     <span class='ocr_line' id='line_1_47' title="bbox 158 3129 1711 3209; baseline -0.008 -19"><span class='ocrx_word' id='word_1_325' title='bbox 158 3141 393 3207; x_wconf 84' lang='grc' dir='ltr'>τρεῖται·</span> <span class='ocrx_word' id='word_1_326' title='bbox 429 3140 461 3209; x_wconf 92' lang='grc' dir='ltr'><strong>ἡ</strong></span> <span class='ocrx_word' id='word_1_327' title='bbox 505 3138 560 3190; x_wconf 76' lang='grc' dir='ltr'>δὲ</span> <span class='ocrx_word' id='word_1_328' title='bbox 588 3135 678 3189; x_wconf 89' lang='grc' dir='ltr'><strong>τοῦ</strong></span> <span class='ocrx_word' id='word_1_329' title='bbox 713 3136 858 3205; x_wconf 85' lang='grc' dir='ltr'>ἡλίου</span> <span class='ocrx_word' id='word_1_330' title='bbox 902 3134 1111 3204; x_wconf 88' lang='grc' dir='ltr'>κίνησις</span> <span class='ocrx_word' id='word_1_331' title='bbox 1157 3130 1423 3193; x_wconf 84' lang='grc' dir='ltr'>κυκλικῶς</span> <span class='ocrx_word' id='word_1_332' title='bbox 1462 3129 1711 3197; x_wconf 78' lang='grc' dir='ltr'>ἐνεργου-</span> 
     </span>
    </p>
   </div>
   <div class='ocr_carea' id='block_1_47' title="bbox 1811 1906 3354 1977">
    <p class='ocr_par' dir='ltr' id='par_1_47' title="bbox 1811 1906 3354 1977">
     <span class='ocr_line' id='line_1_48' title="bbox 1811 1906 3354 1977; baseline 0.004 -20"><span class='ocrx_word' id='word_1_333' title='bbox 1811 1906 2013 1959; x_wconf 89' lang='lat' dir='ltr'><strong>sionem</strong></span> <span class='ocrx_word' id='word_1_334' title='bbox 2038 1906 2265 1973; x_wconf 88' lang='lat' dir='ltr'><strong>dedisti;</strong></span> <span class='ocrx_word' id='word_1_335' title='bbox 2306 1907 2419 1961; x_wconf 87' lang='lat' dir='ltr'><strong>sive</strong></span> <span class='ocrx_word' id='word_1_336' title='bbox 2438 1908 2652 1977; x_wconf 85' lang='lat' dir='ltr'><strong>assequi</strong></span> <span class='ocrx_word' id='word_1_337' title='bbox 2704 1923 2811 1961; x_wconf 91' lang='lat' dir='ltr'><strong>non</strong></span> <span class='ocrx_word' id='word_1_338' title='bbox 2866 1915 3116 1975; x_wconf 77' lang='lat' dir='ltr'><strong>potuero,</strong></span> <span class='ocrx_word' id='word_1_339' title='bbox 3183 1917 3240 1961; x_wconf 89' lang='lat' dir='ltr'><strong>tu</strong></span> <span class='ocrx_word' id='word_1_340' title='bbox 3269 1922 3354 1963; x_wconf 88' lang='lat' dir='ltr'><strong>mc</strong></span> 
     </span>
    </p>
   </div>
   <div class='ocr_carea' id='block_1_48' title="bbox 1810 1998 3209 2069">
    <p class='ocr_par' dir='ltr' id='par_1_48' title="bbox 1810 1998 3209 2069">
     <span class='ocr_line' id='line_1_49' title="bbox 1810 1998 3209 2069; baseline 0 -17"><span class='ocrx_word' id='word_1_341' title='bbox 1810 1998 2102 2069; x_wconf 89' lang='lat' dir='ltr'><strong>quamlibet</strong></span> <span class='ocrx_word' id='word_1_342' title='bbox 2133 1999 2414 2068; x_wconf 89' lang='lat' dir='ltr'><strong>imparem,</strong></span> <span class='ocrx_word' id='word_1_343' title='bbox 2448 1998 2705 2053; x_wconf 87' lang='lat' dir='ltr'><strong>idoneum</strong></span> <span class='ocrx_word' id='word_1_344' title='bbox 2742 1999 2790 2053; x_wconf 89' lang='lat' dir='ltr'><strong>ei</strong></span> <span class='ocrx_word' id='word_1_345' title='bbox 2833 2000 2913 2052; x_wconf 85' lang='lat' dir='ltr'><strong>rei</strong></span> <span class='ocrx_word' id='word_1_346' title='bbox 2935 1998 3209 2067; x_wconf 87' lang='lat' dir='ltr'><strong>jndicasti.</strong></span> 
     </span>
    </p>
   </div>
   <div class='ocr_carea' id='block_1_49' title="bbox 2291 2088 2865 2179">
    <p class='ocr_par' dir='ltr' id='par_1_49' title="bbox 2291 2088 2865 2179">
     <span class='ocr_line' id='line_1_50' title="bbox 2291 2088 2865 2179; baseline 0 -16"><span class='ocrx_word' id='word_1_347' title='bbox 2291 2108 2365 2163; x_wconf 82' lang='lat' dir='ltr'><strong>De</strong></span> <span class='ocrx_word' id='word_1_348' title='bbox 2396 2110 2555 2179; x_wconf 81' lang='lat' dir='ltr'><strong>cyclis</strong></span> <span class='ocrx_word' id='word_1_349' title='bbox 2586 2088 2865 2163; x_wconf 64' lang='lat' dir='ltr'><strong>coloribus.</strong></span> 
     </span>
    </p>
   </div>
   <div class='ocr_carea' id='block_1_50' title="bbox 1878 2217 3349 2289">
    <p class='ocr_par' dir='ltr' id='par_1_50' title="bbox 1878 2217 3349 2289">
     <span class='ocr_line' id='line_1_51' title="bbox 1878 2217 3349 2289; baseline 0 -18"><span class='ocrx_word' id='word_1_350' title='bbox 1878 2218 1920 2271; x_wconf 92' lang='grc'>1.</span> <span class='ocrx_word' id='word_1_351' title='bbox 1952 2217 2133 2272; x_wconf 84' lang='lat' dir='ltr'><strong>Prima</strong></span> <span class='ocrx_word' id='word_1_352' title='bbox 2182 2219 2339 2273; x_wconf 84' lang='lat' dir='ltr'><strong>nobis</strong></span> <span class='ocrx_word' id='word_1_353' title='bbox 2400 2218 2674 2283; x_wconf 89' lang='lat' dir='ltr'><strong>omnium,</strong></span> <span class='ocrx_word' id='word_1_354' title='bbox 2728 2219 3003 2289; x_wconf 78' lang='lat' dir='ltr'><strong>cyclorum</strong></span> <span class='ocrx_word' id='word_1_355' title='bbox 3043 2227 3099 2271; x_wconf 92' lang='lat' dir='ltr'><strong>ut</strong></span> <span class='ocrx_word' id='word_1_356' title='bbox 3134 2224 3349 2282; x_wconf 88' lang='lat' dir='ltr'><strong>vocant,</strong></span> 
     </span>
    </p>
   </div>
   <div class='ocr_carea' id='block_1_51' title="bbox 1810 2307 3351 2378">
    <p class='ocr_par' dir='ltr' id='par_1_51' title="bbox 1810 2307 3351 2378">
     <span class='ocr_line' id='line_1_52' title="bbox 1810 2307 3351 2378; baseline -0.001 -17"><span class='ocrx_word' id='word_1_357' title='bbox 1810 2307 2067 2361; x_wconf 91' lang='lat' dir='ltr'><strong>solarium</strong></span> <span class='ocrx_word' id='word_1_358' title='bbox 2115 2310 2389 2378; x_wconf 88' lang='lat' dir='ltr'><strong>proposita</strong></span> <span class='ocrx_word' id='word_1_359' title='bbox 2445 2308 2807 2363; x_wconf 84' lang='lat' dir='ltr'><strong>consideratio</strong></span> <span class='ocrx_word' id='word_1_360' title='bbox 2855 2317 2957 2370; x_wconf 88' lang='lat' dir='ltr'><strong>est,</strong></span> <span class='ocrx_word' id='word_1_361' title='bbox 3014 2324 3111 2361; x_wconf 89' lang='lat' dir='ltr'><strong>cur</strong></span> <span class='ocrx_word' id='word_1_362' title='bbox 3134 2315 3187 2363; x_wconf 91' lang='lat' dir='ltr'><strong>et</strong></span> <span class='ocrx_word' id='word_1_363' title='bbox 3216 2310 3351 2378; x_wconf 81' lang='lat' dir='ltr'><strong>cycli</strong></span> 
     </span>
    </p>
   </div>
   <div class='ocr_carea' id='block_1_52' title="bbox 1811 2398 3355 2469">
    <p class='ocr_par' dir='ltr' id='par_1_52' title="bbox 1811 2398 3355 2469">
     <span class='ocr_line' id='line_1_53' title="bbox 1811 2398 3355 2469; baseline 0 -18"><span class='ocrx_word' id='word_1_364' title='bbox 1811 2406 2089 2462; x_wconf 81' lang='lat' dir='ltr'><strong>vocentur,</strong></span> <span class='ocrx_word' id='word_1_365' title='bbox 2121 2408 2174 2454; x_wconf 89' lang='lat' dir='ltr'><strong>et</strong></span> <span class='ocrx_word' id='word_1_366' title='bbox 2229 2400 2297 2454; x_wconf 89' lang='lat' dir='ltr'><strong>ad</strong></span> <span class='ocrx_word' id='word_1_367' title='bbox 2350 2416 2519 2453; x_wconf 77' lang='lat' dir='ltr'><strong>xxvnr</strong></span> <span class='ocrx_word' id='word_1_368' title='bbox 2564 2398 2831 2469; x_wconf 78' lang='lat' dir='ltr'><strong>progressi</strong></span> <span class='ocrx_word' id='word_1_369' title='bbox 2882 2414 3070 2453; x_wconf 91' lang='lat' dir='ltr'><strong>rursus</strong></span> <span class='ocrx_word' id='word_1_370' title='bbox 3120 2399 3187 2451; x_wconf 89' lang='lat' dir='ltr'><strong>ad</strong></span> <span class='ocrx_word' id='word_1_371' title='bbox 3242 2400 3355 2468; x_wconf 89' lang='lat' dir='ltr'><strong>pri-</strong></span> 
     </span>
    </p>
   </div>
   <div class='ocr_carea' id='block_1_53' title="bbox 1807 2488 3350 2561">
    <p class='ocr_par' dir='ltr' id='par_1_53' title="bbox 1807 2488 3350 2561">
     <span class='ocr_line' id='line_1_54' title="bbox 1807 2488 3350 2561; baseline 0.003 -21"><span class='ocrx_word' id='word_1_372' title='bbox 1807 2502 1953 2541; x_wconf 91' lang='lat' dir='ltr'><strong>mum</strong></span> <span class='ocrx_word' id='word_1_373' title='bbox 1999 2488 2426 2556; x_wconf 49' lang='lat' dir='ltr'><strong>redeantyitem</strong></span> <span class='ocrx_word' id='word_1_374' title='bbox 2484 2506 2603 2559; x_wconf 79' lang='lat' dir='ltr'><strong>quae</strong></span> <span class='ocrx_word' id='word_1_375' title='bbox 2649 2492 2719 2544; x_wconf 89' lang='lat' dir='ltr'><strong>sit</strong></span> <span class='ocrx_word' id='word_1_376' title='bbox 2764 2491 3047 2543; x_wconf 81' lang='lat' dir='ltr'><strong>niethodus</strong></span> <span class='ocrx_word' id='word_1_377' title='bbox 3097 2506 3203 2560; x_wconf 83' lang='lat' dir='ltr'><strong>qua</strong></span> <span class='ocrx_word' id='word_1_378' title='bbox 3254 2507 3350 2561; x_wconf 81' lang='lat' dir='ltr'><strong>cy-</strong></span> 
     </span>
    </p>
   </div>
   <div class='ocr_carea' id='block_1_54' title="bbox 1807 2580 3347 2652">
    <p class='ocr_par' dir='ltr' id='par_1_54' title="bbox 1807 2580 3347 2652">
     <span class='ocr_line' id='line_1_55' title="bbox 1807 2580 3347 2652; baseline 0.005 -20"><span class='ocrx_word' id='word_1_379' title='bbox 1807 2580 1948 2632; x_wconf 91' lang='lat' dir='ltr'><strong>clum</strong></span> <span class='ocrx_word' id='word_1_380' title='bbox 1977 2580 2272 2647; x_wconf 87' lang='lat' dir='ltr'><strong>quemlibet</strong></span> <span class='ocrx_word' id='word_1_381' title='bbox 2298 2580 2423 2636; x_wconf 88' lang='lat' dir='ltr'><strong>dato</strong></span> <span class='ocrx_word' id='word_1_382' title='bbox 2445 2597 2590 2636; x_wconf 91' lang='lat' dir='ltr'><strong>anno</strong></span> <span class='ocrx_word' id='word_1_383' title='bbox 2621 2591 2819 2652; x_wconf 90' lang='lat' dir='ltr'><strong>quotus</strong></span> <span class='ocrx_word' id='word_1_384' title='bbox 2846 2583 2917 2638; x_wconf 89' lang='lat' dir='ltr'><strong>sit</strong></span> <span class='ocrx_word' id='word_1_385' title='bbox 2949 2589 3136 2635; x_wconf 83' lang='lat' dir='ltr'><strong>exacte</strong></span> <span class='ocrx_word' id='word_1_386' title='bbox 3162 2598 3347 2652; x_wconf 89' lang='lat' dir='ltr'><strong>perve-</strong></span> 
     </span>
    </p>
   </div>
   <div class='ocr_carea' id='block_1_55' title="bbox 1809 2666 2999 2739">
    <p class='ocr_par' dir='ltr' id='par_1_55' title="bbox 1809 2666 2999 2739">
     <span class='ocr_line' id='line_1_56' title="bbox 1809 2666 2999 2739; baseline 0.013 -15"><span class='ocrx_word' id='word_1_387' title='bbox 1809 2669 2087 2739; x_wconf 80' lang='lat' dir='ltr'><strong>stigemus.</strong></span> <span class='ocrx_word' id='word_1_388' title='bbox 2998 2666 2999 2669; x_wconf 8' lang='grc' dir='ltr'><strong>η</strong></span> 
     </span>
    </p>
   </div>
   <div class='ocr_carea' id='block_1_56' title="bbox 1869 2869 3347 2943">
    <p class='ocr_par' dir='ltr' id='par_1_56' title="bbox 1869 2869 3347 2943">
     <span class='ocr_line' id='line_1_57' title="bbox 1869 2869 3347 2943; baseline 0.004 -20"><span class='ocrx_word' id='word_1_389' title='bbox 1869 2869 1944 2925; x_wconf 90' lang='lat' dir='ltr'><strong>De</strong></span> <span class='ocrx_word' id='word_1_390' title='bbox 1971 2885 2078 2941; x_wconf 90' lang='lat' dir='ltr'><strong>quo</strong></span> <span class='ocrx_word' id='word_1_391' title='bbox 2105 2870 2233 2925; x_wconf 91' lang='lat' dir='ltr'><strong>illud</strong></span> <span class='ocrx_word' id='word_1_392' title='bbox 2257 2870 2572 2936; x_wconf 88' lang='lat' dir='ltr'><strong>asserimus,</strong></span> <span class='ocrx_word' id='word_1_393' title='bbox 2612 2871 2794 2943; x_wconf 86' lang='lat' dir='ltr'><strong>cyclos</strong></span> <span class='ocrx_word' id='word_1_394' title='bbox 2826 2872 3040 2942; x_wconf 84' lang='lat' dir='ltr'><strong>quidem</strong></span> <span class='ocrx_word' id='word_1_395' title='bbox 3063 2880 3347 2943; x_wconf 85' lang='lat' dir='ltr'><strong>propterea</strong></span> 
     </span>
    </p>
   </div>
   <div class='ocr_carea' id='block_1_57' title="bbox 1806 2960 3449 3030">
    <p class='ocr_par' dir='ltr' id='par_1_57' title="bbox 1806 2960 3449 3030">
     <span class='ocr_line' id='line_1_58' title="bbox 1806 2960 3449 3030; baseline 0.003 -17"><span class='ocrx_word' id='word_1_396' title='bbox 1806 2961 2094 3023; x_wconf 91' lang='lat' dir='ltr'><strong>nominari,</strong></span> <span class='ocrx_word' id='word_1_397' title='bbox 2130 2960 2273 3030; x_wconf 89' lang='lat' dir='ltr'><strong>quod</strong></span> <span class='ocrx_word' id='word_1_398' title='bbox 2313 2962 2684 3030; x_wconf 89' lang='lat' dir='ltr'><strong>unusquisque</strong></span> <span class='ocrx_word' id='word_1_399' title='bbox 2714 2977 2950 3015; x_wconf 90' lang='lat' dir='ltr'><strong>annuum</strong></span> <span class='ocrx_word' id='word_1_400' title='bbox 2979 2963 3139 3017; x_wconf 88' lang='lat' dir='ltr'><strong>habet</strong></span> <span class='ocrx_word' id='word_1_401' title='bbox 3180 2965 3350 3018; x_wconf 86' lang='lat' dir='ltr'><strong>inter--</strong></span> <span class='ocrx_word' id='word_1_402' title='bbox 3442 2984 3449 2989; x_wconf 86' lang='grc'>·</span> 
     </span>
    </p>
   </div>
   <div class='ocr_carea' id='block_1_58' title="bbox 1805 3052 3348 3122">
    <p class='ocr_par' dir='ltr' id='par_1_58' title="bbox 1805 3052 3348 3122">
     <span class='ocr_line' id='line_1_59' title="bbox 1805 3052 3348 3122; baseline 0.002 -16"><span class='ocrx_word' id='word_1_403' title='bbox 1805 3052 2041 3118; x_wconf 78' lang='lat' dir='ltr'><strong>vallum;</strong></span> <span class='ocrx_word' id='word_1_404' title='bbox 2069 3066 2189 3104; x_wconf 89' lang='lat' dir='ltr'><strong>nam</strong></span> <span class='ocrx_word' id='word_1_405' title='bbox 2210 3052 2338 3122; x_wconf 88' lang='lat' dir='ltr'><strong>quia</strong></span> <span class='ocrx_word' id='word_1_406' title='bbox 2379 3054 2509 3109; x_wconf 75' lang='lat' dir='ltr'><strong>sclis</strong></span> <span class='ocrx_word' id='word_1_407' title='bbox 2535 3070 2699 3109; x_wconf 90' lang='lat' dir='ltr'><strong>cursu</strong></span> <span class='ocrx_word' id='word_1_408' title='bbox 2723 3055 2974 3109; x_wconf 90' lang='lat' dir='ltr'><strong>metimur</strong></span> <span class='ocrx_word' id='word_1_409' title='bbox 2997 3069 3195 3109; x_wconf 90' lang='lat' dir='ltr'><strong>annum</strong></span> <span class='ocrx_word' id='word_1_410' title='bbox 3212 3095 3227 3120; x_wconf 91' lang='lat'><strong>,</strong></span> <span class='ocrx_word' id='word_1_411' title='bbox 3258 3071 3348 3111; x_wconf 88' lang='lat' dir='ltr'><strong>so-</strong></span> 
     </span>
    </p>
   </div>
   <div class='ocr_carea' id='block_1_59' title="bbox 1807 3140 3349 3214">
    <p class='ocr_par' dir='ltr' id='par_1_59' title="bbox 1807 3140 3349 3214">
     <span class='ocr_line' id='line_1_60' title="bbox 1807 3140 3349 3214; baseline 0.005 -22"><span class='ocrx_word' id='word_1_412' title='bbox 1807 3140 1874 3195; x_wconf 86' lang='lat' dir='ltr'><strong>lis</strong></span> <span class='ocrx_word' id='word_1_413' title='bbox 1901 3153 2028 3195; x_wconf 85' lang='lat' dir='ltr'><strong>vero</strong></span> <span class='ocrx_word' id='word_1_414' title='bbox 2057 3150 2233 3194; x_wconf 88' lang='lat' dir='ltr'><strong>motus</strong></span> <span class='ocrx_word' id='word_1_415' title='bbox 2258 3141 2310 3194; x_wconf 92' lang='lat' dir='ltr'><strong>in</strong></span> <span class='ocrx_word' id='word_1_416' title='bbox 2334 3142 2517 3196; x_wconf 91' lang='lat' dir='ltr'><strong>orbem</strong></span> <span class='ocrx_word' id='word_1_417' title='bbox 2543 3144 2811 3203; x_wconf 84' lang='lat' dir='ltr'><strong>evolutus.</strong></span> <span class='ocrx_word' id='word_1_418' title='bbox 2833 3153 2885 3197; x_wconf 88' lang='lat' dir='ltr'><strong>et</strong></span> <span class='ocrx_word' id='word_1_419' title='bbox 2912 3145 2978 3197; x_wconf 90' lang='lat' dir='ltr'><strong>ab</strong></span> <span class='ocrx_word' id='word_1_420' title='bbox 3008 3160 3115 3197; x_wconf 91' lang='lat' dir='ltr'><strong>uno</strong></span> <span class='ocrx_word' id='word_1_421' title='bbox 3148 3153 3349 3214; x_wconf 89' lang='lat' dir='ltr'><strong>puncto</strong></span> 
     </span>
    </p>
   </div>
   <div class='ocr_carea' id='block_1_60' title="bbox 163 3195 1710 3304">
    <p class='ocr_par' dir='ltr' id='par_1_60' title="bbox 163 3195 1706 3298">
     <span class='ocr_line' id='line_1_61' title="bbox 163 3195 1706 3298; baseline -0.005 -19"><span class='ocrx_word' id='word_1_422' title='bbox 163 3195 319 3298; x_wconf 45' lang='lat' dir='ltr'><strong>p&#39;évq,</strong></span> <span class='ocrx_word' id='word_1_423' title='bbox 358 3195 582 3281; x_wconf 48' lang='lat' dir='ltr'><strong>xa‘tldnb</strong></span> <span class='ocrx_word' id='word_1_424' title='bbox 622 3225 712 3280; x_wconf 92' lang='grc' dir='ltr'><strong>τοῦ</strong></span> <span class='ocrx_word' id='word_1_425' title='bbox 735 3195 907 3279; x_wconf 72' lang='grc' dir='ltr'><strong>¹αὑτοῦ</strong></span> <span class='ocrx_word' id='word_1_426' title='bbox 950 3195 1171 3295; x_wconf 78' lang='grc' dir='ltr'>σημείου</span> <span class='ocrx_word' id='word_1_427' title='bbox 1212 3225 1288 3286; x_wconf 86' lang='grc' dir='ltr'><strong>εἰς</strong></span> <span class='ocrx_word' id='word_1_428' title='bbox 1318 3221 1377 3275; x_wconf 87' lang='grc' dir='ltr'>τὸ</span> <span class='ocrx_word' id='word_1_429' title='bbox 1406 3195 1706 3273; x_wconf 24' lang='grc' dir='ltr'>αὑτὸ-ἀπο-</span> 
     </span>
    </p>
   </div>
   <div class='ocr_carea' id='block_1_61' title="bbox 1794 3195 3345 3304">
    <p class='ocr_par' dir='ltr' id='par_1_61' title="bbox 1806 3230 3345 3304">
     <span class='ocr_line' id='line_1_62' title="bbox 1806 3230 3345 3304; baseline 0.004 -21"><span class='ocrx_word' id='word_1_430' title='bbox 1806 3230 1873 3285; x_wconf 90' lang='lat' dir='ltr'><strong>ad</strong></span> <span class='ocrx_word' id='word_1_431' title='bbox 1912 3230 2051 3285; x_wconf 90' lang='lat' dir='ltr'><strong>idem</strong></span> <span class='ocrx_word' id='word_1_432' title='bbox 2090 3246 2341 3286; x_wconf 85' lang='lat' dir='ltr'><strong>reversus</strong></span> <span class='ocrx_word' id='word_1_433' title='bbox 2382 3231 2568 3285; x_wconf 85' lang='lat' dir='ltr'><strong>definit</strong></span> <span class='ocrx_word' id='word_1_434' title='bbox 2624 3248 2862 3299; x_wconf 87' lang='lat' dir='ltr'><strong>annum;</strong></span> <span class='ocrx_word' id='word_1_435' title='bbox 2920 3236 3177 3304; x_wconf 80' lang='lat' dir='ltr'><strong>temporis</strong></span> <span class='ocrx_word' id='word_1_436' title='bbox 3213 3235 3345 3289; x_wconf 90' lang='lat' dir='ltr'><strong>illud</strong></span> 
     </span>
    </p>
   </div>
   <div class='ocr_carea' id='block_1_62' title="bbox 160 3308 1710 3393">
    <p class='ocr_par' dir='ltr' id='par_1_62' title="bbox 160 3308 1706 3389">
     <span class='ocr_line' id='line_1_63' title="bbox 160 3308 1706 3389; baseline -0.005 -20"><span class='ocrx_word' id='word_1_437' title='bbox 160 3312 542 3389; x_wconf 80' lang='grc' dir='ltr'>καθισταμένη,</span> <span class='ocrx_word' id='word_1_438' title='bbox 583 3319 673 3370; x_wconf 86' lang='grc' dir='ltr'><strong>τὸν</strong></span> <span class='ocrx_word' id='word_1_439' title='bbox 715 3316 954 3369; x_wconf 80' lang='grc' dir='ltr'>ἐνιαυτὸν</span> <span class='ocrx_word' id='word_1_440' title='bbox 997 3315 1164 3385; x_wconf 81' lang='grc' dir='ltr'>ὁρίζει</span> <span class='ocrx_word' id='word_1_441' title='bbox 1189 3330 1201 3343; x_wconf 86' lang='grc'><strong>·</strong></span> <span class='ocrx_word' id='word_1_442' title='bbox 1238 3313 1477 3374; x_wconf 90' lang='grc' dir='ltr'>.εἰκότως</span> <span class='ocrx_word' id='word_1_443' title='bbox 1515 3309 1605 3363; x_wconf 76' lang='grc' dir='ltr'><strong>καὶ</strong></span> <span class='ocrx_word' id='word_1_444' title='bbox 1648 3308 1706 3361; x_wconf 81' lang='grc' dir='ltr'>τὸ</span> 
     </span>
    </p>
   </div>
   <div class='ocr_carea' id='block_1_63' title="bbox 1794 3308 3346 3393">
    <p class='ocr_par' dir='ltr' id='par_1_63' title="bbox 1800 3319 3346 3393">
     <span class='ocr_line' id='line_1_64' title="bbox 1800 3319 3346 3393; baseline 0.001 -18"><span class='ocrx_word' id='word_1_445' title='bbox 1800 3319 2137 3375; x_wconf 88' lang='lat' dir='ltr'><strong>intervallum</strong></span> <span class='ocrx_word' id='word_1_446' title='bbox 2165 3321 2310 3390; x_wconf 89' lang='lat' dir='ltr'><strong>quod</strong></span> <span class='ocrx_word' id='word_1_447' title='bbox 2364 3323 2619 3377; x_wconf 88' lang='lat' dir='ltr'><strong>solarium</strong></span> <span class='ocrx_word' id='word_1_448' title='bbox 2664 3323 2987 3376; x_wconf 89' lang='lat' dir='ltr'><strong>circuituum</strong></span> <span class='ocrx_word' id='word_1_449' title='bbox 3037 3326 3205 3393; x_wconf 86' lang='lat' dir='ltr'><strong>spatia</strong></span> <span class='ocrx_word' id='word_1_450' title='bbox 3239 3326 3346 3379; x_wconf 82' lang='lat' dir='ltr'><strong>cir-</strong></span> 
     </span>
    </p>
   </div>
   <div class='ocr_carea' id='block_1_64' title="bbox 157 3401 1710 3484">
    <p class='ocr_par' dir='ltr' id='par_1_64' title="bbox 157 3401 1703 3477">
     <span class='ocr_line' id='line_1_65' title="bbox 157 3401 1703 3477; baseline -0.005 -18"><span class='ocrx_word' id='word_1_451' title='bbox 157 3406 465 3477; x_wconf 79' lang='grc' dir='ltr'>ὀριξόμενον</span> <span class='ocrx_word' id='word_1_452' title='bbox 506 3406 749 3477; x_wconf 76' lang='grc' dir='ltr'>χρονικὸν</span> <span class='ocrx_word' id='word_1_453' title='bbox 788 3406 1055 3476; x_wconf 86' lang='grc' dir='ltr'>διάστημα</span> <span class='ocrx_word' id='word_1_454' title='bbox 1110 3403 1213 3456; x_wconf 77' lang='grc' dir='ltr'>ὑπὸ</span> <span class='ocrx_word' id='word_1_455' title='bbox 1260 3403 1368 3455; x_wconf 88' lang='grc' dir='ltr'><strong>τῶν</strong></span> <span class='ocrx_word' id='word_1_456' title='bbox 1418 3402 1509 3455; x_wconf 92' lang='grc' dir='ltr'><strong>τοῦ</strong></span> <span class='ocrx_word' id='word_1_457' title='bbox 1558 3401 1703 3471; x_wconf 84' lang='grc' dir='ltr'>ἡλίου</span> 
     </span>
    </p>
   </div>
   <div class='ocr_carea' id='block_1_65' title="bbox 1794 3401 3342 3484">
    <p class='ocr_par' dir='ltr' id='par_1_65' title="bbox 1800 3412 3342 3484">
     <span class='ocr_line' id='line_1_66' title="bbox 1800 3412 3342 3484; baseline 0.003 -19"><span class='ocrx_word' id='word_1_458' title='bbox 1800 3412 2191 3474; x_wconf 88' lang='lat' dir='ltr'><strong>cumscribunt,</strong></span> <span class='ocrx_word' id='word_1_459' title='bbox 2216 3412 2451 3468; x_wconf 89' lang='lat' dir='ltr'><strong>circulus</strong></span> <span class='ocrx_word' id='word_1_460' title='bbox 2475 3414 2653 3467; x_wconf 86' lang='lat' dir='ltr'><strong>vocari</strong></span> <span class='ocrx_word' id='word_1_461' title='bbox 2676 3415 2871 3467; x_wconf 90' lang='lat' dir='ltr'><strong>meruit</strong></span> <span class='ocrx_word' id='word_1_462' title='bbox 2900 3429 2913 3465; x_wconf 93' lang='lat'><strong>:</strong></span> <span class='ocrx_word' id='word_1_463' title='bbox 2940 3430 3046 3484; x_wconf 86' lang='lat' dir='ltr'><strong>quo</strong></span> <span class='ocrx_word' id='word_1_464' title='bbox 3069 3431 3190 3468; x_wconf 89' lang='lat' dir='ltr'><strong>cum</strong></span> <span class='ocrx_word' id='word_1_465' title='bbox 3214 3417 3342 3469; x_wconf 90' lang='lat' dir='ltr'><strong>anni</strong></span> 
     </span>
    </p>
   </div>
   <div class='ocr_carea' id='block_1_66' title="bbox 158 3484 1703 3565">
    <p class='ocr_par' dir='ltr' id='par_1_66' title="bbox 158 3484 1703 3565">
     <span class='ocr_line' id='line_1_67' title="bbox 158 3484 1703 3565; baseline -0.006 -18"><span class='ocrx_word' id='word_1_466' title='bbox 158 3496 424 3548; x_wconf 85' lang='grc' dir='ltr'>κυκλικῶν</span> <span class='ocrx_word' id='word_1_467' title='bbox 472 3496 757 3565; x_wconf 87' lang='grc' dir='ltr'>κινήσεων,</span> <span class='ocrx_word' id='word_1_468' title='bbox 790 3493 817 3545; x_wconf 84' lang='grc' dir='ltr'><strong>ὁ</strong></span> <span class='ocrx_word' id='word_1_469' title='bbox 860 3492 953 3545; x_wconf 73' lang='grc' dir='ltr'>καὶ</span> <span class='ocrx_word' id='word_1_470' title='bbox 999 3490 1239 3545; x_wconf 84' lang='grc' dir='ltr'>ἐνιαυτὸν</span> <span class='ocrx_word' id='word_1_471' title='bbox 1284 3487 1573 3557; x_wconf 80' lang='grc' dir='ltr'>καλοῦμεν,</span> <span class='ocrx_word' id='word_1_472' title='bbox 1606 3484 1703 3538; x_wconf 91' lang='grc' dir='ltr'>κύ-</span> 
     </span>
    </p>
   </div>
   <div class='ocr_carea' id='block_1_67' title="bbox 159 3574 1702 3658">
    <p class='ocr_par' dir='ltr' id='par_1_67' title="bbox 159 3574 1702 3658">
     <span class='ocr_line' id='line_1_68' title="bbox 159 3574 1702 3658; baseline -0.007 -21"><span class='ocrx_word' id='word_1_473' title='bbox 159 3586 281 3649; x_wconf 81' lang='grc' dir='ltr'>κλος</span> <span class='ocrx_word' id='word_1_474' title='bbox 324 3586 521 3658; x_wconf 84' lang='grc' dir='ltr'>ἐκλήθη</span> <span class='ocrx_word' id='word_1_475' title='bbox 541 3602 554 3616; x_wconf 89' lang='grc'><strong>·</strong></span> <span class='ocrx_word' id='word_1_476' title='bbox 590 3583 1067 3653; x_wconf 84' lang='grc' dir='ltr'>συνεπινοουμένης</span> <span class='ocrx_word' id='word_1_477' title='bbox 1093 3583 1185 3635; x_wconf 75' lang='grc' dir='ltr'>καὶ</span> <span class='ocrx_word' id='word_1_478' title='bbox 1214 3581 1311 3650; x_wconf 80' lang='grc' dir='ltr'>τῆς</span> <span class='ocrx_word' id='word_1_479' title='bbox 1339 3578 1430 3631; x_wconf 88' lang='grc' dir='ltr'><strong>τοῦ</strong></span> <span class='ocrx_word' id='word_1_480' title='bbox 1460 3574 1702 3630; x_wconf 81' lang='grc' dir='ltr'>ἐνιαυτοῦ</span> 
     </span>
    </p>
   </div>
   <div class='ocr_carea' id='block_1_68' title="bbox 153 3667 1701 3747">
    <p class='ocr_par' dir='ltr' id='par_1_68' title="bbox 153 3667 1701 3747">
     <span class='ocr_line' id='line_1_69' title="bbox 153 3667 1701 3747; baseline -0.007 -17"><span class='ocrx_word' id='word_1_481' title='bbox 153 3677 411 3747; x_wconf 82' lang='grc' dir='ltr'>κλήσεως,</span> <span class='ocrx_word' id='word_1_482' title='bbox 446 3675 673 3739; x_wconf 78' lang='grc' dir='ltr'>ἐντελῶς</span> <span class='ocrx_word' id='word_1_483' title='bbox 715 3674 909 3738; x_wconf 85' lang='grc' dir='ltr'>κύκλος</span> <span class='ocrx_word' id='word_1_484' title='bbox 955 3672 1217 3736; x_wconf 74' lang='grc' dir='ltr'>ἐνιαύσιος</span> <span class='ocrx_word' id='word_1_485' title='bbox 1263 3670 1348 3741; x_wconf 78' lang='grc' dir='ltr'><strong>εἴη</strong></span> <span class='ocrx_word' id='word_1_486' title='bbox 1380 3668 1445 3723; x_wconf 85' lang='grc' dir='ltr'><strong>ἂν</strong></span> <span class='ocrx_word' id='word_1_487' title='bbox 1487 3667 1701 3737; x_wconf 85' lang='grc' dir='ltr'>ὠνομα-</span> 
     </span>
    </p>
   </div>
   <div class='ocr_carea' id='block_1_69' title="bbox 148 3768 609 3837">
    <p class='ocr_par' dir='ltr' id='par_1_69' title="bbox 148 3768 609 3837">
     <span class='ocr_line' id='line_1_70' title="bbox 148 3768 609 3837; baseline 0 -17"><span class='ocrx_word' id='word_1_488' title='bbox 148 3768 363 3837; x_wconf 76' lang='grc' dir='ltr'>σμένος.</span> <span class='ocrx_word' id='word_1_489' title='bbox 604 3775 609 3784; x_wconf 93' lang='grc'><em>’</em></span> 
     </span>
    </p>
   </div>
   <div class='ocr_carea' id='block_1_70' title="bbox 213 3848 1700 3930">
    <p class='ocr_par' dir='ltr' id='par_1_70' title="bbox 213 3848 1700 3930">
     <span class='ocr_line' id='line_1_71' title="bbox 213 3848 1700 3930; baseline -0.008 -18"><span class='ocrx_word' id='word_1_490' title='bbox 213 3862 445 3930; x_wconf 82' lang='grc' dir='ltr'>Προῖασι</span> <span class='ocrx_word' id='word_1_491' title='bbox 472 3860 517 3913; x_wconf 83' lang='grc' dir='ltr'>δ’</span> <span class='ocrx_word' id='word_1_492' title='bbox 551 3860 599 3912; x_wconf 85' lang='grc' dir='ltr'>οἱ</span> <span class='ocrx_word' id='word_1_493' title='bbox 630 3857 883 3912; x_wconf 75' lang='grc' dir='ltr'>ἐνιαύσιοι</span> <span class='ocrx_word' id='word_1_494' title='bbox 907 3850 1050 3911; x_wconf 77' lang='grc' dir='ltr'>οὗτοι</span> <span class='ocrx_word' id='word_1_495' title='bbox 1084 3856 1270 3908; x_wconf 85' lang='grc' dir='ltr'>κύκλοι</span> <span class='ocrx_word' id='word_1_496' title='bbox 1298 3852 1390 3906; x_wconf 92' lang='grc' dir='ltr'><strong>τοῦ</strong></span> <span class='ocrx_word' id='word_1_497' title='bbox 1417 3850 1563 3922; x_wconf 91' lang='grc' dir='ltr'>ἡλίου</span> <span class='ocrx_word' id='word_1_498' title='bbox 1607 3848 1700 3917; x_wconf 84' lang='grc' dir='ltr'><strong>ἀφ’</strong></span> 
     </span>
    </p>
   </div>
   <div class='ocr_carea' id='block_1_71' title="bbox 146 3942 1699 4021">
    <p class='ocr_par' dir='ltr' id='par_1_71' title="bbox 146 3942 1699 4021">
     <span class='ocr_line' id='line_1_72' title="bbox 146 3942 1699 4021; baseline -0.006 -17"><span class='ocrx_word' id='word_1_499' title='bbox 146 3952 256 4014; x_wconf 73' lang='grc' dir='ltr'>ἑνὸς</span> <span class='ocrx_word' id='word_1_500' title='bbox 286 3950 419 4021; x_wconf 72' lang='grc' dir='ltr'>ἄχρι</span> <span class='ocrx_word' id='word_1_501' title='bbox 448 3949 557 4003; x_wconf 89' lang='grc' dir='ltr'><strong>τῶν</strong></span> <span class='ocrx_word' id='word_1_502' title='bbox 586 3955 691 4019; x_wconf 85' lang='grc' dir='ltr'>κη’,</span> <span class='ocrx_word' id='word_1_503' title='bbox 723 3951 814 4001; x_wconf 76' lang='grc' dir='ltr'><strong>καὶ</strong></span> <span class='ocrx_word' id='word_1_504' title='bbox 842 3949 999 4002; x_wconf 82' lang='grc' dir='ltr'>πάλιν</span> <span class='ocrx_word' id='word_1_505' title='bbox 1030 3948 1200 4018; x_wconf 79' lang='grc' dir='ltr'>ἀρχὴν</span> <span class='ocrx_word' id='word_1_506' title='bbox 1226 3945 1583 4015; x_wconf 86' lang='grc' dir='ltr'>λαμϐάνουσιν</span> <span class='ocrx_word' id='word_1_507' title='bbox 1608 3942 1699 4009; x_wconf 84' lang='grc' dir='ltr'><strong>ἀφ’</strong></span> 
     </span>
    </p>
   </div>
   <div class='ocr_carea' id='block_1_72' title="bbox 146 4040 872 4111">
    <p class='ocr_par' dir='ltr' id='par_1_72' title="bbox 146 4040 872 4111">
     <span class='ocr_line' id='line_1_73' title="bbox 146 4040 872 4111; baseline -0.003 -16"><span class='ocrx_word' id='word_1_508' title='bbox 146 4044 281 4105; x_wconf 76' lang='grc' dir='ltr'>ἐνὸς,</span> <span class='ocrx_word' id='word_1_509' title='bbox 301 4043 371 4093; x_wconf 85' lang='grc' dir='ltr'>δι’</span> <span class='ocrx_word' id='word_1_510' title='bbox 407 4041 584 4094; x_wconf 80' lang='grc' dir='ltr'>αἰτίαν</span> <span class='ocrx_word' id='word_1_511' title='bbox 607 4040 872 4111; x_wconf 83' lang='grc' dir='ltr'>τοιαύτην.</span> 
     </span>
    </p>
   </div>
   <div class='ocr_carea' id='block_1_73' title="bbox 156 4147 1697 4276">
    <p class='ocr_par' dir='ltr' id='par_1_73' title="bbox 156 4147 1697 4276">
     <span class='ocr_line' id='line_1_74' title="bbox 156 4147 1697 4276; baseline -0.007 -66"><span class='ocrx_word' id='word_1_512' title='bbox 156 4158 256 4210; x_wconf 83' lang='grc' dir='ltr'><strong>Διὰ</strong></span> <span class='ocrx_word' id='word_1_513' title='bbox 311 4154 369 4209; x_wconf 81' lang='grc' dir='ltr'><strong>τί</strong></span> <span class='ocrx_word' id='word_1_514' title='bbox 408 4153 583 4222; x_wconf 79' lang='grc' dir='ltr'>μέχρι</span> <span class='ocrx_word' id='word_1_515' title='bbox 648 4151 764 4205; x_wconf 84' lang='grc' dir='ltr'>τῶν</span> <span class='ocrx_word' id='word_1_516' title='bbox 812 4153 1217 4276; x_wconf 44' lang='grc' dir='ltr'>κηῇτροΐασιν</span> <span class='ocrx_word' id='word_1_517' title='bbox 1264 4152 1316 4203; x_wconf 83' lang='grc' dir='ltr'>οι</span> <span class='ocrx_word' id='word_1_518' title='bbox 1369 4148 1475 4203; x_wconf 83' lang='grc' dir='ltr'><strong>τοῦ</strong></span> <span class='ocrx_word' id='word_1_519' title='bbox 1518 4147 1697 4215; x_wconf 71' lang='grc' dir='ltr'>ἡλίου</span> 
     </span>
     <span class='ocr_line' id='line_1_75' title="bbox 812 4240 1041 4276; baseline 0 0"><span class='ocrx_word' id='word_1_520' title='bbox 812 4240 884 4276; x_wconf 71' lang='lat' dir='ltr'><strong>xv</strong></span> <span class='ocrx_word' id='word_1_521' title='bbox 968 4241 1041 4276; x_wconf 92' lang='grc' dir='ltr'><strong>οι.</strong></span> 
     </span>
    </p>
   </div>
   <div class='ocr_carea' id='block_1_74' title="bbox 812 4240 1041 4277">
    <p class='ocr_par' dir='ltr' id='par_1_74' title="bbox 812 4240 1041 4277">
     <span class='ocr_line' id='line_1_76' title="bbox 812 4240 1041 4277; baseline -0.004 0"><span class='ocrx_word' id='word_1_522' title='bbox 812 4240 1041 4277; x_wconf 61' lang='grc' dir='ltr'>κυκλοι.</span> 
     </span>
    </p>
   </div>
   <div class='ocr_carea' id='block_1_75' title="bbox 225 4289 1698 4411">
    <p class='ocr_par' dir='ltr' id='par_1_75' title="bbox 225 4289 1698 4411">
     <span class='ocr_line' id='line_1_77' title="bbox 225 4289 1698 4411; baseline -0.003 -20"><span class='ocrx_word' id='word_1_523' title='bbox 225 4339 299 4391; x_wconf 88' lang='lat' dir='ltr'><strong>B&#39;.</strong></span> <span class='ocrx_word' id='word_1_524' title='bbox 336 4338 440 4391; x_wconf 86' lang='grc' dir='ltr'><strong>Τοῦ</strong></span> <span class='ocrx_word' id='word_1_525' title='bbox 462 4336 787 4411; x_wconf 86' lang='grc' dir='ltr'>δημιουργοῦ</span> <span class='ocrx_word' id='word_1_526' title='bbox 808 4337 913 4390; x_wconf 88' lang='grc' dir='ltr'><strong>τῶν</strong></span> <span class='ocrx_word' id='word_1_527' title='bbox 941 4337 1074 4390; x_wconf 84' lang='grc' dir='ltr'>ὅλων</span> <span class='ocrx_word' id='word_1_528' title='bbox 1107 4336 1239 4389; x_wconf 87' lang='grc' dir='ltr'>Θεοῦ</span> <span class='ocrx_word' id='word_1_529' title='bbox 1259 4335 1415 4407; x_wconf 86' lang='grc' dir='ltr'>τήνδε</span> <span class='ocrx_word' id='word_1_530' title='bbox 1561 4336 1698 4406; x_wconf 84' lang='grc' dir='ltr'>ὁρω-</span> 
     </span>
    </p>
   </div>
   <div class='ocr_carea' id='block_1_76' title="bbox 158 4425 1695 4503">
    <p class='ocr_par' dir='ltr' id='par_1_76' title="bbox 158 4425 1695 4503">
     <span class='ocr_line' id='line_1_78' title="bbox 158 4425 1695 4503; baseline -0.001 -20"><span class='ocrx_word' id='word_1_531' title='bbox 158 4432 323 4503; x_wconf 85' lang='grc' dir='ltr'>μένην</span> <span class='ocrx_word' id='word_1_532' title='bbox 351 4433 525 4485; x_wconf 85' lang='grc' dir='ltr'>πᾶσαν</span> <span class='ocrx_word' id='word_1_533' title='bbox 556 4432 728 4485; x_wconf 85' lang='grc' dir='ltr'>κτίσιν</span> <span class='ocrx_word' id='word_1_534' title='bbox 751 4432 807 4483; x_wconf 86' lang='grc' dir='ltr'><strong>ἐν</strong></span> <span class='ocrx_word' id='word_1_535' title='bbox 835 4430 1065 4501; x_wconf 80' lang='grc' dir='ltr'>ἡμέραις</span> <span class='ocrx_word' id='word_1_536' title='bbox 1093 4430 1151 4493; x_wconf 79' lang='grc' dir='ltr'>ἓξ</span> <span class='ocrx_word' id='word_1_537' title='bbox 1170 4431 1248 4493; x_wconf 87' lang='grc' dir='ltr'><strong>εἰς</strong></span> <span class='ocrx_word' id='word_1_538' title='bbox 1275 4430 1333 4482; x_wconf 87' lang='grc' dir='ltr'>τὸ</span> <span class='ocrx_word' id='word_1_539' title='bbox 1357 4425 1493 4482; x_wconf 82' lang='grc' dir='ltr'>εἶναι</span> <span class='ocrx_word' id='word_1_540' title='bbox 1520 4445 1695 4499; x_wconf 86' lang='grc' dir='ltr'>παρα-</span> 
     </span>
    </p>
   </div>
   <div class='ocr_carea' id='block_1_77' title="bbox 1800 3500 3344 3576">
    <p class='ocr_par' dir='ltr' id='par_1_77' title="bbox 1800 3500 3344 3576">
     <span class='ocr_line' id='line_1_79' title="bbox 1800 3500 3344 3576; baseline 0 -17"><span class='ocrx_word' id='word_1_541' title='bbox 1800 3520 2014 3575; x_wconf 89' lang='lat' dir='ltr'><strong>quoque</strong></span> <span class='ocrx_word' id='word_1_542' title='bbox 2049 3500 2632 3576; x_wconf 79' lang='lat' dir='ltr'><strong>appellationejuricta,</strong></span> <span class='ocrx_word' id='word_1_543' title='bbox 2656 3520 2870 3560; x_wconf 88' lang='lat' dir='ltr'><strong>annuus</strong></span> <span class='ocrx_word' id='word_1_544' title='bbox 2896 3505 3135 3560; x_wconf 88' lang='lat' dir='ltr'><strong>circulus</strong></span> <span class='ocrx_word' id='word_1_545' title='bbox 3171 3507 3344 3561; x_wconf 86' lang='lat' dir='ltr'><strong>nomi-</strong></span> 
     </span>
    </p>
   </div>
   <div class='ocr_carea' id='block_1_78' title="bbox 1801 3602 1979 3652">
    <p class='ocr_par' dir='ltr' id='par_1_78' title="bbox 1801 3602 1979 3652">
     <span class='ocr_line' id='line_1_80' title="bbox 1801 3602 1979 3652; baseline 0.022 -4"><span class='ocrx_word' id='word_1_546' title='bbox 1801 3602 1979 3652; x_wconf 84' lang='lat' dir='ltr'><strong>natur.</strong></span> 
     </span>
    </p>
   </div>
   <div class='ocr_carea' id='block_1_79' title="bbox 1862 3857 3339 3927">
    <p class='ocr_par' dir='ltr' id='par_1_79' title="bbox 1862 3857 3339 3927">
     <span class='ocr_line' id='line_1_81' title="bbox 1862 3857 3339 3927; baseline -0.002 -13"><span class='ocrx_word' id='word_1_547' title='bbox 1862 3858 2029 3914; x_wconf 90' lang='lat' dir='ltr'><strong>Porro</strong></span> <span class='ocrx_word' id='word_1_548' title='bbox 2057 3859 2278 3914; x_wconf 86' lang='lat' dir='ltr'><strong>annales</strong></span> <span class='ocrx_word' id='word_1_549' title='bbox 2307 3858 2396 3914; x_wconf 91' lang='lat' dir='ltr'><strong>isti</strong></span> <span class='ocrx_word' id='word_1_550' title='bbox 2417 3857 2604 3913; x_wconf 87' lang='lat' dir='ltr'><strong>circuli</strong></span> <span class='ocrx_word' id='word_1_551' title='bbox 2626 3857 2755 3913; x_wconf 90' lang='lat' dir='ltr'><strong>solis</strong></span> <span class='ocrx_word' id='word_1_552' title='bbox 2779 3859 2846 3912; x_wconf 90' lang='lat' dir='ltr'><strong>ab</strong></span> <span class='ocrx_word' id='word_1_553' title='bbox 2873 3872 2891 3911; x_wconf 87' lang='grc' dir='ltr'>ι</span> <span class='ocrx_word' id='word_1_554' title='bbox 2924 3857 2991 3912; x_wconf 86' lang='lat' dir='ltr'><strong>ad</strong></span> <span class='ocrx_word' id='word_1_555' title='bbox 3018 3873 3187 3912; x_wconf 78' lang='lat' dir='ltr'><strong>xxvm</strong></span> <span class='ocrx_word' id='word_1_556' title='bbox 3213 3871 3339 3927; x_wconf 89' lang='lat' dir='ltr'><strong>pro-</strong></span> 
     </span>
    </p>
   </div>
   <div class='ocr_carea' id='block_1_80' title="bbox 1797 3947 3335 4021">
    <p class='ocr_par' dir='ltr' id='par_1_80' title="bbox 1797 3947 3335 4021">
     <span class='ocr_line' id='line_1_82' title="bbox 1797 3947 3335 4021; baseline -0.001 -19"><span class='ocrx_word' id='word_1_557' title='bbox 1797 3950 2128 4021; x_wconf 71' lang='lat' dir='ltr'><strong>gressionem</strong></span> <span class='ocrx_word' id='word_1_558' title='bbox 2149 3947 2391 4012; x_wconf 82' lang='lat' dir='ltr'><strong>faciunt;</strong></span> <span class='ocrx_word' id='word_1_559' title='bbox 2440 3948 2670 4018; x_wconf 84' lang='lat' dir='ltr'><strong>indeque</strong></span> <span class='ocrx_word' id='word_1_560' title='bbox 2718 3949 2787 4003; x_wconf 88' lang='lat' dir='ltr'><strong>ab</strong></span> <span class='ocrx_word' id='word_1_561' title='bbox 2836 3964 2946 4002; x_wconf 91' lang='lat' dir='ltr'><strong>uno</strong></span> <span class='ocrx_word' id='word_1_562' title='bbox 3003 3963 3193 4002; x_wconf 90' lang='lat' dir='ltr'><strong>rursus</strong></span> <span class='ocrx_word' id='word_1_563' title='bbox 3249 3949 3335 4001; x_wconf 89' lang='lat' dir='ltr'><strong>in-</strong></span> 
     </span>
    </p>
   </div>
   <div class='ocr_carea' id='block_1_81' title="bbox 1797 4037 3054 4121">
    <p class='ocr_par' dir='ltr' id='par_1_81' title="bbox 1797 4037 3054 4121">
     <span class='ocr_line' id='line_1_83' title="bbox 1797 4037 3054 4121; baseline -0.002 -27"><span class='ocrx_word' id='word_1_564' title='bbox 1797 4042 2067 4095; x_wconf 90' lang='lat' dir='ltr'><strong>choantur</strong></span> <span class='ocrx_word' id='word_1_565' title='bbox 2103 4055 2115 4089; x_wconf 90' lang='lat'><strong>:</strong></span> <span class='ocrx_word' id='word_1_566' title='bbox 2154 4041 2296 4107; x_wconf 90' lang='lat' dir='ltr'><strong>quod</strong></span> <span class='ocrx_word' id='word_1_567' title='bbox 2332 4040 2403 4093; x_wconf 91' lang='lat' dir='ltr'><strong>ob</strong></span> <span class='ocrx_word' id='word_1_568' title='bbox 2433 4040 2811 4121; x_wconf 21' lang='lat' dir='ltr'><strong>hanc‘causam</strong></span> <span class='ocrx_word' id='word_1_569' title='bbox 2838 4037 3054 4092; x_wconf 85' lang='lat' dir='ltr'><strong>accidit.</strong></span> 
     </span>
    </p>
   </div>
   <div class='ocr_carea' id='block_1_82' title="bbox 1801 4148 3335 4273">
    <p class='ocr_par' dir='ltr' id='par_1_82' title="bbox 1801 4148 3335 4273">
     <span class='ocr_line' id='line_1_84' title="bbox 1801 4148 3335 4273; baseline -0.001 -68"><span class='ocrx_word' id='word_1_570' title='bbox 1801 4151 1954 4222; x_wconf 78' lang='lat'><strong>195</strong></span> <span class='ocrx_word' id='word_1_571' title='bbox 2017 4150 2190 4216; x_wconf 76' lang='lat' dir='ltr'><strong>Quare</strong></span> <span class='ocrx_word' id='word_1_572' title='bbox 2232 4150 2299 4203; x_wconf 84' lang='lat' dir='ltr'><strong>ad</strong></span> <span class='ocrx_word' id='word_1_573' title='bbox 2352 4165 2524 4231; x_wconf 70' lang='lat' dir='ltr'><strong>xxvrtt</strong></span> <span class='ocrx_word' id='word_1_574' title='bbox 2576 4165 2737 4273; x_wconf 65' lang='lat' dir='ltr'><strong>ulsque</strong></span> <span class='ocrx_word' id='word_1_575' title='bbox 2796 4151 3077 4216; x_wconf 75' lang='lat' dir='ltr'><strong>procedunt</strong></span> <span class='ocrx_word' id='word_1_576' title='bbox 3138 4148 3335 4203; x_wconf 75' lang='lat' dir='ltr'><strong>solare:</strong></span> 
     </span>
     <span class='ocr_line' id='line_1_85' title="bbox 2452 4236 2660 4273; baseline -0.005 0"><span class='ocrx_word' id='word_1_577' title='bbox 2452 4236 2596 4273; x_wconf 75' lang='lat' dir='ltr'><strong>czrcu</strong></span> <span class='ocrx_word' id='word_1_578' title='bbox 2623 4237 2660 4272; x_wconf 81' lang='grc' dir='ltr'><strong>ι.</strong></span> 
     </span>
    </p>
   </div>
   <div class='ocr_carea' id='block_1_83' title="bbox 2452 4236 2660 4273">
    <p class='ocr_par' dir='ltr' id='par_1_83' title="bbox 2452 4236 2660 4273">
     <span class='ocr_line' id='line_1_86' title="bbox 2452 4236 2660 4273; baseline -0.005 0"><span class='ocrx_word' id='word_1_579' title='bbox 2452 4236 2660 4273; x_wconf 77' lang='lat' dir='ltr'><strong>czrcutt.</strong></span> 
     </span>
    </p>
   </div>
   <div class='ocr_carea' id='block_1_84' title="bbox 1863 4328 3335 4385">
    <p class='ocr_par' dir='ltr' id='par_1_84' title="bbox 1863 4328 3335 4385">
     <span class='ocr_line' id='line_1_87' title="bbox 1863 4328 3335 4385; baseline -0.002 -1"><span class='ocrx_word' id='word_1_580' title='bbox 1863 4330 1925 4385; x_wconf 87' lang='lat' dir='ltr'><strong>ll.</strong></span> <span class='ocrx_word' id='word_1_581' title='bbox 1964 4330 2099 4385; x_wconf 87' lang='lat' dir='ltr'><strong>Cum</strong></span> <span class='ocrx_word' id='word_1_582' title='bbox 2134 4329 2326 4385; x_wconf 76' lang='lat' dir='ltr'><strong>artifex</strong></span> <span class='ocrx_word' id='word_1_583' title='bbox 2360 4345 2540 4385; x_wconf 89' lang='lat' dir='ltr'><strong>rerum</strong></span> <span class='ocrx_word' id='word_1_584' title='bbox 2564 4329 2804 4383; x_wconf 91' lang='lat' dir='ltr'><strong>omnium</strong></span> <span class='ocrx_word' id='word_1_585' title='bbox 2834 4328 2975 4383; x_wconf 91' lang='lat' dir='ltr'><strong>Deus</strong></span> <span class='ocrx_word' id='word_1_586' title='bbox 3006 4336 3169 4381; x_wconf 89' lang='lat' dir='ltr'><strong>totam</strong></span> <span class='ocrx_word' id='word_1_587' title='bbox 3198 4328 3335 4381; x_wconf 87' lang='lat' dir='ltr'><strong>hanc</strong></span> 
     </span>
    </p>
   </div>
   <div class='ocr_carea' id='block_1_85' title="bbox 1795 4419 3335 4477">
    <p class='ocr_par' dir='ltr' id='par_1_85' title="bbox 1795 4419 3335 4477">
     <span class='ocr_line' id='line_1_88' title="bbox 1795 4419 3335 4477; baseline -0.003 -1"><span class='ocrx_word' id='word_1_588' title='bbox 1795 4430 2095 4477; x_wconf 90' lang='lat' dir='ltr'><strong>creatarum</strong></span> <span class='ocrx_word' id='word_1_589' title='bbox 2126 4437 2305 4476; x_wconf 89' lang='lat' dir='ltr'><strong>rerum</strong></span> <span class='ocrx_word' id='word_1_590' title='bbox 2337 4420 2744 4475; x_wconf 86' lang='lat' dir='ltr'><strong>universitatem</strong></span> <span class='ocrx_word' id='word_1_591' title='bbox 2788 4420 3005 4474; x_wconf 85' lang='lat' dir='ltr'><strong>molitus</strong></span> <span class='ocrx_word' id='word_1_592' title='bbox 3047 4421 3115 4473; x_wconf 85' lang='lat' dir='ltr'><strong>sit</strong></span> <span class='ocrx_word' id='word_1_593' title='bbox 3146 4419 3335 4472; x_wconf 86' lang='lat' dir='ltr'><strong>diebus</strong></span> 
     </span>
    </p>
   </div>
   <div class='ocr_carea' id='block_1_86' title="bbox 154 4509 1710 4595">
    <p class='ocr_par' dir='ltr' id='par_1_86' title="bbox 154 4521 1694 4595">
     <span class='ocr_line' id='line_1_89' title="bbox 154 4521 1694 4595; baseline 0.009 -24"><span class='ocrx_word' id='word_1_594' title='bbox 154 4525 431 4591; x_wconf 79' lang='grc' dir='ltr'>γαγόντος,</span> <span class='ocrx_word' id='word_1_595' title='bbox 470 4527 533 4595; x_wconf 84' lang='grc' dir='ltr'>τῇ</span> <span class='ocrx_word' id='word_1_596' title='bbox 569 4524 611 4577; x_wconf 87' lang='grc' dir='ltr'>δ’</span> <span class='ocrx_word' id='word_1_597' title='bbox 656 4522 850 4594; x_wconf 81' lang='grc' dir='ltr'>ἑϐδόμῃ</span> <span class='ocrx_word' id='word_1_598' title='bbox 880 4523 1386 4592; x_wconf 85' lang='grc' dir='ltr'>καταπαυσαμένου,</span> <span class='ocrx_word' id='word_1_599' title='bbox 1423 4522 1558 4591; x_wconf 83' lang='grc' dir='ltr'>ὠςὴ</span> <span class='ocrx_word' id='word_1_600' title='bbox 1597 4521 1694 4590; x_wconf 71' lang='grc' dir='ltr'><strong>τῆς</strong></span> 
     </span>
    </p>
   </div>
   <div class='ocr_carea' id='block_1_87' title="bbox 1794 4509 3334 4595">
    <p class='ocr_par' dir='ltr' id='par_1_87' title="bbox 1795 4509 3334 4580">
     <span class='ocr_line' id='line_1_90' title="bbox 1795 4509 3334 4580; baseline -0.003 -14"><span class='ocrx_word' id='word_1_601' title='bbox 1795 4513 2015 4566; x_wconf 87' lang='lat' dir='ltr'><strong>omnino</strong></span> <span class='ocrx_word' id='word_1_602' title='bbox 2040 4528 2130 4567; x_wconf 82' lang='lat' dir='ltr'><strong>sex</strong></span> <span class='ocrx_word' id='word_1_603' title='bbox 2153 4552 2167 4578; x_wconf 95' lang='lat'><strong>,</strong></span> <span class='ocrx_word' id='word_1_604' title='bbox 2196 4511 2424 4580; x_wconf 87' lang='lat' dir='ltr'><strong>septima</strong></span> <span class='ocrx_word' id='word_1_605' title='bbox 2450 4510 2795 4579; x_wconf 83' lang='lat' dir='ltr'><strong>requieverit,</strong></span> <span class='ocrx_word' id='word_1_606' title='bbox 2830 4520 2890 4563; x_wconf 91' lang='lat' dir='ltr'><strong>ut</strong></span> <span class='ocrx_word' id='word_1_607' title='bbox 2911 4518 2992 4564; x_wconf 87' lang='lat' dir='ltr'><strong>est</strong></span> <span class='ocrx_word' id='word_1_608' title='bbox 3022 4510 3073 4575; x_wconf 87' lang='lat' dir='ltr'><strong>in</strong></span> <span class='ocrx_word' id='word_1_609' title='bbox 3109 4509 3334 4562; x_wconf 79' lang='lat' dir='ltr'><strong>historia</strong></span> 
     </span>
    </p>
   </div>
   <div class='ocr_carea' id='block_1_88' title="bbox 153 4612 1693 4685">
    <p class='ocr_par' dir='ltr' id='par_1_88' title="bbox 153 4612 1693 4685">
     <span class='ocr_line' id='line_1_91' title="bbox 153 4612 1693 4685; baseline -0.001 -19"><span class='ocrx_word' id='word_1_610' title='bbox 153 4616 419 4677; x_wconf 87' lang='grc' dir='ltr'>Γενέσεως</span> <span class='ocrx_word' id='word_1_611' title='bbox 448 4616 644 4685; x_wconf 77' lang='grc' dir='ltr'>ἱστορεῖ</span> <span class='ocrx_word' id='word_1_612' title='bbox 667 4614 860 4684; x_wconf 87' lang='grc' dir='ltr'>βίϐλος,</span> <span class='ocrx_word' id='word_1_613' title='bbox 882 4615 908 4667; x_wconf 86' lang='grc' dir='ltr'><strong>ὁ</strong></span> <span class='ocrx_word' id='word_1_614' title='bbox 936 4614 1048 4684; x_wconf 85' lang='grc' dir='ltr'>μετ’</span> <span class='ocrx_word' id='word_1_615' title='bbox 1069 4614 1278 4684; x_wconf 88' lang='grc' dir='ltr'>ἐκείνην</span> <span class='ocrx_word' id='word_1_616' title='bbox 1301 4614 1398 4685; x_wconf 82' lang='grc' dir='ltr'><strong>τὴν</strong></span> <span class='ocrx_word' id='word_1_617' title='bbox 1427 4612 1693 4683; x_wconf 86' lang='grc' dir='ltr'>ἑϐδομάδα</span> 
     </span>
    </p>
   </div>
   <div class='ocr_carea' id='block_1_89' title="bbox 155 4702 1694 4777">
    <p class='ocr_par' dir='ltr' id='par_1_89' title="bbox 155 4702 1694 4777">
     <span class='ocr_line' id='line_1_92' title="bbox 155 4702 1694 4777; baseline -0.001 -18"><span class='ocrx_word' id='word_1_618' title='bbox 155 4708 744 4777; x_wconf 85' lang='grc' dir='ltr'>συμπαρεκτεινόμενος</span> <span class='ocrx_word' id='word_1_619' title='bbox 795 4707 1168 4777; x_wconf 79' lang='grc' dir='ltr'>ἂπαςχρόνος</span> <span class='ocrx_word' id='word_1_620' title='bbox 1214 4709 1323 4769; x_wconf 88' lang='grc' dir='ltr'>τοῖς</span> <span class='ocrx_word' id='word_1_621' title='bbox 1356 4702 1503 4758; x_wconf 79' lang='grc' dir='ltr'>οὖσιν</span> <span class='ocrx_word' id='word_1_622' title='bbox 1548 4706 1694 4759; x_wconf 86' lang='grc' dir='ltr'>ἐϐδο-</span> 
     </span>
    </p>
   </div>
   <div class='ocr_carea' id='block_1_90' title="bbox 156 4797 1689 4870">
    <p class='ocr_par' dir='ltr' id='par_1_90' title="bbox 156 4797 1689 4870">
     <span class='ocr_line' id='line_1_93' title="bbox 156 4797 1689 4870; baseline 0.001 -22"><span class='ocrx_word' id='word_1_623' title='bbox 156 4797 398 4867; x_wconf 85' lang='grc' dir='ltr'>ματικῶς</span> <span class='ocrx_word' id='word_1_624' title='bbox 426 4801 541 4850; x_wconf 86' lang='grc' dir='ltr'>κατ’</span> <span class='ocrx_word' id='word_1_625' title='bbox 558 4800 769 4870; x_wconf 82' lang='grc' dir='ltr'>ἐκείνην</span> <span class='ocrx_word' id='word_1_626' title='bbox 794 4803 1085 4870; x_wconf 81' lang='grc' dir='ltr'>μετρεῖται.</span> <span class='ocrx_word' id='word_1_627' title='bbox 1101 4798 1342 4869; x_wconf 81' lang='grc' dir='ltr'>Κάπειδὴ</span> <span class='ocrx_word' id='word_1_628' title='bbox 1363 4798 1499 4866; x_wconf 73' lang='grc' dir='ltr'><strong>καὶὸ</strong></span> <span class='ocrx_word' id='word_1_629' title='bbox 1522 4798 1689 4868; x_wconf 76' lang='grc' dir='ltr'>ἥλιος,</span> 
     </span>
    </p>
   </div>
   <div class='ocr_carea' id='block_1_91' title="bbox 152 4877 1692 4959">
    <p class='ocr_par' dir='ltr' id='par_1_91' title="bbox 152 4877 1692 4959">
     <span class='ocr_line' id='line_1_94' title="bbox 152 4877 1692 4959; baseline 0.001 -21"><span class='ocrx_word' id='word_1_630' title='bbox 152 4887 245 4956; x_wconf 75' lang='grc' dir='ltr'><strong>τὴν</strong></span> <span class='ocrx_word' id='word_1_631' title='bbox 286 4886 420 4938; x_wconf 82' lang='grc' dir='ltr'>ἰδίαν</span> <span class='ocrx_word' id='word_1_632' title='bbox 443 4886 754 4956; x_wconf 88' lang='grc' dir='ltr'>ποιούμενος</span> <span class='ocrx_word' id='word_1_633' title='bbox 782 4877 1012 4959; x_wconf 77' lang='grc' dir='ltr'>κίνησιν,</span> <span class='ocrx_word' id='word_1_634' title='bbox 1042 4886 1147 4939; x_wconf 81' lang='grc' dir='ltr'><strong>ἀπὺ</strong></span> <span class='ocrx_word' id='word_1_635' title='bbox 1185 4885 1277 4938; x_wconf 90' lang='grc' dir='ltr'><strong>τοῦ</strong></span> <span class='ocrx_word' id='word_1_636' title='bbox 1321 4884 1481 4939; x_wconf 83' lang='grc' dir='ltr'>αὐτοῦ</span> <span class='ocrx_word' id='word_1_637' title='bbox 1526 4889 1605 4948; x_wconf 88' lang='grc' dir='ltr'><strong>εἰς</strong></span> <span class='ocrx_word' id='word_1_638' title='bbox 1633 4887 1692 4939; x_wconf 81' lang='grc' dir='ltr'>τὸ</span> 
     </span>
    </p>
   </div>
   <div class='ocr_carea' id='block_1_92' title="bbox 152 4976 1688 5049">
    <p class='ocr_par' dir='ltr' id='par_1_92' title="bbox 152 4976 1688 5049">
     <span class='ocr_line' id='line_1_95' title="bbox 152 4976 1688 5049; baseline -0.001 -18"><span class='ocrx_word' id='word_1_639' title='bbox 152 4981 279 5032; x_wconf 76' lang='grc' dir='ltr'>αὐτὸ</span> <span class='ocrx_word' id='word_1_640' title='bbox 308 4982 525 5049; x_wconf 87' lang='grc' dir='ltr'>σημεῖον</span> <span class='ocrx_word' id='word_1_641' title='bbox 548 4979 613 5031; x_wconf 92' lang='grc' dir='ltr'>δι’</span> <span class='ocrx_word' id='word_1_642' title='bbox 645 4979 862 5049; x_wconf 85' lang='grc' dir='ltr'>ἡμερῶν</span> <span class='ocrx_word' id='word_1_643' title='bbox 895 4976 997 5045; x_wconf 80' lang='grc' dir='ltr'>τξε¹</span> <span class='ocrx_word' id='word_1_644' title='bbox 1038 4980 1129 5032; x_wconf 74' lang='grc' dir='ltr'><strong>καὶ</strong></span> <span class='ocrx_word' id='word_1_645' title='bbox 1157 4978 1194 5030; x_wconf 84' lang='grc' dir='ltr'>δ’</span> <span class='ocrx_word' id='word_1_646' title='bbox 1230 4978 1451 5046; x_wconf 75' lang='grc' dir='ltr'>ἔγγιστα</span> <span class='ocrx_word' id='word_1_647' title='bbox 1478 4978 1688 5030; x_wconf 83' lang='grc' dir='ltr'>ἀποκα-</span> 
     </span>
    </p>
   </div>
   <div class='ocr_carea' id='block_1_93' title="bbox 152 5067 1687 5131">
    <p class='ocr_par' dir='ltr' id='par_1_93' title="bbox 152 5067 1687 5131">
     <span class='ocr_line' id='line_1_96' title="bbox 152 5067 1687 5131; baseline -0.001 -10"><span class='ocrx_word' id='word_1_648' title='bbox 152 5070 414 5131; x_wconf 82' lang='grc' dir='ltr'>θίσταται,</span> <span class='ocrx_word' id='word_1_649' title='bbox 455 5071 544 5123; x_wconf 73' lang='grc' dir='ltr'>καὶ</span> <span class='ocrx_word' id='word_1_650' title='bbox 597 5069 856 5121; x_wconf 69' lang='grc' dir='ltr'>ποιεῖτον</span> <span class='ocrx_word' id='word_1_651' title='bbox 901 5069 1165 5122; x_wconf 82' lang='grc' dir='ltr'>ἐνιαύσιον</span> <span class='ocrx_word' id='word_1_652' title='bbox 1202 5070 1397 5122; x_wconf 87' lang='grc' dir='ltr'>κύκλον</span> <span class='ocrx_word' id='word_1_653' title='bbox 1442 5067 1687 5121; x_wconf 82' lang='grc' dir='ltr'>ἐντεῦθεν</span> 
     </span>
    </p>
   </div>
   <div class='ocr_carea' id='block_1_94' title="bbox 151 5157 1687 5231">
    <p class='ocr_par' dir='ltr' id='par_1_94' title="bbox 151 5157 1687 5231">
     <span class='ocr_line' id='line_1_97' title="bbox 151 5157 1687 5231; baseline 0 -20"><span class='ocrx_word' id='word_1_654' title='bbox 151 5161 411 5223; x_wconf 78' lang='grc' dir='ltr'>τοσαύτας</span> <span class='ocrx_word' id='word_1_655' title='bbox 435 5160 731 5231; x_wconf 80' lang='grc' dir='ltr'>περιέχειν·</span> <span class='ocrx_word' id='word_1_656' title='bbox 753 5158 805 5210; x_wconf 82' lang='grc' dir='ltr'>αί</span> <span class='ocrx_word' id='word_1_657' title='bbox 826 5159 881 5211; x_wconf 80' lang='grc' dir='ltr'>δὲ</span> <span class='ocrx_word' id='word_1_658' title='bbox 913 5157 1167 5213; x_wconf 86' lang='grc' dir='ltr'>τοσαῦται</span> <span class='ocrx_word' id='word_1_659' title='bbox 1189 5158 1388 5228; x_wconf 76' lang='grc' dir='ltr'>ἡμέραι</span> <span class='ocrx_word' id='word_1_660' title='bbox 1424 5157 1568 5227; x_wconf 79' lang='grc' dir='ltr'>παρὰ</span> <span class='ocrx_word' id='word_1_661' title='bbox 1598 5158 1687 5211; x_wconf 83' lang='grc' dir='ltr'><strong>τὸν</strong></span> 
     </span>
    </p>
   </div>
   <div class='ocr_carea' id='block_1_95' title="bbox 151 5249 1687 5322">
    <p class='ocr_par' dir='ltr' id='par_1_95' title="bbox 151 5249 1687 5322">
     <span class='ocr_line' id='line_1_98' title="bbox 151 5249 1687 5322; baseline -0.001 -19"><span class='ocrx_word' id='word_1_662' title='bbox 151 5252 243 5320; x_wconf 81' lang='grc' dir='ltr'>τῆς</span> <span class='ocrx_word' id='word_1_663' title='bbox 264 5251 547 5321; x_wconf 77' lang='grc' dir='ltr'>ἑϐδομάδος</span> <span class='ocrx_word' id='word_1_664' title='bbox 571 5249 764 5304; x_wconf 86' lang='grc' dir='ltr'>κύκλον</span> <span class='ocrx_word' id='word_1_665' title='bbox 800 5249 1144 5322; x_wconf 79' lang='grc' dir='ltr'>μεριζόμεναι</span> <span class='ocrx_word' id='word_1_666' title='bbox 1171 5250 1245 5319; x_wconf 82' lang='grc' dir='ltr'><strong>νβ’</strong></span> <span class='ocrx_word' id='word_1_667' title='bbox 1274 5249 1512 5303; x_wconf 87' lang='grc' dir='ltr'>ποιοῦσιν</span> <span class='ocrx_word' id='word_1_668' title='bbox 1538 5251 1687 5303; x_wconf 85' lang='grc' dir='ltr'>ἑϐδο-</span> 
     </span>
    </p>
   </div>
   <div class='ocr_carea' id='block_1_96' title="bbox 154 5341 1685 5413">
    <p class='ocr_par' dir='ltr' id='par_1_96' title="bbox 154 5341 1685 5413">
     <span class='ocr_line' id='line_1_99' title="bbox 154 5341 1685 5413; baseline -0.001 -20"><span class='ocrx_word' id='word_1_669' title='bbox 154 5342 320 5410; x_wconf 77' lang='grc' dir='ltr'>μάδας</span> <span class='ocrx_word' id='word_1_670' title='bbox 352 5343 443 5394; x_wconf 70' lang='grc' dir='ltr'>καὶ</span> <span class='ocrx_word' id='word_1_671' title='bbox 466 5341 673 5413; x_wconf 82' lang='grc' dir='ltr'>ἡμέραν</span> <span class='ocrx_word' id='word_1_672' title='bbox 707 5342 831 5411; x_wconf 86' lang='grc' dir='ltr'>μίαν</span> <span class='ocrx_word' id='word_1_673' title='bbox 850 5382 864 5405; x_wconf 85' lang='grc'><strong>,</strong></span> <span class='ocrx_word' id='word_1_674' title='bbox 909 5342 1002 5393; x_wconf 71' lang='grc' dir='ltr'><strong>καί⁴</strong></span> <span class='ocrx_word' id='word_1_675' title='bbox 1028 5342 1151 5411; x_wconf 69' lang='grc' dir='ltr'><strong>α’]δ¹</strong></span> <span class='ocrx_word' id='word_1_676' title='bbox 1172 5358 1185 5371; x_wconf 72' lang='grc' dir='ltr'><strong>ο</strong></span> <span class='ocrx_word' id='word_1_677' title='bbox 1218 5341 1445 5411; x_wconf 78' lang='grc' dir='ltr'>φανερὸν</span> <span class='ocrx_word' id='word_1_678' title='bbox 1467 5380 1480 5402; x_wconf 89' lang='grc'><strong>,</strong></span> <span class='ocrx_word' id='word_1_679' title='bbox 1507 5342 1586 5393; x_wconf 84' lang='grc' dir='ltr'><strong>ὅτι</strong></span> <span class='ocrx_word' id='word_1_680' title='bbox 1626 5341 1685 5393; x_wconf 82' lang='grc' dir='ltr'><strong>ού</strong></span> 
     </span>
    </p>
   </div>
   <div class='ocr_carea' id='block_1_97' title="bbox 152 5432 1685 5504">
    <p class='ocr_par' dir='ltr' id='par_1_97' title="bbox 152 5432 1685 5504">
     <span class='ocr_line' id='line_1_100' title="bbox 152 5432 1685 5504; baseline 0.002 -22"><span class='ocrx_word' id='word_1_681' title='bbox 152 5436 312 5486; x_wconf 70' lang='grc' dir='ltr'>πᾶσαι</span> <span class='ocrx_word' id='word_1_682' title='bbox 335 5432 442 5485; x_wconf 89' lang='grc' dir='ltr'><strong>τῶν</strong></span> <span class='ocrx_word' id='word_1_683' title='bbox 475 5434 609 5486; x_wconf 85' lang='grc' dir='ltr'>ἑτῶν</span> <span class='ocrx_word' id='word_1_684' title='bbox 638 5434 693 5485; x_wconf 80' lang='grc' dir='ltr'><strong>αἰ</strong></span> <span class='ocrx_word' id='word_1_685' title='bbox 726 5433 888 5504; x_wconf 69' lang='grc' dir='ltr'>ἀρχαὶ</span> <span class='ocrx_word' id='word_1_686' title='bbox 916 5432 1055 5485; x_wconf 83' lang='grc' dir='ltr'>κατὰ</span> <span class='ocrx_word' id='word_1_687' title='bbox 1095 5432 1190 5503; x_wconf 83' lang='grc' dir='ltr'><strong>τὴν</strong></span> <span class='ocrx_word' id='word_1_688' title='bbox 1217 5435 1379 5504; x_wconf 77' lang='grc' dir='ltr'>αὐτὴν</span> <span class='ocrx_word' id='word_1_689' title='bbox 1413 5433 1506 5486; x_wconf 75' lang='grc' dir='ltr'><strong>καὶ</strong></span> <span class='ocrx_word' id='word_1_690' title='bbox 1559 5433 1685 5502; x_wconf 79' lang='grc' dir='ltr'>μίαν</span> 
     </span>
    </p>
   </div>
   <div class='ocr_carea' id='block_1_98' title="bbox 149 5521 1685 5593">
    <p class='ocr_par' dir='ltr' id='par_1_98' title="bbox 149 5521 1685 5593">
     <span class='ocr_line' id='line_1_101' title="bbox 149 5521 1685 5593; baseline 0 -18"><span class='ocrx_word' id='word_1_691' title='bbox 149 5523 251 5576; x_wconf 81' lang='grc' dir='ltr'><strong>τῶν</strong></span> <span class='ocrx_word' id='word_1_692' title='bbox 299 5522 399 5591; x_wconf 78' lang='grc' dir='ltr'><strong>τῆς</strong></span> <span class='ocrx_word' id='word_1_693' title='bbox 443 5523 728 5593; x_wconf 82' lang='grc' dir='ltr'>ἑϐδομάδος</span> <span class='ocrx_word' id='word_1_694' title='bbox 762 5521 979 5593; x_wconf 86' lang='grc' dir='ltr'>ἡμερῶν</span> <span class='ocrx_word' id='word_1_695' title='bbox 1020 5522 1305 5592; x_wconf 78' lang='grc' dir='ltr'>ἄρχονται’</span> <span class='ocrx_word' id='word_1_696' title='bbox 1353 5523 1485 5576; x_wconf 83' lang='grc' dir='ltr'>ἀλλὰ</span> <span class='ocrx_word' id='word_1_697' title='bbox 1521 5540 1685 5593; x_wconf 89' lang='grc' dir='ltr'>μετα-</span> 
     </span>
    </p>
   </div>
   <div class='ocr_carea' id='block_1_99' title="bbox 150 5611 1683 5685">
    <p class='ocr_par' dir='ltr' id='par_1_99' title="bbox 150 5611 1683 5685">
     <span class='ocr_line' id='line_1_102' title="bbox 150 5611 1683 5685; baseline 0.003 -21"><span class='ocrx_word' id='word_1_698' title='bbox 150 5615 417 5667; x_wconf 77' lang='grc' dir='ltr'>ϐαίνουσιν</span> <span class='ocrx_word' id='word_1_699' title='bbox 464 5612 570 5665; x_wconf 78' lang='grc' dir='ltr'><strong>ἀπὸ</strong></span> <span class='ocrx_word' id='word_1_700' title='bbox 619 5614 716 5683; x_wconf 83' lang='grc' dir='ltr'>μὲν</span> <span class='ocrx_word' id='word_1_701' title='bbox 770 5611 990 5685; x_wconf 84' lang='grc' dir='ltr'>πρώτης</span> <span class='ocrx_word' id='word_1_702' title='bbox 1034 5615 1112 5675; x_wconf 82' lang='grc' dir='ltr'><strong>εἰς</strong></span> <span class='ocrx_word' id='word_1_703' title='bbox 1156 5614 1449 5684; x_wconf 83' lang='grc' dir='ltr'>δευτέραν,</span> <span class='ocrx_word' id='word_1_704' title='bbox 1484 5614 1589 5668; x_wconf 80' lang='grc' dir='ltr'><strong>ἀπὸ</strong></span> <span class='ocrx_word' id='word_1_705' title='bbox 1627 5615 1683 5667; x_wconf 88' lang='grc' dir='ltr'><strong>δὲ</strong></span> 
     </span>
    </p>
   </div>
   <div class='ocr_carea' id='block_1_100' title="bbox 146 5702 1143 5776">
    <p class='ocr_par' dir='ltr' id='par_1_100' title="bbox 146 5702 1143 5776">
     <span class='ocr_line' id='line_1_103' title="bbox 146 5702 1143 5776; baseline -0.002 -17"><span class='ocrx_word' id='word_1_706' title='bbox 146 5707 395 5776; x_wconf 77' lang='grc' dir='ltr'>δευτέρας</span> <span class='ocrx_word' id='word_1_707' title='bbox 420 5707 497 5769; x_wconf 87' lang='grc' dir='ltr'><strong>εἰς</strong></span> <span class='ocrx_word' id='word_1_708' title='bbox 530 5705 737 5776; x_wconf 88' lang='grc' dir='ltr'>τρίτην,</span> <span class='ocrx_word' id='word_1_709' title='bbox 774 5705 864 5760; x_wconf 74' lang='grc' dir='ltr'><strong>καὶ</strong></span> <span class='ocrx_word' id='word_1_710' title='bbox 896 5702 1143 5775; x_wconf 76' lang='grc' dir='ltr'>καθεξῆς.</span> 
     </span>
    </p>
   </div>
   <div class='ocr_carea' id='block_1_101' title="bbox 1793 4601 3331 4673">
    <p class='ocr_par' dir='ltr' id='par_1_101' title="bbox 1793 4601 3331 4673">
     <span class='ocr_line' id='line_1_104' title="bbox 1793 4601 3331 4673; baseline -0.005 -14"><span class='ocrx_word' id='word_1_711' title='bbox 1793 4604 2054 4659; x_wconf 88' lang='lat' dir='ltr'><strong>Genesis:</strong></span> <span class='ocrx_word' id='word_1_712' title='bbox 2088 4612 2299 4673; x_wconf 86' lang='lat' dir='ltr'><strong>tempus</strong></span> <span class='ocrx_word' id='word_1_713' title='bbox 2352 4603 2605 4672; x_wconf 87' lang='lat' dir='ltr'><strong>deinceps</strong></span> <span class='ocrx_word' id='word_1_714' title='bbox 2649 4614 2827 4667; x_wconf 85' lang='lat' dir='ltr'><strong>omne,</strong></span> <span class='ocrx_word' id='word_1_715' title='bbox 2864 4601 3001 4669; x_wconf 92' lang='lat' dir='ltr'><strong>quod</strong></span> <span class='ocrx_word' id='word_1_716' title='bbox 3038 4601 3331 4653; x_wconf 88' lang='lat' dir='ltr'><strong>secundum</strong></span> 
     </span>
    </p>
   </div>
   <div class='ocr_carea' id='block_1_102' title="bbox 1792 4690 3337 4750">
    <p class='ocr_par' dir='ltr' id='par_1_102' title="bbox 1792 4690 3337 4750">
     <span class='ocr_line' id='line_1_105' title="bbox 1792 4690 3337 4750; baseline -0.005 -2"><span class='ocrx_word' id='word_1_717' title='bbox 1792 4697 1936 4749; x_wconf 91' lang='lat' dir='ltr'><strong>illam</strong></span> <span class='ocrx_word' id='word_1_718' title='bbox 1968 4694 2357 4750; x_wconf 87' lang='lat' dir='ltr'><strong>hebdomadam</strong></span> <span class='ocrx_word' id='word_1_719' title='bbox 2397 4707 2519 4747; x_wconf 89' lang='lat' dir='ltr'><strong>cum</strong></span> <span class='ocrx_word' id='word_1_720' title='bbox 2570 4706 2748 4746; x_wconf 91' lang='lat' dir='ltr'><strong>rerum</strong></span> <span class='ocrx_word' id='word_1_721' title='bbox 2778 4690 3118 4744; x_wconf 90' lang='lat' dir='ltr'><strong>successione</strong></span> <span class='ocrx_word' id='word_1_722' title='bbox 3162 4690 3337 4743; x_wconf 83' lang='lat' dir='ltr'><strong>conti-</strong></span> 
     </span>
    </p>
   </div>
   <div class='ocr_carea' id='block_1_103' title="bbox 1792 4779 3335 4854">
    <p class='ocr_par' dir='ltr' id='par_1_103' title="bbox 1792 4779 3335 4854">
     <span class='ocr_line' id='line_1_106' title="bbox 1792 4779 3335 4854; baseline -0.002 -16"><span class='ocrx_word' id='word_1_723' title='bbox 1792 4799 1900 4839; x_wconf 88' lang='lat' dir='ltr'><strong>nuo</strong></span> <span class='ocrx_word' id='word_1_724' title='bbox 1943 4792 2287 4854; x_wconf 79' lang='lat' dir='ltr'><strong>propagatur,</strong></span> <span class='ocrx_word' id='word_1_725' title='bbox 2334 4782 2401 4836; x_wconf 88' lang='lat' dir='ltr'><strong>ad</strong></span> <span class='ocrx_word' id='word_1_726' title='bbox 2444 4782 2631 4852; x_wconf 72' lang='lat' dir='ltr'><strong>primae</strong></span> <span class='ocrx_word' id='word_1_727' title='bbox 2669 4780 2815 4833; x_wconf 91' lang='lat' dir='ltr'><strong>illius</strong></span> <span class='ocrx_word' id='word_1_728' title='bbox 2860 4779 3074 4833; x_wconf 89' lang='lat' dir='ltr'><strong>modum</strong></span> <span class='ocrx_word' id='word_1_729' title='bbox 3122 4795 3216 4848; x_wconf 89' lang='lat' dir='ltr'><strong>per</strong></span> <span class='ocrx_word' id='word_1_730' title='bbox 3249 4796 3335 4835; x_wconf 82' lang='lat' dir='ltr'><strong>se-</strong></span> 
     </span>
    </p>
   </div>
   <div class='ocr_carea' id='block_1_104' title="bbox 1793 4871 3336 4947">
    <p class='ocr_par' dir='ltr' id='par_1_104' title="bbox 1793 4871 3336 4947">
     <span class='ocr_line' id='line_1_107' title="bbox 1793 4871 3336 4947; baseline -0.003 -16"><span class='ocrx_word' id='word_1_731' title='bbox 1793 4878 2097 4947; x_wconf 87' lang='lat' dir='ltr'><strong>ptenarium</strong></span> <span class='ocrx_word' id='word_1_732' title='bbox 2153 4889 2435 4929; x_wconf 90' lang='lat' dir='ltr'><strong>numerum</strong></span> <span class='ocrx_word' id='word_1_733' title='bbox 2476 4873 2729 4941; x_wconf 74' lang='lat' dir='ltr'><strong>exigitur.</strong></span> <span class='ocrx_word' id='word_1_734' title='bbox 2794 4871 2858 4923; x_wconf 88' lang='lat' dir='ltr'><strong>Et</strong></span> <span class='ocrx_word' id='word_1_735' title='bbox 2920 4872 3173 4941; x_wconf 90' lang='lat' dir='ltr'><strong>quoniam</strong></span> <span class='ocrx_word' id='word_1_736' title='bbox 3252 4872 3336 4926; x_wconf 80' lang='lat' dir='ltr'><strong>sol</strong></span> 
     </span>
    </p>
   </div>
   <div class='ocr_carea' id='block_1_105' title="bbox 1790 4963 3464 5037">
    <p class='ocr_par' dir='ltr' id='par_1_105' title="bbox 1790 4963 3464 5037">
     <span class='ocr_line' id='line_1_108' title="bbox 1790 4963 3464 5037; baseline -0.003 -16"><span class='ocrx_word' id='word_1_737' title='bbox 1790 4968 2066 5037; x_wconf 91' lang='lat' dir='ltr'><strong>proprium</strong></span> <span class='ocrx_word' id='word_1_738' title='bbox 2106 4966 2328 5034; x_wconf 81' lang='lat' dir='ltr'><strong>explens</strong></span> <span class='ocrx_word' id='word_1_739' title='bbox 2358 4965 2577 5029; x_wconf 72' lang='lat' dir='ltr'><strong>orbem,</strong></span> <span class='ocrx_word' id='word_1_740' title='bbox 2611 4965 2677 5017; x_wconf 89' lang='lat' dir='ltr'><strong>ab</strong></span> <span class='ocrx_word' id='word_1_741' title='bbox 2710 4979 2816 5015; x_wconf 91' lang='lat' dir='ltr'><strong>uno</strong></span> <span class='ocrx_word' id='word_1_742' title='bbox 2856 4972 3055 5032; x_wconf 90' lang='lat' dir='ltr'><strong>puncto</strong></span> <span class='ocrx_word' id='word_1_743' title='bbox 3097 4964 3161 5017; x_wconf 88' lang='lat' dir='ltr'><strong>ad</strong></span> <span class='ocrx_word' id='word_1_744' title='bbox 3192 4963 3333 5017; x_wconf 90' lang='lat' dir='ltr'><strong>idem</strong></span> <span class='ocrx_word' id='word_1_745' title='bbox 3365 4963 3367 4965; x_wconf 76' lang='grc'><strong>’</strong></span> <span class='ocrx_word' id='word_1_746' title='bbox 3452 4979 3464 4988; x_wconf 85' lang='grc'><strong>·</strong></span> 
     </span>
    </p>
   </div>
   <div class='ocr_carea' id='block_1_106' title="bbox 1788 5054 3334 5123">
    <p class='ocr_par' dir='ltr' id='par_1_106' title="bbox 1788 5054 3334 5123">
     <span class='ocr_line' id='line_1_109' title="bbox 1788 5054 3334 5123; baseline -0.005 -9"><span class='ocrx_word' id='word_1_747' title='bbox 1788 5074 1985 5114; x_wconf 74' lang='grc' dir='ltr'>οοοωιν</span> <span class='ocrx_word' id='word_1_748' title='bbox 2042 5058 2256 5119; x_wconf 90' lang='lat' dir='ltr'><strong>diebus,</strong></span> <span class='ocrx_word' id='word_1_749' title='bbox 2317 5062 2370 5110; x_wconf 89' lang='lat' dir='ltr'><strong>et</strong></span> <span class='ocrx_word' id='word_1_750' title='bbox 2429 5056 2532 5110; x_wconf 90' lang='lat' dir='ltr'><strong>diei</strong></span> <span class='ocrx_word' id='word_1_751' title='bbox 2587 5054 2969 5123; x_wconf 88' lang='lat' dir='ltr'><strong>propemodum</strong></span> <span class='ocrx_word' id='word_1_752' title='bbox 3036 5054 3334 5121; x_wconf 87' lang='lat' dir='ltr'><strong>quadrante</strong></span> 
     </span>
    </p>
   </div>
   <div class='ocr_carea' id='block_1_107' title="bbox 1789 5144 3331 5217">
    <p class='ocr_par' dir='ltr' id='par_1_107' title="bbox 1789 5144 3331 5217">
     <span class='ocr_line' id='line_1_110' title="bbox 1789 5144 3331 5217; baseline -0.006 -12"><span class='ocrx_word' id='word_1_753' title='bbox 1789 5151 2084 5205; x_wconf 89' lang='lat' dir='ltr'><strong>revolvitur</strong></span> <span class='ocrx_word' id='word_1_754' title='bbox 2123 5158 2282 5217; x_wconf 88' lang='lat' dir='ltr'><strong>atque</strong></span> <span class='ocrx_word' id='word_1_755' title='bbox 2304 5162 2541 5201; x_wconf 87' lang='lat' dir='ltr'><strong>annuum</strong></span> <span class='ocrx_word' id='word_1_756' title='bbox 2569 5146 2853 5199; x_wconf 86' lang='lat' dir='ltr'><strong>circuitum</strong></span> <span class='ocrx_word' id='word_1_757' title='bbox 2879 5144 3098 5198; x_wconf 89' lang='lat' dir='ltr'><strong>totidem</strong></span> <span class='ocrx_word' id='word_1_758' title='bbox 3140 5144 3331 5196; x_wconf 89' lang='lat' dir='ltr'><strong>diebus</strong></span> 
     </span>
    </p>
   </div>
   <div class='ocr_carea' id='block_1_108' title="bbox 1789 5236 3335 5307">
    <p class='ocr_par' dir='ltr' id='par_1_108' title="bbox 1789 5236 3335 5307">
     <span class='ocr_line' id='line_1_111' title="bbox 1789 5236 3335 5307; baseline -0.006 -10"><span class='ocrx_word' id='word_1_759' title='bbox 1789 5248 2123 5296; x_wconf 89' lang='lat' dir='ltr'><strong>constantem</strong></span> <span class='ocrx_word' id='word_1_760' title='bbox 2151 5238 2313 5291; x_wconf 89' lang='lat' dir='ltr'><strong>eflicit</strong></span> <span class='ocrx_word' id='word_1_761' title='bbox 2346 5257 2357 5292; x_wconf 92' lang='lat'>:</span> <span class='ocrx_word' id='word_1_762' title='bbox 2398 5253 2517 5305; x_wconf 70' lang='lat' dir='ltr'><strong>qua:</strong></span> <span class='ocrx_word' id='word_1_763' title='bbox 2547 5237 2762 5307; x_wconf 87' lang='lat' dir='ltr'><strong>quidem</strong></span> <span class='ocrx_word' id='word_1_764' title='bbox 2804 5236 2920 5289; x_wconf 91' lang='lat' dir='ltr'><strong>dies</strong></span> <span class='ocrx_word' id='word_1_765' title='bbox 2951 5249 3044 5303; x_wconf 89' lang='lat' dir='ltr'><strong>per</strong></span> <span class='ocrx_word' id='word_1_766' title='bbox 3084 5243 3335 5302; x_wconf 72' lang='lat' dir='ltr'><strong>septena~</strong></span> 
     </span>
    </p>
   </div>
   <div class='ocr_carea' id='block_1_109' title="bbox 1788 5327 3331 5399">
    <p class='ocr_par' dir='ltr' id='par_1_109' title="bbox 1788 5327 3331 5399">
     <span class='ocr_line' id='line_1_112' title="bbox 1788 5327 3331 5399; baseline -0.003 -13"><span class='ocrx_word' id='word_1_767' title='bbox 1788 5334 1927 5387; x_wconf 91' lang='lat' dir='ltr'><strong>rium</strong></span> <span class='ocrx_word' id='word_1_768' title='bbox 1961 5332 2227 5386; x_wconf 87' lang='lat' dir='ltr'><strong>circulum</strong></span> <span class='ocrx_word' id='word_1_769' title='bbox 2261 5330 2563 5384; x_wconf 71' lang='lat' dir='ltr'><strong>distributae</strong></span> <span class='ocrx_word' id='word_1_770' title='bbox 2613 5337 2808 5399; x_wconf 60' lang='lat' dir='ltr'><strong>prater</strong></span> <span class='ocrx_word' id='word_1_771' title='bbox 2856 5327 3218 5381; x_wconf 84' lang='lat' dir='ltr'><strong>hebdomadas</strong></span> <span class='ocrx_word' id='word_1_772' title='bbox 3259 5341 3331 5381; x_wconf 83' lang='lat' dir='ltr'><strong>LII</strong></span> 
     </span>
    </p>
   </div>
   <div class='ocr_carea' id='block_1_110' title="bbox 1788 5417 3324 5487">
    <p class='ocr_par' dir='ltr' id='par_1_110' title="bbox 1788 5417 3324 5487">
     <span class='ocr_line' id='line_1_113' title="bbox 1788 5417 3324 5487; baseline -0.007 -8"><span class='ocrx_word' id='word_1_773' title='bbox 1788 5438 1949 5479; x_wconf 89' lang='lat' dir='ltr'><strong>unam</strong></span> <span class='ocrx_word' id='word_1_774' title='bbox 1980 5423 2120 5475; x_wconf 85' lang='lat' dir='ltr'><strong>diem</strong></span> <span class='ocrx_word' id='word_1_775' title='bbox 2164 5420 2406 5475; x_wconf 81' lang='lat' dir='ltr'><strong>efficiunt</strong></span> <span class='ocrx_word' id='word_1_776' title='bbox 2444 5435 2564 5474; x_wconf 91' lang='lat' dir='ltr'><strong>cum</strong></span> <span class='ocrx_word' id='word_1_777' title='bbox 2607 5420 2926 5487; x_wconf 87' lang='lat' dir='ltr'><strong>quadrante,</strong></span> <span class='ocrx_word' id='word_1_778' title='bbox 2979 5417 3324 5471; x_wconf 90' lang='lat' dir='ltr'><strong>manifestum</strong></span> 
     </span>
    </p>
   </div>
   <div class='ocr_carea' id='block_1_111' title="bbox 1786 5511 3333 5577">
    <p class='ocr_par' dir='ltr' id='par_1_111' title="bbox 1786 5511 3333 5577">
     <span class='ocr_line' id='line_1_114' title="bbox 1786 5511 3333 5577; baseline -0.005 -8"><span class='ocrx_word' id='word_1_779' title='bbox 1786 5523 1869 5569; x_wconf 87' lang='lat' dir='ltr'><strong>est</strong></span> <span class='ocrx_word' id='word_1_780' title='bbox 1901 5530 2003 5567; x_wconf 91' lang='lat' dir='ltr'><strong>non</strong></span> <span class='ocrx_word' id='word_1_781' title='bbox 2034 5514 2276 5567; x_wconf 91' lang='lat' dir='ltr'><strong>omnium</strong></span> <span class='ocrx_word' id='word_1_782' title='bbox 2311 5527 2576 5566; x_wconf 88' lang='lat' dir='ltr'><strong>annorum</strong></span> <span class='ocrx_word' id='word_1_783' title='bbox 2608 5512 2763 5564; x_wconf 90' lang='lat' dir='ltr'><strong>initia</strong></span> <span class='ocrx_word' id='word_1_784' title='bbox 2799 5511 2867 5563; x_wconf 89' lang='lat' dir='ltr'><strong>ab</strong></span> <span class='ocrx_word' id='word_1_785' title='bbox 2905 5526 3009 5564; x_wconf 87' lang='lat' dir='ltr'><strong>una</strong></span> <span class='ocrx_word' id='word_1_786' title='bbox 3041 5511 3333 5577; x_wconf 82' lang='lat' dir='ltr'><strong>eademque</strong></span> 
     </span>
    </p>
   </div>
   <div class='ocr_carea' id='block_1_112' title="bbox 1786 5600 3385 5671">
    <p class='ocr_par' dir='ltr' id='par_1_112' title="bbox 1786 5600 3385 5671">
     <span class='ocr_line' id='line_1_115' title="bbox 1786 5600 3385 5671; baseline -0.004 -13"><span class='ocrx_word' id='word_1_787' title='bbox 1786 5605 1873 5659; x_wconf 90' lang='lat' dir='ltr'><strong>die</strong></span> <span class='ocrx_word' id='word_1_788' title='bbox 1913 5602 2264 5657; x_wconf 90' lang='lat' dir='ltr'><strong>hebdomadis</strong></span> <span class='ocrx_word' id='word_1_789' title='bbox 2304 5603 2582 5671; x_wconf 90' lang='lat' dir='ltr'><strong>incipere:</strong></span> <span class='ocrx_word' id='word_1_790' title='bbox 2627 5601 2719 5655; x_wconf 84' lang='lat' dir='ltr'><strong>sed</strong></span> <span class='ocrx_word' id='word_1_791' title='bbox 2766 5615 2794 5653; x_wconf 89' lang='lat' dir='ltr'><strong>a</strong></span> <span class='ocrx_word' id='word_1_792' title='bbox 2839 5601 3007 5670; x_wconf 90' lang='lat' dir='ltr'><strong>prima</strong></span> <span class='ocrx_word' id='word_1_793' title='bbox 3040 5600 3329 5653; x_wconf 88' lang='lat' dir='ltr'><strong>transitum</strong></span> <span class='ocrx_word' id='word_1_794' title='bbox 3382 5606 3385 5609; x_wconf 77' lang='lat'><em>‘</em></span> 
     </span>
    </p>
   </div>
   <div class='ocr_carea' id='block_1_113' title="bbox 1787 5689 3327 5756">
    <p class='ocr_par' dir='ltr' id='par_1_113' title="bbox 1787 5689 3327 5756">
     <span class='ocr_line' id='line_1_116' title="bbox 1787 5689 3327 5756; baseline -0.002 -10"><span class='ocrx_word' id='word_1_795' title='bbox 1787 5694 1851 5747; x_wconf 88' lang='lat' dir='ltr'><strong>ad</strong></span> <span class='ocrx_word' id='word_1_796' title='bbox 1894 5693 2186 5749; x_wconf 78' lang='lat' dir='ltr'><strong>secundam</strong></span> <span class='ocrx_word' id='word_1_797' title='bbox 2237 5693 2458 5749; x_wconf 81' lang='lat' dir='ltr'><strong>facere:</strong></span> <span class='ocrx_word' id='word_1_798' title='bbox 2498 5693 2563 5747; x_wconf 90' lang='lat' dir='ltr'><strong>ab</strong></span> <span class='ocrx_word' id='word_1_799' title='bbox 2614 5694 2713 5748; x_wconf 86' lang='lat' dir='ltr'><strong>hac</strong></span> <span class='ocrx_word' id='word_1_800' title='bbox 2760 5694 2825 5747; x_wconf 90' lang='lat' dir='ltr'><strong>ad</strong></span> <span class='ocrx_word' id='word_1_801' title='bbox 2886 5694 3119 5756; x_wconf 86' lang='lat' dir='ltr'><strong>tertiam,</strong></span> <span class='ocrx_word' id='word_1_802' title='bbox 3172 5689 3327 5745; x_wconf 54' lang='lat' dir='ltr'><strong>dein-</strong></span> 
     </span>
    </p>
   </div>
   <div class='ocr_carea' id='block_1_114' title="bbox 1787 5794 2289 5875">
    <p class='ocr_par' dir='ltr' id='par_1_114' title="bbox 1787 5794 2289 5875">
     <span class='ocr_line' id='line_1_117' title="bbox 1787 5794 2289 5875; baseline -0.006 -33"><span class='ocrx_word' id='word_1_803' title='bbox 1787 5802 2017 5857; x_wconf 84' lang='lat' dir='ltr'><strong>cepsquc</strong></span> <span class='ocrx_word' id='word_1_804' title='bbox 2041 5794 2289 5875; x_wconf 74' lang='lat' dir='ltr'><strong>caeteras.</strong></span> 
     </span>
    </p>
   </div>
  </div>
