4124 6320
768 391 906 446 1285

837 507 1048 563 Clarius
1081 507 1184 560 boc
1227 503 1316 560 fiet
1367 513 1635 570 exemplo,
1673 501 1896 570 prolatis
1939 500 2173 562 duobus,
2228 506 2320 551 aut
2349 507 2396 556 Α

767 601 927 656 etiam
971 599 1218 670 pluribus
1270 597 1449 660 annis,
1499 595 1592 664 qui
1633 601 1756 662 post
1807 592 1992 645 mundi
2041 591 2318 644 cooditum

767 689 1010 758 proxime
1051 685 1292 740 fuerunt.
1342 683 1633 751 Postquam
1676 681 1820 734 enim
1880 680 2088 750 primus
2145 695 2319 733 annus

766 781 930 848 erepit
961 777 1092 830 feria
1121 775 1313 844 prima,
1347 788 1410 826 ac
1461 781 1730 826 trecentos
1759 771 2052 840 {sexaginta
2087 771 2322 841 quinque

767 885 892 930 cum
954 869 1255 938 quadrante
1304 865 1421 920 dies
1471 866 1750 934 explicuit,
1805 863 2096 932 insequens
2143 878 2322 918 annus

769 958 1040 1014 secundus
1065 955 1386 1027 ab.secunda
1405 954 1588 1022 utique
1613 954 1746 1008 feria
1767 960 1960 1006 nactus
1981 961 2064 1006 est
2087 951 2319 1016 initium,

767 1051 964 1104 tertius
997 1065 1025 1102 a
1060 1048 1240 1112 tertia,
1279 1057 1332 1102 et
1379 1047 1457 1100 sic
1489 1045 1764 1112 deinceps.
1799 1043 2008 1112 Quippe
2041 1043 2322 1110 quadrans

661 1179 675 1194 .
767 1142 857 1196 ille
883 1141 1012 1202 diei,
1039 1141 1130 1209 qui
1154 1138 1222 1194 ad
1241 1152 1442 1192 cccuv
1472 1137 1588 1192 dies
1615 1136 1880 1190 accedens
1909 1143 2206 1188 vertentem
2229 1147 2324 1186 ex-

767 1233 878 1302 plet
905 1246 1125 1295 annum,
1155 1244 1496 1300 nequaquam
1531 1227 1758 1296 singulis
1793 1227 1950 1282 annis
1987 1225 2318 1300 imputatur;

768 1325 862 1378 sed
905 1331 1026 1393 post
1055 1338 1228 1379 annos
1257 1331 1516 1392 quatuor,
1554 1321 1764 1390 integro
1789 1320 1900 1389 jam
1935 1319 2168 1374 collecto
2209 1318 2316 1373 die.

735 1415 740 1420 ’
765 1414 900 1470 Nam
935 1423 1126 1484 quater
1153 1415 1416 1487 repetitus
1444 1412 1719 1482 quadrans
1735 1427 1900 1466 unum
1925 1410 2116 1464 efﬁcit.
2146 1409 2320 1480 Atque

767 1507 856 1562 hic
886 1508 1120 1562 illerdies
1143 1507 1426 1561 absolutus
1459 1505 1523 1558 ad
1552 1519 1752 1558 cccuv
1783 1503 1900 1558 dies
1925 1503 2178 1556 additur:
2211 1518 2320 1571 quo

771 1599 832 1652 fit
859 1607 918 1653 ut
943 1615 1120 1654 annus
1153 1598 1254 1652 iste
1281 1595 1488 1652 dierum
1523 1597 1592 1650 sit
1622 1609 1867 1659 cccuvr,
1899 1611 2060 1664 quem
2090 1609 2190 1649 nos
2211 1593 2321 1647 Ro-

767 1703 926 1744 mana
951 1690 1133 1758 lingua
1163 1689 1444 1742 bissextum
1469 1688 1832 1744 nominamus.
1864 1688 2130 1753 Quocirca
2162 1688 2321 1758 quin-

768 1790 858 1834 tus
893 1795 1070 1834 annus
1097 1779 1308 1844 mtmdi,
1347 1795 1456 1834 non
1480 1788 1540 1833 ut
1573 1781 1784 1850 priores
1806 1779 1896 1831 alii
1920 1793 1950 1832 a
1973 1777 2106 1833 feria
2131 1779 2319 1848 quinta

773 1873 915 1942 cepit
961 1869 1268 1936 exordium,
1301 1872 1396 1926 sed
1423 1887 1452 1922 a
1483 1881 1656 1932 sexta,
1689 1879 1908 1940 propter
1939 1869 2100 1924 unius
2135 1884 2318 1924 acces-
2349 1849 2391 1906 Β

768 1965 974 2020 sionem
1001 1964 1128 2028 diei,
1147 1965 1236 2034 qui
1259 1979 1324 2017 ex
1348 1961 1738 2032 quadrantibus
1758 1961 2016 2016 collectus
2037 1961 2104 2014 ad
2121 1975 2322 2018 annum

767 2063 1020 2124 quartum
1047 2054 1382 2123 praeteritum
1408 2051 1652 2120 adjectus
1679 2059 1780 2104 est.
1813 2049 1947 2104 Tum
1979 2049 2173 2104 deinde
2203 2065 2324 2104 sex-

768 2155 878 2212 tus,
901 2147 1186 2216 septimus,
1211 2155 1264 2200 et
1291 2153 1514 2199 octavus
1537 2145 1662 2212 rite,
1691 2143 1768 2198 uti
1794 2145 1964 2198 series
1993 2144 2322 2212 postulabat,

769 2239 1121 2294 hebdomada‘.
1149 2238 1268 2292 dies
1291 2237 1563 2301 obierunt,
1599 2237 1702 2290 hoc
1733 2249 1814 2290 est
1847 2252 1945 2300 ru,
1980 2253 1994 2288 ι
2031 2245 2084 2289 et
2117 2251 2150 2288 ιι
2177 2251 2190 2300 ;
2227 2249 2326 2288 no-

768 2349 874 2388 nus
911 2341 1089 2386 autem
1123 2346 1230 2385 non
1256 2332 1496 2396 tertiam,
1529 2332 1622 2386 sed
1651 2339 1900 2400 quartam
1929 2331 2150 2384 habuit:
2179 2328 2326 2401 quod

769 2426 826 2477 in
859 2422 1213 2494 sequentibus
1247 2421 1436 2476 eadem
1468 2422 1678 2474 ratione
1713 2421 1963 2492 contigit.

839 2597 919 2654 Ex
951 2599 1020 2654 iis
1053 2607 1294 2668 apparet,
1327 2599 1371 2652 si
1406 2600 1624 2669 quidem
1653 2615 1829 2654 annus
1857 2599 2046 2654 diebus
2084 2607 2323 2654 tantum-

771 2692 931 2746 modo
974 2699 1183 2746 constet
1221 2707 1440 2758 cccrxv,
1487 2695 1605 2748 sine
1653 2695 1762 2746 ulla
1790 2693 2106 2762 quadrantis
2141 2707 2326 2747 acces-

773 2786 949 2850 sione,
977 2793 1184 2856 septem
1209 2800 1318 2840 non
1346 2787 1580 2856 amplius
1609 2787 1842 2842 evolutis
1869 2786 2049 2848 annis,
2087 2787 2327 2856 singulo-

771 2895 890 2932 rum
915 2879 1066 2933 initia
1089 2879 1154 2933 ad
1173 2880 1416 2934 eamdem
1441 2879 1628 2932 feriam
1649 2895 1768 2934 esse
1797 2880 2056 2932 reditura.
2079 2877 2184 2932 Sed
2204 2863 2327 2932 cum

770 2971 1044 3040 quadrans
1071 2972 1293 3042 insuper
1317 2971 1558 3036 accedat,
1587 2971 1744 3040 cujus
1775 2971 1946 3040 gratia
1975 2979 2172 3040 quarto
2203 2985 2330 3040 quo-

773 3079 876 3131 que
896 3079 1036 3118 anno
1064 3065 1121 3116 lit
1147 3079 1290 3118 unus
1305 3063 1422 3116 dies
1451 3063 1712 3132 reliquus,
1731 3064 1822 3143 qui
1850 3063 2327 3143 equuadrantibus

1743 383 1829 436 AD
1864 380 2129 436 EUSEBI!
2169 377 2558 434 CllliONlCON
2606 377 2966 434 APPEXDIX.

3841 382 3958 435 ιεςι

2493 497 2830 569 Σαφέστερον
2851 499 2906 551 δὲ
2931 496 3086 552 τοῦτο
3109 499 3180 552 δι’
3205 499 3600 568 ὑποδείγματος
3621 499 3958 570 ποιησόμεθα,

2425 587 2517 640 δύο
2569 590 2602 660 ἢ
2645 591 2735 642 καὶ
2793 589 2962 643 πλείω
3014 593 3490 662 προχειρισάμενοι
3539 591 3650 643 τῶν
3696 591 3830 660 μετὰ
3874 593 3960 662 τὴν

2426 683 2598 753 ἀρχὴν
2617 684 2716 754 τῆς
2739 685 3124 753 κοσμογενείας
3151 669 3302 738 ἐτῶν.
3329 685 3434 738 Τοῦ
3460 684 3570 754 γὰρ
3823 685 3962 744 ἔτους

2427 775 2534 828 ἀπὸ
2567 777 2778 847 ἡμέρας
2816 777 3036 846 πρώτης
3079 775 3402 852 ᾁρξαμένου,
3449 777 3550 830 κάν
3585 776 3694 838 τξε¹
3741 777 3960 848 ἡμέραις

2429 868 2522 918 καὶ
2549 867 2676 935 a'/6'
2699 867 3140 938 περιενεχθέντος
3159 910 3174 932 ,
3219 871 3280 922 τὸ
3307 871 3422 939 μετῗ
3451 869 3582 921 αὐτὸ
3627 867 3670 938 β’
3711 869 3826 930 ἔτος
3865 869 3962 920 ἀπὺ

2429 957 2636 1026 ἡμέρας
2685 955 2940 1028 δευτέρας
2967 957 3192 1028 -ἥρξατο
3243 958 3486 1022 πάντως,
3539 959 3632 1012 καὶ
3685 957 3746 1011 τὸ
3791 960 3962 1028 τρίτον

2427 1047 2685 1110 ὡσαύτως
2723 1049 2830 1100 ἀπὸ
2861 1050 3070 1120 τρίτης,
3105 1050 3200 1102 καὶ
3227 1051 3441 1120 ἐφεξῆς.
3471 1051 3544 1102 Τὸ
3577 1051 3682 1121 γὰρ
3717 1051 3964 1121 τέταρτον

2431 1138 2596 1208 μέρος
2639 1139 2738 1208 τῆς
2781 1141 2988 1212 ἡμέρας
3041 1142 3102 1193 τὸ
3132 1143 3520 1212 προσκείμενον
3541 1144 3660 1203 ταῖς
3701 1141 3964 1202 τοιαύταις

2425 1229 2530 1293 τξε¹
2557 1231 2788 1301 ἡμέραις
2811 1233 2890 1295 εἰς
2919 1233 3017 1301 τὴν
3045 1232 3136 1286 τοῦ
3175 1232 3420 1286 ἐνιαυτοῦ
3445 1233 3654 1285 τελείαν
3683 1235 3966 1303 ἁπάρτισιν

2425 1322 2486 1374 οὗ
2518 1322 2638 1374 καθ’
2677 1323 2904 1376 ἕκαστον
2951 1323 3070 1386 ἔτος
3101 1323 3442 1396 ἀριθμεῖται,
3475 1323 3609 1377 ἀλλὰ
3641 1325 3777 1378 κατὰ
3803 1325 3844 1376 δ’
3875 1325 3964 1395 ἔτη

2431 1415 2554 1482 μιᾶς
2577 1413 2789 1482 ἡμέρας
2819 1415 3204 1484 συναγομένης.
3228 1416 3490 1486 Τετράκις
3511 1415 3619 1486 γὰρ
3639 1415 3697 1468 τὸ
3735 1416 3860 1484 a’/'6’
3889 1417 3964 1472 ἐν.

2426 1505 2571 1574 Αὐτὴ
2597 1507 2629 1574 ἡ
2653 1505 2833 1558 τελεία
2863 1505 3042 1576 ἡμέρα
3073 1505 3414 1576 προστίθεται
3439 1510 3560 1569 ταῖς
3579 1507 3680 1573 τξε¹
3705 1509 3964 1578 ἡμέραιςο

2427 1597 2754 1664 καὶγίνεται
2787 1597 2848 1649 τὺ
2878 1597 2996 1660 ἔτος
3035 1599 3210 1650 ἐκεῖνο
3245 1599 3363 1664 τξς¹
3407 1599 3646 1670 ἡμερῶν,
3675 1599 3706 1650 δ
3747 1601 3842 1651 καὶ
3869 1616 3966 1651 κα-

2425 1686 2592 1739 λεῖται
2622 1689 2749 1758 παρ’
2777 1689 2906 1756 ἡμῖν
2941 1687 3256 1758 Ῥωμαῖκῶς
3282 1687 3574 1758 βίσσεξτον.
3617 1689 3687 1742 Τὸ
3731 1687 3840 1740 ἀπὸ
3873 1689 3970 1758 τῆς

2425 1779 2808 1847 κοσμογενείας
2835 1781 2940 1850 άρα
2975 1780 3218 1849 πέμπτον
3237 1779 3356 1840 ἔτος
3376 1781 3472 1831 οὐκ
3501 1779 3700 1850 ἤρξατο
3719 1781 3812 1850 ἀφ’
3833 1780 3966 1848 ἡμέ-

2425 1889 2522 1942 ρας
2565 1871 2820 1940 πέμπτης
2864 1871 3170 1934 ἀκολούθως
3200 1873 3312 1934 τοῖς
3353 1872 3458 1940 πρὸ
3505 1869 3690 1932 αὑτοῦ,
3731 1872 3840 1924 ἀλλ’
3879 1873 3966 1940 ἀφ’

2423 1961 2585 2029 ἕκτης
2605 1959 2692 2012 διὰ
2707 1959 2803 2030 τὴν
2817 1961 2914 2030 τῆς
2937 1961 3042 2014 ἀπὸ
3055 1962 3160 2013 τῶν
3183 1962 3309 2032 a'/6’
3331 1961 3602 2030 τετάρτων
3625 1961 3968 2030 συναχθείσης

2429 2053 2556 2122 μιᾶς
2591 2051 2802 2121 ἡμέρας
2849 2053 3145 2122 γενομένην
3191 2051 3502 2122 προσθήκην
3533 2051 3611 2120 τῷ
3655 2051 3970 2122 παρελθόντι

2423 2146 2462 2197 δ’
2495 2146 2622 2198 ἑτει.
2653 2146 2761 2196 Καὶ
2803 2145 3000 2214 ἐφεξῆς
3030 2145 3090 2198 τὸ
3121 2145 3217 2214 μὲν
3249 2145 3424 2208 ἕκτον,
3467 2145 3562 2198 καὶ
3593 2145 3837 2213 ἕϐδομον,
3879 2146 3970 2196 καὶ

2424 2243 2471 2306 η’
2503 2237 2619 2297 ἔτος
2649 2235 3067 2307 άπαραλείπτως
3100 2235 3242 2288 κατὰ
3268 2234 3420 2300 τάξιν
3442 2237 3540 2298 τὰς
3561 2235 3662 2300 crg-
3684 2235 3972 2304 ἑϐδομάδος

2399 2323 2710 2402 ’περιῆλθον
2731 2327 2962 2398 ἡμέρας,
2993 2329 3238 2388 τουτέστι
3265 2329 3362 2398 τήν
3389 2343 3448 2378 τε
3473 2327 3538 2391 ζ’,
3567 2327 3660 2379 καὶ
3688 2327 3854 2396 αὐτὴν
3875 2327 3970 2394 τὴν

2425 2419 2644 2491 πρώτην
2667 2461 2682 2484 ,
2745 2419 2840 2471 καὶ
2884 2419 2980 2490 τὴν
3025 2419 3310 2488 δευτέραν·
3347 2419 3406 2470 τὸ
3445 2419 3500 2470 δὲ
3548 2418 3728 2470 ἔνατον
3768 2419 3826 2472 οὐ
3877 2417 3986 2484 τὴν.

2423 2513 2633 2584 τρίξην,
2667 2511 2801 2564 ἀλλὰ
2835 2511 2932 2582 τὴν
2958 2512 3019 2574 δ’,
3053 2512 3151 2564 κάν
3179 2513 3288 2574 τοῖς
3319 2510 3514 2580 ἐφεξῆς
3549 2511 3762 2580 ὀμοέως.

2482 2603 2725 2673 ’Φανερὸν
2755 2597 2847 2654 οὖν
2877 2604 2940 2654 ἐκ
2989 2601 3212 2666 τούτων,
3241 2599 3348 2664 ὡς,
3390 2601 3438 2651 εί
3495 2599 3592 2670 μὲν
3645 2603 3884 2670 περιεῖχε
3915 2599 3974 2650 τὸ

2427 2697 2542 2758 ἔτος
2572 2695 2676 2758 τξε¹
2709 2693 2868 2764 μόνον
2907 2693 3135 2764 ἡμέρας,
3165 2691 3237 2760 μὴ
3263 2689 3652 2762 προσκειμένου
3678 2689 3772 2742 τοῦ
3803 2690 3844 2740 δ’
3879 2689 3972 2758 μέ-

2431 2807 2574 2861 ρους,
2603 2791 2670 2844 δι’
2701 2788 2839 2841 ἑπτὰ
2863 2787 2928 2841 ἂν
2965 2787 3098 2840 ἐτῶν
3129 2786 3302 2856 μόνων
3331 2789 3386 2838 αἱ
3423 2786 3624 2839 τούτων
3652 2784 3812 2854 ἀρχαὶ
3837 2783 3974 2853 πρὸς

2429 2885 2524 2954 τὴν
2562 2883 2658 2952 τῆς
2695 2880 2982 2950 ἑϐδομάδος
3017 2881 3224 2948 ἡμέραν
3265 2875 3722 2930 ἀποκαθίσταντο·
3756 2873 3880 2926 ἐπεὶ
3921 2874 3974 2926 δὲ

2429 2976 2684 3046 πρόσεστι
2721 2973 2944 3034 ταύταις
2979 2973 3070 3024 καὶ
3113 2971 3173 3021 τὸ
3217 2969 3361 3038 a'/6',
3395 2967 3490 3020 καὶ
3525 2967 3614 3020 διὰ
3651 2967 3806 3018 τοῦτο
3835 2965 3974 3018 κατὰ

2429 3068 2468 3120 δ’
2509 3068 2602 3138 ἔτη
2637 3063 3026 3136 παραλείπεται
3053 3061 3234 3132 ἡμέρα
3255 3069 3323 3125 α’,
3355 3063 3388 3129 ἡ
3418 3059 3524 3112 ἀπὸ
3550 3059 3656 3112 τῶν
3697 3058 3976 3128 τεσσάρων

772 3164 1004 3224 quatuor
1041 3155 1296 3222 efficitur,
1327 3153 1450 3209 ideo
1477 3170 1574 3224 per
1609 3170 1782 3210 annos
1812 3139 2012 3223 beta-et
2041 3155 2230 3225 viginti
2261 3156 2324 3209 ad

2433 3157 2766 3227 συναγομένη
2799 3155 2952 3224 α’ίδη
2985 3153 3070 3206 διὰ
3102 3158 3183 3223 κη’
3223 3151 3358 3204 ἐτῶν
3391 3151 3679 3218 συνάγεται
3699 3149 3974 3201 ἀποκατα-

772 3248 988 3302 easdem
1017 3247 1364 3302 hebdomadas
1393 3247 1554 3303 ferias
1579 3263 1846 3304 annorum
1891 3249 2188 3320 primordia
2239 3264 2326 3304 re-
2347 3279 2356 3284 «-

775 3348 1056 3394 vocantur.
1087 3338 1220 3393 Nam
1247 3341 1292 3396 si
1327 3355 1404 3394 νιι
1431 3341 1653 3396 duxeris
1686 3342 1740 3396 in
1791 3357 1863 3406 Iv,
1897 3342 1999 3396 hoc
2027 3349 2110 3396 est
2143 3341 2328 3395 initio-

773 3447 894 3486 rum
923 3433 1048 3486 anni
1078 3433 1426 3500 mutationes,
1451 3433 1940 3506 quastutdiximus,
1971 3435 2328 3504 quadriennio

773 3541 988 3597 quoque
1043 3526 1310 3592 incidunt,
1373 3528 1610 3583 confiunt
1659 3533 1786 3584 octo
1832 3538 1886 3583 et
1933 3530 2147 3600 viginti.
2197 3528 2326 3594 Quae

773 3631 940 3674 causa
981 3626 1066 3672 est
1115 3633 1212 3672 cur
1252 3633 1426 3690 neque
1465 3619 1733 3688 pluribus,
1778 3635 1954 3690 neque
1977 3622 2326 3691 paucioribus

779 3711 958 3776 annis,
979 3725 1138 3781 quam
1169 3727 1361 3776 xxvnr,
1388 3714 1553 3766 annui
1581 3706 1786 3767 circuli
1805 3715 1936 3770 solis
1959 3716 2321 3783 explicantur.

843 3891 1102 3962 Superest
1133 3903 1191 3947 ut
1224 3905 1370 3949 certa
1403 3895 1542 3948 ratio
1574 3894 1838 3958 tradatur,
1876 3910 1972 3965 per
1997 3910 2157 3966 quam
2188 3909 2329 3948 anno

770 3987 965 4055 quovis
995 3987 1178 4042 oblato
1207 3989 1480 4042 ineuntem
1507 3987 1718 4057 cyclum
1753 3989 1884 4043 solis
1913 4003 2107 4057 capere
2152 3988 2327 4057 possi-

773 4093 914 4132 mus.
949 4077 1022 4132 Ea
1067 4095 1193 4134 vero
1219 4091 1302 4156 est
1333 4080 1626 4148 ejusmodi.
1927 4086 1932 4092 '

907 4255 1177 4314 Met/rodas
1207 4256 1496 4312 inveniendi
1526 4265 1709 4326 quotus
1735 4259 1802 4311 sit
1833 4258 2010 4328 cyclus
2040 4259 2190 4313 solis.

847 4412 928 4468 Sil.
965 4413 1154 4470 Annos
1198 4415 1265 4470 ab
1305 4416 1460 4470 initio
1503 4417 1687 4471 mundi
1739 4417 1806 4471 ad
1837 4417 2114 4470 ineuntem
2148 4433 2328 4486 usque

2433 3269 2616 3313 στασις
2639 3249 2746 3302 τῶν
2783 3247 2922 3301 κατὰ
2955 3245 3022 3298 τά
3062 3245 3154 3314 ἐτη
3192 3241 3374 3314 ἀρχῶν
3411 3242 3546 3312 πρὸς
3579 3243 3676 3304 τὰς
3705 3241 3808 3308 τῆς
3833 3239 3976 3292 ἐῶσ-

2431 3345 2592 3416 μάδος
2617 3341 2843 3412 ἡμέρας.
2883 3333 3488 3404 Πολλαπλασιαζομένου
3527 3333 3637 3404 γὰρ
3667 3332 3758 3386 τοῦ
3791 3331 3835 3395 ξ’
3861 3332 3980 3402 ἦτοι

2427 3436 2532 3488 τῶν
2565 3435 2661 3504 τῆς
2685 3431 2974 3502 ἑϐδομάδος
2995 3427 3216 3500 ἡμερῶν
3241 3427 3334 3480 ἐπὶ
3352 3427 3440 3479 τὸν
3471 3426 3534 3491 δ’,
3566 3425 3808 3478 τουτέστι
3843 3425 3978 3480 κατά

2427 3531 2523 3592 τὰς
2555 3525 2994 3596 τετραετηρίδας,
3022 3521 3096 3584 ὡς
3131 3519 3468 3591 διείληπται,
3518 3518 3846 3590 μεταϐάσεις
3875 3517 3976 3570 τῶν

2429 3619 2608 3690 ἀρχῶν
2655 3617 2762 3668 τῶν
2795 3615 2930 3667 ἐτῶν
2975 3613 3210 3681 γίνονται
3251 3611 3356 3681 κη’.
3393 3611 3504 3664 Καὶ
3559 3611 3697 3679 αὕτη
3751 3611 3900 3663 ἐστὶν
3945 3611 3978 3676 ἡ

2429 3711 2574 3764 αἰτία
2595 3709 2686 3762 τοῦ
2719 3709 2852 3778 μήτε
2883 3705 3140 3758 πλειόνων
3171 3704 3292 3775 μήτ’
3309 3702 3602 3755 ἐλαττόνων
3625 3702 3732 3753 τῶν
3753 3707 3840 3770 κη’
3859 3702 3976 3762 τοὺς

2430 3801 2726 3863 ἐνιαυσίους
2747 3799 2838 3853 τοῦ
2868 3797 3017 3868 ἡλίου
3046 3793 3514 3868 συγκορυφοῦσθαι
3543 3792 3792 3855 κύκλους.

2499 3895 2695 3950 Λοιπὸν
2723 3895 2766 3947 δ’
2792 3894 2856 3947 ἂν
2893 3891 2978 3962 εἴη
3009 3890 3102 3955 καὶ
3129 3889 3226 3959 τὴν
3271 3887 3491 3958 μέθοδον
3527 3885 3787 3946 ἐκθεῖναι,
3821 3885 3888 3937 δι’
3915 3879 3976 3953 ἧς

2431 3991 2494 4044 ἂν
2527 3991 2647 4044 καθ’
2681 3992 2862 4042 ὁποῖον
2929 3987 3046 4049 ἔτος
3093 3981 3377 4053 ζητοῦντες
3417 3981 3710 4051 λαμϐάνειν
3755 3979 3852 4031 τὸν
3899 3979 3976 4028 ἐν·

2431 4082 2640 4135 εστῶτα
2671 4079 2864 4134 κύκλον
2897 4075 2988 4131 τοῦ
3019 4075 3188 4148 ἡλίου,
3221 4069 3410 4128 τοῦτον
3441 4072 3836 4144 λαμϐάνοιμεν.
3875 4071 3976 4128 Καὶ

2431 4175 2576 4228 ἔστιν
2609 4174 2764 4241 αὕτη.
3523 4171 3526 4174 ’

2430 4267 2690 4331 Μέθοδος
2731 4264 2804 4316 δι’
2853 4259 2928 4333 ἧς
2953 4262 3286 4342 subplantat!
3330 4263 3362 4315 ό
3405 4259 3511 4313 τοῦ
3555 4260 3732 4328 ἡλίου
3759 4261 3974 4322 κύκλος

3031 4373 3034 4378 .
3054 4345 3360 4398 ποσταιος.

2503 4427 2575 4478 Γ’.
2604 4424 2684 4476 Τὰ
2711 4422 2817 4476 ἀπὺ
2847 4421 2945 4492 τῆς
2973 4421 3356 4491 κοσμογενείας
3389 4419 3482 4490 ἔτη
3512 4419 3668 4491 μέχρι
3697 4419 3794 4472 καὶ
3819 4417 3972 4472 αὐτοῦ

773 4521 870 4576 per
907 4522 1074 4562 xxvm
1115 4495 1402 4584 partimur,
1437 4515 1489 4562 et
1517 4507 1780 4576 quidquid
1811 4517 1892 4562 est
1937 4509 2076 4560 infra
2133 4523 2326 4570 xxvm,

2434 4517 2526 4572 τοῦ
2555 4515 2897 4584 ἐνισταμένου
2925 4513 3076 4575 ἔτους
3101 4511 3484 4582 λαμϐάνοντες,
3517 4512 3610 4562 καὶ
3636 4510 3810 4562 ταῦτα
3839 4508 3972 4577 παρὰ

773 4596 956 4668 ογίοιιιε
980 4609 1063 4652 est
1090 4598 1241 4660 solis,
1278 4598 1369 4667 qui
1405 4599 1686 4668 quaeritur.
1715 4597 1955 4666 Exempli
1981 4599 2175 4667 gratia,
2201 4599 2327 4652 anni

775 4687 842 4740 ab
863 4685 992 4741 orbe
1019 4688 1237 4741 condito
1259 4687 1326 4741 ad
1355 4687 1497 4740 hunc
1527 4702 1727 4740 annum
1759 4695 2116 4741 numerantur
2161 4687 2324 4751 6881,

774 4777 842 4832 de
891 4777 1090 4845 quibus
1124 4779 1377 4848 demptis,
1417 4779 1594 4849 quoad
1625 4779 1769 4842 licet,
1816 4779 1906 4841 28,
1951 4779 2153 4833 residui
2205 4789 2331 4834 sunt

773 4869 862 4922 2!.
896 4867 1047 4924 Unde
1069 4871 1254 4941 cyclus
1273 4881 1362 4926 est
1393 4871 1456 4925 2t
1489 4886 1633 4926 anno
1659 4871 1848 4926 mundi
1880 4871 2048 4928 6881.

845 5147 978 5202 Cum
1013 5159 1188 5204 autem
1211 5168 1278 5206 ex
1302 5153 1449 5206 omni
1481 5155 1731 5208 methodo
1761 5157 2065 5225 expeditior
2100 5173 2328 5228 qumque

776 5243 1114 5311 praeferatur,
1147 5245 1292 5298 illam
1317 5245 1488 5314 ipsam
1521 5247 1574 5299 in
1609 5245 1906 5302 faciliorem
1937 5259 2330 5303 commutantes

777 5337 846 5388 ita
873 5337 1252 5394 tractabimus.
1457 5333 1459 5336 ’

844 5427 974 5482 Post
1005 5431 1329 5498 completum
1377 5417 1750 5484 centenarium
1785 5432 2110 5501 quemlibet,
2147 5433 2326 5486 ultimi

776 5519 984 5588 cyelnm
1003 5535 1099 5588 pro
1128 5522 1306 5576 radice
1331 5529 1625 5584 sumentes,
1671 5523 1736 5576 ad
1761 5525 2060 5578 centenarii
2091 5541 2328 5594 sequen-

777 5611 846 5664 tis
869 5625 1040 5664 annos
1071 5611 1350 5667 addimus:
1378 5629 1440 5667 ac
1464 5629 1674 5668 summa
1707 5630 1800 5684 per
1821 5615 1890 5668 “2.8
1913 5617 2086 5670 divisa
2118 5617 2328 5680 eodem,

775 5717 884 5770 quo
919 5718 1104 5772 supra,
1141 5705 1322 5768 modo,
1357 5706 1500 5776 quod
1547 5707 1808 5776 quaeritur
1862 5710 2188 5763 obtinemus.
2223 5707 2327 5761 Ex~

777 5793 939 5864 empli
965 5809 1139 5866 causa
1169 5796 1226 5851 in
1257 5812 1399 5852 anno
1429 5799 1728 5868 pr0posito,
1759 5802 2017 5870 quoniam
2053 5803 2330 5870 praeterito

2432 4610 2501 4663 τὰ
2521 4615 2602 4678 κη’
2627 4606 2956 4679 μερίζοντες,
2973 4607 3042 4660 τὰ
3059 4603 3300 4658 κάτωθεν
3315 4602 3428 4655 τῶν
3445 4607 3530 4672 κη’
3545 4601 3774 4664 κύκλους
3791 4601 3973 4671 ἔχομεν

2435 4699 2706 4771 ἡλιακούς.
2745 4691 2868 4752 Οἷον
2900 4696 2976 4760 ὡς
3009 4697 3067 4748 ὲν
3101 4691 3476 4762 ὑποδείγματι,
3504 4691 3573 4743 τὰ
3607 4691 3716 4744 ἀπὸ
3743 4691 3845 4760 τῆς
3887 4705 3970 4739 κο-

2433 4791 2749 4861 σμογενείας
2787 4790 2880 4860 ἔτη
2939 4787 3098 4859 μέχρι
3129 4783 3223 4837 τοῦ
3273 4781 3560 4846 ἐνεστῶτος
3607 4783 3714 4835 εἱσι
3760 4786 3968 4850 grata"

2433 4885 2496 4933 ἐκ
2532 4881 2734 4934 τούτων
2781 4876 3192 4949 ἀφαιρουμένων
3223 4872 3331 4926 τῶν
3363 4879 3470 4944 κη’,
3511 4873 3700 4934 ὁσάκις
3731 4871 3968 4942 ἐγχωρεῖ,

2432 4973 2847 5027 καταλείπονται
2875 4978 2980 5025 καν.
3006 4969 3118 5022 Καὶ
3139 4967 3286 5020 ἐστιν
3315 4967 3344 5018 ὁ
3371 4965 3511 5044 κατὰ
3542 4965 3604 5017 τὸ
3639 4964 3988 5032 ἐνιστάμενον

2432 5075 2625 5139 βιοῖ-ια’
2647 5067 2764 5130 ἔτος
2791 5065 2986 5127 κύκλος
3015 5063 3168 5133 ἡλίου
3199 5067 3305 5116 κε’.

2515 5161 2664 5216 Ἐπεὶ,
2690 5158 2743 5210 δὲ
2766 5157 2947 5228 πάσης
2981 5153 3204 5226 μεθόδου
3233 5153 3330 5224 τὴν
3355 5147 3770 5224 προχειροτέραν
3801 5147 3972 5218 ἐγκρί-

2432 5265 2612 5318 νομεν,
2636 5249 2730 5300 καὶ
2761 5245 2963 5315 ταύτην
2997 5247 3076 5308 είς
3105 5244 3166 5297 τὸ
3200 5242 3610 5314 προχειρότερον
3637 5237 3972 5308 μεταποιοῦν-

2433 5357 2520 5401 τες
2545 5337 2712 5400 οὕτως
2755 5336 2818 5389 ἂν
2855 5333 3268 5405 μεθοδεύσομεν.
3443 5329 3448 5332 ’

2501 5430 2636 5482 Καθ’
2663 5429 2896 5497 ἑκάστην
2923 5426 3310 5498 συμπλήρωσιν
3338 5421 3842 5491 ἑκατονταετηρῐδος
3867 5433 3972 5470 σκο·

2435 5519 2662 5582 πούντες
2722 5519 2812 5570 τὸν
2847 5519 3114 5570 ἐνεστῶτα
3143 5515 3286 5568 ’τότε
3315 5513 3534 5578 κύκλον,
3569 5513 3664 5566 καὶ
3701 5511 3886 5578 τοῦτον
3907 5509 3970 5566 ὼς

2435 5615 2681 5685 θεμέλιον
2721 5612 2958 5680 ἔχοντες.
2993 5609 3350 5681 προστίθεμεν
3379 5609 3490 5670 τοῖς
3513 5608 3652 5660 κατὰ
3677 5607 3774 5676 τὴν
3803 5599 3968 5658 ἐπιοῦ-

2437 5729 2532 5762 σοιν
2563 5706 3046 5777 ἑκατονταετηρίδα
3084 5705 3246 5766 ἔτεσι,
3286 5702 3379 5754 καὶ
3415 5703 3483 5754 τὰ
3511 5701 3852 5768 συναγόμενα
3891 5711 3968 5766 με-

2439 5803 2671 5874 ρίζοντες
2709 5799 2852 5869 παρὰ
2887 5797 2975 5851 *ὢν
3004 5803 3109 5867 κη’,
3131 5793 3282 5848 ,κατὰ
3309 5793 3400 5849 τὸν
3427 5791 3735 5848 δυλωθέντα
3775 5791 3968 5860 τρόπον.
