4130 6342
82 389 254 449 1285

86 600 163 653 τὸ
217 602 582 672 προκείμενον
630 606 779 672 ἔτος,
815 613 972 675 ἐπεὶ,
1035 616 1525 692 συμπληρουμένης
1575 626 1673 695 τῆς

90 691 490 765 παρελθούσης
508 696 1031 774 ὲκατονταετηρίδος,
1056 708 1220 778 ἡγουν
1243 710 1336 763 τοῦ
1354 719 1468 777 ,gw'
1483 691 1669 778 {100%,

90 783 182 834 κδ’
209 778 283 854 ἦν
316 786 468 845 (5,τοῦ
498 786 648 856 ἡλίου
689 790 905 857 κύκλος,
940 794 1108 850 ταῦτα
1143 801 1220 853 κδ’
1260 803 1565 875 κρατοῦμεν
1597 807 1672 869 ὡς

74 873 364 945 θεμέλιον
398 881 527 951 παρ’
559 881 686 953 ὃλην
748 884 847 955 τὴν
892 887 1247 963 ἐνισταμένην
1288 873 1673 968 ἑκατονταετηο

88 968 266 1036 ρίδα’
295 971 388 1022 καὶ
418 962 626 1036 τούτοις
650 977 1028 1045 προστιθέντες
1052 982 1118 1035 τὰ
1149 985 1307 1056 μέχρι
1342 987 1433 1039 106
1456 987 1549 1041 νῦν
1579 962 1672 1043 καὶ

87 1058 277 1111 αὑτοῦ
305 1059 396 1133 ἐτη
432 1069 542 1128 πα’,
570 1063 639 1117 τὰ
667 1068 931 1138 γενόμενα
972 1079 1046 1141 ρε¹
1078 1077 1369 1148 μερίζομεν
1405 1082 1553 1153 παρὰ
1582 1083 1670 1136 τὸν

87 1157 218 1222 κη’,
249 1152 346 1205 καὶ
374 1153 442 1207 τὰ
465 1157 899 1231 καταλειπόμενα
933 1165 1025 1217 καὶ
1053 1165 1203 1220 οὕτω.
1222 1170 1310 1239 κα’
1335 1174 1509 1243 φαμὲν
1532 1170 1669 1227 εἶναι

80 1241 198 1295 τὸν
214 1243 424 1299 κύκλον
452 1246 545 1300 106
575 1248 745 1319 ἡλίου.
1004 1274 1013 1277 '
1418 1241 1429 1262 6'

180 1336 418 1404 Εύλογον
454 1339 498 1391 δ’
548 1341 615 1394 ἂν
668 1344 751 1415 είη
782 1347 877 1400 καὶ
927 1348 1027 1419 τὴν
1069 1351 1159 1403 ἐπὶ
1200 1354 1313 1416 τοῖς
1363 1356 1669 1426 εἰρημένοις

82 1424 525 1483 ἀνακύπτουσαν
556 1428 911 1504 προθεμένοις
954 1437 1187 1510 ἀπορίαν
1226 1424 1667 1499 ἐνταυθοῖηλύσαι

83 1520 250 1572 κατὰ
280 1521 341 1573 τὺ
387 1523 684 1596 ἐγχωροῦν.
712 1530 863 1583 Ἔστι
894 1530 950 1583 δὲ
982 1531 1141 1603 α’ύτη.
1177 1534 1248 1586 Τὸ
1299 1534 1512 1605 πρῶτον
1552 1536 1668 1600 ἔτος

83 1609 217 1660 τῶν
252 1611 491 1686 ἡλιακῶν
524 1614 737 1669 κύκλων
782 1619 890 1672 ἀπὸ
915 1621 1124 1691 ἡμέρας
1154 1622 1395 1693 πρώτης,
1424 1626 1667 1679 τουτέστι

80 1700 415 1773 Κυριακῆς,
448 1704 655 1776 ἔφαμεν
676 1708 973 1779 ἄρχεσθαι,
1010 1711 1149 1764 καθὰ
1180 1713 1241 1785 δὴ
1295 1716 1386 1768 κα)⁸
1415 1717 1521 1769 ἀπὸ
1569 1720 1668 1788 τῆς

80 1796 491 1863 κοσμογενείας
544 1798 777 1869 πρῶτον.
822 1802 981 1856 Ἀλλὰ
1020 1804 1147 1867 νῦν,
1175 1807 1339 1876 ἡνίκα
1381 1809 1409 1859 ὁ
1453 1810 1666 1882 πρῶτος

1012 406 1234 464 ISAACI
1271 410 1574 469 MONACHI
1613 416 1988 477 COMPUTUS
2026 423 2465 487 ECCLESIAST.

88 509 311 581 ἔχομεν
337 511 397 563 τὸ
425 511 770 586 ζητούμενον.
799 512 922 573 Οἵον
951 521 1024 586 ὡς
1046 525 1101 579 ὲν
1137 526 1490 599 ὑποδείγματι
1531 534 1658 587 κατᾶ

1771 542 2085 597 centenario
2131 554 2393 610 vertente,

3194 450 3330 506 1286
3380 445 3386 451 ’

2448 546 2551 603 hoc
2593 559 2678 607 est
2728 556 2903 612 sexies
2950 559 3244 618 millesimo
3274 574 3329 618 et

1766 618 2245 703 Octingentesimo,
2284 639 2472 707 cyclus
2506 651 2623 695 erat
2652 644 2788 701 solis
2830 663 2976 714 χχιν,
3026 651 3173 707 hunc
3225 671 3332 710 nu-

1772 732 2003 783 merum,
2047 724 2193 777 velut
2241 726 2502 792 radicem,
2550 738 2667 791 toto
2708 747 2970 805 sequente
3013 748 3330 801 centenario

1770 809 2086 877 retinemus,
2122 814 2189 868 ad
2220 834 2379 885 quem
2413 821 2665 879 residuos
2704 827 2770 881 ad
2816 830 2960 885 hunc
2985 848 3155 891 annos
3198 840 3332 908 adji-

1770 898 1975 957 cientes
2012 903 2101 990 ει,
2152 921 2419 963 summam
2463 912 2588 968 inde
2630 918 2932 977 confectam
2976 926 3079 981 105
3124 944 3219 1000 per
3258 898 3329 988 é8

1764 973 2084 1059 dividimus,
2119 998 2263 1065 quod
2292 1001 2560 1072 reliquum
2603 1015 2708 1070 est,
2755 1026 2949 1085 nempe
2986 1017 3077 1085 21,
3114 973 3328 1092 ἕΥεΙιιιιι
3388 1075 3395 1084 .

1774 1080 1906 1136 solis
1932 1098 2054 1139 esse
2080 1085 2346 1157 dicimus,

1842 1340 1945 1397 Sed
1991 1362 2099 1401 non
2151 1349 2247 1405 abs
2297 1368 2357 1407 re
2408 1353 2567 1411 fuerit
2613 1362 2975 1429 quaestionem
3012 1373 3323 1441 quamdam,

1768 1445 1887 1499 quas
1913 1448 1979 1487 εχ
2002 1435 2069 1490 iis
2089 1452 2210 1506 quae
2227 1441 2367 1496 dicta
2391 1455 2518 1499 sunt
2534 1449 2727 1514 oritur,
2755 1452 2860 1518 hic,
2882 1435 3061 1525 quoad
3087 1461 3140 1515 in
3164 1435 3323 1522 nobis

1769 1521 1934 1577 situm
1960 1535 2063 1591 est,
2090 1528 2409 1589 dissolVere.
2436 1536 2528 1592 Est
2563 1549 2741 1597 autem
2775 1521 3060 1613 ejusmodi.
3082 1550 3325 1613 Primum

1769 1627 1968 1669 annum
2020 1620 2295 1689 cyclorum
2356 1627 2614 1684 solarium
2669 1648 2696 1687 a
2750 1637 2924 1705 prima
2990 1641 3143 1711 feria,
3208 1652 3324 1704 sive

1769 1703 2071 1775 Dominica,
2102 1712 2343 1769 inchoari
2369 1716 2627 1786 diximus,
2660 1724 2786 1779 item
2829 1737 2887 1781 ut
2925 1746 3101 1790 annus
3133 1741 3323 1793 mundi

1767 1798 1975 1867 primus
2020 1800 2255 1860 indidem
2316 1811 2568 1880 occoepit.
2634 1814 2802 1885 Atqui
2860 1820 3042 1888 hodie,
3107 1832 3322 1897 quoties

82 1885 331 1954 ἡλιακὸς
372 1890 530 1959 ἐνστῇ
567 1889 786 1956 κύκλος,
839 1894 945 1947 ἀπὸ
978 1895 1188 1967 ἡμέρας
1218 1897 1263 1967 β’
1293 1900 1537 1970 ἄρχεται,
1571 1903 1658 1955 καὶ

1765 1890 1975 1958 primus
2015 1894 2117 1947 init
2160 1896 2293 1953 solis
2335 1899 2595 1968 circulus,
2651 1906 2809 1978 196
2846 1910 3034 1983 incipit
3066 1885 3200 1971 feria
3235 1936 3323 1975 se-

76 1978 162 2029 οὐ
200 1978 439 2051 πρώτης.
487 1983 595 2036 Καὶ
634 1983 685 2037 τί
713 1984 778 2039 ἂν
821 1985 905 2056 εἴη
950 1988 1010 2039 τὸ
1051 1988 1220 2063 αἴτιον
1265 1992 1364 2062 τῆς
1396 1994 1533 2047 κατὰ
1568 1995 1663 2067 τὴν

86 2065 331 2136 πρώτην
374 2070 586 2139 ἡμέραν
613 2073 819 2146 ταύτην
858 2076 1154 2148 διαφορᾶς;
1198 2081 1306 2132 Καὶ
1335 2082 1470 2155 αὕτη
1512 2086 1605 2155 μὲν
1622 2065 1659 2158 ἡ

80 2158 309 2211 ἀπορία
327 2176 339 2187 ·
374 2159 554 2232 λυθείη
582 2162 626 2215 δ’
660 2164 724 2217 ἂν
745 2164 917 2230 οὕτως
944 2169 1084 2222 κατὰ
1106 2170 1167 2222 τὸ
1203 2170 1442 2241 εὔλογον.
1562 2162 1563 2165 η

170 2247 285 2317 Τῆς
320 2250 521 2320 κυρίως
569 2252 743 2322 ἀρχῆς
795 2256 889 2307 106
912 2256 1083 2321 ετους,
1126 2258 1249 2326 ἥτις
1275 2262 1413 2325 ,ἐστὶ
1446 2262 1568 2316 καθ’
1594 2268 1661 2337 ἥν

74 2339 315 2411 ἡμέραν
352 2344 379 2395 ὁ
435 2342 759 2416 δημιουργὸς
801 2346 909 2401 τῶν
951 2348 1085 2402 ὅλων
1133 2349 1264 2415 Θεὸς
1306 2354 1406 2423 τῆς
1457 2356 1675 2410 τούτων

76 2431 366 2499 γενέσεως
387 2433 606 2506 ἡρξατο,
632 2436 999 2509 ἀγνοουμένης
1023 2441 1080 2493 ὲν
1110 2440 1236 2512 ποίᾳ
1263 2442 1370 2495 τῶν
1392 2443 1481 2496 τοῦ
1508 2443 1659 2509 ἔτους

74 2522 251 2575 ἔστιν
284 2524 519 2595 ἡμερῶν,
548 2524 720 2581 ἄλλων
750 2528 914 2593 ἄλλας
943 2532 1114 2602 ἀρχὰς
1134 2532 1536 2607 ὑποτιθεμένων
1565 2538 1657 2591 τοῦ

74 2614 278 2678 ἔτους·
324 2616 543 2689 ἐπειδὴ,
573 2621 700 2672 ὅταν
752 2620 944 2693 ἐπιστῇ
998 2624 1026 2675 ὁ
1057 2626 1187 2694 παρ’
1230 2628 1360 2695 ἡμῖν
1411 2628 1657 2700 Σεπτέμ-

81 2705 273 2777 ὄρχος,
301 2707 358 2760 ὃν
388 2709 559 2780 ἀρχὴν
594 2711 894 2781 ποιούμεθα
929 2712 1023 2766 τοῦ
1052 2712 1225 2779 ἔτους,
1260 2714 1307 2779 ζ’
1351 2718 1496 2771 ἐστὶν
1526 2720 1659 2790 ἡμέ-

86 2817 199 2871 ραο
237 2800 363 2853 ὅταν
408 2802 464 2854 δὲ
509 2804 537 2854 ὁ
593 2803 953 2876 Ὀκτὼθριος,
997 2806 1073 2877 β’·
1105 2809 1435 2881 οἰκειοτέραν
1483 2812 1657 2883 ἀρχὴν

84 2892 397 2965 ποιούμεθα
423 2895 531 2948 τῶν
566 2896 807 2967 ἡλιακῶν
836 2898 1048 2979 κύκλων
1075 2900 1171 2973 τὴν
1198 2902 1291 2955 106
1330 2905 1654 2977 Ὀκτωϐρίου

79 2986 293 3057 ἀρχὴν,
319 2986 351 3055 ἢ
378 2985 474 3056 τὴν
504 2986 596 3041 τοῦ
630 2989 1021 3063 Σεπτεμϐρίου.
1050 2991 1220 3046 Τοῦτο
1244 2994 1301 3047 δὲ
1328 2996 1655 3071 σαφέστερον

82 3079 393 3148 ποιήσομεν
418 3080 519 3133 κάν
564 3083 630 3152 τῇ
665 3082 869 3154 μεθόδῳ
917 3083 1011 3137 τοῦ
1041 3086 1494 3159 ἡμεροευρεσίου·
1532 3092 1654 3162 ἥτις

80 3170 193 3221 καὶ
224 3169 333 3241 ἔχει
367 3170 558 3235 οὕτως.

426 3285 688 3353 Μέθοδος
714 3288 818 3342 τοῦ
840 3289 1323 3359 ἠμεροευρεσίου.

159 3378 236 3429 Δ’.
275 3376 440 3430 Ὅταν
473 3378 628 3449 τήνδε
660 3380 781 3434 τινὰ
803 3381 895 3434 106
940 3384 1288 3453 ἐνισταμένου
1324 3386 1491 3456 μηνὸς
1514 3388 1652 3459 ἡμέ-

82 3484 196 3537 ραν
226 3465 472 3536 ζητῶμεν
502 3469 699 3539 εὑρεῖν,
725 3471 782 3522 ὲν
809 3471 913 3525 τίνι
945 3472 1052 3526 τῶν
1075 3474 1174 3544 τῆς
1205 3474 1491 3547 ἑϐδομάδος
1516 3480 1653 3549 ἡμε-

78 3558 205 3626 ρῶν
240 3559 543 3643 συμϐαίνει,
577 3561 949 3633 λαμϐάνομεν·
978 3565 1081 3621 τὸν,
1107 3566 1337 3637 ἀριθμὸν
1372 3568 1479 3622 τῶν
1510 3588 1650 3643 παρ-

78 3650 354 3702 ελθόντων
382 3640 605 3706 ¹κύκλων
654 3652 746 3705 τοῦ
780 3654 950 3725 ἡλίου,
997 3655 1132 3727 πλὴν
1177 3658 1270 3711 τοῦ
1324 3640 1644 3725 ἐνεστῶτοςο

74 3741 184 3793 καὶ
214 3739 387 3811 τούτῳ
432 3742 789 3814 προστίθεμεν
832 3745 927 3808 τάς
960 3762 1018 3798 τε
1064 3747 1170 3800 ἀπὸ
1213 3749 1312 3818 τῆς
1342 3750 1513 3821 ἀρχῆς
1540 3750 1646 3832 ,τοῦ

80 3832 264 3903 μηνὸς
296 3832 500 3887 ἐκείνου
546 3834 757 3908 ἡμέρας
790 3836 915 3908 ἄχρι
952 3838 1045 3891 καὶ
1085 3839 1255 3908 αὐτῆς
1304 3842 1402 3910 τῆς
1452 3839 1644 3913 ζητου-

79 3922 286 3992 μένης,
314 3920 391 3973 ἔτι
433 3939 493 3975 τε
537 3924 636 3995 τὴν
669 3925 910 3994 ὲπακτὴν
959 3924 1051 3977 106
1088 3926 1249 3979 αὑτοῦ
1293 3927 1478 3997 μηνὸς,
1524 3928 1645 3999 ἥτις

77 4010 236 4063 ἐστὶν
286 4010 607 4082 Ὀκτωσρίου
649 4015 747 4084 μὲν
781 4014 962 4086 ἡμέρα
997 4014 1065 4067 α’.
1111 4014 1239 4067 Ἀπὸ
1271 4016 1378 4086 γὰρ
1404 4017 1503 4087 τῆς
1547 4036 1645 4071 κυ-

76 4102 218 4174 ρίως
249 4102 420 4173 ἀρχῆς
446 4101 539 4157 τοῦ
582 4103 751 4169 ἔτους,
791 4107 912 4175 ἣτις
947 4106 1092 4159 ἐστὶν
1119 4105 1300 4177 ἡμέρα
1333 4112 1402 4169 α’,
1435 4107 1468 4177 ἢ
1497 4108 1642 4170 ,κατὰ

72 4193 179 4265 τὴν
215 4200 261 4247 α’
301 4195 397 4265 μὲν
426 4195 519 4248 106
573 4196 928 4267 Ὀκτωϐρίου,
972 4199 1029 4251 ὲν
1061 4198 1245 4270 ἡμέρᾳ
1284 4197 1326 4265 β’
1359 4199 1638 4271 γινομένη,

78 4287 215 4355 μιᾶς
240 4274 448 4359 ἡμέρας
469 4289 610 4342 ποιεῖ
634 4288 941 4359 μετάθεσιν.
1094 4312 1097 4317 ν

509 4399 733 4454 ’οκτὼ6.
912 4401 988 4454 λα’
1032 4411 1081 4454 α’

495 4470 795 4593 Νοέμσὲιος
948 4471 993 4523 λ’
1028 4472 1079 4524 ’δ’

495 4542 672 4593 Δεκέυ.
714 4583 726 4593 .
914 4540 992 4593 λα’
1026 4549 1079 4593 ς’

494 4540 706 4610 Δεκέμὸ
714 4583 726 4595 .
914 4540 992 4593 λα’
1026 4549 1079 4606 ς’

508 4610 765 4681 Ἰανουάρ.
912 4610 993 4663 λα’
1032 4610 1078 4681 β’

500 4681 798 4753 φεόρουάρο
908 4687 993 4753 κη’
1040 4688 1080 4733 ε’

499 4748 760 4823 Μάρτιος.
913 4748 994 4823 λα’
1041 4758 1083 4803 ε’

512 4821 781 4891 Ἀπρίλιος
920 4890 923 4891 ν
952 4821 994 4873 λ’
1034 4829 1081 4874 α’

498 4890 672 4953 Μάῖος
915 4890 991 4943 λα’
1032 4899 1080 4958 γ’

505 4960 719 5023 Ἰούνιος
948 4962 991 5013 λ’
1023 4971 1077 5026 ς’

505 5029 718 5093 Ἰούλιος
908 5032 989 5084 λα’
1027 5039 1076 5085 α’

491 5099 795 5167 Αὔγουστος
906 5104 984 5157 λα’
1033 5103 1075 5154 δ’

491 5170 759 5241 Σεπτέμδ.
948 5172 990 5224 λ’
1029 5172 1073 5236 ζ’

143 5284 253 5336 Καὶ
289 5284 431 5338 τοῦτ’
454 5285 597 5338 ἐστὶν
620 5286 754 5357 ὅπερ
783 5284 876 5337 καὶ
904 5287 1158 5357 ἀνωτέρω
1177 5286 1459 5357 ἐλέγομεν,
1480 5287 1631 5353 λύον-

75 5390 161 5436 τες
186 5375 282 5444 τὴν
311 5374 742 5446 ἀναφαινομένην
786 5375 1038 5446 ἀπορίαν.
1070 5376 1181 5429 Καὶ
1218 5375 1415 5448 ἐφεξῆς
1454 5378 1630 5449 Νοεμ-

1676 3232 1725 3292 C

1764 1979 1963 2043 cunda,
2006 1998 2114 2037 non
2166 1988 2364 2064 prima.
2422 1988 2704 2048 Undenam
2743 2012 2870 2066 ergo
2942 2002 3130 2069 prima:
3174 2008 3320 2063 illius

1762 2071 1871 2125 diei
1920 2069 2214 2132 discrimen
2281 2083 2525 2137 accidit?
2578 2085 2673 2141 Est
2706 2088 2821 2145 haec
2872 2091 2983 2147 fere
3033 2094 3319 2155 dubitandi

1763 2160 1902 2213 ratio
1930 2180 1943 2215 :
1983 2164 2068 2217 cui
2111 2180 2211 2221 nos
2246 2162 2610 2229 consen‘tanee
2630 2178 2711 2231 sic
2740 2185 3105 2239 occurrimus.

1836 2249 2031 2307 Verum
2061 2256 2189 2308 anni
2216 2258 2595 2328 primordium,
2630 2263 2732 2320 hoc
2778 2277 2862 2323 est
2891 2270 3008 2327 dies
3040 2275 3152 2339 illa,
3210 2293 3318 2348 qua

1760 2358 1943 2398 rerum
1997 2347 2241 2401 omnium
2300 2351 2633 2409 molitionem
2684 2371 2870 2413 earum
2924 2363 3119 2419 artifex
3174 2347 3319 2425 Deus

1760 2434 2018 2501 instituit,
2046 2438 2311 2493 incertum
2334 2448 2418 2496 est
2445 2459 2605 2513 quam
2633 2446 2690 2500 in
2718 2450 2844 2503 anni
2872 2450 3314 2523 dieminciderit,

1759 2540 1884 2583 cum
1931 2528 2021 2583 alii
2081 2531 2185 2585 alia
2237 2544 2457 2588 sumant
2509 2552 2775 2594 annorum
2816 2543 3054 2600 exordia.
3107 2542 3317 2619 Quippe

1748 2618 1978 2695 ineunte
2028 2620 2333 2691 Septembri
2384 2635 2592 2698 nostro,
2640 2635 2732 2703 qui
2778 2650 2980 2691 annum
3027 2641 3166 2709 apud
3214 2659 3315 2699 nos

1758 2710 1988 2778 orditur,
2044 2714 2273 2785 septima
2332 2726 2417 2772 est
2468 2719 2643 2789 feria;
2677 2740 2802 2780 cum
2860 2738 3038 2785 autem
3082 2732 3317 2791 October

1756 2800 1969 2871 incipit,
2000 2806 2258 2860 secunda.
2292 2805 2418 2864 Ideo
2437 2811 2506 2865 ad
2533 2816 2661 2868 anni
2690 2818 3018 2889 principium
3048 2826 3311 2893 aptiorem

1755 2893 2009 2952 duximus
2052 2896 2360 2968 Septembri
2390 2903 2665 2960 ineuntem
2700 2907 3011 2967 Octobrem.
3062 2915 3214 2980 Quod
3256 2921 3312 2975 in
3344 2954 3347 2957 -

1754 2982 2002 3051 subjecta
2061 2988 2323 3044 methodo
2358 2992 2748 3065 investigandae
2798 2999 2946 3057 feria:
3007 3006 3313 3065 evidentius

1754 3075 2054 3144 apparebit,
2079 3092 2201 3147 quae
2229 3082 2295 3135 ad
2330 3080 2475 3138 hunc
2504 3088 2722 3141 modum
2757 3106 2816 3146 se
2849 3092 3029 3149 habet.

2100 3279 2379 3337 Mel/rodas
2412 3286 2784 3358 investiganda:
2804 3292 2967 3361 feriw.

1822 3365 1911 3424 IV.
1955 3368 2158 3428 Mensis
2206 3373 2497 3443 cujuslibet
2529 3378 2759 3436 labentis
2782 3384 2924 3439 diem
2969 3386 3309 3458 inquirentes

1751 3474 1913 3528 quam
1957 3462 2011 3515 in
2070 3458 2426 3521 hebdomadis
2490 3468 2677 3525 feriam
2733 3472 2961 3540 incidat,
3020 3495 3307 3539 numerum

1753 3552 2021 3623 imprimis
2068 3562 2465 3613 transactorum
2500 3563 2631 3618 solis
2676 3572 2955 3635 cyclorum
2985 3573 3303 3643 accipimus,

1748 3662 1814 3700 eo
1848 3656 2092 3717 excepto,
2126 3651 2221 3720 qui
2257 3651 2547 3709 inchoatus
2577 3663 2695 3721 est;
2740 3666 2853 3711 tum
2902 3660 2971 3713 ad
3010 3662 3155 3719 hunc
3202 3684 3304 3720 nu-

1749 3753 1959 3794 merum
1989 3740 2105 3796 dies
2139 3744 2345 3800 mensis
2386 3744 2453 3798 ad
2494 3761 2619 3800 eum
2665 3762 2838 3817 usque
2878 3751 2971 3820 qui
3021 3758 3302 3825 'quaeritur,

1746 3844 1869 3884 cum
1900 3838 2109 3903 epacti‘s
2137 3835 2379 3905 ejusdem
2423 3838 2635 3911 mensis,
2658 3840 2979 3909 adjicimus;
3014 3859 3076 3899 ea
3106 3849 3160 3900 in
3207 3848 3304 3904 Oc-

1745 3922 1992 3978 tobri'est
2026 3926 2077 3981 1.
2129 3925 2262 3980 Nam
2290 3943 2320 3981 a
2366 3943 2495 3983 vero
2530 3930 2659 3982 anni
2692 3931 3007 3999 primordio,
3053 3939 3196 4005 quod
3244 3942 3301 3997 in

1746 4014 1933 4069 feriam
1986 4017 2215 4085 primam
2266 4028 2579 4095 competere
2622 4020 2801 4083 debet,
2866 4024 3187 4094 trajectione
3240 4031 3300 4087 in

1744 4104 1970 4163 Kalend.
2006 4107 2268 4167 Octobres
2322 4110 2461 4165 facta
2482 4152 2498 4177 ,
2545 4127 2663 4181 qua:
2695 4113 2896 4168 cadunt
2924 4117 2979 4170 in
3005 4122 3297 4179 secundam

1742 4198 1952 4267 feriam,
1976 4209 2030 4256 et
2060 4204 2185 4257 anni
2214 4204 2535 4275 principium
2563 4221 2593 4259 a
2630 4205 2788 4275 nobis
2817 4206 3204 4276 instituuntur,
3240 4213 3298 4271 ﬁt

1742 4290 1905 4347 unius
1930 4291 2038 4347 diei
2067 4294 2316 4349 mutatio.

2017 4402 2249 4459 October
2464 4424 2588 4463 χχχι
2738 4414 2759 4466 1

2014 4473 2319 4530 November
2460 4494 2567 4533 χχχ
2729 4484 2761 4536 4

2017 4542 2315 4600 December
2458 4563 2585 4603 χχχι
2712 4554 2764 4605 κϐ

2012 4614 2304 4670 Ianuarius
2459 4634 2587 4673 χχχι
2730 4623 2764 4675 2

2012 4684 2342 4743 Februarius
2456 4705 2624 4743 xxvm
2724 4693 2757 4745 5

2009 4754 2235 4811 Martius
2449 4774 2574 4813 χχχι
2721 4762 2755 4813 5

2011 4827 2214 4892 Aprilis
2459 4844 2565 4883 χχχ
2732 4834 2757 4884 1

2007 4894 2187 4950 Maius
2453 4914 2581 4953 χχχι
2724 4902 2758 4952 3

2009 4964 2204 5019 Junius
2456 4984 2563 5021 χχχ
2722 4974 2755 5023 6

2012 5033 2191 5089 Julius
2452 5054 2581 5093 χχχι
2725 5043 2749 5094 1

2010 5107 2287 5175 Augustus
2452 5125 2575 5163 χχχι
2722 5110 2753 5162 ι1

2013 5174 2330 5245 September
2450 5195 2557 5233 χχχ
2726 5181 2755 5232 7

1800 5284 1975 5353 Atque
2005 5284 2109 5340 hoc
2136 5286 2317 5355 ipsum
2346 5282 2451 5352 est,
2482 5290 2627 5359 quod
2658 5293 2910 5361 superius
2942 5262 3282 5361 dicebamus;

1732 5392 1853 5431 cum
1906 5382 2200 5449 emergenti
2230 5383 2534 5451 ,quaestioni
2586 5385 2982 5453 respondimus.
3023 5386 3285 5457 Deinceps

77 5464 221 5535 ὁρίου
251 5467 455 5537 ἡμέραι
496 5467 553 5520 δ’.
602 5467 741 5530 Ὅτι,
768 5465 845 5537 λα’
891 5466 1102 5537 ἡμέρας
1147 5467 1242 5521 106
1296 5468 1627 5540 Ὀκτωϐρίου

77 5556 280 5583 ι..λ....--
331 5548 525 5583 ,ιηλ....’.
562 5565 611 5583 -.ο
654 5550 787 5583 ..ζ-3.
822 5557 921 5583 -Ᾱ.-
958 5558 996 5583 ἓν
1031 5560 1438 5583 _--.__-.'._.._1-.
1484 5561 1596 5583 ιειι-

1755 5468 2018 5524 iovemhri
2076 5471 2192 5527 dies
2250 5489 2302 5526 iv
2349 5484 2674 5544 congruunt.
2741 5475 2953 5547 Quippe
2998 5494 3123 5532 χχχι
3168 5482 3284 5535 dies

1755 5562 1890 5583 .-l._s
1928 5558 2163 5583 [ιχ-χι-..
2272 5581 2321 5583 με
2355 5564 2405 5583 λε
2460 5582 2493 5583 η
2540 5582 2543 5583 ,
2650 5567 2673 5583 I,
2721 5569 2733 5583 ι
2776 5570 2786 5583 1
2938 5571 2950 5583 1
3182 5570 3250 5583 --.

77 5556 299 5625 ἔχοντες,
331 5548 528 5628 ἡμέραι
562 5565 611 5627 γ’
652 5550 788 5628 μετὰ
820 5557 921 5620 τὰς
956 5558 996 5611 δ’
1029 5560 1438 5630 περιττεύουσὶν
1479 5561 1628 5615 ἑϐδο-

1755 5562 1892 5615 ιιώει
1927 5558 2180 5617 October.
2218 5583 2232 5618 :
2270 5564 2414 5619 unde
2453 5582 2616 5636 supra
2649 5567 3017 5625 hebdomadas
3063 5586 3113 5624 Iv
3154 5570 3283 5626 reli-

80 5646 239 5714 μάδας
260 5665 273 5677 ·
312 5642 469 5701 αὗται
493 5647 547 5701 δὲ
582 5649 718 5719 μετὰ
756 5650 849 5702 καὶ
885 5649 983 5719 τῆς
1018 5650 1125 5721 πρὸ
1152 5652 1245 5705 τοῦ
1297 5651 1624 5723 Ὀκτωϐρίου

1755 5654 1820 5722 [ui
1852 5660 1979 5707 sunt
1998 5653 2113 5708 dies
2141 5664 2294 5711 tres:
2341 5658 2538 5726 quibus
2579 5657 2764 5712 addito
2814 5675 2830 5713 ι
2874 5661 2965 5729 qui
2993 5658 3281 5715 Octobrem

82 5740 198 5804 μιᾶς
230 5740 270 5793 δ’
310 5738 540 5793 ποιοῦσι.
576 5742 911 5813 ἑεκεμὸρίου
945 5743 1001 5796 δὲ
1035 5749 1087 5807 ς’
1109 5760 1122 5772 ·
1158 5745 1240 5798 ὅτι
1292 5744 1427 5815 μετὰ
1457 5745 1555 5807 τὰς
1583 5745 1625 5796 δ’

78 5827 363 5897 ἑϐδομάδας
390 5830 750 5904 ὁλΝοέμϐριος
787 5833 831 5903 β’
873 5834 1087 5907 ἡμέρας
1128 5834 1238 5906 ἔχει
1280 5836 1625 5909 περιττευού-

1730 5746 2040 5809 antecessit,
2075 5744 2209 5799 ﬁunt
2239 5762 2311 5800 tv.
2338 5745 2629 5803 December
2667 5763 2718 5801 γι
2760 5749 2981 5828 prabet,
3024 5749 3279 5817 quoniam
3362 5788 3368 5794 .

1729 5845 1923 5908 praeter
1948 5836 2333 5912 hebdomadas
2384 5854 2457 5895 1v;
2504 5839 2804 5896 November
2849 5840 3073 5897 biduum
3115 5838 3279 5894 relin-
