4124 6320
787 417 928 476 H87
999 387 1007 400 ’

1785 418 1868 473 A‘D
1907 417 2170 473 EUSEBII
2207 380 2596 474 CHRONICON
2641 417 2998 473 APPENDIX.

3861 423 3986 479 1283

787 533 926 602 quit,
959 531 1102 602 quod
1148 545 1271 586 cum
1315 532 1594 604 prioribus
1620 537 1855 600 quatuor
1903 547 1998 586 se!
2037 531 2217 585 cilicii.
2251 530 2384 592 ἔτι-ι

2443 549 2570 596 σας·
2600 527 2754 586 αὗται
2781 533 2837 586 δὲ
2871 533 3007 606 μετὰ
3036 535 3142 588 τῶν
3173 536 3448 608 προτέρων
3477 536 3518 589 δ’
3547 543 3599 602 ς’
3627 536 3870 598 ποιοῦσα
3887 540 3982 594 Καὶ

789 623 1016 678 nuarius
1067 636 1192 676 vero
1233 623 1275 674 ἰι
1327 621 1554 675 obtinet.
1602 621 1810 691 Quippe
1852 636 1904 674 vt
1958 621 2338 677 antecedentes

787 729 908 770 cum
945 713 1233 784 suprrlluis
1261 727 1344 776 ιιι,
1371 727 1508 781 quas
1529 727 1694 782 supra
1745 729 1798 766 tv
1834 712 2198 768 hebdomadas
2237 711 2338 767 De-

784 805 1001 859 Ccmber
1034 804 1210 868 habet,
1241 818 1290 856 Ix
1325 803 1638 864 coniiciunt.
1675 803 1740 857 de
1773 795 1971 872 quibus
2003 803 2340 858 hebdomade

784 897 1083 952 subtracta.
1132 893 1407 947 residuum
1453 901 1535 948 est
1577 893 1826 954 biduum,
1861 903 2022 961 atque
2067 894 2140 946 ita
2187 894 2340 947 dein-

781 998 932 1052 ceps.
957 981 1282 1036 Februarius
1307 999 1357 1046 v,
1387 981 1612 1036 Martius
1635 999 1683 1044 ν,
1715 981 1967 1051 quoniam
1991 980 2336 1044 Februarius,

781 1077 971 1132 diebus
1027 1083 1284 1128 constans
1330 1081 1454 1128 octu
1505 1073 1766 1128 duntaxat
1821 1082 1872 1127 et
1917 1074 2128 1143 viginti,
2165 1074 2340 1128 nullas

781 1165 950 1220 mensi
987 1167 1226 1234 sequenti
1247 1165 1754 1234 relinquitepactas.
1773 1163 1972 1232 Aprilis
1999 1181 2032 1221 ι.
2059 1163 2227 1216 Maius
2257 1178 2334 1226 ιιι,

779 1253 971 1307 Junius
1003 1268 1074 1315 νι,
1109 1252 1283 1308 Julius
1317 1270 1352 1310 ι.
1390 1253 1668 1322 Augustus
1697 1268 1769 1314 Iv,
1809 1251 2124 1320 September
2149 1267 2242 1304 vu.

847 1343 941 1398 His
991 1345 1154 1414 igitur
1199 1345 1428 1398 invicem
1478 1343 1696 1404 additis,
1735 1345 1990 1396 nimirum
2027 1345 2334 1398 mensisin-

778 1435 956 1490 clioati
1015 1435 1207 1491 diebus
1263 1435 1330 1489 ad
1389 1437 1724 1504 propositum
1787 1451 1978 1504 usque,
2028 1441 2080 1488 et
2132 1417 2346 1488 tuensis’

719 1575 722 1578 .
777 1527 1003 1596 cpactis,
1059 1541 1268 1580 necnon
1325 1525 1609 1594 praeteritis
1667 1525 1832 1594 cyclis
1891 1525 2198 1586 solaribus,
2276 1533 2335 1576 ut

779 1616 982 1670 dictum
1026 1625 1128 1679 est,
1162 1631 1283 1669 cum
1319 1615 1958 1692 eorum‘quadrantilms,
1995 1615 2198 1667 omisso
2231 1613 2333 1666 mi—

775 1723 910 1761 ποι-ο
954 1722 1115 1776 quam
1187 1723 1239 1759 tv
1288 1721 1550 1772 numero;
1595 1720 1807 1760 summa
1858 1706 2092 1774 denique
2123 1719 2220 1774 per
2260 1719 2333 1756 vu

777 1797 972 1855 divisa.
1023 1797 1326 1859 residuum,
1375 1797 1518 1865 quod
1569 1797 1760 1876 minus
1795 1803 1875 1850 est
1914 1805 2142 1864 septem,
2179 1794 2334 1848 docet

2437 625 2636 694 ὁμοίως
2681 625 3001 696 Ἰανουαρίου
3025 625 3090 695 β’.
3123 627 3187 678 AI
3228 627 3347 698 γὰρ.
3381 629 3640 698 πρότεραι
3679 628 3779 694 ἓξ,
3819 629 3908 681 καὶ
3933 633 3982 683 αἱ

2439 715 2844 786 περιττεύουσαι
2875 716 2974 779 τὰς
3015 715 3308 786 ἑϐδομᾲδας
3357 721 3492 772 κατὰ
3532 721 3622 772 τὸν
3663 721 3980 791 Δεκέμϐριον

2437 814 2506 875 γ’,
2531 808 2574 860 θ’
2606 799 2844 860 ποιοῦσιν
2863 823 2878 837 ο
2925 801 2998 861 ὧν
3027 808 3314 878 ἑϐδομάδος
3355 813 3786 880 ἀφαιρουμένης,
3815 812 3860 880 β’
3889 812 3982 864 λεί-

2438 913 2624 950 πονται
2655 899 2874 968 ἡμέραι.
2908 898 3016 950 Καὶ
3057 899 3252 967 ἐφεξῆς
3297 900 3596 965 ἀκολούθως
3629 903 3978 974 Φεϐρουαρίου

2438 994 2498 1051 ε’,
2525 989 2766 1057 Μαρτίου
2803 987 2961 1040 πάλιν
3007 994 3067 1048 ε’,
3102 989 3188 1040 διὰ
3233 990 3292 1040 τί)
3325 997 3408 1059 κη’
3447 991 3668 1061 ἡμερῶν
3721 993 3850 1044 ὖντα
3895 995 3976 1046 τὸν

2435 1077 2790 1147 Φεϐρουάριον
2827 1079 3091 1148 μηδεμίαν
3136 1083 3304 1132 ποιεῖν
3351 1081 3426 1150 τῷ
3457 1082 3654 1152 ἑφεξῆς
3685 1084 3818 1152 μηνὶ
3858 1087 3978 1136 ἐπα-

2437 1164 2588 1233 κτήν.
2620 1163 2890 1236 Ἀπριλίου
2923 1171 2990 1227 α’,
3029 1165 3201 1217 Μαΐου
3223 1173 3292 1232 γ’,
3335 1167 3545 1218 Ἰουνίου
3571 1174 3644 1230 ς’,
3679 1167 3892 1220 Ἰουλίου
3917 1174 3976 1231 α’,

2437 1251 2742 1318 Αὐγούστου
2764 1253 2826 1314 δ’,
2853 1253 2946 1310 καὶ
2971 1254 3336 1324 Σεπτεμϐρίου
3363 1254 3428 1318 ζ’.

2505 1341 2684 1402 ᾝαῦτα
2717 1342 2890 1396 τοίνυν
2923 1343 3254 1406 συντιθέντες
3291 1344 3555 1414 ἀλλήλοις,
3587 1344 3684 1406 τάς
3713 1361 3776 1397 τε
3801 1344 3974 1414 δηλον-

2433 1432 2512 1484 ότι
2544 1429 2635 1484 τοῦ
2667 1433 3010 1502 ἐνισταμένου
3047 1434 3210 1502 μηνὸς
3249 1435 3456 1504 ἡμέρας
3487 1435 3647 1505 μέχρι
3693 1436 3792 1487 καὶ
3821 1435 3976 1504 αὐτῆς

2431 1521 2528 1589 τῆς
2567 1521 3010 1590 ἐπιζητουμένης,
3053 1521 3144 1573 καὶ
3191 1521 3286 1584 τὰς
3319 1522 3410 1574 τοῦ
3456 1523 3620 1576 αὐτοῦ
3659 1522 3828 1592 μηνὸς
3857 1526 3976 1576 ἑπα-

2432 1611 2585 1673 κτὰς,
2607 1613 2698 1664 καὶ
2725 1613 2858 1683 πρὸς
2881 1612 3089 1675 τούτοις
3117 1613 3241 1675 τούς
3265 1631 3324 1666 τε
3349 1613 3712 1684 παρελθόντας
3735 1615 3976 1680 ἡλιακοξις

2433 1701 2678 1764 κύκλους,
2702 1702 2776 1765 ὡς
2803 1705 3012 1774 εἴρηται
3031 1744 3046 1768 ,
3079 1704 3169 1756 καὶ
3193 1703 3259 1756 τὰ
3285 1705 3483 1758 τούτων
3515 1705 3642 1773 civ/'6'
3675 1707 3974 1776 παρεῶντες

2431 1791 2496 1844 τὰ
2533 1791 2785 1846 ἐλάττονα
2827 1795 2932 1847 τῶν
2965 1795 3028 1856 δ’,
3071 1797 3164 1848 καὶ
3197 1797 3288 1848 τὸν
3333 1797 3608 1866 γινόμενον
3660 1798 3798 1866 ὁμοῦ
3827 1799 3974 1852 πάλιν

775 1904 936 1957 quam
965 1889 1016 1942 in
1043 1889 1226 1942 feriam
1257 1889 1513 1958 quaesitus
1535 1889 1649 1942 dies
1673 1869 1876 1943 mensis
1900 1889 2044 1942 illius
2067 1890 2326 1940 incurrat.
2363 1869 2384 1922 Ῑ

2431 1882 2654 1954 ἀριθμὸν
2691 1885 2998 1955 μερίζοντες
3037 1889 3185 1958 παρὰ
3227 1889 3314 1940 τὸν
3343 1890 3406 1952 ζ’,
3451 1889 3518 1940 τὰ
3551 1891 3971 1960 καταλειπόμενα

774 1983 1026 2038 ἐλάττονα
1044 1984 1151 2037 τῶν
1170 1985 1232 2049 ζ’,
1252 1985 1441 2055 ἔχομεν
1467 1977 1522 2036 ἒν
1550 1984 1676 2054 ποίᾳ
1692 1985 1795 2036 τῶν
1819 1983 1916 2052 τῆς
1937 1983 2221 2054 ἑϐδομάδος
2246 1977 2464 2050 ἡμερῶν
2494 1977 2772 2048 συμϐαίνει
2793 1981 2825 2049 ἡ
2843 1979 3234 2052 ὲπιζητουμένη
3262 1983 3436 2052 ἡμέρα
3459 1981 3560 2034 τοῦ
3571 1985 3738 2053 μηνὸς
3757 1984 3970 2040 ἐκείνου.

843 2095 1084 2168 Exempli
1131 2098 1338 2166 gratia:
1387 2095 1726 2166 Propositum
1762 2097 1830 2150 sit
1872 2096 2145 2166 inquirere
2191 2110 2330 2164 prae-

2433 2082 2436 2084 ’
2511 2084 2632 2142 οἷον
2657 2091 2747 2142 ἐπὶ
2781 2091 3188 2161 ὖποδείγματος,
3219 2093 3354 2146 ἔστω
3385 2093 3564 2164 ζητεῖν
3589 2098 3737 2166 ἡμᾶς
3765 2099 3862 2168 τὴν
3889 2098 3972 2150 τοῦ

775 2189 944 2242 sentis
975 2189 1182 2243 mensis
1211 2187 1459 2242 Octobris
1493 2187 1632 2242 diem
1666 2205 1812 2252 xxvi,
1847 2203 2008 2258 quam
2041 2188 2094 2242 in
2125 2185 2330 2241 hebdo-

2433 2181 2694 2252 παρόντος
2727 2183 3052 2254 Ὀκτωϐρίου
3082 2191 3170 2249 κς¹
3198 2187 3392 2255 εὑρεῖν,
3428 2188 3485 2238 ἐν
3524 2189 3653 2256 ποία
3693 2189 3796 2257 τῆς
3837 2189 3972 2242 ἑϐδο-

773 2277 946 2333 madis
975 2277 1164 2332 feriam
1197 2278 1374 2332 cadat.
1417 2277 1617 2349 Accipe
1646 2279 1762 2334 dies
1783 2281 2028 2348 .primum
2061 2293 2206 2342 ιιιί,
2237 2276 2328 2346 qui

2431 2272 2594 2341 μάδος
2617 2273 2838 2345 ἡμερῶν
2881 2274 3180 2344 συμϐαίνει.
3223 2277 3580 2347 Δαμϐἁνομεν
3607 2280 3708 2343 τὰς
3747 2281 3854 2334 ἀπὸ
3884 2283 3972 2354 τῆς

673 2435 676 2438 λ
771 2370 841 2424 ab
869 2369 987 2438 ejus
1037 2367 1290 2424 Kalendis
1321 2371 1488 2438 elapsi
1523 2377 1649 2423 sunt
1695 2389 1708 2424 :
1749 2369 1833 2422 IIIS
1867 2368 2006 2422 adde
2053 2377 2160 2420 tam
2204 2383 2330 2437 epa-

773 2467 918 2514 ctam
947 2475 964 2513 ι
1004 2461 1206 2515 mensis
1239 2461 1406 2524 illius,
1442 2475 1599 2530 quam
1635 2475 1725 2520 ιι,
1777 2460 1844 2513 ob
1893 2459 2112 2513 totidem
2145 2461 2326 2530 cyclos

769 2555 1072 2624 praeteritos
1095 2573 1107 2608 :
1138 2568 1239 2608 nec
1271 2570 1378 2608 non
1405 2553 1736 2623 quadrantes
1757 2569 1966 2619 eorum,
1994 2553 2084 2623 qui
2119 2561 2245 2608 sunt
2271 2569 2321 2608 ν.

769 2643 904 2698 Nam
957 2661 975 2698 1
1017 2660 1188 2714 usque
1229 2643 1294 2698 ad
1345 2661 1394 2698 tv
1431 2646 1812 2714 relinquimus,
1867 2652 1926 2698 ut
1981 2661 2144 2714 supra
2190 2645 2321 2700 dixi.

773 2735 993 2790 Summa
1023 2737 1248 2792 collecta
1285 2750 1356 2790 ι.ιι
1399 2751 1494 2806 per
1526 2753 1598 2790 vu
1625 2735 1819 2798 divisa,
1871 2751 1928 2789 ιιι
1957 2737 2194 2804 reliquos
2225 2735 2323 2788 ha-

769 2827 958 2887 bemus
989 2847 1002 2882 :
1037 2827 1110 2882 ita
1141 2835 1198 2882 ut
1227 2829 1540 2898 pr0positus
1569 2826 1683 2882 dies
1730 2826 1981 2882 Octobris
2017 2843 2142 2882 ιιγι
2189 2825 2322 2882 feria

768 2918 928 2972 tertia
945 2919 1016 2973 sit
1029 2945 1033 2950 ‘
1045 2915 1280 2972 futurus.

837 3093 1040 3148 Eodem
1069 3093 1233 3152 modo
1273 3111 1396 3149 cum
1437 3095 1650 3151 initium
1691 3098 1893 3152 mensis
1938 3098 2201 3166 cujusque
2235 3111 2322 3150 re-

767 3187 1022 3255 quiritur.
1053 3187 1170 3255 ejus
1197 3185 1460 3242 Kalendas
1495 3189 1777 3254 sumimus,
1809 3204 1928 3242 cum
1952 3190 2155 3258 epactis
2179 3188 2322 3257 ejus-

767 3277 912 3341 dem,
939 3287 991 3331 et
1011 3278 1176 3348 cyclis
1205 3279 1356 3340 solis,
1389 3294 1684 3350 eorumque
1714 3259 2140 3350 quadrantibus:
2190 3279 2318 3350 qui-

2427 2365 2714 2433 νουμηνίας
2745 2363 2905 2417 αὑτοῦ
2931 2367 3087 2436 μέχρι
3105 2367 3217 2438 ,τῆς
3242 2373 3332 2431 κς¹
3353 2369 3444 2421 καὶ
3471 2371 3636 2440 αὐτῆς
3657 2371 3872 2440 ἡμέρας
3891 2379 3970 2435 xv:

2424 2451 2516 2508 καὶ
2561 2453 2786 2518 ταύταις
2840 2456 3194 2527 προστίθεμεν
3239 2459 3336 2527 τήν
3367 2476 3426 2510 τε
3471 2459 3632 2512 αὑτοῦ
3681 2461 3777 2513 τοῦ
3819 2464 3970 2532 μηνὸς

2422 2545 2661 2616 ὲπαμκτὴν
2693 2553 2761 2611 α’,
2797 2547 2887 2598 καὶ
2919 2545 2997 2599 ἐτι
3044 2551 3168 2610 τοὺς
3215 2543 3572 2622 παρελθόντας
3608 2557 3656 2604 κ’
3689 2552 3786 2605 τοῦ
3831 2553 3968 2622 ἡλίου

2423 2637 2669 2704 nixique,
2695 2639 2874 2704 καὶτὰ
2897 2639 3096 2692 τούτων
3114 2641 3260 2710 a'/6',
3285 2643 3320 2695 ἃ.
3339 2645 3440 2695 εἱσι
3463 2650 3519 2696 ε’.
3555 2645 3627 2696 Τὸ
3643 2645 3754 2718 γὰρ
3781 2653 3830 2700 α’
3855 2647 3968 2718 ἄχρι

2421 2729 2528 2782 τῶν
2548 2729 2588 2782 δ’
2605 2729 3100 2802 καταλιμπάνομεν,
3125 2731 3200 2794 ὡς
3225 2733 3477 2805 ἀνωτέρω
3508 2737 3842 2806 εἰρήκειμεν.
3871 2738 3968 2788 Καὶ

2419 2819 2487 2873 τὰ
2525 2821 2788 2890 γενόμενα
2836 2820 2969 2890 ὁμοῦ
3013 2821 3090 2890 νβ’
3129 2824 3442 2894 μερίσαντες
3486 2829 3634 2896 παρὰ
3673 2827 3770 2879 τὸν
3813 2829 3874 2891 ζ’,
3905 2827 3966 2879 τὰ

2419 2911 2839 2981 καταλειφθέντα
2889 2917 2937 2980 γ’
3006 2903 3198 2983 ἔχομεν
3259 2914 3359 2984 τὴν
3423 2921 3513 2978 κς¹
3564 2917 3657 2968 τοῦ
3713 2918 3966 2986 παρόντος

2433 3001 2754 3071 Ὀκτωϐρίου
2791 3001 2957 3073 μηνὸς
2993 3003 3050 3054 ὲν
3076 3002 3258 3073 ἡμέρα
3299 3011 3345 3070 γ’
3377 2995 3794 3077 γεννησομένὴν.

2489 3093 2596 3145 Καὶ
2629 3092 2826 3162 ὁμοίως
2859 3093 2913 3145 δὲ
2945 3095 3042 3163 τὴν
3071 3094 3240 3164 ἀρχὴν
3281 3095 3507 3148 ἑκάστου
3543 3097 3714 3166 μηνὸς
3751 3097 3962 3169 ζητοῦν-

2417 3201 2526 3247 τες,
2569 3185 2667 3253 τήν
2707 3201 2766 3234 τε
2800 3190 2847 3237 α’
2892 3184 2983 3240 τοῦ
3019 3185 3182 3255 μηνὸς
3223 3185 3603 3255 λαμϐάνοντες,
3657 3190 3754 3242 καὶ
3803 3192 3960 3261 ταύτῃ

2419 3275 2514 3346 τὴν
2542 3275 2784 3344 ὲπακτὴν
2817 3276 3000 3337 αὐτοῦ,
3036 3275 3157 3340 τούς
3193 3295 3253 3330 τε
3301 3278 3530 3342 κύκλους
3565 3281 3658 3334 τοῦ
3705 3283 3852 3352 ἡλίου
3879 3285 3962 3334 καὶ

715 3367 717 3370 ⁴
767 3366 868 3421 bus
923 3383 988 3420 ex
1044 3367 1293 3421 omnibus
1351 3369 1742 3436 coalescentem
1807 3385 2068 3424 summam
2132 3371 2186 3425 in
2242 3349 2383 3424 νιιο

2421 3367 2482 3420 τὰ
2499 3365 2698 3418 τούτων
2717 3367 2841 3434 avi/6'
2859 3367 3250 3438 προστιθέντες,
3274 3369 3468 3423 καὶτὸν
3489 3372 3550 3422 ὲκ
3565 3372 3662 3442 τῆς
3681 3349 3960 3436 συνθέσεως

767 3449 1051 3526 partimur,
1105 3465 1163 3510 ut
1213 3457 1357 3527 quod
1413 3461 1696 3528 quaesitum
1745 3467 1826 3514 cst
1876 3459 2188 3514 habeamus.
2249 3457 2314 3513 Et

766 3548 1046 3616 quoniam,
1079 3555 1136 3599 ut
1160 3548 1458 3616 expeditior
1482 3549 1552 3602 sit
1581 3549 1880 3611 methodus,
1905 3549 2152 3604 tabellam
2185 3549 2314 3604 sub-

763 3639 958 3708 jecturi
993 3653 1200 3703 sumus,
1243 3637 1308 3693 de
1338 3640 1438 3694 hac
1467 3655 1586 3709 quae
1633 3639 1688 3693 in
1733 3651 1842 3694 rem
1887 3639 2089 3694 fuerint
2134 3641 2307 3711 expli-

765 3727 1030 3780 cabhnus.
1137 3741 1140 3744 ‘

835 3815 940 3870 Sed
957 3815 1086 3870 illud
1107 3817 1412 3872 necessario
1433 3819 1718 3872 tenendum
1746 3825 1848 3882 est,
1873 3818 2084 3889 quoties
2106 3818 2318 3873 bissex-

765 3909 912 3963 tilem
956 3925 1156 3962 annum
1207 3910 1408 3966 habens
1451 3913 1634 3982 cyclus
1678 3912 1934 3976 occurrit,
1985 3913 2062 3966 uti
2111 3929 2184 3978 ιν,
2233 3912 2316 3968 vel

765 4017 882 4063 vin,
906 4007 957 4054 et
988 4001 1188 4064 caeteri,
1225 4001 1379 4071 197
1403 4017 1502 4057 nos
1528 4019 1636 4058 non
1665 4004 1731 4058 ab
1754 4003 1970 4068 ineunte
1997 4003 2136 4073 cycli
2169 4004 2316 4059 illius

767 4103 912 4142 anno
957 4089 1284 4157 quadrantes
1332 4093 1605 4161 cyclorum
1651 4093 1917 4160 accipere,
1969 4091 2060 4145 sed
2103 4107 2134 4146 a
2181 4108 2312 4146 ιιιι

763 4179 849 4232 die
875 4177 1176 4252 Februarii,
1213 4180 1305 4249 qui
1337 4191 1464 4234 tunc
1495 4196 1618 4234 ιιιι
1641 4188 1857 4248 constat
1884 4179 2072 4234 diebus
2099 4199 2111 4234 :
2139 4195 2311 4249 quan-

761 4269 1053 4338 doquidem
1119 4270 1278 4340 hujus
1344 4273 1418 4326 rei
1482 4271 1660 4340 'gratia
1715 4271 1970 4326 solarium
2038 4269 2330 4342 cyclorum'

760 4363 1087 4430 quadrantes
1114 4362 1181 4415 ad
1213 4363 1584 4432 computandae
1613 4363 1762 4418 feria:
1805 4361 2118 4416 methodum
2154 4378 2310 4418 assu-

757 4451 978 4508 mimus.

2421 3458 2570 3528 παρὰ
2598 3457 2690 3511 τὸν
2711 3457 2754 3521 ς’
2789 3457 3114 3530 μερίζοντες,
3143 3459 3334 3530 ἕξομεν
3365 3461 3424 3514 τὸ
3446 3463 3792 3533 ζητούμενον.
3825 3465 3958 3516 Ἐπεὶ

2419 3549 2475 3601 δὲ
2509 3549 2602 3602 καὶ
2653 3550 2893 3603 κανόνιον
2937 3549 3277 3621 ἐκθησόμεθα
3319 3556 3745 3626 προχειροτέρας
3791 3557 3956 3610 ἕνεκεν

2420 3639 2684 3710 εὑρέσεως
2705 3639 2811 3694 τῶν
2837 3641 3109 3705 τοιούτων,
3125 3642 3358 3714 ἐροῦμεν
3383 3645 3473 3696 καὶ
3505 3645 3646 3715 περὶ·
3659 3647 3850 3700 τούτου
3869 3649 3956 3700 ὅσα

2420 3729 2584 3794 εἰκός.

2484 3820 2593 3873 Καὶ
2622 3819 2777 3874 τοῦτο
2815 3820 2858 3873 δ’
2888 3821 3179 3890 ἀναγκαῖον
3221 3824 3367 3893 ἡμᾶς
3408 3823 3622 3888 ειδέναι,
3663 3825 3762 3890 ὡς,
3809 3826 3954 3898 ἡνίκα

2415 3910 2604 3981 ἐπιστῇ
2627 3911 2820 3976 κύκλος
2847 3913 2998 3984 ἡλίου
3029 3913 3304 3983 βίσσεξτον
3336 3913 3451 3978 ἔτος
3479 3915 3672 3980 ποιῶν,
3703 3897 3890 3984 οἷονίδζ
3915 3897 3948 3988 ’ἢ

2412 4007 2485 4069 η’,
2511 4003 2602 4053 καὶ
2623 4003 2670 4053 οἱ
2700 4001 2894 4072 ἐφεξῆς
2916 4003 3396 4077 κατασκόλουθον,
3423 4005 3522 4057 οὐκ
3551 4006 3646 4058 ἀπ’
3675 4009 3842 4080 αὐτῆς
3865 4009 3952 4077 τῆς

2414 4093 2585 4163 ἀρχῆς
2607 4091 2701 4144 τοῦ
2732 4093 2852 4146 κατ’
2879 4095 3080 4146 ἐκεῖνον
3108 4093 3196 4146 τὸν
3225 4094 3419 4148 κύκλον
3447 4095 3596 4159 ἔτους
3621 4097 3948 4169 λαμϐάνομεν

2413 4183 2472 4235 τὸ
2497 4183 2538 4235 δ’
2570 4183 2677 4236 τῶν
2703 4184 2934 4246 κύκλων,
2970 4183 3083 4236 ἀλλ’
3105 4183 3210 4236 ἀπὸ
3231 4185 3328 4255 τῆς
3357 4185 3434 4239 κθ¹
3467 4187 3558 4239 τοῦ
3577 4188 3943 4260 Φεϐρουαρξου,

2413 4271 2492 4324 κθ⁹
2521 4273 2819 4342 τηνικαῦτα
2865 4274 3076 4344 ἡμέρας
3113 4273 3352 4343 ἔχοντος·
3413 4277 3598 4347 ἐπειδὴ
3633 4281 3736 4332 καὶ
3777 4280 3943 4332 τούτου

2415 4362 2572 4431 χάριν
2601 4363 2664 4415 τὰ
2686 4364 2808 4430 a'/5'
2826 4364 2930 4416 τῶν
2947 4364 3181 4434 ἡλιακῶν
3205 4366 3414 4420 κύκλων
3436 4367 3748 4438 ζητοῦντες,
3771 4373 3846 4432 εἰς
3861 4371 3942 4440 τὴν

2345 4449 2388 4503 D
2417 4452 2631 4522 μέθοδον
2661 4455 2752 4506 τοῦ
2783 4457 3199 4530 ἡμεροευρεσίου
3229 4459 3752 4532 παραλαμϐάνομεν.

1749 4549 2104 4602 ΚΑΝΟΝΙυΝ
2137 4547 2287 4622 ,ΤΟΥ
2338 4549 2931 4604 ΗΜΕΡΟΕΥΡΕΣΙΟΥ.

1796 4638 2130 4693 Laterculum
2162 4642 2229 4692 ad
2275 4641 2685 4710 investigandum
2714 4643 2919 4709 feriam.

2265 4755 3125 4812 12591056

1418 4886 1427 4894 ι
1523 4825 1808 4879 Δῐζοῐιιιιιιί
2268 4826 2300 4876 7
2408 4825 2437 4870 7
2512 4826 2576 4878 15
2645 4827 2710 4879 III
2784 4827 2850 4880 I5
2919 4828 2978 4880 21
3060 4829 3118 4882 Il

1583 4896 1791 4950 Menses
2234 4894 2298 4948 18
2371 4895 2437 4948 19
2505 4896 2575 4949 25
2643 4897 2711 4948 26
2781 4897 2848 4950 27
2919 4897 2988 4950 22
3059 4898 3127 4950 25

2233 4964 2437 5018 1224
2543 4966 2711 5018 820
2816 4967 3124 5020 41628

1582 5059 1808 5112 Martius
2044 5057 2106 5111 δι
2217 5054 2282 5108 vr
2349 5056 2448 5124 vn,
2518 5056 2536 5108 I
2643 5056 2684 5111 ιι
2727 5049 2834 5110 ’111
2904 5057 2967 5110 ιν
3045 5057 3100 5118 ν,
3175 5087 3194 5092 -

1577 5130 1770 5194 Aprilis
2037 5129 2105 5179 ευ
2225 5127 2266 5178 ιι
2349 5123 2413 5176 ιιι
2489 5127 2555 5178 IV
2639 5127 2676 5172 v
2749 5127 2816 5180 v1
2877 5127 2968 5181 vn
3049 5127 3066 5179 ι

1577 5199 1752 5250 Maius
2037 5196 2099 5248 ’51
2207 5194 2271 5245 IV
2359 5195 2398 5248 V
2487 5195 2548 5247 VI
2607 5195 2690 5250 VII
2771 5197 2788 5249 I
2901 5201 2948 5254 II.
3023 5197 3088 5251 III

1575 5267 1766 5319 Junius
2039 5267 2105 5316 50
2197 5264 2286 5317 VII
2375 5264 2392 5316 I
2500 5265 2538 5317 II
2624 5267 2686 5318 III
2757 5266 2824 5320 IV
2899 5266 2942 5318 V
3023 5267 3088 5320 Vl

1573 5336 1750 5388 Julius
2035 5335 2096 5386 ’51
2229 5336 2264 5385 ll
2351 5334 2414 5386 III
2485 5334 2546 5388 IV
2635 5335 2676 5387 V
2759 5336 2816 5389 VI
2878 5337 2968 5391 VII
3055 5335 3076 5388 I

1575 5409 1838 5472 Augustus
2039 5405 2100 5457 51
2224 5402 2266 5454 V
2345 5403 2410 5456 VI
2469 5404 2556 5456 VII
2639 5407 2654 5458 I
2753 5407 2810 5472 “Il
2879 5407 2944 5458 ΙΙΙ
3017 5405 3084 5460 IV

1577 5471 1867 5542 Scplember
2040 5472 2107 5526 30
2226 5475 2277 5542 Ii
2349 5472 2390 5524 II
2483 5473 2546 5526 III
2621 5475 2688 5526 IV
2767 5471 2816 5528 Υ
2871 5475 2938 5529 VI
3010 5477 3100 5532 VII

1579 5541 1798 5598 October
2040 5543 2100 5595 31
2214 5541 2278 5595 III
2345 5543 2410 5596 IV
2497 5543 2535 5596 V
2621 5544 2684 5597 VI
2743 5545 2831 5597 VII
2913 5547 2930 5598 I
3039 5547 3082 5600 II

1579 5613 1863 5666 November
2037 5613 2103 5665 ’ὀύ
2227 5611 2292 5666 VI
2345 5611 2430 5665 VII
2501 5615 2516 5666 I
2625 5616 2665 5667 lI
2767 5615 2828 5668 III
2903 5615 2966 5670 IV
3038 5615 3080 5668 V

1575 5684 1850 5735 December
2029 5683 2088 5735 51
2223 5681 2240 5733 I
2355 5683 2396 5735 II
2473 5683 2535 5735 IIl
2607 5685 2671 5738 IV
2752 5683 2794 5737 V
2876 5685 2942 5740 VI
3009 5685 3100 5738 VII

1573 5753 1862 5806 Januarius
2035 5752 2094 5805 51
2214 5751 2277 5805 IV
2347 5753 2388 5805 V
2475 5753 2538 5807 VI
2601 5754 2688 5806 VII
2773 5753 2791 5806 I
2887 5757 2930 5809 Il
3013 5753 3081 5810 III

1573 5819 1895 5876 Februarius
1977 5821 2141 5877 28-29
2191 5821 2280 5876 VII
2345 5825 2367 5875 Ι
2475 5823 2518 5878 II
2603 5825 2667 5877 III
2744 5823 2810 5877 IV
2891 5825 2931 5879 V
3015 5825 3078 5879 VI
