4046 6320
82 507 216 571 1289

247 627 381 695 ιιερὶ
410 628 508 679 τοῦ
541 626 816 679 κανονίου
849 628 951 679 τοῦ
983 630 1455 695 ήμεροευρεσίου.

150 716 169 744 ²
204 716 266 766 Αἱ
299 716 391 784 μὲν
422 710 512 768 οὖν
543 715 826 784 νουμηνίαι
868 714 1087 768 αὐτόθεν
1136 718 1197 768 ἐκ
1242 716 1336 768 τοῦ
1378 718 1619 771 κανονίου

78 803 452 871 λαμϐάνονται.
472 814 475 815 ⁷
498 804 598 855 Τὸν
632 804 735 874 γάρ
762 789 1099 873 ἐνιστάμενον
1134 803 1326 857 κύκλον
1351 806 1441 858 τοῦ
1473 808 1622 876 ἡλίου

76 894 435 961 λαμϐάνοντες
473 896 536 944 ἐκ
576 894 667 945 τοῦ
702 893 914 964 πρώτου
948 890 1167 946 σέλιδίου
1189 934 1203 959 ,
1236 896 1264 947 ὃ
1298 896 1435 948 κατὰ
1465 897 1622 965 βάθος

78 986 279 1045 πάντας
328 986 451 1046 τοὺς
498 984 722 1046 κύκλους
765 984 922 1037 αὐτοῦ
972 986 1243 1056 περιέχει,
1285 987 1376 1038 καὶ
1422 988 1484 1038 ἐκ
1527 987 1620 1039 τοῦ

74 1073 347 1134 ἀνωτάτω,
384 1074 473 1124 καὶ
499 1074 795 1143 πρωτίστου
822 1074 997 1144 στίχου
1024 1075 1113 1127 τοῦ
1142 1075 1478 1145 περιέχοντος
1497 1077 1619 1137 τοὺς

77 1164 253 1232 μῆνας
273 1204 286 1227 ,
313 1164 401 1215 τὸν
431 1166 773 1234 ἐνιστάμενον
810 1166 977 1235 μῆνα,
1009 1160 1069 1218 οὗ
1098 1165 1193 1235 τὴν
1218 1166 1504 1235 νουμηνίαν
1531 1165 1621 1237 ζη-

71 1245 291 1323 τοῦμεν,
320 1255 415 1325 τὴν
439 1256 494 1305 ἐν
523 1254 596 1323 τῷ
632 1259 777 1325 μέσῳ
807 1254 899 1308 τοῦ
937 1256 1179 1308 κανονίου
1211 1258 1616 1328 παρακειμένην

70 1345 146 1413 τῷ
173 1344 425 1396 ἐνεστῶτι
461 1345 667 1415 ήλιακῷ
712 1346 919 1415 κύκλῳ,
965 1348 1054 1399 καὶ
1090 1348 1192 1399 ὑπὸ
1218 1348 1306 1399 τὸν
1348 1348 1617 1417 ληφθέντα

75 1434 216 1501 μῆνα
252 1433 388 1484 κατὰ
419 1433 608 1501 βάθος,
631 1432 829 1501 ταύτην
869 1435 1104 1503 φήσομεν
1142 1428 1278 1484 εἶναι
1323 1434 1614 1515 νουμηνίαν

70 1522 161 1574 τοῦ
193 1523 359 1593 μηνὸς
386 1515 444 1574 οὗ
472 1522 755 1593 ζητοῦμεν.
784 1522 992 1592 Ταύτην
1023 1522 1077 1572 δὲ
1110 1521 1486 1591 λαμϐάνοντες,
1522 1523 1612 1574 καὶ

70 1614 134 1681 ἣν
179 1613 246 1665 ἂν
286 1613 601 1682 βουλοίμεθα
633 1614 738 1665 τῶν
777 1612 970 1680 ἐφεξῆς
1009 1611 1225 1681 ἡμερῶν
1256 1611 1416 1663 αὐτοῦ
1447 1611 1609 1680 ληψὸ-

75 1703 232 1771 μεθα.
262 1703 365 1763 Τὰς
400 1702 504 1771 γάρ
535 1701 638 1753 ἀπὸ
669 1708 715 1753 α’
740 1700 863 1770 ἄχρι
892 1700 984 1751 τοῦ
1026 1699 1160 1751 κατὰ
1188 1698 1282 1768 τὴν
1323 1700 1610 1768 νουμηνίαν

72 1794 302 1863 ἀριθμοῦ
324 1795 418 1862 τῆς
440 1792 645 1863 ἡμέρας
677 1792 845 1863 παρὲξ
867 1792 1031 1860 αὐτῆς
1058 1791 1325 1853 λαϐόντες,
1358 1791 1449 1843 καὶ
1478 1791 1607 1843 ταύ-

70 1901 188 1944 ταις
213 1882 531 1951 προσθέντες
562 1883 659 1943 τὰς
678 1882 782 1933 ἀπὸ
809 1885 906 1951 τῆς
938 1882 1226 1950 νουμηνίας
1251 1882 1375 1951 ἄχρι
1404 1882 1494 1933 καὶ
1516 1882 1609 1933 αὺ-

71 1975 167 2042 τῆς
200 1970 268 2042 ἧς
310 1970 572 2041 ζητοῦμεν
596 1972 803 2042 ἡμέρας
822 2011 835 2033 ,
864 1971 954 2023 καὶ
986 1972 1081 2033 τὰς
1110 1972 1454 2041 συναχθείσας
1481 1971 1609 2040 ὁμοῦ
1642 1964 1683 2017 Β

72 2066 246 2125 πάσας
275 2062 587 2132 μερίσαντες
612 2062 755 2132 παρὰ
779 2064 867 2114 τὸν
894 2061 1163 2136 ζ’,ἓξομεν
1181 2063 1239 2114 τὸ
1269 2062 1587 2133 ζητούμενον

667 2153 1017 2222 ’Υπόδειγμα.

138 2242 255 2293 Καὶ
285 2241 420 2295 ἔστω
464 2242 528 2294 δι’
567 2242 955 2312 ὑποδείγματος
1004 2241 1179 2310 ζητεῖν
1232 2246 1372 2312 ἡμᾶς
1415 2245 1511 2313 τήν
1551 2260 1610 2296 τε

69 2332 1606 2403 νουμηνίαν.............

140 2515 221 2567 Τὰ
257 2517 349 2583 μὲν
374 2515 435 2584 δὴ
473 2516 601 2583 περὶ
637 2514 743 2566 τῶν
771 2514 1005 2582 ἡλιακῶν
1030 2513 1261 2573 κύκλων,
1284 2514 1374 2563 καὶ
1408 2512 1611 2574 τούτοις

70 2604 343 2671 ἑπομένων
383 2604 689 2671 ἀναγκαίως
721 2603 1037 2673 ὀφειλόμενα
1076 2603 1429 2674 θεωρηθῆναι,
1458 2602 1607 2654 ταῦτ’

67 2695 132 2746 ἂν
177 2695 284 2763 εἴη,
323 2695 547 2747 καθόσον
595 2694 844 2764 ἐνεχώρει
869 2736 882 2757 ,
914 2695 1001 2746 τὴν
1048 2696 1174 2764 περὶ
1219 2696 1420 2747 τούτων
1458 2693 1608 2762 λόγον

69 2786 481 2837 ἁττοδεδωκὸτων
512 2784 784 2853 ἀνελλιπῆ.
824 2784 1078 2836 Μετιτέον
1107 2785 1163 2835 δὲ
1188 2784 1367 2836 λοιπὸν
1402 2786 1491 2835 ἐπὶ
1522 2784 1609 2837 τὸν

68 2877 198 2946 περὶ
230 2878 478 2945 σελήνης,
502 2875 641 2927 κατὰ
672 2874 759 2925 τὸν
798 2874 976 2941 ὅμοιον
1016 2876 1125 2935 τοῖς
1172 2874 1297 2941 περὶ
1341 2872 1432 2924 τοῦ
1464 2873 1606 2943 ἡλίου

67 2963 224 3031 λόγον
254 2962 522 3015 κάνταῦθα
550 2962 643 3030 τῆς
667 2960 903 3027 σκέψεως
934 2962 1209 3030 ἐσομένης.
1552 3034 1553 3037 η

67 3072 207 3138 Περὶ
232 3071 516 3138 εὑρέσεως
543 3068 1188 3138 σεληνιακῶνᾼκύκλων,
1220 3068 1316 3122 καὶ
1346 3070 1460 3123 τῶν
1481 3072 1611 3124 τού-

608 3156 731 3202 τοις
756 3136 1075 3205 ἑπομένων.

137 3228 213 3282 Ε’.
257 3229 364 3296 Τῆς
400 3228 620 3296 σελήνης
651 3229 789 3279 κατὰ
833 3230 930 3298 τὴν
967 3229 1225 3299 τετάρτην
1269 3231 1475 3301 ἡμέραν
1513 3233 1609 3301 τῆς

66 3318 449 3387 κοσμογενείας
490 3316 637 3386 παρὰ
674 3316 762 3368 τοῦ
804 3318 1126 3388 δημιουργοῦ
1167 3321 1273 3373 τῶν
1311 3321 1443 3374 ὅλων
1470 3322 1601 3375 Θεοῦ

66 3412 144 3472 εἰς
177 3411 385 3476 γένεσιν
431 3410 797 3479 παραχθείσης
834 3414 888 3463 ἐν
935 3413 1246 3481 πανσελήνῳ
1285 3414 1377 3466 καὶ
1420 3414 1604 3483 τελείῳ

66 3497 142 3563 τῷ
192 3499 426 3567 σχήματι
466 3494 640 3565 (τοῦτο
670 3497 776 3567 γὰρ
819 3500 851 3567 ἡ
890 3499 986 3566 τῆς
1016 3500 1279 3562 Γενέσεως
1317 3501 1490 3570 βίϐλος
1521 3503 1604 3553 αἰ-

64 3589 304 3640 νίττεται
326 3630 339 3650 ,
363 3587 620 3659 λέγουσα·
660 3605 677 3637 ι
709 3588 814 3641 Καὶ
842 3588 1087 3659 ἐποίησεν
1122 3592 1149 3642 ὁ
1183 3590 1311 3652 Θεὸς
1351 3591 1472 3653 τοὺς
1515 3590 1605 3643 δύο

65 3674 357 3744 φωστῆρας
385 3675 508 3737 τοὺς
545 3675 805 3745 μεγάλους
828 3717 842 3741 ,
883 3677 971 3729 τὸν
1015 3679 1271 3748 φωστῆρα
1306 3680 1394 3731 τὸν
1436 3679 1604 3748 μέγαν

64 3766 143 3826 είς
171 3766 347 3834 ἀρχὴν
375 3765 473 3834 τῆς
499 3766 729 3836 ἡμέρας,
757 3768 849 3820 καὶ
879 3768 968 3820 τὸν
999 3768 1253 3839 φωστῆρα
1284 3769 1371 3821 τὸν
1406 3768 1603 3821 ἐλάττω

64 3857 142 3917 εἰς
188 3855 363 3924 ἀρχὰς
409 3854 508 3923 τῆς
555 3857 742 3918 νυκτός
782 3858 851 3924 ›)·
888 3857 1134 3910 οὐδέποτε
1181 3857 1287 3928 γὰρ
1327 3858 1418 3910 τοῦ
1457 3859 1601 3927 ἡλίου

64 3938 694 4009 ἀνατέλλοντος,’δύναιτ’
741 3947 805 3999 ἂν
849 3949 939 4000 καὶ
979 3951 1011 4016 ἡ
1054 3948 1241 4018 σελήνη
1292 3949 1405 4001 κατ’
1439 3949 1602 4018 αὐτὴν

62 4036 160 4103 τὴν
194 4035 408 4103 ἡμέραν
436 4037 513 4095 εις
544 4036 712 4107 ἀρχὰς
746 4038 841 4105 τῆς
866 4036 1087 4099 νυκτὸς,
1121 4038 1152 4106 ῆ
1183 4038 1256 4098 ὡς
1282 4038 1604 4107 άκρόνυκτος

64 4124 397 4186 ἀνατέλλειν,
432 4125 504 4195 μὴ
531 4126 887 4197 διαμετροῦσα
910 4128 999 4179 τὸν
1026 4127 1189 4196 ἥλιον,
1222 4129 1313 4179 καὶ
1337 4128 1602 4197 πανσέλη-

62 4235 151 4280 νος
187 4217 436 4269 ἐντεῦθεν
462 4216 736 4287 γινομένη,
760 4218 914 4288 εἴπερ
940 4219 1258 4288 ὑποθείημεν
1284 4220 1389 4271 ἀπὸ
1419 4236 1604 4286 προγε-

62 4308 286 4373 γονυίας
316 4307 528 4360 συνόδου
557 4308 751 4375 ταύτην
776 4308 1138 4378 γεγενημένην
1162 4326 1174 4338 ·
1195 4308 1315 4360 ἐπεὶ
1344 4308 1480 4359 κατὰ
1509 4307 1603 4375 τὴν

61 4398 99 4450 δ’
136 4397 349 4467 ἡμέραν
374 4397 469 4465 τῆς
494 4397 871 4466 κοσμογενείας
896 4398 1398 4450 πεντεκαιδεκαταία
1424 4392 1488 4466 ῆν
1517 4397 1598 4448 ἄν’

63 4488 297 4556 φανερὸν
333 4488 427 4555 μὲν
446 4528 461 4551 ,
491 4488 565 4549 ὡς
589 4487 723 4540 κατὰ
757 4489 853 4556 τὴν
892 4488 1062 4557 ἀρχὴν
1099 4488 1195 4555 τῆς
1225 4488 1604 4556 κοσμογενείας

946 511 1164 566 ISAACI
1206 510 1504 565 MONACHI
1544 510 1911 567 COMPUTUS
1960 510 2395 567 ECCIESIAST.

1644 634 1692 690 Α

3124 520 3259 578 ΓΞΩΟ

2012 626 2085 680 De
2117 628 2364 680 laterculo
2398 628 2541 695 feria:
2565 628 2948 697 investigandae.

1789 715 2039 770 Kalenda:
2086 718 2353 770 mensium
2398 733 2462 771 ex
2515 718 2707 773 tabella
2762 725 3069 774 sumuntur.
3121 718 3254 774 Nam

1720 807 1951 877 cyclum,
1988 807 2119 861 solis
2162 807 2431 861 ineuntem
2486 824 2551 861 ex
2592 808 2771 877 priore
2818 809 3062 864 laterculi
3104 817 3275 879 parte.

1719 898 2022 967 capientes,
2058 913 2174 967 quae
2203 899 2384 967 cyclos
2413 913 2598 953 onmes
2630 900 2772 955 illius
2819 900 3057 954 continet
3079 940 3091 963 ,
3139 910 3251 953 tum

1719 988 1775 1041 in
1804 1002 2015 1040 summo
2062 989 2343 1056 primoque
2384 1003 2578 1051 versu,
2619 989 2711 1057 qui
2760 1004 2970 1043 menses
3004 988 3252 1053 exhibet,

1719 1092 1953 1131 mensem
1998 1079 2153 1145 cujus
2212 1079 2459 1133 Kalendae
2490 1080 2830 1147 postulantur
2884 1074 3274 1148 inquirentes,'

1718 1183 2056 1236 quacunque
2091 1168 2222 1221 feria
2257 1169 2432 1223 medio
2472 1170 2526 1223 in
2572 1170 2832 1224 laterculo
2866 1170 2932 1221 ad
2978 1170 3251 1222 ineuntem

1719 1258 1930 1327 cyclum
1971 1257 2144 1325 posita
2180 1265 2297 1320 est,
2332 1267 2384 1312 et
2418 1260 2588 1314 mensi
2622 1260 2731 1329 jam
2768 1268 2979 1328 reperto
3015 1260 3069 1311 in
3109 1258 3253 1312 dire-

1714 1358 1858 1404 ctum
1900 1350 2157 1418 subjacet,
2188 1350 2285 1404 has
2318 1350 2581 1405 Kalendas
2610 1365 2730 1406 esse
2763 1351 2962 1404 mensis
2992 1348 3135 1402 illius
3167 1348 3251 1400 di-

1716 1456 1931 1506 cemus,
1972 1443 2036 1497 dc
2066 1458 2172 1513 quo
2209 1443 2482 1511 quaeritur.
2525 1443 2634 1497 llac
2672 1446 2918 1507 inventa,
2956 1420 3250 1511 quamlibet

1719 1535 2060 1603 sequentium
2097 1535 2335 1603 ejusdem
2372 1535 2570 1589 mensis
2610 1535 2990 1587 obtinebimus.
3043 1531 3249 1598 Quippe

1715 1622 1877 1679 ferias
1905 1640 2090 1679 omnes
2125 1640 2152 1677 a
2187 1640 2199 1676 ι
2237 1625 2300 1677 ad
2350 1639 2466 1679 eam
2513 1639 2631 1693 qua:
2659 1622 2912 1677 Kalendis
2960 1621 3206 1675 convenit
3229 1658 3243 1680 ,

1714 1721 1908 1780 praeter
1954 1713 2092 1767 hanc
2133 1714 2339 1783 ipsam,
2374 1724 2651 1783 putantes,
2687 1712 2885 1767 additis
2912 1711 3100 1764 diebus
3130 1723 3247 1761 om-

1712 1804 1871 1856 nibus
1922 1818 1951 1856 a
1984 1803 2235 1859 Kalendis
2279 1805 2358 1889 ad.
2390 1805 2718 1873 propositam
2760 1802 2930 1863 diem,
2980 1813 3244 1854 summam

1711 1910 1806 1965 per
1833 1910 1910 1949 vn
1937 1895 2198 1965 partimur
2225 1911 2237 1946 :
2269 1903 2427 1963 atque
2458 1896 2531 1947 ita
2565 1894 2749 1949 feriam
2780 1892 3118 1946 habebimus.

1781 2261 2102 2330 Exemplum.
2209 2258 2524 2323 Quaerantur
2543 2252 2788 2307 Kalenda:

1779 2530 1903 2584 Haec
1936 2536 2094 2591 sunt,
2130 2542 2247 2596 quae
2276 2541 2342 2580 ae
2367 2524 2531 2594 cyclis
2575 2526 2871 2585 solaribus,
2905 2531 2957 2576 et
2996 2522 3094 2585 iis,
3126 2534 3245 2589 quae

1708 2620 1835 2676 inde
1867 2617 2254 2685 consequentia
2291 2622 2450 2678 sunt,
2484 2616 2844 2669 necessariam
2881 2614 3077 2667 habere
3109 2626 3240 2665 con-

1708 2707 2084 2767 siderationem
2114 2703 2289 2774 putavi
2318 2720 2329 2757 :
2357 2716 2581 2772 quorum
2607 2702 2847 2757 absoluta
2876 2740 2890 2765 ,
2921 2699 3095 2769 quoad
3126 2699 3243 2753 ﬁeri

1708 2801 1913 2871 potuit,
1950 2804 2033 2851 est
2066 2811 2095 2847 a
2129 2794 2280 2848 nobis
2318 2794 2477 2860 allata
2514 2794 2670 2846 ratio.
2701 2792 2855 2845 Nunc
2887 2792 2953 2846 ad
2996 2791 3240 2846 lunarem

1706 2890 1995 2945 transitum
2046 2885 2339 2945 faciemus.
2392 2898 2547 2950 quem
2582 2882 2805 2944 eadem,
2854 2896 2916 2934 ac
2972 2881 3238 2943 solarem,

1707 2976 1795 3030 via
1828 2983 1881 3029 et
1921 2970 2173 3027 methodo
2209 2970 2583 3024 tractabimus.

1813 3088 1889 3140 De
1916 3083 2279 3153 investigandis
2317 3084 2471 3151 cyclis
2512 3081 2813 3145 lunaribus,
2845 3092 2891 3135 et
2927 3097 3040 3151 qua:
3075 3080 3141 3133 iis

2222 3162 2563 3203 consentanea
2594 3160 2733 3203 sunt.

1784 3242 1842 3296 V.
1883 3242 2016 3296 Cum
2044 3240 2112 3293 ab
2138 3238 2283 3292 orbis
2314 3236 2531 3289 conditu
2560 3245 2749 3304 quarto
2781 3234 2866 3287 die
2894 3234 3018 3287 luna
3050 3232 3203 3301 plena
3223 3270 3239 3292 .

1707 3343 1761 3387 et
1794 3331 2038 3386 absoluto
2067 3328 2195 3382 orbe
2230 3332 2485 3380 constans
2519 3324 2585 3377 ab
2611 3322 2849 3376 omnium
2890 3335 3068 3373 rerum
3106 3320 3235 3370 arti-

1702 3424 1801 3486 ﬁce
1819 3421 1926 3475 Deo
1949 3398 2235 3489 procreata.
2277 3415 2347 3469 sit
2381 3414 2502 3481 (hoc
2525 3413 2663 3466 enim
2691 3412 2824 3465 liber
2845 3408 3066 3463 Genesis
3091 3422 3126 3472 ι,
3155 3406 3241 3468 16,

1702 3490 1902 3566 indicat
1927 3510 2011 3563 his
2034 3507 2242 3561 verbis:
2274 3502 2365 3556 «Et
2388 3503 2509 3557 fecit
2533 3502 2671 3556 Deus
2694 3500 2978 3555 luminaria
3001 3498 3105 3552 duo
3128 3513 3241 3550 ma-

1700 3614 1804 3671 gna
1838 3618 1850 3651 :
1888 3597 2145 3650 luminare
2176 3595 2349 3661 majus
2382 3590 2447 3644 ad
2492 3591 2701 3644 initium
2732 3590 2752 3620 ³
2792 3588 2934 3651 diei,
2986 3597 3037 3640 et
3086 3585 3244 3637 lumi-

1701 3704 1831 3743 nare
1856 3688 2033 3741 minus
2064 3685 2127 3739 ad
2156 3684 2363 3747 initium
2412 3681 2585 3734 noctis
2616 3679 2699 3746 ι);
2737 3678 2932 3746 quippe
2969 3687 3239 3742 nunquam

1703 3781 1907 3833 oriente
1941 3778 2052 3831 sole
2085 3774 2267 3830 eadem
2302 3774 2385 3827 die
2417 3772 2545 3825 luna
2582 3777 2759 3838 posset
2796 3765 2861 3819 ad
2896 3765 3104 3817 initium
3142 3777 3243 3815 no—

1702 3870 1844 3931 ctis,
1880 3869 1992 3921 sive
2043 3866 2145 3920 sub
2194 3871 2403 3917 noctem
2457 3863 2681 3929 primam
2731 3855 2968 3916 exoriri,
3019 3853 3127 3907 nisi
3177 3868 3242 3906 ex

1703 3938 2044 4010 diametro'ei
2077 3958 2221 4005 esset
2256 3948 2497 4016 opposita
2527 3985 2541 4009 ,
2582 3944 2809 4012 ideoque
2846 3944 3002 4012 plena
3043 3940 3188 3994 ﬁeret
3224 3955 3240 3998 ;

1703 4045 1748 4098 si
1783 4038 2227 4096 ab-antecedente
2260 4038 2390 4105 jugo
2428 4035 2493 4090 ad
2532 4034 2888 4103 plenilunium
2928 4028 3244 4097 pervenisse

1702 4134 2011 4201 ﬁngamus;
2075 4128 2324 4197 quoniam
2386 4134 2579 4196 quarto
2640 4122 2827 4177 mundi
2886 4118 3087 4173 conditi
3154 4117 3241 4170 die

1703 4224 1888 4291 quinta
1947 4220 2153 4272 decima
2219 4216 2355 4281 fuit;
2418 4213 2761 4267 manifestum
2825 4220 2948 4270 est,
3011 4209 3063 4260 in
3125 4209 3243 4275 ipso

1701 4311 1886 4365 mundi
1942 4306 2235 4377 primordio
2294 4304 2664 4357 duodecimam
2726 4300 2913 4355 fuisse.
2976 4297 3238 4354 Undecim

1701 4415 1831 4470 ergo
1867 4405 2021 4452 erant
2063 4396 2180 4462 ejus
2221 4402 2441 4464 epactae'.
2493 4392 2621 4457 Qua:
2666 4390 2881 4459 quidem
2923 4405 2977 4442 ιι
3023 4386 3243 4442 circiter

1702 4490 1816 4543 dies
1868 4485 2168 4540 admirabili
2223 4483 2379 4551 198
2416 4490 2468 4535 et
2505 4482 2765 4534 immensa
2800 4494 3025 4547 prorsus
3058 4476 3240 4546 provi«

62 4577 397 4629 δωδεκαταία
432 4572 529 4646 ῆν·
564 4584 629 4628 ια’
649 4577 706 4628 δὲ
733 4580 784 4629 αἱ
806 4576 1003 4646 ταύτης
1030 4577 1289 4628 ἐπακταί·
1327 4579 1418 4629 καὶ
1450 4571 1603 4629 αὗται

1707 4578 1894 4631 dentize
1920 4576 2111 4629 divinae
2141 4575 2355 4628 solertia
2375 4612 2389 4638 ,
2419 4573 2643 4641 singulis
2672 4570 2829 4623 annis
2849 4608 2862 4629 ,
2898 4576 3018 4637 post
3052 4581 3123 4619 ιιι
3156 4565 3240 4616 lu-

63 4672 119 4722 αἱ
168 4677 238 4721 ια’
270 4671 493 4735 ἔγγιστα
533 4669 729 4740 ἡμέραι
770 4670 1046 4737 θαυμαστῇ
1086 4668 1177 4721 καὶ
1222 4656 1631 4739 ἀνυπερϐλήτῳν

62 4759 160 4825 τῆς
193 4759 448 4827 προνοίας
481 4758 637 4826 σοφίᾳ
666 4757 784 4810 καθ’
814 4758 1035 4809 ἕκαστον
1063 4757 1176 4819 ἔτος
1206 4758 1339 4826 μετὰ
1376 4758 1471 4826 τὴν
1495 4758 1600 4809 τῶν

60 4848 268 4899 δώδεκα
315 4846 638 4915 σεληνιακῶν
683 4844 863 4913 μηνῶν
912 4845 1292 4913 συμπλήρωσιν
1317 4883 1331 4906 ,
1376 4846 1476 4897 τνδ¹
1511 4848 1601 4899 καὶ

64 4936 248 5005 μεῖζον
284 4936 317 5004 ἢ
359 4942 404 5001 γ’
448 4935 607 5004 μέρος
638 4933 842 5003 ἡμέρας
873 4930 1292 5003 ἀπαρτιζόντων,
1332 4933 1600 4986 λείπονται

63 5029 138 5087 εἰς
173 5026 274 5093 τὴν
318 5023 409 5075 τοῦ
450 5023 771 5075 ἐνιαυσιαίου
820 5021 1004 5090 χρόνου
1052 5023 1468 5091 συμπλήρωσινῖ
1500 5024 1602 5088 τξερ

61 5115 285 5185 ἡμερῶν
328 5116 472 5175 ὄντος
521 5112 612 5164 καὶ
656 5113 695 5163 δ’
735 5112 974 5178 ἔγγιστα.
1014 5112 1171 5162 Ὥστε
1220 5114 1275 5163 ὲν
1307 5113 1417 5173 τοῖς
1455 5113 1601 5166 δυσὶν

64 5202 205 5251 ἔτεσι
245 5199 720 5267 διπλασιαζόμεναι
766 5192 923 5249 αὗται
955 5198 1009 5249 αἱ
1056 5204 1118 5249 ια’
1154 5197 1350 5268 ἡμέραι
1394 5200 1599 5253 πειοῦσι

63 5290 157 5349 τὰς
189 5289 429 5350 ἐπακτὰς
452 5288 533 5355 κβ¹
558 5304 571 5318 ·
601 5290 656 5338 ὲν
686 5286 739 5337 δὲ
775 5289 883 5348 τοῖς
912 5286 1054 5359 τρισὶ
1081 5286 1177 5352 λγ’.
1209 5280 1306 5337 Ὠν
1336 5288 1603 5355 συναχθει-

67 5378 194 5438 σῶν,
226 5378 635 5451 ἀφαιρουμένων
662 5376 767 5427 τῶν
789 5376 850 5434 λ’,
883 5376 998 5427 ἐπεὶ
1035 5376 1175 5444 μῆνα
1204 5374 1420 5440 ἔγγιστα
1449 5375 1600 5444 σελη-

65 5468 248 5519 νιακὸν
277 5467 649 5535 άπαρτίζουσι,
675 5465 1082 5517 καταλείπονται
1112 5472 1174 5531 γ’.
1203 5465 1307 5515 Καί
1343 5466 1598 5517 εἰσινὲν-

66 5555 249 5607 τεῦθεν
277 5552 372 5605 τοῦ
406 5553 584 5622 τρίτου
608 5554 756 5614 ἔτους
778 5552 1011 5604 ὲπακταὶ
1035 5558 1081 5617 γ’
1105 5569 1117 5581 ’
1148 5552 1237 5604 καὶ
1257 5551 1448 5620 ἐφεξῆς
1476 5553 1623 5604 ἁκο-’

1704 4683 1864 4721 nares
1894 4680 2106 4719 menses
2134 4663 2405 4716 absolutos
2425 4700 2440 4721 .
2469 4663 2559 4729 qui
2592 4661 2707 4733 dies
2736 4658 2995 4735 colligunt
3024 4668 3238 4720 cccuv;

1703 4766 1756 4812 et
1807 4758 1966 4826 paulo
1987 4756 2134 4827 iplus
2185 4754 2342 4807 tertia
2385 4751 2489 4805 diei
2535 4760 2714 4819 parte,
2740 4742 2953 4803 idesunt
2994 4745 3057 4798 ad
3096 4759 3239 4796 exae-

1704 4817 2139 4915 quandumgolis
2164 4856 2363 4893 annum
2390 4858 2402 4892 :
2436 4839 2525 4907 qui
2547 4839 2749 4893 'diebus
2779 4842 2989 4891 constat
3016 4848 3235 4894 cccuv,

1704 4942 1759 4988 et
1789 4933 2087 5002 quadrante
2119 4930 2247 4984 fere.
2281 4928 2415 4981 Hinc
2445 4930 2498 4980 in
2529 4928 2683 4981 annis
2714 4928 2924 4980 duobus
2956 4924 3239 4990 duplicata}

1708 5022 1820 5076 dies
1848 5021 2043 5075 emdem
2072 5031 2287 5087 epactas
2318 5018 2519 5071 faciunt
2549 5032 2653 5068 xxn
2684 5034 2698 5080 ;
2734 5016 2788 5067 in
2829 5013 2983 5066 annis
3024 5012 3196 5064 tribus
3221 5050 3236 5074 ,

1705 5126 1895 5164 xxxm.
1924 5108 1996 5162 De
2024 5123 2130 5176 qua
2165 5125 2372 5163 summa
2401 5107 2645 5161 deductis
2673 5122 2778 5158 xxx
2801 5144 2815 5167 ,
2849 5121 2966 5172 quae
3001 5117 3236 5157 mensem

1705 5201 1944 5252 lunarem
1983 5199 2198 5252 circiter
2236 5198 2501 5260 efﬁciunt,
2540 5196 2758 5263 reliqua:
2798 5204 2923 5248 sunt
2964 5209 3044 5245 Ill.
3087 5189 3240 5243 Unde

1704 5289 1894 5340 tertius
1918 5300 2090 5339 annus
2121 5293 2333 5354 epactas
2362 5285 2519 5337 habet
2541 5300 2635 5348 Ill;
2666 5300 2726 5336 ac
2756 5286 2833 5336 sic
2864 5282 3114 5346 deinceps
3143 5294 3244 5335 usa

1703 5393 1805 5445 que
1846 5376 1909 5429 ad
1949 5392 2078 5429 XIX:
2116 5377 2310 5429 etenim
2352 5377 2491 5426 anno
2531 5390 2616 5427 χιχ
2653 5372 2916 5425 mensium
2966 5360 3105 5421 lunm
3155 5381 3241 5418 re-

1704 5465 1903 5517 volutio
1939 5464 1991 5515 ﬁt
2022 5482 2041 5516 ι
2072 5463 2206 5518 adeo
2238 5472 2296 5517 ut
2332 5478 2471 5516 anno
2505 5462 2760 5516 vicesimo
2795 5468 3011 5529 epactas
3049 5456 3241 5509 habeat

1702 5557 1826 5607 luna
1862 5570 2049 5607 rursus
2082 5570 2156 5607 xl.

66 5642 266 5704 λούθως
322 5641 479 5709 ἄχρις
512 5641 643 5691 ἑτῶν
671 5642 752 5691 ιϐ’.
794 5640 946 5692 Κατὰ
988 5639 1091 5708 γὰρ
1132 5642 1194 5692 ιϐ’
1240 5640 1355 5702 ἔτος
1400 5638 1832 5706 ἀποκατάστασις
1866 5645 2068 5709 γίνεται
2110 5642 2219 5695 ’τῶν
2279 5641 2605 5712 σεληνιακῶν
2654 5642 2867 5710 μηνῶν·
2917 5640 3055 5693 ὥστε
3100 5651 3241 5690 κατα

66 5733 124 5784 τὸ
154 5739 200 5785 κ’
225 5731 342 5789 ἔτος
370 5727 525 5780 πάλιν
561 5736 621 5786 ια’
655 5726 787 5831 εἷῃιι
811 5732 906 5803 τᾲς
933 5732 1028 5800 τῆς
1055 5730 1278 5799 σελήνης
1306 5732 1557 5791 ὲπακτάς.

136 5851 157 5879 ²
185 5846 312 5900 11αέ
343 5845 398 5895 in
420 5850 589 5927 aegere
618 5846 776 5896 altera
801 5847 1006 5901 desunt.
1078 5846 1099 5877 ³
1134 5845 1218 5902 Sic
1246 5863 1411 5901 vocem
1433 5848 1601 5915 ἀρχὴν
1630 5847 1843 5903 accenit.
1879 5856 1932 5899 ut
1959 5845 2167 5915 quidam
2208 5855 2414 5901 veteres.

341 5935 595 6021 Panos
639 5932 752 6015 ςῖιι.
805 5937 971 6005 XlX.

2888 5935 2958 5994 Μ
