  <div class='ocr_page' id='page_1' title='image "/cluster/home/n/w/nwhite01/storage/ocr_20150623/19/pst.000005712045/661.png"; bbox 0 0 4112 6314; ppageno 0'>
   <div class='ocr_carea' id='block_1_1' title="bbox 776 396 903 454">
    <p class='ocr_par' dir='ltr' id='par_1_1' title="bbox 776 396 903 454">
     <span class='ocr_line' id='line_1_1' title="bbox 776 396 903 454; baseline 0.016 -2"><span class='ocrx_word' id='word_1_1' title='bbox 776 396 903 454; x_wconf 73' lang='grc'><strong>1291</strong></span> 
     </span>
    </p>
   </div>
   <div class='ocr_carea' id='block_1_2' title="bbox 1731 347 2939 450">
    <p class='ocr_par' dir='ltr' id='par_1_2' title="bbox 1731 347 2939 450">
     <span class='ocr_line' id='line_1_2' title="bbox 1731 347 2939 450; baseline -0.003 -2"><span class='ocrx_word' id='word_1_2' title='bbox 1731 347 1828 449; x_wconf 22' lang='lat' dir='ltr'><strong>AD‘</strong></span> <span class='ocrx_word' id='word_1_3' title='bbox 1857 395 2118 450; x_wconf 82' lang='lat' dir='ltr'><strong>EUSEBII</strong></span> <span class='ocrx_word' id='word_1_4' title='bbox 2155 381 2542 450; x_wconf 77' lang='lat' dir='ltr'><strong>CHRONICO‘N</strong></span> <span class='ocrx_word' id='word_1_5' title='bbox 2577 390 2939 446; x_wconf 67' lang='lat' dir='ltr'><strong>APPENDIX.</strong></span> 
     </span>
    </p>
   </div>
   <div class='ocr_carea' id='block_1_3' title="bbox 3814 389 3949 449">
    <p class='ocr_par' dir='ltr' id='par_1_3' title="bbox 3814 389 3949 449">
     <span class='ocr_line' id='line_1_3' title="bbox 3814 389 3949 449; baseline 0.015 -2"><span class='ocrx_word' id='word_1_6' title='bbox 3814 389 3949 449; x_wconf 64' lang='lat'><strong><em>1292</em></strong></span> 
     </span>
    </p>
   </div>
   <div class='ocr_carea' id='block_1_4' title="bbox 846 508 2470 579">
    <p class='ocr_par' dir='ltr' id='par_1_4' title="bbox 846 508 2470 570">
     <span class='ocr_line' id='line_1_4' title="bbox 846 508 2470 570; baseline -0.002 -6"><span class='ocrx_word' id='word_1_7' title='bbox 846 511 1052 566; x_wconf 84' lang='lat' dir='ltr'><strong>Accidit</strong></span> <span class='ocrx_word' id='word_1_8' title='bbox 1081 519 1256 564; x_wconf 83' lang='lat' dir='ltr'><strong>autem</strong></span> <span class='ocrx_word' id='word_1_9' title='bbox 1291 510 1394 564; x_wconf 83' lang='lat' dir='ltr'><strong>ista</strong></span> <span class='ocrx_word' id='word_1_10' title='bbox 1431 508 1691 564; x_wconf 87' lang='lat' dir='ltr'><strong>revolutio</strong></span> <span class='ocrx_word' id='word_1_11' title='bbox 1723 509 1899 564; x_wconf 87' lang='lat' dir='ltr'><strong>ductis</strong></span> <span class='ocrx_word' id='word_1_12' title='bbox 1933 512 1988 563; x_wconf 91' lang='lat' dir='ltr'><strong>in</strong></span> <span class='ocrx_word' id='word_1_13' title='bbox 2024 525 2081 565; x_wconf 87' lang='lat' dir='ltr'><strong>se</strong></span> <span class='ocrx_word' id='word_1_14' title='bbox 2113 517 2296 564; x_wconf 89' lang='lat' dir='ltr'><strong>mutuo</strong></span> <span class='ocrx_word' id='word_1_15' title='bbox 2328 514 2372 570; x_wconf 75' lang='grc' dir='ltr'><strong>Α</strong></span> <span class='ocrx_word' id='word_1_16' title='bbox 2467 511 2470 560; x_wconf 77' lang='grc'><strong>1</strong></span> 
     </span>
    </p>
   </div>
   <div class='ocr_carea' id='block_1_5' title="bbox 2320 508 3944 579">
    <p class='ocr_par' dir='ltr' id='par_1_5' title="bbox 2328 508 3944 579">
     <span class='ocr_line' id='line_1_5' title="bbox 2328 508 3944 579; baseline 0.002 -19"><span class='ocrx_word' id='word_1_17' title='bbox 2328 514 2372 570; x_wconf 76' lang='grc' dir='ltr'><strong>Α</strong></span> <span class='ocrx_word' id='word_1_18' title='bbox 2467 509 2672 563; x_wconf 79' lang='grc' dir='ltr'><strong>Γίνεται</strong></span> <span class='ocrx_word' id='word_1_19' title='bbox 2699 508 2756 561; x_wconf 85' lang='grc' dir='ltr'><strong>δέ</strong></span> <span class='ocrx_word' id='word_1_20' title='bbox 2782 511 2816 579; x_wconf 85' lang='grc' dir='ltr'><strong>ή</strong></span> <span class='ocrx_word' id='word_1_21' title='bbox 2839 509 3057 578; x_wconf 78' lang='grc' dir='ltr'>τοιαύτη</span> <span class='ocrx_word' id='word_1_22' title='bbox 3083 509 3519 573; x_wconf 78' lang='grc' dir='ltr'><strong>ἀποκατάστασις</strong></span> <span class='ocrx_word' id='word_1_23' title='bbox 3545 509 3944 564; x_wconf 82' lang='grc' dir='ltr'>πολλαπλασια-</span> 
     </span>
    </p>
   </div>
   <div class='ocr_carea' id='block_1_6' title="bbox 776 595 2298 667">
    <p class='ocr_par' dir='ltr' id='par_1_6' title="bbox 776 595 2298 667">
     <span class='ocr_line' id='line_1_6' title="bbox 776 595 2298 667; baseline -0.001 -15"><span class='ocrx_word' id='word_1_24' title='bbox 776 615 864 653; x_wconf 89' lang='grc' dir='ltr'><strong>ιιι</strong></span> <span class='ocrx_word' id='word_1_25' title='bbox 892 599 1047 657; x_wconf 84' lang='lat' dir='ltr'><strong>annis</strong></span> <span class='ocrx_word' id='word_1_26' title='bbox 1082 606 1242 667; x_wconf 87' lang='lat' dir='ltr'><strong>atque</strong></span> <span class='ocrx_word' id='word_1_27' title='bbox 1266 613 1342 651; x_wconf 87' lang='grc' dir='ltr'><strong>ιι.</strong></span> <span class='ocrx_word' id='word_1_28' title='bbox 1371 595 1493 657; x_wconf 68' lang='lat' dir='ltr'><strong>Haec</strong></span> <span class='ocrx_word' id='word_1_29' title='bbox 1524 598 1663 651; x_wconf 88' lang='lat' dir='ltr'><strong>enim</strong></span> <span class='ocrx_word' id='word_1_30' title='bbox 1692 598 2040 667; x_wconf 84' lang='lat' dir='ltr'><strong>multiplicata</strong></span> <span class='ocrx_word' id='word_1_31' title='bbox 2072 598 2298 652; x_wconf 81' lang='lat' dir='ltr'><strong>invicem</strong></span> 
     </span>
    </p>
   </div>
   <div class='ocr_carea' id='block_1_7' title="bbox 773 687 2272 756">
    <p class='ocr_par' dir='ltr' id='par_1_7' title="bbox 773 687 2272 756">
     <span class='ocr_line' id='line_1_7' title="bbox 773 687 2272 756; baseline -0.001 -15"><span class='ocrx_word' id='word_1_32' title='bbox 773 692 889 744; x_wconf 84' lang='lat' dir='ltr'><strong>dies</strong></span> <span class='ocrx_word' id='word_1_33' title='bbox 924 687 1214 742; x_wconf 78' lang='lat' dir='ltr'><strong>conﬁciunt</strong></span> <span class='ocrx_word' id='word_1_34' title='bbox 1240 701 1388 751; x_wconf 74' lang='lat' dir='ltr'><strong>calx,</strong></span> <span class='ocrx_word' id='word_1_35' title='bbox 1425 689 1515 756; x_wconf 91' lang='lat' dir='ltr'><strong>qui</strong></span> <span class='ocrx_word' id='word_1_36' title='bbox 1549 695 1672 742; x_wconf 89' lang='lat' dir='ltr'><strong>sunt</strong></span> <span class='ocrx_word' id='word_1_37' title='bbox 1706 688 1918 742; x_wconf 82' lang='lat' dir='ltr'><strong>lunares</strong></span> <span class='ocrx_word' id='word_1_38' title='bbox 1950 703 2158 743; x_wconf 81' lang='lat' dir='ltr'><strong>menses</strong></span> <span class='ocrx_word' id='word_1_39' title='bbox 2193 690 2272 740; x_wconf 90' lang='lat' dir='ltr'><strong>cir</strong></span> 
     </span>
    </p>
   </div>
   <div class='ocr_carea' id='block_1_8' title="bbox 753 776 2273 848">
    <p class='ocr_par' dir='ltr' id='par_1_8' title="bbox 753 776 2273 848">
     <span class='ocr_line' id='line_1_8' title="bbox 753 776 2273 848; baseline 0.001 -17"><span class='ocrx_word' id='word_1_40' title='bbox 753 779 906 832; x_wconf 81' lang='lat' dir='ltr'><strong>-citer</strong></span> <span class='ocrx_word' id='word_1_41' title='bbox 953 787 1175 847; x_wconf 88' lang='lat' dir='ltr'><strong>septem.</strong></span> <span class='ocrx_word' id='word_1_42' title='bbox 1225 776 1353 836; x_wconf 66' lang='lat' dir='ltr'><strong>llaec</strong></span> <span class='ocrx_word' id='word_1_43' title='bbox 1386 785 1467 831; x_wconf 89' lang='lat' dir='ltr'><strong>est</strong></span> <span class='ocrx_word' id='word_1_44' title='bbox 1492 791 1654 831; x_wconf 85' lang='lat' dir='ltr'><strong>causa</strong></span> <span class='ocrx_word' id='word_1_45' title='bbox 1674 815 1688 840; x_wconf 92' lang='lat'><strong>,</strong></span> <span class='ocrx_word' id='word_1_46' title='bbox 1718 792 1816 830; x_wconf 92' lang='lat' dir='ltr'><strong>cur</strong></span> <span class='ocrx_word' id='word_1_47' title='bbox 1842 778 2018 848; x_wconf 85' lang='lat' dir='ltr'><strong>cyclos</strong></span> <span class='ocrx_word' id='word_1_48' title='bbox 2049 778 2186 831; x_wconf 71' lang='lat' dir='ltr'><strong>luna:</strong></span> <span class='ocrx_word' id='word_1_49' title='bbox 2219 779 2273 832; x_wconf 90' lang='lat' dir='ltr'><strong>di</strong></span> 
     </span>
    </p>
   </div>
   <div class='ocr_carea' id='block_1_9' title="bbox 773 864 2292 933">
    <p class='ocr_par' dir='ltr' id='par_1_9' title="bbox 773 864 2292 933">
     <span class='ocr_line' id='line_1_9' title="bbox 773 864 2292 933; baseline -0.002 -15"><span class='ocrx_word' id='word_1_50' title='bbox 773 880 960 920; x_wconf 87' lang='lat' dir='ltr'><strong>camus</strong></span> <span class='ocrx_word' id='word_1_51' title='bbox 1012 879 1130 918; x_wconf 88' lang='lat' dir='ltr'><strong>esse</strong></span> <span class='ocrx_word' id='word_1_52' title='bbox 1181 878 1350 932; x_wconf 85' lang='lat' dir='ltr'><strong>neque</strong></span> <span class='ocrx_word' id='word_1_53' title='bbox 1400 864 1612 932; x_wconf 80' lang='lat' dir='ltr'><strong>plures,</strong></span> <span class='ocrx_word' id='word_1_54' title='bbox 1667 878 1837 932; x_wconf 89' lang='lat' dir='ltr'><strong>neque</strong></span> <span class='ocrx_word' id='word_1_55' title='bbox 1869 864 2150 933; x_wconf 84' lang='lat' dir='ltr'><strong>pauciores</strong></span> <span class='ocrx_word' id='word_1_56' title='bbox 2181 879 2292 916; x_wconf 88' lang='grc' dir='ltr'>ιιι.</span> 
     </span>
    </p>
   </div>
   <div class='ocr_carea' id='block_1_10' title="bbox 774 953 2298 1023">
    <p class='ocr_par' dir='ltr' id='par_1_10' title="bbox 774 953 2298 1023">
     <span class='ocr_line' id='line_1_10' title="bbox 774 953 2298 1023; baseline -0.001 -16"><span class='ocrx_word' id='word_1_57' title='bbox 774 955 930 1020; x_wconf 83' lang='lat' dir='ltr'><strong>Quod</strong></span> <span class='ocrx_word' id='word_1_58' title='bbox 963 963 1138 1008; x_wconf 89' lang='lat' dir='ltr'><strong>tamen</strong></span> <span class='ocrx_word' id='word_1_59' title='bbox 1177 953 1452 1008; x_wconf 90' lang='lat' dir='ltr'><strong>sciendum</strong></span> <span class='ocrx_word' id='word_1_60' title='bbox 1489 966 1571 1008; x_wconf 87' lang='lat' dir='ltr'><strong>est</strong></span> <span class='ocrx_word' id='word_1_61' title='bbox 1604 954 1874 1008; x_wconf 72' lang='lat' dir='ltr'><strong>facilitatis</strong></span> <span class='ocrx_word' id='word_1_62' title='bbox 1909 962 1962 1008; x_wconf 89' lang='lat' dir='ltr'><strong>et</strong></span> <span class='ocrx_word' id='word_1_63' title='bbox 1997 953 2298 1023; x_wconf 83' lang='lat' dir='ltr'><strong>compendii</strong></span> 
     </span>
    </p>
   </div>
   <div class='ocr_carea' id='block_1_11' title="bbox 775 1036 2297 1114">
    <p class='ocr_par' dir='ltr' id='par_1_11' title="bbox 775 1036 2297 1114">
     <span class='ocr_line' id='line_1_11' title="bbox 775 1036 2297 1114; baseline 0 -16"><span class='ocrx_word' id='word_1_64' title='bbox 775 1045 946 1114; x_wconf 70' lang='lat' dir='ltr'><strong>gratia</strong></span> <span class='ocrx_word' id='word_1_65' title='bbox 975 1047 1046 1098; x_wconf 84' lang='lat' dir='ltr'><strong>ita</strong></span> <span class='ocrx_word' id='word_1_66' title='bbox 1077 1045 1183 1098; x_wconf 89' lang='lat' dir='ltr'><strong>dici</strong></span> <span class='ocrx_word' id='word_1_67' title='bbox 1219 1047 1428 1109; x_wconf 81' lang='lat' dir='ltr'><strong>solere;</strong></span> <span class='ocrx_word' id='word_1_68' title='bbox 1462 1052 1594 1098; x_wconf 92' lang='lat' dir='ltr'><strong>utet</strong></span> <span class='ocrx_word' id='word_1_69' title='bbox 1624 1054 1846 1109; x_wconf 66' lang='lat' dir='ltr'><strong>caetera,</strong></span> <span class='ocrx_word' id='word_1_70' title='bbox 1885 1062 2004 1114; x_wconf 71' lang='lat' dir='ltr'><strong>quae</strong></span> <span class='ocrx_word' id='word_1_71' title='bbox 2054 1047 2121 1100; x_wconf 91' lang='lat' dir='ltr'><strong>de</strong></span> <span class='ocrx_word' id='word_1_72' title='bbox 2166 1036 2297 1100; x_wconf 80' lang='lat' dir='ltr'><strong>luna</strong></span> 
     </span>
    </p>
   </div>
   <div class='ocr_carea' id='block_1_12' title="bbox 771 1132 2299 1205">
    <p class='ocr_par' dir='ltr' id='par_1_12' title="bbox 771 1132 2299 1205">
     <span class='ocr_line' id='line_1_12' title="bbox 771 1132 2299 1205; baseline -0.002 -14"><span class='ocrx_word' id='word_1_73' title='bbox 771 1135 1021 1205; x_wconf 84' lang='lat' dir='ltr'><strong>deinceps</strong></span> <span class='ocrx_word' id='word_1_74' title='bbox 1044 1136 1447 1202; x_wconf 79' lang='lat' dir='ltr'><strong>explicabimus.</strong></span> <span class='ocrx_word' id='word_1_75' title='bbox 1483 1134 1612 1188; x_wconf 84' lang='lat' dir='ltr'><strong>Nam</strong></span> <span class='ocrx_word' id='word_1_76' title='bbox 1641 1135 1686 1189; x_wconf 85' lang='lat' dir='ltr'><strong>si</strong></span> <span class='ocrx_word' id='word_1_77' title='bbox 1720 1132 1968 1190; x_wconf 79' lang='lat' dir='ltr'><strong>accurate</strong></span> <span class='ocrx_word' id='word_1_78' title='bbox 1999 1136 2143 1204; x_wconf 91' lang='lat' dir='ltr'><strong>loqui</strong></span> <span class='ocrx_word' id='word_1_79' title='bbox 2169 1135 2299 1189; x_wconf 85' lang='lat' dir='ltr'><strong>veli-</strong></span> 
     </span>
    </p>
   </div>
   <div class='ocr_carea' id='block_1_13' title="bbox 771 1225 2298 1296">
    <p class='ocr_par' dir='ltr' id='par_1_13' title="bbox 771 1225 2298 1296">
     <span class='ocr_line' id='line_1_13' title="bbox 771 1225 2298 1296; baseline 0 -18"><span class='ocrx_word' id='word_1_80' title='bbox 771 1241 922 1291; x_wconf 88' lang='lat' dir='ltr'><strong>mus,</strong></span> <span class='ocrx_word' id='word_1_81' title='bbox 958 1227 1109 1280; x_wconf 82' lang='lat' dir='ltr'><strong>aliter</strong></span> <span class='ocrx_word' id='word_1_82' title='bbox 1142 1241 1227 1279; x_wconf 88' lang='lat' dir='ltr'><strong>res</strong></span> <span class='ocrx_word' id='word_1_83' title='bbox 1265 1226 1455 1290; x_wconf 84' lang='lat' dir='ltr'><strong>habet,</strong></span> <span class='ocrx_word' id='word_1_84' title='bbox 1507 1236 1563 1278; x_wconf 93' lang='lat' dir='ltr'><strong>ut</strong></span> <span class='ocrx_word' id='word_1_85' title='bbox 1604 1236 1787 1296; x_wconf 86' lang='lat' dir='ltr'><strong>postea</strong></span> <span class='ocrx_word' id='word_1_86' title='bbox 1818 1225 2298 1290; x_wconf 87' lang='lat' dir='ltr'><strong>demonstrabitur,</strong></span> 
     </span>
    </p>
   </div>
   <div class='ocr_carea' id='block_1_14' title="bbox 2404 592 3942 671">
    <p class='ocr_par' dir='ltr' id='par_1_14' title="bbox 2404 592 3942 671">
     <span class='ocr_line' id='line_1_14' title="bbox 2404 592 3942 671; baseline -0.001 -19"><span class='ocrx_word' id='word_1_87' title='bbox 2404 600 2640 668; x_wconf 83' lang='grc' dir='ltr'>ζομένων</span> <span class='ocrx_word' id='word_1_88' title='bbox 2674 601 2757 652; x_wconf 80' lang='grc' dir='ltr'>ἐπ’</span> <span class='ocrx_word' id='word_1_89' title='bbox 2787 592 3006 670; x_wconf 73' lang='grc' dir='ltr'>ἄλληλα,</span> <span class='ocrx_word' id='word_1_90' title='bbox 3030 601 3270 652; x_wconf 82' lang='grc' dir='ltr'>τουτέστι</span> <span class='ocrx_word' id='word_1_91' title='bbox 3300 601 3362 671; x_wconf 66' lang='grc' dir='ltr'><strong>ιθζ</strong></span> <span class='ocrx_word' id='word_1_92' title='bbox 3387 600 3522 652; x_wconf 81' lang='grc' dir='ltr'>ἐτῶν</span> <span class='ocrx_word' id='word_1_93' title='bbox 3548 601 3642 652; x_wconf 78' lang='grc' dir='ltr'><strong>ἐπὶ</strong></span> <span class='ocrx_word' id='word_1_94' title='bbox 3667 601 3766 663; x_wconf 76' lang='grc' dir='ltr'><strong>τὰς</strong></span> <span class='ocrx_word' id='word_1_95' title='bbox 3791 602 3942 671; x_wconf 73' lang='grc' dir='ltr'>εἰρη-</span> 
     </span>
    </p>
   </div>
   <div class='ocr_carea' id='block_1_15' title="bbox 2406 688 3942 760">
    <p class='ocr_par' dir='ltr' id='par_1_15' title="bbox 2406 688 3942 760">
     <span class='ocr_line' id='line_1_15' title="bbox 2406 688 3942 760; baseline -0.001 -18"><span class='ocrx_word' id='word_1_96' title='bbox 2406 691 2568 759; x_wconf 81' lang='grc' dir='ltr'>μένας</span> <span class='ocrx_word' id='word_1_97' title='bbox 2594 697 2676 742; x_wconf 89' lang='grc' dir='ltr'>ια’.</span> <span class='ocrx_word' id='word_1_98' title='bbox 2707 691 2885 744; x_wconf 87' lang='grc' dir='ltr'>Ταῦτα</span> <span class='ocrx_word' id='word_1_99' title='bbox 2909 692 3015 760; x_wconf 85' lang='grc' dir='ltr'>γὰρ</span> <span class='ocrx_word' id='word_1_100' title='bbox 3038 689 3124 742; x_wconf 81' lang='grc' dir='ltr'><strong>ἐπ’</strong></span> <span class='ocrx_word' id='word_1_101' title='bbox 3149 689 3349 760; x_wconf 74' lang='grc' dir='ltr'>ἀλληλα</span> <span class='ocrx_word' id='word_1_102' title='bbox 3375 688 3942 758; x_wconf 75' lang='grc' dir='ltr'>πολλαπλασιαζόμενα</span> 
     </span>
    </p>
   </div>
   <div class='ocr_carea' id='block_1_16' title="bbox 2403 773 3943 852">
    <p class='ocr_par' dir='ltr' id='par_1_16' title="bbox 2403 773 3943 852">
     <span class='ocr_line' id='line_1_16' title="bbox 2403 773 3943 852; baseline -0.001 -20"><span class='ocrx_word' id='word_1_103' title='bbox 2403 780 2642 834; x_wconf 84' lang='grc' dir='ltr'>ποιοῦσιν</span> <span class='ocrx_word' id='word_1_104' title='bbox 2678 783 2886 852; x_wconf 81' lang='grc' dir='ltr'>ἡμέρας</span> <span class='ocrx_word' id='word_1_105' title='bbox 2910 781 2986 834; x_wconf 86' lang='grc' dir='ltr'><strong>σθ’</strong></span> <span class='ocrx_word' id='word_1_106' title='bbox 3005 797 3018 810; x_wconf 89' lang='grc'><strong>·</strong></span> <span class='ocrx_word' id='word_1_107' title='bbox 3052 773 3210 833; x_wconf 75' lang='grc' dir='ltr'>αὗται</span> <span class='ocrx_word' id='word_1_108' title='bbox 3239 781 3284 832; x_wconf 83' lang='grc' dir='ltr'><strong>δ’</strong></span> <span class='ocrx_word' id='word_1_109' title='bbox 3317 780 3672 851; x_wconf 78' lang='grc' dir='ltr'>ἅπαρτίζουσι</span> <span class='ocrx_word' id='word_1_110' title='bbox 3708 780 3943 846; x_wconf 81' lang='grc' dir='ltr'>σεληνια-</span> 
     </span>
    </p>
   </div>
   <div class='ocr_carea' id='block_1_17' title="bbox 2403 869 3939 940">
    <p class='ocr_par' dir='ltr' id='par_1_17' title="bbox 2403 869 3939 940">
     <span class='ocr_line' id='line_1_17' title="bbox 2403 869 3939 940; baseline -0.001 -18"><span class='ocrx_word' id='word_1_111' title='bbox 2403 873 2526 934; x_wconf 62' lang='grc' dir='ltr'>κοίδς</span> <span class='ocrx_word' id='word_1_112' title='bbox 2560 871 2784 939; x_wconf 76' lang='grc' dir='ltr'>ἔγγιστα</span> <span class='ocrx_word' id='word_1_113' title='bbox 2830 871 3002 940; x_wconf 84' lang='grc' dir='ltr'>μῆνας</span> <span class='ocrx_word' id='word_1_114' title='bbox 3033 869 3096 932; x_wconf 72' lang='grc' dir='ltr'>ζ’.</span> <span class='ocrx_word' id='word_1_115' title='bbox 3129 871 3236 923; x_wconf 78' lang='grc' dir='ltr'><strong>Καὶ</strong></span> <span class='ocrx_word' id='word_1_116' title='bbox 3277 869 3410 940; x_wconf 84' lang='grc' dir='ltr'>αῦτη</span> <span class='ocrx_word' id='word_1_117' title='bbox 3447 872 3590 922; x_wconf 73' lang='grc' dir='ltr'>ἐστὶν</span> <span class='ocrx_word' id='word_1_118' title='bbox 3615 872 3647 940; x_wconf 80' lang='grc' dir='ltr'><strong>ἡ</strong></span> <span class='ocrx_word' id='word_1_119' title='bbox 3677 870 3846 933; x_wconf 72' lang='grc' dir='ltr'>αἰτία,</span> <span class='ocrx_word' id='word_1_120' title='bbox 3877 869 3939 921; x_wconf 78' lang='grc' dir='ltr'><strong>δι’</strong></span> 
     </span>
    </p>
   </div>
   <div class='ocr_carea' id='block_1_18' title="bbox 2400 958 3937 1031">
    <p class='ocr_par' dir='ltr' id='par_1_18' title="bbox 2400 958 3937 1031">
     <span class='ocr_line' id='line_1_18' title="bbox 2400 958 3937 1031; baseline 0.001 -21"><span class='ocrx_word' id='word_1_121' title='bbox 2400 961 2466 1029; x_wconf 77' lang='grc' dir='ltr'>ἢν</span> <span class='ocrx_word' id='word_1_122' title='bbox 2499 961 2631 1012; x_wconf 74' lang='grc' dir='ltr'><strong>κάπὶ</strong></span> <span class='ocrx_word' id='word_1_123' title='bbox 2657 961 2754 1029; x_wconf 85' lang='grc' dir='ltr'>τῆς</span> <span class='ocrx_word' id='word_1_124' title='bbox 2777 960 3002 1029; x_wconf 78' lang='grc' dir='ltr'><strong>σελήνης</strong></span> <span class='ocrx_word' id='word_1_125' title='bbox 3029 958 3090 1010; x_wconf 74' lang='grc' dir='ltr'>ιϐ’</span> <span class='ocrx_word' id='word_1_126' title='bbox 3117 958 3342 1022; x_wconf 83' lang='grc' dir='ltr'><strong>κύκλους</strong></span> <span class='ocrx_word' id='word_1_127' title='bbox 3366 960 3564 1031; x_wconf 82' lang='grc' dir='ltr'>ταύτης</span> <span class='ocrx_word' id='word_1_128' title='bbox 3584 958 3720 1013; x_wconf 80' lang='grc' dir='ltr'>εἷναί</span> <span class='ocrx_word' id='word_1_129' title='bbox 3739 978 3937 1028; x_wconf 73' lang='grc' dir='ltr'>φαμεν,</span> 
     </span>
    </p>
   </div>
   <div class='ocr_carea' id='block_1_19' title="bbox 2401 1047 3940 1118">
    <p class='ocr_par' dir='ltr' id='par_1_19' title="bbox 2401 1047 3940 1118">
     <span class='ocr_line' id='line_1_19' title="bbox 2401 1047 3940 1118; baseline 0 -18"><span class='ocrx_word' id='word_1_130' title='bbox 2401 1049 2492 1100; x_wconf 74' lang='grc' dir='ltr'>καὶ</span> <span class='ocrx_word' id='word_1_131' title='bbox 2520 1047 2638 1100; x_wconf 80' lang='grc' dir='ltr'>οὔτε</span> <span class='ocrx_word' id='word_1_132' title='bbox 2673 1048 2886 1109; x_wconf 86' lang='grc' dir='ltr'>πλείους</span> <span class='ocrx_word' id='word_1_133' title='bbox 2915 1047 3036 1100; x_wconf 75' lang='grc' dir='ltr'>οὕτε</span> <span class='ocrx_word' id='word_1_134' title='bbox 3066 1047 3333 1110; x_wconf 80' lang='grc' dir='ltr'>ἐλάττους.</span> <span class='ocrx_word' id='word_1_135' title='bbox 3380 1049 3567 1102; x_wconf 76' lang='grc' dir='ltr'>’ἰστέον</span> <span class='ocrx_word' id='word_1_136' title='bbox 3597 1051 3777 1118; x_wconf 78' lang='grc' dir='ltr'>μέντοι</span> <span class='ocrx_word' id='word_1_137' title='bbox 3801 1051 3940 1102; x_wconf 71' lang='grc' dir='ltr'>κατὰ</span> 
     </span>
    </p>
   </div>
   <div class='ocr_carea' id='block_1_20' title="bbox 2400 1113 3938 1207">
    <p class='ocr_par' dir='ltr' id='par_1_20' title="bbox 2400 1113 3938 1207">
     <span class='ocr_line' id='line_1_20' title="bbox 2400 1113 3938 1207; baseline 0.001 -19"><span class='ocrx_word' id='word_1_138' title='bbox 2400 1137 2459 1188; x_wconf 84' lang='grc' dir='ltr'>τὸ</span> <span class='ocrx_word' id='word_1_139' title='bbox 2493 1135 2775 1205; x_wconf 72' lang='grc' dir='ltr'>πρόχειρον</span> <span class='ocrx_word' id='word_1_140' title='bbox 2808 1135 2948 1187; x_wconf 74' lang='grc' dir='ltr'>οὕτω</span> <span class='ocrx_word' id='word_1_141' title='bbox 2984 1135 3230 1202; x_wconf 81' lang='grc' dir='ltr'>λέγεσθαι</span> <span class='ocrx_word' id='word_1_142' title='bbox 3267 1135 3456 1199; x_wconf 84' lang='grc' dir='ltr'>ταῦτα,</span> <span class='ocrx_word' id='word_1_143' title='bbox 3477 1138 3568 1189; x_wconf 73' lang='grc' dir='ltr'>καὶ</span> <span class='ocrx_word' id='word_1_144' title='bbox 3598 1113 3670 1189; x_wconf 69' lang='grc' dir='ltr'><strong>τὰ</strong></span> <span class='ocrx_word' id='word_1_145' title='bbox 3699 1113 3824 1207; x_wconf 71' lang='grc' dir='ltr'><strong>ἑξῆς</strong></span> <span class='ocrx_word' id='word_1_146' title='bbox 3846 1141 3938 1206; x_wconf 78' lang='grc' dir='ltr'>ρη·</span> 
     </span>
    </p>
   </div>
   <div class='ocr_carea' id='block_1_21' title="bbox 2401 1223 3936 1296">
    <p class='ocr_par' dir='ltr' id='par_1_21' title="bbox 2401 1223 3936 1296">
     <span class='ocr_line' id='line_1_21' title="bbox 2401 1223 3936 1296; baseline 0.003 -21"><span class='ocrx_word' id='word_1_147' title='bbox 2401 1223 2676 1294; x_wconf 81' lang='grc' dir='ltr'>Θησόμενα</span> <span class='ocrx_word' id='word_1_148' title='bbox 2725 1225 2849 1293; x_wconf 79' lang='grc' dir='ltr'>περὶ</span> <span class='ocrx_word' id='word_1_149' title='bbox 2884 1227 2978 1294; x_wconf 75' lang='grc' dir='ltr'>τῆς</span> <span class='ocrx_word' id='word_1_150' title='bbox 3026 1225 3283 1296; x_wconf 80' lang='grc' dir='ltr'>σελήνης’</span> <span class='ocrx_word' id='word_1_151' title='bbox 3320 1225 3441 1278; x_wconf 80' lang='grc' dir='ltr'>ἐπεὶ</span> <span class='ocrx_word' id='word_1_152' title='bbox 3485 1225 3623 1278; x_wconf 78' lang='grc' dir='ltr'>κατὰ</span> <span class='ocrx_word' id='word_1_153' title='bbox 3657 1227 3720 1279; x_wconf 81' lang='grc' dir='ltr'>τὸ</span> <span class='ocrx_word' id='word_1_154' title='bbox 3764 1229 3936 1296; x_wconf 78' lang='grc' dir='ltr'>πάντη</span> 
     </span>
    </p>
   </div>
   <div class='ocr_carea' id='block_1_22' title="bbox 2403 1313 3938 1386">
    <p class='ocr_par' dir='ltr' id='par_1_22' title="bbox 2403 1313 3938 1386">
     <span class='ocr_line' id='line_1_22' title="bbox 2403 1313 3938 1386; baseline 0.001 -20"><span class='ocrx_word' id='word_1_155' title='bbox 2403 1315 2623 1384; x_wconf 80' lang='grc' dir='ltr'>ἀκριὸἐς</span> <span class='ocrx_word' id='word_1_156' title='bbox 2671 1315 2767 1384; x_wconf 78' lang='grc' dir='ltr'>οὐχ</span> <span class='ocrx_word' id='word_1_157' title='bbox 2816 1313 2987 1376; x_wconf 86' lang='grc' dir='ltr'>οῦτως</span> <span class='ocrx_word' id='word_1_158' title='bbox 3025 1315 3155 1384; x_wconf 73' lang='grc' dir='ltr'>ἔχει,</span> <span class='ocrx_word' id='word_1_159' title='bbox 3192 1316 3264 1376; x_wconf 85' lang='grc' dir='ltr'>ὡς</span> <span class='ocrx_word' id='word_1_160' title='bbox 3304 1314 3578 1386; x_wconf 81' lang='grc' dir='ltr'>προϊοῦσιν</span> <span class='ocrx_word' id='word_1_161' title='bbox 3620 1317 3749 1385; x_wconf 73' lang='grc' dir='ltr'>ἡμὶν</span> <span class='ocrx_word' id='word_1_162' title='bbox 3777 1316 3938 1385; x_wconf 78' lang='grc' dir='ltr'>δῆλον</span> 
     </span>
    </p>
   </div>
   <div class='ocr_carea' id='block_1_23' title="bbox 2403 1403 3938 1476">
    <p class='ocr_par' dir='ltr' id='par_1_23' title="bbox 2403 1403 3938 1476">
     <span class='ocr_line' id='line_1_23' title="bbox 2403 1403 3938 1476; baseline 0.003 -21"><span class='ocrx_word' id='word_1_163' title='bbox 2403 1403 2571 1467; x_wconf 79' lang='grc' dir='ltr'>ἔσται,</span> <span class='ocrx_word' id='word_1_164' title='bbox 2609 1405 2768 1474; x_wconf 75' lang='grc' dir='ltr'>ἡνίκα</span> <span class='ocrx_word' id='word_1_165' title='bbox 2793 1403 2881 1457; x_wconf 82' lang='grc' dir='ltr'><strong>τὸν</strong></span> <span class='ocrx_word' id='word_1_166' title='bbox 2919 1421 2982 1456; x_wconf 87' lang='grc' dir='ltr'><strong>πε</strong></span> <span class='ocrx_word' id='word_1_167' title='bbox 2992 1406 3041 1475; x_wconf 72' lang='lat' dir='ltr'><strong>pi.</strong></span> <span class='ocrx_word' id='word_1_168' title='bbox 3066 1405 3157 1457; x_wconf 84' lang='grc' dir='ltr'><strong>τοῦ</strong></span> <span class='ocrx_word' id='word_1_169' title='bbox 3197 1405 3382 1473; x_wconf 82' lang='grc' dir='ltr'>Πάσχα</span> <span class='ocrx_word' id='word_1_170' title='bbox 3407 1405 3702 1476; x_wconf 76' lang='grc' dir='ltr'>ποιούμεθα</span> <span class='ocrx_word' id='word_1_171' title='bbox 3725 1406 3900 1472; x_wconf 83' lang='grc' dir='ltr'>λόγον.</span> <span class='ocrx_word' id='word_1_172' title='bbox 3927 1447 3938 1475; x_wconf 53' lang='grc' dir='ltr'><strong><em>ι</em></strong></span> 
     </span>
    </p>
   </div>
   <div class='ocr_carea' id='block_1_24' title="bbox 775 1316 1537 1373">
    <p class='ocr_par' dir='ltr' id='par_1_24' title="bbox 775 1316 1537 1373">
     <span class='ocr_line' id='line_1_24' title="bbox 775 1316 1537 1373; baseline 0.001 -3"><span class='ocrx_word' id='word_1_173' title='bbox 775 1332 894 1370; x_wconf 89' lang='lat' dir='ltr'><strong>cum</strong></span> <span class='ocrx_word' id='word_1_174' title='bbox 922 1319 988 1372; x_wconf 86' lang='lat' dir='ltr'><strong>de</strong></span> <span class='ocrx_word' id='word_1_175' title='bbox 1013 1317 1271 1373; x_wconf 82' lang='lat' dir='ltr'><strong>Paschate</strong></span> <span class='ocrx_word' id='word_1_176' title='bbox 1299 1316 1537 1371; x_wconf 79' lang='lat' dir='ltr'><strong>dicemus</strong></span> 
     </span>
    </p>
   </div>
   <div class='ocr_carea' id='block_1_25' title="bbox 1726 1512 2981 1583">
    <p class='ocr_par' dir='ltr' id='par_1_25' title="bbox 1726 1512 2981 1583">
     <span class='ocr_line' id='line_1_25' title="bbox 1726 1512 2981 1583; baseline 0.004 -18"><span class='ocrx_word' id='word_1_177' title='bbox 1726 1512 1927 1565; x_wconf 77' lang='lat' dir='ltr'><strong>Tabula</strong></span> <span class='ocrx_word' id='word_1_178' title='bbox 1955 1513 2340 1583; x_wconf 76' lang='lat' dir='ltr'><strong>propagationis</strong></span> <span class='ocrx_word' id='word_1_179' title='bbox 2363 1525 2666 1581; x_wconf 74' lang='lat' dir='ltr'><strong>epactarum</strong></span> <span class='ocrx_word' id='word_1_180' title='bbox 2697 1515 2981 1570; x_wconf 72' lang='lat' dir='ltr'><strong>lunarium.</strong></span> 
     </span>
    </p>
   </div>
   <div class='ocr_carea' id='block_1_26' title="bbox 1876 1625 2834 1698">
    <p class='ocr_par' dir='ltr' id='par_1_26' title="bbox 1876 1625 2834 1698">
     <span class='ocr_line' id='line_1_26' title="bbox 1876 1625 2834 1698; baseline 0.004 -21"><span class='ocrx_word' id='word_1_181' title='bbox 1876 1625 2085 1692; x_wconf 69' lang='lat' dir='ltr'><strong>Epactaa</strong></span> <span class='ocrx_word' id='word_1_182' title='bbox 2280 1628 2418 1698; x_wconf 79' lang='lat' dir='ltr'><strong>Anni</strong></span> <span class='ocrx_word' id='word_1_183' title='bbox 2622 1627 2834 1698; x_wconf 68' lang='lat' dir='ltr'><strong>Epacta:</strong></span> 
     </span>
    </p>
   </div>
   <div class='ocr_carea' id='block_1_27' title="bbox 1850 1697 2847 1765">
    <p class='ocr_par' dir='ltr' id='par_1_27' title="bbox 1850 1697 2847 1765">
     <span class='ocr_line' id='line_1_27' title="bbox 1850 1697 2847 1765; baseline 0.002 -17"><span class='ocrx_word' id='word_1_184' title='bbox 1850 1707 2109 1748; x_wconf 82' lang='lat' dir='ltr'><strong>annorum</strong></span> <span class='ocrx_word' id='word_1_185' title='bbox 2283 1697 2418 1765; x_wconf 87' lang='lat' dir='ltr'><strong>cycli</strong></span> <span class='ocrx_word' id='word_1_186' title='bbox 2606 1697 2847 1752; x_wconf 70' lang='lat' dir='ltr'><strong>collecta:</strong></span> 
     </span>
    </p>
   </div>
   <div class='ocr_carea' id='block_1_28' title="bbox 1683 1822 2771 1896">
    <p class='ocr_par' dir='ltr' id='par_1_28' title="bbox 1683 1822 2771 1896">
     <span class='ocr_line' id='line_1_28' title="bbox 1683 1822 2771 1896; baseline -0.002 -1"><span class='ocrx_word' id='word_1_187' title='bbox 1683 1822 1821 1852; x_wconf 65' lang='grc'>’⁷</span> <span class='ocrx_word' id='word_1_188' title='bbox 1950 1859 2004 1896; x_wconf 86' lang='grc' dir='ltr'><strong>ιι</strong></span> <span class='ocrx_word' id='word_1_189' title='bbox 2338 1856 2356 1894; x_wconf 87' lang='grc' dir='ltr'><strong>ι</strong></span> <span class='ocrx_word' id='word_1_190' title='bbox 2711 1842 2771 1893; x_wconf 81' lang='grc' dir='ltr'><strong>ιι</strong></span> 
     </span>
    </p>
   </div>
   <div class='ocr_carea' id='block_1_29' title="bbox 1922 1909 2781 1965">
    <p class='ocr_par' dir='ltr' id='par_1_29' title="bbox 1922 1909 2781 1965">
     <span class='ocr_line' id='line_1_29' title="bbox 1922 1909 2781 1965; baseline -0.002 -1"><span class='ocrx_word' id='word_1_191' title='bbox 1922 1927 2034 1964; x_wconf 84' lang='grc' dir='ltr'>ιιιι</span> <span class='ocrx_word' id='word_1_192' title='bbox 2329 1926 2372 1965; x_wconf 89' lang='grc' dir='ltr'><strong>ιι</strong></span> <span class='ocrx_word' id='word_1_193' title='bbox 2710 1909 2781 1962; x_wconf 68' lang='lat'><strong>22</strong></span> 
     </span>
    </p>
   </div>
   <div class='ocr_carea' id='block_1_30' title="bbox 1951 1979 2779 2032">
    <p class='ocr_par' dir='ltr' id='par_1_30' title="bbox 1951 1979 2779 2032">
     <span class='ocr_line' id='line_1_30' title="bbox 1951 1979 2779 2032; baseline 0 -1"><span class='ocrx_word' id='word_1_194' title='bbox 1951 1996 2009 2031; x_wconf 86' lang='grc' dir='ltr'><strong>ιιι</strong></span> <span class='ocrx_word' id='word_1_195' title='bbox 2317 1993 2378 2031; x_wconf 89' lang='grc' dir='ltr'><strong>ιιι</strong></span> <span class='ocrx_word' id='word_1_196' title='bbox 2710 1979 2779 2032; x_wconf 74' lang='grc'><strong>55</strong></span> 
     </span>
    </p>
   </div>
   <div class='ocr_carea' id='block_1_31' title="bbox 1932 2048 2776 2102">
    <p class='ocr_par' dir='ltr' id='par_1_31' title="bbox 1932 2048 2776 2102">
     <span class='ocr_line' id='line_1_31' title="bbox 1932 2048 2776 2102; baseline -0.002 -1"><span class='ocrx_word' id='word_1_197' title='bbox 1932 2064 2019 2102; x_wconf 80' lang='lat' dir='ltr'><strong>xw</strong></span> <span class='ocrx_word' id='word_1_198' title='bbox 2328 2061 2382 2099; x_wconf 80' lang='lat' dir='ltr'><strong>tv</strong></span> <span class='ocrx_word' id='word_1_199' title='bbox 2707 2048 2776 2099; x_wconf 75' lang='lat' dir='ltr'><strong>M</strong></span> 
     </span>
    </p>
   </div>
   <div class='ocr_carea' id='block_1_32' title="bbox 1920 2116 2775 2168">
    <p class='ocr_par' dir='ltr' id='par_1_32' title="bbox 1920 2116 2775 2168">
     <span class='ocr_line' id='line_1_32' title="bbox 1920 2116 2775 2168; baseline 0 0"><span class='ocrx_word' id='word_1_200' title='bbox 1920 2132 2023 2168; x_wconf 81' lang='lat' dir='ltr'><strong>xxv</strong></span> <span class='ocrx_word' id='word_1_201' title='bbox 2324 2131 2355 2168; x_wconf 72' lang='grc' dir='ltr'><strong>ν</strong></span> <span class='ocrx_word' id='word_1_202' title='bbox 2707 2116 2775 2168; x_wconf 84' lang='grc'><strong>55</strong></span> 
     </span>
    </p>
   </div>
   <div class='ocr_carea' id='block_1_33' title="bbox 1946 2184 2773 2238">
    <p class='ocr_par' dir='ltr' id='par_1_33' title="bbox 1946 2184 2773 2238">
     <span class='ocr_line' id='line_1_33' title="bbox 1946 2184 2773 2238; baseline 0.004 -3"><span class='ocrx_word' id='word_1_203' title='bbox 1946 2201 1997 2236; x_wconf 69' lang='grc' dir='ltr'>γι</span> <span class='ocrx_word' id='word_1_204' title='bbox 2324 2199 2372 2236; x_wconf 79' lang='lat' dir='ltr'><strong>Vl</strong></span> <span class='ocrx_word' id='word_1_205' title='bbox 2705 2184 2773 2238; x_wconf 74' lang='grc'>66</span> 
     </span>
    </p>
   </div>
   <div class='ocr_carea' id='block_1_34' title="bbox 1924 2253 2772 2304">
    <p class='ocr_par' dir='ltr' id='par_1_34' title="bbox 1924 2253 2772 2304">
     <span class='ocr_line' id='line_1_34' title="bbox 1924 2253 2772 2304; baseline 0.001 -1"><span class='ocrx_word' id='word_1_206' title='bbox 1924 2268 2028 2303; x_wconf 88' lang='lat' dir='ltr'><strong>xvn</strong></span> <span class='ocrx_word' id='word_1_207' title='bbox 2279 2271 2281 2274; x_wconf 52' lang='lat'><em>‘</em></span> <span class='ocrx_word' id='word_1_208' title='bbox 2314 2267 2386 2304; x_wconf 81' lang='lat' dir='ltr'><strong>vn</strong></span> <span class='ocrx_word' id='word_1_209' title='bbox 2709 2253 2772 2304; x_wconf 86' lang='lat'><strong>77</strong></span> 
     </span>
    </p>
   </div>
   <div class='ocr_carea' id='block_1_35' title="bbox 1895 2322 2775 2374">
    <p class='ocr_par' dir='ltr' id='par_1_35' title="bbox 1895 2322 2775 2374">
     <span class='ocr_line' id='line_1_35' title="bbox 1895 2322 2775 2374; baseline 0.003 -3"><span class='ocrx_word' id='word_1_210' title='bbox 1895 2335 2062 2374; x_wconf 86' lang='lat' dir='ltr'><strong>xxvm</strong></span> <span class='ocrx_word' id='word_1_211' title='bbox 2302 2335 2398 2373; x_wconf 85' lang='lat' dir='ltr'><strong>vm</strong></span> <span class='ocrx_word' id='word_1_212' title='bbox 2707 2322 2775 2374; x_wconf 79' lang='lat'><strong>88</strong></span> 
     </span>
    </p>
   </div>
   <div class='ocr_carea' id='block_1_36' title="bbox 1941 2391 2774 2442">
    <p class='ocr_par' dir='ltr' id='par_1_36' title="bbox 1941 2391 2774 2442">
     <span class='ocr_line' id='line_1_36' title="bbox 1941 2391 2774 2442; baseline 0.001 -1"><span class='ocrx_word' id='word_1_213' title='bbox 1941 2405 1991 2441; x_wconf 82' lang='lat' dir='ltr'><strong>Ix</strong></span> <span class='ocrx_word' id='word_1_214' title='bbox 2317 2405 2369 2442; x_wconf 83' lang='lat' dir='ltr'><strong>Ix</strong></span> <span class='ocrx_word' id='word_1_215' title='bbox 2707 2391 2774 2442; x_wconf 85' lang='lat'><strong>99</strong></span> 
     </span>
    </p>
   </div>
   <div class='ocr_carea' id='block_1_37' title="bbox 1929 2457 2774 2512">
    <p class='ocr_par' dir='ltr' id='par_1_37' title="bbox 1929 2457 2774 2512">
     <span class='ocr_line' id='line_1_37' title="bbox 1929 2457 2774 2512; baseline 0.001 -2"><span class='ocrx_word' id='word_1_216' title='bbox 1929 2471 1998 2510; x_wconf 78' lang='grc' dir='ltr'><strong>ιι</strong></span> <span class='ocrx_word' id='word_1_217' title='bbox 2332 2474 2366 2510; x_wconf 85' lang='grc' dir='ltr'><strong>ι</strong></span> <span class='ocrx_word' id='word_1_218' title='bbox 2675 2457 2774 2512; x_wconf 87' lang='grc'><strong>110</strong></span> 
     </span>
    </p>
   </div>
   <div class='ocr_carea' id='block_1_38' title="bbox 1968 2525 2770 2580">
    <p class='ocr_par' dir='ltr' id='par_1_38' title="bbox 1968 2525 2770 2580">
     <span class='ocr_line' id='line_1_38' title="bbox 1968 2525 2770 2580; baseline 0.002 -2"><span class='ocrx_word' id='word_1_219' title='bbox 1968 2542 1985 2578; x_wconf 84' lang='grc' dir='ltr'><strong>ι</strong></span> <span class='ocrx_word' id='word_1_220' title='bbox 2323 2542 2374 2578; x_wconf 88' lang='grc' dir='ltr'><strong>ιι</strong></span> <span class='ocrx_word' id='word_1_221' title='bbox 2677 2525 2770 2580; x_wconf 78' lang='grc'><strong>121</strong></span> 
     </span>
    </p>
   </div>
   <div class='ocr_carea' id='block_1_39' title="bbox 1921 2597 2775 2649">
    <p class='ocr_par' dir='ltr' id='par_1_39' title="bbox 1921 2597 2775 2649">
     <span class='ocr_line' id='line_1_39' title="bbox 1921 2597 2775 2649; baseline 0.001 -2"><span class='ocrx_word' id='word_1_222' title='bbox 1921 2611 1996 2648; x_wconf 93' lang='grc' dir='ltr'><strong>ιιι</strong></span> <span class='ocrx_word' id='word_1_223' title='bbox 2302 2611 2377 2648; x_wconf 87' lang='grc' dir='ltr'><strong>ιιι</strong></span> <span class='ocrx_word' id='word_1_224' title='bbox 2674 2597 2775 2649; x_wconf 78' lang='grc'><strong>152</strong></span> 
     </span>
    </p>
   </div>
   <div class='ocr_carea' id='block_1_40' title="bbox 1905 2663 2775 2719">
    <p class='ocr_par' dir='ltr' id='par_1_40' title="bbox 1905 2663 2775 2719">
     <span class='ocr_line' id='line_1_40' title="bbox 1905 2663 2775 2719; baseline 0.003 -3"><span class='ocrx_word' id='word_1_225' title='bbox 1905 2678 2038 2716; x_wconf 84' lang='grc' dir='ltr'>ιιιιι</span> <span class='ocrx_word' id='word_1_226' title='bbox 2288 2679 2385 2717; x_wconf 89' lang='grc' dir='ltr'>ιιιι</span> <span class='ocrx_word' id='word_1_227' title='bbox 2673 2663 2775 2719; x_wconf 76' lang='grc'><strong>165</strong></span> 
     </span>
    </p>
   </div>
   <div class='ocr_carea' id='block_1_41' title="bbox 1947 2733 2772 2787">
    <p class='ocr_par' dir='ltr' id='par_1_41' title="bbox 1947 2733 2772 2787">
     <span class='ocr_line' id='line_1_41' title="bbox 1947 2733 2772 2787; baseline 0.004 -4"><span class='ocrx_word' id='word_1_228' title='bbox 1947 2747 2002 2783; x_wconf 80' lang='lat' dir='ltr'><strong>1v</strong></span> <span class='ocrx_word' id='word_1_229' title='bbox 2292 2748 2382 2785; x_wconf 84' lang='lat' dir='ltr'><strong>xlv</strong></span> <span class='ocrx_word' id='word_1_230' title='bbox 2672 2733 2772 2787; x_wconf 77' lang='grc'><strong>154</strong></span> 
     </span>
    </p>
   </div>
   <div class='ocr_carea' id='block_1_42' title="bbox 1939 2803 2772 2856">
    <p class='ocr_par' dir='ltr' id='par_1_42' title="bbox 1939 2803 2772 2856">
     <span class='ocr_line' id='line_1_42' title="bbox 1939 2803 2772 2856; baseline 0.006 -6"><span class='ocrx_word' id='word_1_231' title='bbox 1939 2815 2007 2850; x_wconf 84' lang='grc' dir='ltr'><strong>ιν</strong></span> <span class='ocrx_word' id='word_1_232' title='bbox 2301 2817 2370 2854; x_wconf 83' lang='lat' dir='ltr'><strong>xv</strong></span> <span class='ocrx_word' id='word_1_233' title='bbox 2675 2803 2772 2856; x_wconf 82' lang='grc'><strong>165</strong></span> 
     </span>
    </p>
   </div>
   <div class='ocr_carea' id='block_1_43' title="bbox 1905 2871 2772 2924">
    <p class='ocr_par' dir='ltr' id='par_1_43' title="bbox 1905 2871 2772 2924">
     <span class='ocr_line' id='line_1_43' title="bbox 1905 2871 2772 2924; baseline 0.006 -6"><span class='ocrx_word' id='word_1_234' title='bbox 1905 2883 2030 2919; x_wconf 86' lang='lat' dir='ltr'><strong>xxvl</strong></span> <span class='ocrx_word' id='word_1_235' title='bbox 2295 2884 2383 2920; x_wconf 81' lang='grc' dir='ltr'><strong>ινι</strong></span> <span class='ocrx_word' id='word_1_236' title='bbox 2670 2871 2772 2924; x_wconf 76' lang='grc'><strong>176</strong></span> 
     </span>
    </p>
   </div>
   <div class='ocr_carea' id='block_1_44' title="bbox 1937 2939 2772 2991">
    <p class='ocr_par' dir='ltr' id='par_1_44' title="bbox 1937 2939 2772 2991">
     <span class='ocr_line' id='line_1_44' title="bbox 1937 2939 2772 2991; baseline 0.004 -3"><span class='ocrx_word' id='word_1_237' title='bbox 1937 2951 2009 2988; x_wconf 82' lang='lat' dir='ltr'><strong>vn</strong></span> <span class='ocrx_word' id='word_1_238' title='bbox 2271 2952 2379 2990; x_wconf 84' lang='lat' dir='ltr'><strong>xvu</strong></span> <span class='ocrx_word' id='word_1_239' title='bbox 2669 2939 2772 2991; x_wconf 88' lang='grc'><strong>187</strong></span> 
     </span>
    </p>
   </div>
   <div class='ocr_carea' id='block_1_45' title="bbox 1914 3007 2771 3059">
    <p class='ocr_par' dir='ltr' id='par_1_45' title="bbox 1914 3007 2771 3059">
     <span class='ocr_line' id='line_1_45' title="bbox 1914 3007 2771 3059; baseline 0.004 -3"><span class='ocrx_word' id='word_1_240' title='bbox 1914 3019 2041 3057; x_wconf 82' lang='grc' dir='ltr'>ινιιι</span> <span class='ocrx_word' id='word_1_241' title='bbox 2268 3021 2394 3058; x_wconf 83' lang='lat' dir='ltr'><strong>xvm</strong></span> <span class='ocrx_word' id='word_1_242' title='bbox 2669 3007 2771 3059; x_wconf 83' lang='grc'><strong>198</strong></span> 
     </span>
    </p>
   </div>
   <div class='ocr_carea' id='block_1_46' title="bbox 1906 3075 2771 3130">
    <p class='ocr_par' dir='ltr' id='par_1_46' title="bbox 1906 3075 2771 3130">
     <span class='ocr_line' id='line_1_46' title="bbox 1906 3075 2771 3130; baseline 0.006 -6"><span class='ocrx_word' id='word_1_243' title='bbox 1906 3088 2031 3126; x_wconf 79' lang='lat' dir='ltr'><strong>xxix</strong></span> <span class='ocrx_word' id='word_1_244' title='bbox 2286 3091 2379 3128; x_wconf 86' lang='grc' dir='ltr'><strong>ιιι</strong></span> <span class='ocrx_word' id='word_1_245' title='bbox 2666 3075 2771 3130; x_wconf 74' lang='grc'><strong>209</strong></span> 
     </span>
    </p>
   </div>
   <div class='ocr_carea' id='block_1_47' title="bbox 2322 3231 3865 3359">
    <p class='ocr_par' dir='ltr' id='par_1_47' title="bbox 2322 3231 3865 3359">
     <span class='ocr_line' id='line_1_47' title="bbox 2322 3231 3865 3359; baseline 0.009 -79"><span class='ocrx_word' id='word_1_246' title='bbox 2322 3237 2365 3291; x_wconf 81' lang='grc' dir='ltr'><strong>Β</strong></span> <span class='ocrx_word' id='word_1_247' title='bbox 2477 3231 2736 3298; x_wconf 79' lang='grc' dir='ltr'>Μέθοδος</span> <span class='ocrx_word' id='word_1_248' title='bbox 2764 3231 2922 3298; x_wconf 76' lang='grc' dir='ltr'>ὅπως</span> <span class='ocrx_word' id='word_1_249' title='bbox 2947 3236 3277 3359; x_wconf 51' lang='grc' dir='ltr'>εὑρήσοὶμεν</span> <span class='ocrx_word' id='word_1_250' title='bbox 3309 3237 3414 3290; x_wconf 73' lang='grc' dir='ltr'>τὸν</span> <span class='ocrx_word' id='word_1_251' title='bbox 3455 3239 3564 3307; x_wconf 84' lang='grc' dir='ltr'>τῆς</span> <span class='ocrx_word' id='word_1_252' title='bbox 3593 3240 3865 3309; x_wconf 70' lang='grc' dir='ltr'>σελήνης</span> 
     </span>
     <span class='ocr_line' id='line_1_48' title="bbox 3037 3323 3280 3359; baseline 0.004 -1"><span class='ocrx_word' id='word_1_253' title='bbox 3037 3323 3148 3358; x_wconf 84' lang='grc' dir='ltr'><strong>κυκ</strong></span> <span class='ocrx_word' id='word_1_254' title='bbox 3192 3323 3280 3359; x_wconf 81' lang='grc' dir='ltr'>ον.</span> 
     </span>
    </p>
   </div>
   <div class='ocr_carea' id='block_1_48' title="bbox 3037 3323 3280 3360">
    <p class='ocr_par' dir='ltr' id='par_1_48' title="bbox 3037 3323 3280 3360">
     <span class='ocr_line' id='line_1_49' title="bbox 3037 3323 3280 3360; baseline 0.008 -2"><span class='ocrx_word' id='word_1_255' title='bbox 3037 3323 3263 3360; x_wconf 66' lang='grc' dir='ltr'>κυκλον</span> <span class='ocrx_word' id='word_1_256' title='bbox 3269 3347 3280 3359; x_wconf 76' lang='grc' dir='ltr'><strong><em>ο</em></strong></span> 
     </span>
    </p>
   </div>
   <div class='ocr_carea' id='block_1_49' title="bbox 2461 3390 3929 3456">
    <p class='ocr_par' dir='ltr' id='par_1_49' title="bbox 2461 3390 3929 3456">
     <span class='ocr_line' id='line_1_50' title="bbox 2461 3390 3929 3456; baseline 0.007 -14"><span class='ocrx_word' id='word_1_257' title='bbox 2461 3390 2549 3455; x_wconf 69' lang='grc' dir='ltr'><strong>(Γ.</strong></span> <span class='ocrx_word' id='word_1_258' title='bbox 2590 3391 2822 3456; x_wconf 81' lang='grc' dir='ltr'>Μέθοδος</span> <span class='ocrx_word' id='word_1_259' title='bbox 2857 3393 2916 3445; x_wconf 78' lang='grc' dir='ltr'><strong>δὲ</strong></span> <span class='ocrx_word' id='word_1_260' title='bbox 2945 3393 3036 3446; x_wconf 90' lang='grc' dir='ltr'><strong>τοῦ</strong></span> <span class='ocrx_word' id='word_1_261' title='bbox 3072 3396 3162 3448; x_wconf 81' lang='grc' dir='ltr'>τὸν</span> <span class='ocrx_word' id='word_1_262' title='bbox 3198 3397 3464 3450; x_wconf 75' lang='grc' dir='ltr'>ἐνεστῶτα</span> <span class='ocrx_word' id='word_1_263' title='bbox 3501 3397 3692 3452; x_wconf 80' lang='grc' dir='ltr'>κύκλον</span> <span class='ocrx_word' id='word_1_264' title='bbox 3735 3399 3929 3452; x_wconf 80' lang='grc' dir='ltr'>εἰδέναι</span> 
     </span>
    </p>
   </div>
   <div class='ocr_carea' id='block_1_50' title="bbox 2386 3480 3930 3558">
    <p class='ocr_par' dir='ltr' id='par_1_50' title="bbox 2386 3480 3930 3558">
     <span class='ocr_line' id='line_1_51' title="bbox 2386 3480 3930 3558; baseline 0.007 -29"><span class='ocrx_word' id='word_1_265' title='bbox 2386 3480 2484 3546; x_wconf 84' lang='grc' dir='ltr'>τῆς</span> <span class='ocrx_word' id='word_1_266' title='bbox 2523 3482 2778 3551; x_wconf 83' lang='grc' dir='ltr'><strong>σελήνης,</strong></span> <span class='ocrx_word' id='word_1_267' title='bbox 2820 3484 2913 3534; x_wconf 80' lang='grc' dir='ltr'>καὶ</span> <span class='ocrx_word' id='word_1_268' title='bbox 2952 3483 3049 3546; x_wconf 85' lang='grc' dir='ltr'>τὰς</span> <span class='ocrx_word' id='word_1_269' title='bbox 3088 3487 3203 3538; x_wconf 81' lang='grc' dir='ltr'>κατ’</span> <span class='ocrx_word' id='word_1_270' title='bbox 3241 3487 3405 3557; x_wconf 79' lang='grc' dir='ltr'>αὐτὴν</span> <span class='ocrx_word' id='word_1_271' title='bbox 3435 3489 3672 3550; x_wconf 59' lang='grc' dir='ltr'>ἐωκτάς</span> <span class='ocrx_word' id='word_1_272' title='bbox 3694 3526 3712 3550; x_wconf 88' lang='grc'><strong>,</strong></span> <span class='ocrx_word' id='word_1_273' title='bbox 3738 3490 3822 3558; x_wconf 78' lang='grc' dir='ltr'>εἴη</span> <span class='ocrx_word' id='word_1_274' title='bbox 3863 3490 3930 3541; x_wconf 78' lang='grc' dir='ltr'>ἂν</span> 
     </span>
    </p>
   </div>
   <div class='ocr_carea' id='block_1_51' title="bbox 763 3562 2387 3647">
    <p class='ocr_par' dir='ltr' id='par_1_51' title="bbox 763 3562 2291 3632">
     <span class='ocr_line' id='line_1_52' title="bbox 763 3562 2291 3632; baseline -0.001 -15"><span class='ocrx_word' id='word_1_275' title='bbox 763 3565 877 3618; x_wconf 88' lang='lat' dir='ltr'><strong>dito</strong></span> <span class='ocrx_word' id='word_1_276' title='bbox 916 3563 983 3616; x_wconf 89' lang='lat' dir='ltr'><strong>ad</strong></span> <span class='ocrx_word' id='word_1_277' title='bbox 1031 3563 1364 3632; x_wconf 86' lang='lat' dir='ltr'><strong>propositum</strong></span> <span class='ocrx_word' id='word_1_278' title='bbox 1404 3575 1602 3628; x_wconf 86' lang='lat' dir='ltr'><strong>usque,</strong></span> <span class='ocrx_word' id='word_1_279' title='bbox 1643 3575 1736 3630; x_wconf 91' lang='lat' dir='ltr'><strong>per</strong></span> <span class='ocrx_word' id='word_1_280' title='bbox 1773 3576 1862 3612; x_wconf 90' lang='grc' dir='ltr'><strong>ιιι</strong></span> <span class='ocrx_word' id='word_1_281' title='bbox 1901 3562 2198 3629; x_wconf 87' lang='lat' dir='ltr'><strong>partimur;</strong></span> <span class='ocrx_word' id='word_1_282' title='bbox 2237 3569 2291 3615; x_wconf 90' lang='lat' dir='ltr'><strong>et</strong></span> 
     </span>
    </p>
   </div>
   <div class='ocr_carea' id='block_1_52' title="bbox 2304 3562 3928 3647">
    <p class='ocr_par' dir='ltr' id='par_1_52' title="bbox 2387 3567 3928 3647">
     <span class='ocr_line' id='line_1_53' title="bbox 2387 3567 3928 3647; baseline 0.008 -27"><span class='ocrx_word' id='word_1_283' title='bbox 2387 3567 2524 3638; x_wconf 87' lang='grc' dir='ltr'>α’ύτη</span> <span class='ocrx_word' id='word_1_284' title='bbox 2550 3586 2562 3599; x_wconf 84' lang='grc'><strong>·</strong></span> <span class='ocrx_word' id='word_1_285' title='bbox 2598 3571 2970 3640; x_wconf 79' lang='grc' dir='ltr'>Λαμὸάνοντες</span> <span class='ocrx_word' id='word_1_286' title='bbox 3014 3573 3082 3625; x_wconf 82' lang='grc' dir='ltr'>τὰ</span> <span class='ocrx_word' id='word_1_287' title='bbox 3127 3574 3234 3626; x_wconf 85' lang='grc' dir='ltr'><strong>ἀπὺ</strong></span> <span class='ocrx_word' id='word_1_288' title='bbox 3266 3575 3361 3644; x_wconf 84' lang='grc' dir='ltr'>τῆς</span> <span class='ocrx_word' id='word_1_289' title='bbox 3413 3578 3789 3646; x_wconf 84' lang='grc' dir='ltr'>κοσμογενείας</span> <span class='ocrx_word' id='word_1_290' title='bbox 3831 3580 3928 3647; x_wconf 74' lang='grc' dir='ltr'>ἔτη</span> 
     </span>
    </p>
   </div>
   <div class='ocr_carea' id='block_1_53' title="bbox 762 3651 2386 3736">
    <p class='ocr_par' dir='ltr' id='par_1_53' title="bbox 762 3651 2287 3720">
     <span class='ocr_line' id='line_1_54' title="bbox 762 3651 2287 3720; baseline -0.001 -13"><span class='ocrx_word' id='word_1_291' title='bbox 762 3652 1065 3718; x_wconf 88' lang='lat' dir='ltr'><strong>residuum,</strong></span> <span class='ocrx_word' id='word_1_292' title='bbox 1101 3653 1243 3720; x_wconf 90' lang='lat' dir='ltr'><strong>quod</strong></span> <span class='ocrx_word' id='word_1_293' title='bbox 1271 3654 1448 3708; x_wconf 91' lang='lat' dir='ltr'><strong>minus</strong></span> <span class='ocrx_word' id='word_1_294' title='bbox 1479 3660 1559 3707; x_wconf 89' lang='lat' dir='ltr'><strong>est</strong></span> <span class='ocrx_word' id='word_1_295' title='bbox 1588 3667 1678 3704; x_wconf 86' lang='grc' dir='ltr'><strong>ιιι</strong></span> <span class='ocrx_word' id='word_1_296' title='bbox 1699 3689 1712 3711; x_wconf 84' lang='grc'><strong>,</strong></span> <span class='ocrx_word' id='word_1_297' title='bbox 1748 3651 1975 3704; x_wconf 90' lang='lat' dir='ltr'><strong>dicimus</strong></span> <span class='ocrx_word' id='word_1_298' title='bbox 2001 3665 2120 3705; x_wconf 88' lang='lat' dir='ltr'><strong>esse</strong></span> <span class='ocrx_word' id='word_1_299' title='bbox 2150 3651 2287 3706; x_wconf 66' lang='lat' dir='ltr'><strong>luam</strong></span> 
     </span>
    </p>
   </div>
   <div class='ocr_carea' id='block_1_54' title="bbox 2303 3651 3927 3736">
    <p class='ocr_par' dir='ltr' id='par_1_54' title="bbox 2391 3656 3927 3736">
     <span class='ocr_line' id='line_1_55' title="bbox 2391 3656 3927 3736; baseline 0.005 -26"><span class='ocrx_word' id='word_1_300' title='bbox 2391 3660 2548 3728; x_wconf 87' lang='grc' dir='ltr'>μέχρι</span> <span class='ocrx_word' id='word_1_301' title='bbox 2575 3663 2666 3712; x_wconf 77' lang='grc' dir='ltr'>καὶ</span> <span class='ocrx_word' id='word_1_302' title='bbox 2704 3656 2980 3714; x_wconf 75' lang='grc' dir='ltr'>αὐτοῦτοῦ</span> <span class='ocrx_word' id='word_1_303' title='bbox 3016 3663 3321 3728; x_wconf 80' lang='grc' dir='ltr'>ἐνεστῶτος,</span> <span class='ocrx_word' id='word_1_304' title='bbox 3355 3668 3448 3718; x_wconf 72' lang='grc' dir='ltr'><strong>καὶ</strong></span> <span class='ocrx_word' id='word_1_305' title='bbox 3477 3666 3645 3720; x_wconf 87' lang='grc' dir='ltr'>ταῦτα</span> <span class='ocrx_word' id='word_1_306' title='bbox 3665 3667 3816 3736; x_wconf 84' lang='grc' dir='ltr'>παρὰ</span> <span class='ocrx_word' id='word_1_307' title='bbox 3834 3668 3927 3718; x_wconf 79' lang='grc' dir='ltr'><strong>τὸν</strong></span> 
     </span>
    </p>
   </div>
   <div class='ocr_carea' id='block_1_55' title="bbox 761 3739 2385 3821">
    <p class='ocr_par' dir='ltr' id='par_1_55' title="bbox 761 3739 2284 3813">
     <span class='ocr_line' id='line_1_56' title="bbox 761 3739 2284 3813; baseline -0.002 -16"><span class='ocrx_word' id='word_1_308' title='bbox 761 3745 992 3813; x_wconf 73' lang='lat' dir='ltr'><strong>cyclum.</strong></span> <span class='ocrx_word' id='word_1_309' title='bbox 1033 3743 1199 3810; x_wconf 78' lang='lat' dir='ltr'><strong>Cujus</strong></span> <span class='ocrx_word' id='word_1_310' title='bbox 1247 3742 1454 3794; x_wconf 90' lang='lat' dir='ltr'><strong>initium</strong></span> <span class='ocrx_word' id='word_1_311' title='bbox 1497 3757 1605 3795; x_wconf 91' lang='lat' dir='ltr'><strong>non</strong></span> <span class='ocrx_word' id='word_1_312' title='bbox 1655 3757 1684 3794; x_wconf 88' lang='lat' dir='ltr'><strong>a</strong></span> <span class='ocrx_word' id='word_1_313' title='bbox 1741 3739 2075 3810; x_wconf 79' lang='lat' dir='ltr'><strong>Septembri,</strong></span> <span class='ocrx_word' id='word_1_314' title='bbox 2112 3755 2284 3810; x_wconf 90' lang='lat' dir='ltr'><strong>neque</strong></span> 
     </span>
    </p>
   </div>
   <div class='ocr_carea' id='block_1_56' title="bbox 2303 3739 3927 3821">
    <p class='ocr_par' dir='ltr' id='par_1_56' title="bbox 2391 3745 3927 3821">
     <span class='ocr_line' id='line_1_57' title="bbox 2391 3745 3927 3821; baseline 0.008 -25"><span class='ocrx_word' id='word_1_315' title='bbox 2391 3748 2453 3797; x_wconf 87' lang='grc' dir='ltr'>ιθ¹</span> <span class='ocrx_word' id='word_1_316' title='bbox 2476 3745 2801 3817; x_wconf 81' lang='grc' dir='ltr'><strong>μερίζοντες,</strong></span> <span class='ocrx_word' id='word_1_317' title='bbox 2819 3749 2884 3802; x_wconf 83' lang='grc' dir='ltr'>τὰ</span> <span class='ocrx_word' id='word_1_318' title='bbox 2905 3751 3332 3821; x_wconf 85' lang='grc' dir='ltr'>καταλειπόμενα</span> <span class='ocrx_word' id='word_1_319' title='bbox 3361 3755 3601 3808; x_wconf 82' lang='grc' dir='ltr'>κάτωθεν</span> <span class='ocrx_word' id='word_1_320' title='bbox 3619 3756 3724 3808; x_wconf 86' lang='grc' dir='ltr'><strong>τῶν</strong></span> <span class='ocrx_word' id='word_1_321' title='bbox 3751 3756 3814 3808; x_wconf 83' lang='grc' dir='ltr'>ιθ¹</span> <span class='ocrx_word' id='word_1_322' title='bbox 3835 3756 3927 3808; x_wconf 73' lang='grc' dir='ltr'>τὸν</span> 
     </span>
    </p>
   </div>
   <div class='ocr_carea' id='block_1_57' title="bbox 761 3829 2385 3929">
    <p class='ocr_par' dir='ltr' id='par_1_57' title="bbox 761 3829 2283 3897">
     <span class='ocr_line' id='line_1_58' title="bbox 761 3829 2283 3897; baseline -0.001 -11"><span class='ocrx_word' id='word_1_323' title='bbox 761 3835 828 3889; x_wconf 81' lang='lat' dir='ltr'><strong>ab</strong></span> <span class='ocrx_word' id='word_1_324' title='bbox 857 3831 1111 3897; x_wconf 72' lang='lat' dir='ltr'><strong>Octobri,</strong></span> <span class='ocrx_word' id='word_1_325' title='bbox 1142 3840 1199 3884; x_wconf 86' lang='lat' dir='ltr'><strong>ut</strong></span> <span class='ocrx_word' id='word_1_326' title='bbox 1233 3831 1285 3884; x_wconf 93' lang='lat' dir='ltr'><strong>in</strong></span> <span class='ocrx_word' id='word_1_327' title='bbox 1323 3833 1482 3885; x_wconf 89' lang='lat' dir='ltr'><strong>solari</strong></span> <span class='ocrx_word' id='word_1_328' title='bbox 1508 3871 1523 3896; x_wconf 96' lang='lat'><strong>,</strong></span> <span class='ocrx_word' id='word_1_329' title='bbox 1563 3830 1656 3885; x_wconf 88' lang='lat' dir='ltr'><strong>sed</strong></span> <span class='ocrx_word' id='word_1_330' title='bbox 1692 3831 1759 3884; x_wconf 87' lang='lat' dir='ltr'><strong>ab</strong></span> <span class='ocrx_word' id='word_1_331' title='bbox 1789 3830 2001 3884; x_wconf 76' lang='lat' dir='ltr'><strong>ineunte</strong></span> <span class='ocrx_word' id='word_1_332' title='bbox 2030 3829 2283 3884; x_wconf 81' lang='lat' dir='ltr'><strong>Januario</strong></span> 
     </span>
    </p>
   </div>
   <div class='ocr_carea' id='block_1_58' title="bbox 2303 3829 3927 3929">
    <p class='ocr_par' dir='ltr' id='par_1_58' title="bbox 2387 3834 3927 3929">
     <span class='ocr_line' id='line_1_59' title="bbox 2387 3834 3927 3929; baseline 0.008 -43"><span class='ocrx_word' id='word_1_333' title='bbox 2387 3836 2648 3890; x_wconf 71' lang='grc' dir='ltr'>ἐνεστῶτα</span> <span class='ocrx_word' id='word_1_334' title='bbox 2687 3834 2911 3907; x_wconf 77' lang='grc' dir='ltr'>λέγομεν</span> <span class='ocrx_word' id='word_1_335' title='bbox 2952 3836 3086 3892; x_wconf 75' lang='grc' dir='ltr'>εἶναι</span> <span class='ocrx_word' id='word_1_336' title='bbox 3126 3839 3316 3894; x_wconf 86' lang='grc' dir='ltr'>κύκλον</span> <span class='ocrx_word' id='word_1_337' title='bbox 3376 3843 3474 3913; x_wconf 80' lang='grc' dir='ltr'>τῆς</span> <span class='ocrx_word' id='word_1_338' title='bbox 3521 3844 3784 3929; x_wconf 77' lang='grc' dir='ltr'>σελήνης’</span> <span class='ocrx_word' id='word_1_339' title='bbox 3827 3843 3927 3912; x_wconf 74' lang='grc' dir='ltr'><strong>τὴν</strong></span> 
     </span>
    </p>
   </div>
   <div class='ocr_carea' id='block_1_59' title="bbox 733 3919 2357 3998">
    <p class='ocr_par' dir='ltr' id='par_1_59' title="bbox 733 3919 2004 3989">
     <span class='ocr_line' id='line_1_60' title="bbox 733 3919 2004 3989; baseline -0.004 -14"><span class='ocrx_word' id='word_1_340' title='bbox 733 3924 989 3977; x_wconf 81' lang='lat' dir='ltr'><strong>sumitur</strong></span> <span class='ocrx_word' id='word_1_341' title='bbox 1021 3923 1090 3976; x_wconf 91' lang='lat' dir='ltr'><strong>ob</strong></span> <span class='ocrx_word' id='word_1_342' title='bbox 1117 3936 1232 3976; x_wconf 87' lang='lat' dir='ltr'><strong>eam</strong></span> <span class='ocrx_word' id='word_1_343' title='bbox 1267 3936 1426 3989; x_wconf 87' lang='lat' dir='ltr'><strong>quam</strong></span> <span class='ocrx_word' id='word_1_344' title='bbox 1458 3921 1694 3973; x_wconf 87' lang='lat' dir='ltr'><strong>dicemus</strong></span> <span class='ocrx_word' id='word_1_345' title='bbox 1727 3919 2004 3972; x_wconf 83' lang='lat' dir='ltr'><strong>rationem.</strong></span> 
     </span>
    </p>
   </div>
   <div class='ocr_carea' id='block_1_60' title="bbox 2302 3919 3926 3998">
    <p class='ocr_par' dir='ltr' id='par_1_60' title="bbox 2385 3919 3926 3998">
     <span class='ocr_line' id='line_1_61' title="bbox 2385 3919 3926 3998; baseline 0.005 -22"><span class='ocrx_word' id='word_1_346' title='bbox 2385 3925 2553 3995; x_wconf 84' lang='grc' dir='ltr'>ἀρχὴν</span> <span class='ocrx_word' id='word_1_347' title='bbox 2583 3927 2680 3995; x_wconf 83' lang='grc' dir='ltr'>τῆς</span> <span class='ocrx_word' id='word_1_348' title='bbox 2716 3928 3133 3998; x_wconf 81' lang='grc' dir='ltr'>ἀπαριθμήσεως</span> <span class='ocrx_word' id='word_1_349' title='bbox 3151 3930 3258 3983; x_wconf 88' lang='grc' dir='ltr'><strong>τῶν</strong></span> <span class='ocrx_word' id='word_1_350' title='bbox 3281 3930 3415 3984; x_wconf 76' lang='grc' dir='ltr'>ἐτῶν</span> <span class='ocrx_word' id='word_1_351' title='bbox 3447 3934 3546 3985; x_wconf 80' lang='grc' dir='ltr'>οὐκ</span> <span class='ocrx_word' id='word_1_352' title='bbox 3577 3933 3681 3984; x_wconf 77' lang='grc' dir='ltr'><strong>ἀπὸ</strong></span> <span class='ocrx_word' id='word_1_353' title='bbox 3712 3919 3810 3985; x_wconf 63' lang='grc' dir='ltr'>’τοῦ</span> <span class='ocrx_word' id='word_1_354' title='bbox 3839 3928 3926 3983; x_wconf 67' lang='grc' dir='ltr'><strong>Σεὲ</strong></span> 
     </span>
    </p>
   </div>
   <div class='ocr_carea' id='block_1_61' title="bbox 759 4008 3924 4090">
    <p class='ocr_par' dir='ltr' id='par_1_61' title="bbox 759 4008 3924 4090">
     <span class='ocr_line' id='line_1_62' title="bbox 759 4008 3924 4090; baseline 0.002 -26"><span class='ocrx_word' id='word_1_355' title='bbox 759 4013 1055 4084; x_wconf 61' lang='grc' dir='ltr'>πεμὸρίου</span> <span class='ocrx_word' id='word_1_356' title='bbox 1084 4011 1422 4080; x_wconf 85' lang='grc' dir='ltr'>ποιούμενοι,</span> <span class='ocrx_word' id='word_1_357' title='bbox 1454 4011 1559 4062; x_wconf 80' lang='grc' dir='ltr'>οὐδ’</span> <span class='ocrx_word' id='word_1_358' title='bbox 1581 4010 1684 4061; x_wconf 82' lang='grc' dir='ltr'><strong>ἀπὸ</strong></span> <span class='ocrx_word' id='word_1_359' title='bbox 1717 4009 1808 4059; x_wconf 83' lang='grc' dir='ltr'><strong>τοῦ</strong></span> <span class='ocrx_word' id='word_1_360' title='bbox 1850 4008 2185 4077; x_wconf 79' lang='grc' dir='ltr'>Ὀκτωὸρίου,</span> <span class='ocrx_word' id='word_1_361' title='bbox 2221 4010 2294 4072; x_wconf 87' lang='grc' dir='ltr'><strong>ὡς</strong></span> <span class='ocrx_word' id='word_1_362' title='bbox 2328 4015 2415 4068; x_wconf 79' lang='grc' dir='ltr'><strong>ἐπὶ</strong></span> <span class='ocrx_word' id='word_1_363' title='bbox 2437 4017 2527 4070; x_wconf 82' lang='grc' dir='ltr'><strong>τοῦ</strong></span> <span class='ocrx_word' id='word_1_364' title='bbox 2565 4017 2730 4086; x_wconf 83' lang='grc' dir='ltr'>ἡλίου,</span> <span class='ocrx_word' id='word_1_365' title='bbox 2771 4019 2883 4072; x_wconf 80' lang='grc' dir='ltr'>ἀλλ’</span> <span class='ocrx_word' id='word_1_366' title='bbox 2927 4019 3033 4071; x_wconf 82' lang='grc' dir='ltr'><strong>ἀπὸ</strong></span> <span class='ocrx_word' id='word_1_367' title='bbox 3075 4019 3172 4087; x_wconf 84' lang='grc' dir='ltr'>τῆς</span> <span class='ocrx_word' id='word_1_368' title='bbox 3209 4021 3378 4089; x_wconf 80' lang='grc' dir='ltr'>ἀρχῆς</span> <span class='ocrx_word' id='word_1_369' title='bbox 3422 4016 3534 4074; x_wconf 89' lang='grc' dir='ltr'><strong>τοῦ</strong></span> <span class='ocrx_word' id='word_1_370' title='bbox 3581 4021 3924 4090; x_wconf 81' lang='grc' dir='ltr'>Ἰανουαρίου,</span> 
     </span>
    </p>
   </div>
   <div class='ocr_carea' id='block_1_62' title="bbox 759 4105 1422 4175">
    <p class='ocr_par' dir='ltr' id='par_1_62' title="bbox 759 4105 1422 4175">
     <span class='ocr_line' id='line_1_63' title="bbox 759 4105 1422 4175; baseline -0.003 -18"><span class='ocrx_word' id='word_1_371' title='bbox 759 4106 823 4157; x_wconf 76' lang='grc' dir='ltr'>δι’</span> <span class='ocrx_word' id='word_1_372' title='bbox 857 4106 924 4175; x_wconf 76' lang='grc' dir='ltr'>ἢν</span> <span class='ocrx_word' id='word_1_373' title='bbox 966 4105 1190 4175; x_wconf 77' lang='grc' dir='ltr'>ἐροῦμεν</span> <span class='ocrx_word' id='word_1_374' title='bbox 1230 4105 1422 4156; x_wconf 74' lang='grc' dir='ltr'>αἰτίαν.</span> 
     </span>
    </p>
   </div>
   <div class='ocr_carea' id='block_1_63' title="bbox 1037 3226 2018 3297">
    <p class='ocr_par' dir='ltr' id='par_1_63' title="bbox 1037 3226 2018 3297">
     <span class='ocr_line' id='line_1_64' title="bbox 1037 3226 2018 3297; baseline 0.001 -16"><span class='ocrx_word' id='word_1_375' title='bbox 1037 3227 1306 3282; x_wconf 76' lang='lat' dir='ltr'><strong>Hethodus</strong></span> <span class='ocrx_word' id='word_1_376' title='bbox 1331 3226 1616 3283; x_wconf 77' lang='lat' dir='ltr'><strong>inveniendi</strong></span> <span class='ocrx_word' id='word_1_377' title='bbox 1641 3228 1773 3297; x_wconf 69' lang='grc' dir='ltr'>ευσίὶ</span> <span class='ocrx_word' id='word_1_378' title='bbox 1796 3228 2018 3282; x_wconf 76' lang='lat' dir='ltr'><strong>lunaris.</strong></span> 
     </span>
    </p>
   </div>
   <div class='ocr_carea' id='block_1_64' title="bbox 834 3382 2280 3454">
    <p class='ocr_par' dir='ltr' id='par_1_64' title="bbox 834 3382 2280 3454">
     <span class='ocr_line' id='line_1_65' title="bbox 834 3382 2280 3454; baseline -0.002 -15"><span class='ocrx_word' id='word_1_379' title='bbox 834 3386 919 3440; x_wconf 83' lang='lat' dir='ltr'><strong>Vl.</strong></span> <span class='ocrx_word' id='word_1_380' title='bbox 959 3384 1236 3439; x_wconf 78' lang='lat' dir='ltr'><strong>Methodus</strong></span> <span class='ocrx_word' id='word_1_381' title='bbox 1283 3382 1586 3437; x_wconf 82' lang='lat' dir='ltr'><strong>inveniendi</strong></span> <span class='ocrx_word' id='word_1_382' title='bbox 1629 3383 1891 3438; x_wconf 87' lang='lat' dir='ltr'><strong>currentis</strong></span> <span class='ocrx_word' id='word_1_383' title='bbox 1929 3382 2069 3437; x_wconf 69' lang='lat' dir='ltr'><strong>lunae</strong></span> <span class='ocrx_word' id='word_1_384' title='bbox 2105 3385 2241 3454; x_wconf 80' lang='lat' dir='ltr'><strong>cycii</strong></span> <span class='ocrx_word' id='word_1_385' title='bbox 2265 3423 2280 3446; x_wconf 92' lang='lat'><strong>,</strong></span> 
     </span>
    </p>
   </div>
   <div class='ocr_carea' id='block_1_65' title="bbox 765 3471 2293 3542">
    <p class='ocr_par' dir='ltr' id='par_1_65' title="bbox 765 3471 2293 3542">
     <span class='ocr_line' id='line_1_66' title="bbox 765 3471 2293 3542; baseline -0.003 -13"><span class='ocrx_word' id='word_1_386' title='bbox 765 3492 886 3529; x_wconf 91' lang='lat' dir='ltr'><strong>cum</strong></span> <span class='ocrx_word' id='word_1_387' title='bbox 905 3475 1024 3542; x_wconf 86' lang='lat' dir='ltr'><strong>ejus</strong></span> <span class='ocrx_word' id='word_1_388' title='bbox 1052 3474 1255 3542; x_wconf 77' lang='lat' dir='ltr'><strong>epactis</strong></span> <span class='ocrx_word' id='word_1_389' title='bbox 1280 3481 1361 3527; x_wconf 87' lang='lat' dir='ltr'><strong>est</strong></span> <span class='ocrx_word' id='word_1_390' title='bbox 1386 3471 1647 3539; x_wconf 83' lang='lat' dir='ltr'><strong>ejusmodi</strong></span> <span class='ocrx_word' id='word_1_391' title='bbox 1675 3491 1687 3525; x_wconf 90' lang='lat'>:</span> <span class='ocrx_word' id='word_1_392' title='bbox 1719 3471 1900 3528; x_wconf 81' lang='lat' dir='ltr'><strong>Annos</strong></span> <span class='ocrx_word' id='word_1_393' title='bbox 1926 3474 1991 3527; x_wconf 90' lang='lat' dir='ltr'><strong>ab</strong></span> <span class='ocrx_word' id='word_1_394' title='bbox 2018 3474 2145 3528; x_wconf 91' lang='lat' dir='ltr'><strong>orbe</strong></span> <span class='ocrx_word' id='word_1_395' title='bbox 2168 3487 2293 3526; x_wconf 85' lang='lat' dir='ltr'><strong>con-</strong></span> 
     </span>
    </p>
   </div>
   <div class='ocr_carea' id='block_1_66' title="bbox 831 4193 2282 4262">
    <p class='ocr_par' dir='ltr' id='par_1_66' title="bbox 831 4193 2282 4262">
     <span class='ocr_line' id='line_1_67' title="bbox 831 4193 2282 4262; baseline -0.001 -14"><span class='ocrx_word' id='word_1_396' title='bbox 831 4197 914 4249; x_wconf 76' lang='lat' dir='ltr'><strong>Sit</strong></span> <span class='ocrx_word' id='word_1_397' title='bbox 965 4208 1139 4250; x_wconf 84' lang='lat' dir='ltr'><strong>autem</strong></span> <span class='ocrx_word' id='word_1_398' title='bbox 1190 4197 1416 4262; x_wconf 86' lang='lat' dir='ltr'><strong>exempli</strong></span> <span class='ocrx_word' id='word_1_399' title='bbox 1468 4196 1585 4247; x_wconf 85' lang='lat' dir='ltr'><strong>loco</strong></span> <span class='ocrx_word' id='word_1_400' title='bbox 1629 4194 1933 4262; x_wconf 87' lang='lat' dir='ltr'><strong>propositus</strong></span> <span class='ocrx_word' id='word_1_401' title='bbox 1975 4209 2166 4248; x_wconf 88' lang='lat' dir='ltr'><strong>annus.</strong></span> <span class='ocrx_word' id='word_1_402' title='bbox 2201 4193 2282 4247; x_wconf 83' lang='lat' dir='ltr'><strong>Ab</strong></span> 
     </span>
    </p>
   </div>
   <div class='ocr_carea' id='block_1_67' title="bbox 759 4283 2280 4354">
    <p class='ocr_par' dir='ltr' id='par_1_67' title="bbox 759 4283 2280 4354">
     <span class='ocr_line' id='line_1_68' title="bbox 759 4283 2280 4354; baseline -0.001 -14"><span class='ocrx_word' id='word_1_403' title='bbox 759 4288 886 4340; x_wconf 85' lang='lat' dir='ltr'><strong>orbe</strong></span> <span class='ocrx_word' id='word_1_404' title='bbox 912 4287 1126 4340; x_wconf 92' lang='lat' dir='ltr'><strong>condito</strong></span> <span class='ocrx_word' id='word_1_405' title='bbox 1153 4286 1217 4354; x_wconf 82' lang='lat' dir='ltr'><strong>ad</strong></span> <span class='ocrx_word' id='word_1_406' title='bbox 1251 4286 1516 4337; x_wconf 87' lang='lat' dir='ltr'><strong>ineuntem</strong></span> <span class='ocrx_word' id='word_1_407' title='bbox 1543 4283 1850 4337; x_wconf 79' lang='lat' dir='ltr'><strong>Januarium</strong></span> <span class='ocrx_word' id='word_1_408' title='bbox 1876 4324 1888 4344; x_wconf 85' lang='lat'><strong>,</strong></span> <span class='ocrx_word' id='word_1_409' title='bbox 1919 4285 2009 4351; x_wconf 90' lang='lat' dir='ltr'><strong>qui</strong></span> <span class='ocrx_word' id='word_1_410' title='bbox 2043 4285 2280 4352; x_wconf 89' lang='lat' dir='ltr'><strong>proxime</strong></span> 
     </span>
    </p>
   </div>
   <div class='ocr_carea' id='block_1_68' title="bbox 759 4371 2278 4441">
    <p class='ocr_par' dir='ltr' id='par_1_68' title="bbox 759 4371 2278 4441">
     <span class='ocr_line' id='line_1_69' title="bbox 759 4371 2278 4441; baseline -0.003 -15"><span class='ocrx_word' id='word_1_411' title='bbox 759 4373 1022 4441; x_wconf 83' lang='lat' dir='ltr'><strong>sequitur,</strong></span> <span class='ocrx_word' id='word_1_412' title='bbox 1063 4374 1186 4425; x_wconf 83' lang='lat' dir='ltr'><strong>anni</strong></span> <span class='ocrx_word' id='word_1_413' title='bbox 1226 4382 1350 4424; x_wconf 91' lang='lat' dir='ltr'><strong>sunt</strong></span> <span class='ocrx_word' id='word_1_414' title='bbox 1386 4372 1540 4423; x_wconf 79' lang='lat'><strong>6880.</strong></span> <span class='ocrx_word' id='word_1_415' title='bbox 1587 4371 1648 4422; x_wconf 88' lang='lat' dir='ltr'><strong>lli</strong></span> <span class='ocrx_word' id='word_1_416' title='bbox 1681 4387 1773 4438; x_wconf 88' lang='lat' dir='ltr'><strong>per</strong></span> <span class='ocrx_word' id='word_1_417' title='bbox 1805 4387 1895 4423; x_wconf 79' lang='lat' dir='ltr'><strong>xix</strong></span> <span class='ocrx_word' id='word_1_418' title='bbox 1924 4371 2082 4425; x_wconf 82' lang='lat' dir='ltr'><strong>divisi</strong></span> <span class='ocrx_word' id='word_1_419' title='bbox 2116 4371 2278 4423; x_wconf 90' lang='lat' dir='ltr'><strong>relin-</strong></span> 
     </span>
    </p>
   </div>
   <div class='ocr_carea' id='block_1_69' title="bbox 757 4462 2280 4532">
    <p class='ocr_par' dir='ltr' id='par_1_69' title="bbox 757 4462 2280 4532">
     <span class='ocr_line' id='line_1_70' title="bbox 757 4462 2280 4532; baseline -0.001 -16"><span class='ocrx_word' id='word_1_420' title='bbox 757 4471 927 4532; x_wconf 89' lang='lat' dir='ltr'><strong>quunt</strong></span> <span class='ocrx_word' id='word_1_421' title='bbox 958 4478 1034 4516; x_wconf 86' lang='lat' dir='ltr'><strong>n:</strong></span> <span class='ocrx_word' id='word_1_422' title='bbox 1086 4463 1305 4529; x_wconf 86' lang='lat' dir='ltr'><strong>proinde</strong></span> <span class='ocrx_word' id='word_1_423' title='bbox 1351 4462 1560 4513; x_wconf 59' lang='lat' dir='ltr'><strong>rvclum</strong></span> <span class='ocrx_word' id='word_1_424' title='bbox 1615 4463 1752 4513; x_wconf 72' lang='lat' dir='ltr'><strong>luna:</strong></span> <span class='ocrx_word' id='word_1_425' title='bbox 1799 4475 1836 4512; x_wconf 93' lang='grc' dir='ltr'><strong>ιι</strong></span> <span class='ocrx_word' id='word_1_426' title='bbox 1885 4475 2002 4514; x_wconf 87' lang='lat' dir='ltr'><strong>esse</strong></span> <span class='ocrx_word' id='word_1_427' title='bbox 2045 4476 2280 4529; x_wconf 84' lang='lat' dir='ltr'><strong>pronun-</strong></span> 
     </span>
    </p>
   </div>
   <div class='ocr_carea' id='block_1_70' title="bbox 757 4555 951 4607">
    <p class='ocr_par' dir='ltr' id='par_1_70' title="bbox 757 4555 951 4607">
     <span class='ocr_line' id='line_1_71' title="bbox 757 4555 951 4607; baseline 0.005 -2"><span class='ocrx_word' id='word_1_428' title='bbox 757 4555 951 4607; x_wconf 87' lang='lat' dir='ltr'><strong>tiamus</strong></span> 
     </span>
    </p>
   </div>
   <div class='ocr_carea' id='block_1_71' title="bbox 1130 4661 1921 4727">
    <p class='ocr_par' dir='ltr' id='par_1_71' title="bbox 1130 4661 1921 4727">
     <span class='ocr_line' id='line_1_72' title="bbox 1130 4661 1921 4727; baseline -0.001 -13"><span class='ocrx_word' id='word_1_429' title='bbox 1130 4663 1303 4714; x_wconf 77' lang='lat' dir='ltr'><strong>Altera</strong></span> <span class='ocrx_word' id='word_1_430' title='bbox 1333 4664 1592 4714; x_wconf 71' lang='lat' dir='ltr'><strong>methodch</strong></span> <span class='ocrx_word' id='word_1_431' title='bbox 1622 4661 1921 4727; x_wconf 73' lang='lat' dir='ltr'><strong>expeditior.</strong></span> 
     </span>
    </p>
   </div>
   <div class='ocr_carea' id='block_1_72' title="bbox 828 4772 2282 4843">
    <p class='ocr_par' dir='ltr' id='par_1_72' title="bbox 828 4772 2282 4843">
     <span class='ocr_line' id='line_1_73' title="bbox 828 4772 2282 4843; baseline 0.001 -18"><span class='ocrx_word' id='word_1_432' title='bbox 828 4773 975 4827; x_wconf 84' lang='lat' dir='ltr'><strong>Hanc</strong></span> <span class='ocrx_word' id='word_1_433' title='bbox 1007 4789 1166 4843; x_wconf 89' lang='lat' dir='ltr'><strong>porro</strong></span> <span class='ocrx_word' id='word_1_434' title='bbox 1197 4774 1500 4828; x_wconf 81' lang='lat' dir='ltr'><strong>rnetbodum</strong></span> <span class='ocrx_word' id='word_1_435' title='bbox 1540 4776 1697 4841; x_wconf 83' lang='lat' dir='ltr'><strong>paulo</strong></span> <span class='ocrx_word' id='word_1_436' title='bbox 1733 4772 2023 4827; x_wconf 83' lang='lat' dir='ltr'><strong>faciliorem</strong></span> <span class='ocrx_word' id='word_1_437' title='bbox 2057 4775 2128 4826; x_wconf 89' lang='lat' dir='ltr'><strong>ita</strong></span> <span class='ocrx_word' id='word_1_438' title='bbox 2163 4775 2282 4827; x_wconf 89' lang='lat' dir='ltr'><strong>red-</strong></span> 
     </span>
    </p>
   </div>
   <div class='ocr_carea' id='block_1_73' title="bbox 753 4863 2278 4932">
    <p class='ocr_par' dir='ltr' id='par_1_73' title="bbox 753 4863 2278 4932">
     <span class='ocr_line' id='line_1_74' title="bbox 753 4863 2278 4932; baseline 0 -16"><span class='ocrx_word' id='word_1_439' title='bbox 753 4864 975 4924; x_wconf 84' lang='lat' dir='ltr'><strong>demus;</strong></span> <span class='ocrx_word' id='word_1_440' title='bbox 1015 4880 1134 4916; x_wconf 88' lang='lat' dir='ltr'><strong>cum</strong></span> <span class='ocrx_word' id='word_1_441' title='bbox 1175 4865 1316 4916; x_wconf 86' lang='lat' dir='ltr'><strong>enim</strong></span> <span class='ocrx_word' id='word_1_442' title='bbox 1366 4878 1505 4914; x_wconf 85' lang='lat' dir='ltr'><strong>anno</strong></span> <span class='ocrx_word' id='word_1_443' title='bbox 1554 4865 1863 4916; x_wconf 78' lang='lat' dir='ltr'><strong>adveniente</strong></span> <span class='ocrx_word' id='word_1_444' title='bbox 1888 4863 2057 4926; x_wconf 80' lang='lat'><strong>6800,</strong></span> <span class='ocrx_word' id='word_1_445' title='bbox 2094 4867 2278 4932; x_wconf 85' lang='lat' dir='ltr'><strong>cyclus</strong></span> 
     </span>
    </p>
   </div>
   <div class='ocr_carea' id='block_1_74' title="bbox 754 4950 2277 5018">
    <p class='ocr_par' dir='ltr' id='par_1_74' title="bbox 754 4950 2277 5018">
     <span class='ocr_line' id='line_1_75' title="bbox 754 4950 2277 5018; baseline 0 -14"><span class='ocrx_word' id='word_1_446' title='bbox 754 4959 898 5005; x_wconf 86' lang='lat' dir='ltr'><strong>esset</strong></span> <span class='ocrx_word' id='word_1_447' title='bbox 934 4950 1073 5003; x_wconf 77' lang='lat' dir='ltr'><strong>luna:</strong></span> <span class='ocrx_word' id='word_1_448' title='bbox 1112 4967 1219 5002; x_wconf 83' lang='lat' dir='ltr'><strong>xvu</strong></span> <span class='ocrx_word' id='word_1_449' title='bbox 1241 4991 1254 5012; x_wconf 87' lang='lat'><strong>,</strong></span> <span class='ocrx_word' id='word_1_450' title='bbox 1293 4952 1432 5004; x_wconf 89' lang='lat' dir='ltr'><strong>hunc</strong></span> <span class='ocrx_word' id='word_1_451' title='bbox 1466 4953 1639 5018; x_wconf 82' lang='lat' dir='ltr'><strong>ipsum</strong></span> <span class='ocrx_word' id='word_1_452' title='bbox 1675 4967 1954 5004; x_wconf 89' lang='lat' dir='ltr'><strong>numerum</strong></span> <span class='ocrx_word' id='word_1_453' title='bbox 1987 4953 2277 5006; x_wconf 86' lang='lat' dir='ltr'><strong>centenarii</strong></span> 
     </span>
    </p>
   </div>
   <div class='ocr_carea' id='block_1_75' title="bbox 755 5038 2277 5107">
    <p class='ocr_par' dir='ltr' id='par_1_75' title="bbox 755 5038 2277 5107">
     <span class='ocr_line' id='line_1_76' title="bbox 755 5038 2277 5107; baseline -0.001 -16"><span class='ocrx_word' id='word_1_454' title='bbox 755 5039 1025 5107; x_wconf 73' lang='lat' dir='ltr'><strong>sequentis</strong></span> <span class='ocrx_word' id='word_1_455' title='bbox 1059 5039 1214 5089; x_wconf 82' lang='lat' dir='ltr'><strong>annis</strong></span> <span class='ocrx_word' id='word_1_456' title='bbox 1247 5039 1532 5099; x_wconf 72' lang='lat' dir='ltr'><strong>addentes,</strong></span> <span class='ocrx_word' id='word_1_457' title='bbox 1571 5038 1647 5089; x_wconf 87' lang='lat' dir='ltr'><strong>uti</strong></span> <span class='ocrx_word' id='word_1_458' title='bbox 1681 5053 1821 5089; x_wconf 93' lang='lat' dir='ltr'><strong>nunc</strong></span> <span class='ocrx_word' id='word_1_459' title='bbox 1854 5040 1950 5101; x_wconf 85' lang='lat'><strong>80,</strong></span> <span class='ocrx_word' id='word_1_460' title='bbox 1983 5041 2277 5092; x_wconf 79' lang='lat' dir='ltr'><strong>confectam</strong></span> 
     </span>
    </p>
   </div>
   <div class='ocr_carea' id='block_1_76' title="bbox 753 5126 2279 5197">
    <p class='ocr_par' dir='ltr' id='par_1_76' title="bbox 753 5126 2279 5197">
     <span class='ocr_line' id='line_1_77' title="bbox 753 5126 2279 5197; baseline 0 -16"><span class='ocrx_word' id='word_1_461' title='bbox 753 5142 1014 5181; x_wconf 87' lang='lat' dir='ltr'><strong>summam</strong></span> <span class='ocrx_word' id='word_1_462' title='bbox 1046 5126 1112 5179; x_wconf 84' lang='lat'><strong>97</strong></span> <span class='ocrx_word' id='word_1_463' title='bbox 1145 5143 1237 5194; x_wconf 85' lang='lat' dir='ltr'><strong>per</strong></span> <span class='ocrx_word' id='word_1_464' title='bbox 1267 5129 1332 5179; x_wconf 80' lang='grc'><strong>19</strong></span> <span class='ocrx_word' id='word_1_465' title='bbox 1365 5131 1651 5194; x_wconf 68' lang='lat' dir='ltr'><strong>partientes</strong></span> <span class='ocrx_word' id='word_1_466' title='bbox 1673 5167 1686 5189; x_wconf 96' lang='lat'><strong>,</strong></span> <span class='ocrx_word' id='word_1_467' title='bbox 1721 5129 1919 5195; x_wconf 83' lang='lat' dir='ltr'><strong>reliqua</strong></span> <span class='ocrx_word' id='word_1_468' title='bbox 1952 5144 1989 5182; x_wconf 93' lang='grc' dir='ltr'><strong>ιι</strong></span> <span class='ocrx_word' id='word_1_469' title='bbox 2021 5130 2157 5182; x_wconf 66' lang='lat' dir='ltr'><strong>lunae</strong></span> <span class='ocrx_word' id='word_1_470' title='bbox 2186 5143 2279 5197; x_wconf 84' lang='lat' dir='ltr'><strong>cy—</strong></span> 
     </span>
    </p>
   </div>
   <div class='ocr_carea' id='block_1_77' title="bbox 751 5216 2272 5285">
    <p class='ocr_par' dir='ltr' id='par_1_77' title="bbox 751 5216 2272 5285">
     <span class='ocr_line' id='line_1_78' title="bbox 751 5216 2272 5285; baseline 0.001 -16"><span class='ocrx_word' id='word_1_471' title='bbox 751 5219 895 5269; x_wconf 87' lang='lat' dir='ltr'><strong>clum</strong></span> <span class='ocrx_word' id='word_1_472' title='bbox 925 5232 1043 5270; x_wconf 87' lang='lat' dir='ltr'><strong>esse</strong></span> <span class='ocrx_word' id='word_1_473' title='bbox 1077 5217 1337 5270; x_wconf 75' lang='lat' dir='ltr'><strong>dicemus.</strong></span> <span class='ocrx_word' id='word_1_474' title='bbox 1375 5216 1511 5268; x_wconf 80' lang='lat' dir='ltr'><strong>Idem</strong></span> <span class='ocrx_word' id='word_1_475' title='bbox 1546 5226 1596 5270; x_wconf 81' lang='lat' dir='ltr'><strong>cl</strong></span> <span class='ocrx_word' id='word_1_476' title='bbox 1631 5220 1817 5285; x_wconf 80' lang='lat' dir='ltr'><strong>quovis</strong></span> <span class='ocrx_word' id='word_1_477' title='bbox 1848 5219 2055 5285; x_wconf 83' lang='lat' dir='ltr'><strong>expleto</strong></span> <span class='ocrx_word' id='word_1_478' title='bbox 2088 5227 2272 5271; x_wconf 80' lang='lat' dir='ltr'><strong>cente—</strong></span> 
     </span>
    </p>
   </div>
   <div class='ocr_carea' id='block_1_78' title="bbox 751 5306 2275 5377">
    <p class='ocr_par' dir='ltr' id='par_1_78' title="bbox 751 5306 2275 5377">
     <span class='ocr_line' id='line_1_79' title="bbox 751 5306 2275 5377; baseline 0.001 -17"><span class='ocrx_word' id='word_1_479' title='bbox 751 5309 901 5360; x_wconf 86' lang='lat' dir='ltr'><strong>nario</strong></span> <span class='ocrx_word' id='word_1_480' title='bbox 945 5306 1229 5368; x_wconf 81' lang='lat' dir='ltr'><strong>facientes,</strong></span> <span class='ocrx_word' id='word_1_481' title='bbox 1275 5306 1479 5374; x_wconf 73' lang='lat' dir='ltr'><strong>cyclum</strong></span> <span class='ocrx_word' id='word_1_482' title='bbox 1515 5309 1680 5373; x_wconf 81' lang='lat' dir='ltr'><strong>ipsius</strong></span> <span class='ocrx_word' id='word_1_483' title='bbox 1715 5309 1915 5375; x_wconf 85' lang='lat' dir='ltr'><strong>majore</strong></span> <span class='ocrx_word' id='word_1_484' title='bbox 1961 5309 2275 5377; x_wconf 87' lang='lat' dir='ltr'><strong>compendio</strong></span> 
     </span>
    </p>
   </div>
   <div class='ocr_carea' id='block_1_79' title="bbox 750 5398 1093 5464">
    <p class='ocr_par' dir='ltr' id='par_1_79' title="bbox 750 5398 1093 5464">
     <span class='ocr_line' id='line_1_80' title="bbox 750 5398 1093 5464; baseline 0 -16"><span class='ocrx_word' id='word_1_485' title='bbox 750 5398 1093 5464; x_wconf 83' lang='lat' dir='ltr'><strong>reperiemus.</strong></span> 
     </span>
    </p>
   </div>
   <div class='ocr_carea' id='block_1_80' title="bbox 851 5589 2165 5660">
    <p class='ocr_par' dir='ltr' id='par_1_80' title="bbox 851 5589 2165 5660">
     <span class='ocr_line' id='line_1_81' title="bbox 851 5589 2165 5660; baseline 0.005 -20"><span class='ocrx_word' id='word_1_486' title='bbox 851 5589 1117 5651; x_wconf 76' lang='lat' dir='ltr'><strong>Quomodo</strong></span> <span class='ocrx_word' id='word_1_487' title='bbox 1156 5590 1360 5642; x_wconf 80' lang='lat' dir='ltr'><strong>lunares</strong></span> <span class='ocrx_word' id='word_1_488' title='bbox 1398 5600 1584 5656; x_wconf 66' lang='lat' dir='ltr'><strong>macta:</strong></span> <span class='ocrx_word' id='word_1_489' title='bbox 1619 5593 2016 5660; x_wconf 76' lang='lat' dir='ltr'><strong>pervestiganda:</strong></span> <span class='ocrx_word' id='word_1_490' title='bbox 2045 5597 2165 5646; x_wconf 78' lang='lat' dir='ltr'><strong>sint.</strong></span> 
     </span>
    </p>
   </div>
   <div class='ocr_carea' id='block_1_81' title="bbox 816 5695 2269 5771">
    <p class='ocr_par' dir='ltr' id='par_1_81' title="bbox 816 5695 2269 5771">
     <span class='ocr_line' id='line_1_82' title="bbox 816 5695 2269 5771; baseline 0.006 -22"><span class='ocrx_word' id='word_1_491' title='bbox 816 5698 922 5754; x_wconf 79' lang='lat' dir='ltr'><strong>\&#39;ll.</strong></span> <span class='ocrx_word' id='word_1_492' title='bbox 962 5695 1190 5768; x_wconf 67' lang='lat' dir='ltr'><strong>Epactas</strong></span> <span class='ocrx_word' id='word_1_493' title='bbox 1224 5703 1453 5756; x_wconf 74' lang='lat' dir='ltr'><strong>ineuntis</strong></span> <span class='ocrx_word' id='word_1_494' title='bbox 1485 5704 1621 5756; x_wconf 65' lang='lat' dir='ltr'><strong>luna:</strong></span> <span class='ocrx_word' id='word_1_495' title='bbox 1651 5705 1786 5771; x_wconf 71' lang='lat' dir='ltr'><strong>cycli</strong></span> <span class='ocrx_word' id='word_1_496' title='bbox 1818 5705 1918 5757; x_wconf 83' lang='lat' dir='ltr'><strong>hoc</strong></span> <span class='ocrx_word' id='word_1_497' title='bbox 1952 5705 2108 5757; x_wconf 90' lang='lat' dir='ltr'><strong>modo</strong></span> <span class='ocrx_word' id='word_1_498' title='bbox 2141 5719 2269 5757; x_wconf 58' lang='lat' dir='ltr'><strong>conc</strong></span> 
     </span>
    </p>
   </div>
   <div class='ocr_carea' id='block_1_82' title="bbox 2460 4194 3924 4267">
    <p class='ocr_par' dir='ltr' id='par_1_82' title="bbox 2460 4194 3924 4267">
     <span class='ocr_line' id='line_1_83' title="bbox 2460 4194 3924 4267; baseline 0.008 -24"><span class='ocrx_word' id='word_1_499' title='bbox 2460 4194 2634 4244; x_wconf 87' lang='grc' dir='ltr'>Ἔστω</span> <span class='ocrx_word' id='word_1_500' title='bbox 2669 4194 2725 4245; x_wconf 84' lang='grc' dir='ltr'><strong>δὲ</strong></span> <span class='ocrx_word' id='word_1_501' title='bbox 2771 4194 2906 4246; x_wconf 78' lang='grc' dir='ltr'>κάπὶ</span> <span class='ocrx_word' id='word_1_502' title='bbox 2944 4194 3330 4265; x_wconf 83' lang='grc' dir='ltr'>ὑποδείγματος</span> <span class='ocrx_word' id='word_1_503' title='bbox 3353 4196 3413 4248; x_wconf 79' lang='grc' dir='ltr'><strong>τὸ</strong></span> <span class='ocrx_word' id='word_1_504' title='bbox 3442 4196 3744 4267; x_wconf 83' lang='grc' dir='ltr'>λεγόμενον·</span> <span class='ocrx_word' id='word_1_505' title='bbox 3793 4203 3924 4256; x_wconf 72' lang='grc' dir='ltr'>’Δπο</span> 
     </span>
    </p>
   </div>
   <div class='ocr_carea' id='block_1_83' title="bbox 2384 4282 3922 4362">
    <p class='ocr_par' dir='ltr' id='par_1_83' title="bbox 2384 4282 3922 4362">
     <span class='ocr_line' id='line_1_84' title="bbox 2384 4282 3922 4362; baseline 0.007 -30"><span class='ocrx_word' id='word_1_506' title='bbox 2384 4283 2481 4350; x_wconf 78' lang='grc' dir='ltr'>τῆς</span> <span class='ocrx_word' id='word_1_507' title='bbox 2502 4283 2672 4350; x_wconf 80' lang='grc' dir='ltr'>ἀρχῆς</span> <span class='ocrx_word' id='word_1_508' title='bbox 2702 4282 2800 4350; x_wconf 81' lang='grc' dir='ltr'>τῆς</span> <span class='ocrx_word' id='word_1_509' title='bbox 2821 4283 2911 4336; x_wconf 86' lang='grc' dir='ltr'><strong>τοῦ</strong></span> <span class='ocrx_word' id='word_1_510' title='bbox 2939 4283 3139 4354; x_wconf 85' lang='grc' dir='ltr'>κόσμου</span> <span class='ocrx_word' id='word_1_511' title='bbox 3166 4285 3426 4352; x_wconf 87' lang='grc' dir='ltr'>γενέσεως</span> <span class='ocrx_word' id='word_1_512' title='bbox 3448 4287 3610 4357; x_wconf 84' lang='grc' dir='ltr'>μέχρι</span> <span class='ocrx_word' id='word_1_513' title='bbox 3629 4289 3728 4358; x_wconf 83' lang='grc' dir='ltr'>τῆς</span> <span class='ocrx_word' id='word_1_514' title='bbox 3751 4292 3922 4362; x_wconf 75' lang='grc' dir='ltr'>ἀρχῆς</span> 
     </span>
    </p>
   </div>
   <div class='ocr_carea' id='block_1_84' title="bbox 2384 4373 3921 4448">
    <p class='ocr_par' dir='ltr' id='par_1_84' title="bbox 2384 4373 3921 4448">
     <span class='ocr_line' id='line_1_85' title="bbox 2384 4373 3921 4448; baseline 0.007 -24"><span class='ocrx_word' id='word_1_515' title='bbox 2384 4373 2474 4424; x_wconf 88' lang='grc' dir='ltr'><strong>τοῦ</strong></span> <span class='ocrx_word' id='word_1_516' title='bbox 2519 4374 2806 4442; x_wconf 78' lang='grc' dir='ltr'>ἐρχομένου</span> <span class='ocrx_word' id='word_1_517' title='bbox 2842 4373 3158 4444; x_wconf 81' lang='grc' dir='ltr'>Ἰανουαρίου</span> <span class='ocrx_word' id='word_1_518' title='bbox 3205 4375 3297 4445; x_wconf 80' lang='grc' dir='ltr'><strong>ἐτη</strong></span> <span class='ocrx_word' id='word_1_519' title='bbox 3345 4377 3477 4429; x_wconf 68' lang='grc' dir='ltr'>εἰσιν</span> <span class='ocrx_word' id='word_1_520' title='bbox 3516 4387 3703 4448; x_wconf 56' lang='lat' dir='ltr'><strong>sint&quot;</strong></span> <span class='ocrx_word' id='word_1_521' title='bbox 3737 4382 3921 4435; x_wconf 71' lang='grc' dir='ltr'>ταῦτα</span> 
     </span>
    </p>
   </div>
   <div class='ocr_carea' id='block_1_85' title="bbox 2387 4462 3918 4540">
    <p class='ocr_par' dir='ltr' id='par_1_85' title="bbox 2387 4462 3918 4540">
     <span class='ocr_line' id='line_1_86' title="bbox 2387 4462 3918 4540; baseline 0.008 -28"><span class='ocrx_word' id='word_1_522' title='bbox 2387 4462 2707 4531; x_wconf 78' lang='grc' dir='ltr'>μερίζομενα</span> <span class='ocrx_word' id='word_1_523' title='bbox 2731 4464 2881 4534; x_wconf 76' lang='grc' dir='ltr'>παρὰ</span> <span class='ocrx_word' id='word_1_524' title='bbox 2912 4464 3000 4516; x_wconf 81' lang='grc' dir='ltr'>τὸν</span> <span class='ocrx_word' id='word_1_525' title='bbox 3035 4465 3099 4516; x_wconf 81' lang='grc' dir='ltr'>ιϐ’</span> <span class='ocrx_word' id='word_1_526' title='bbox 3136 4464 3376 4516; x_wconf 85' lang='grc' dir='ltr'>λείπουσι</span> <span class='ocrx_word' id='word_1_527' title='bbox 3407 4465 3475 4533; x_wconf 84' lang='grc' dir='ltr'><strong>β’,</strong></span> <span class='ocrx_word' id='word_1_528' title='bbox 3513 4468 3604 4520; x_wconf 80' lang='grc' dir='ltr'>καὶ</span> <span class='ocrx_word' id='word_1_529' title='bbox 3629 4467 3855 4540; x_wconf 79' lang='grc' dir='ltr'>λέγομεν</span> <span class='ocrx_word' id='word_1_530' title='bbox 3875 4472 3918 4540; x_wconf 85' lang='grc' dir='ltr'>β’</span> 
     </span>
    </p>
   </div>
   <div class='ocr_carea' id='block_1_86' title="bbox 2381 4546 3151 4621">
    <p class='ocr_par' dir='ltr' id='par_1_86' title="bbox 2381 4546 3151 4621">
     <span class='ocr_line' id='line_1_87' title="bbox 2381 4546 3151 4621; baseline 0.004 -21"><span class='ocrx_word' id='word_1_531' title='bbox 2381 4546 2513 4602; x_wconf 75' lang='grc' dir='ltr'>εἶναι</span> <span class='ocrx_word' id='word_1_532' title='bbox 2550 4550 2741 4602; x_wconf 87' lang='grc' dir='ltr'>κύκλον</span> <span class='ocrx_word' id='word_1_533' title='bbox 2772 4553 2870 4620; x_wconf 81' lang='grc' dir='ltr'>τῆς</span> <span class='ocrx_word' id='word_1_534' title='bbox 2911 4551 3151 4621; x_wconf 85' lang='grc' dir='ltr'>σελήνης.</span> 
     </span>
    </p>
   </div>
   <div class='ocr_carea' id='block_1_87' title="bbox 2694 4660 3597 4732">
    <p class='ocr_par' dir='ltr' id='par_1_87' title="bbox 2694 4660 3597 4732">
     <span class='ocr_line' id='line_1_88' title="bbox 2694 4660 3597 4732; baseline 0.008 -21"><span class='ocrx_word' id='word_1_535' title='bbox 2694 4660 2953 4724; x_wconf 77' lang='grc' dir='ltr'>Μέθοδος</span> <span class='ocrx_word' id='word_1_536' title='bbox 2977 4661 3142 4728; x_wconf 78' lang='grc' dir='ltr'>ἑτέρα</span> <span class='ocrx_word' id='word_1_537' title='bbox 3167 4665 3597 4732; x_wconf 79' lang='grc' dir='ltr'>προχειροτέρα.</span> 
     </span>
    </p>
   </div>
   <div class='ocr_carea' id='block_1_88' title="bbox 2446 4770 3913 4848">
    <p class='ocr_par' dir='ltr' id='par_1_88' title="bbox 2446 4770 3913 4848">
     <span class='ocr_line' id='line_1_89' title="bbox 2446 4770 3913 4848; baseline 0.007 -28"><span class='ocrx_word' id='word_1_538' title='bbox 2446 4771 2550 4820; x_wconf 75' lang='grc' dir='ltr'><strong>Καὶ</strong></span> <span class='ocrx_word' id='word_1_539' title='bbox 2574 4770 2772 4839; x_wconf 85' lang='grc' dir='ltr'>ταύτην</span> <span class='ocrx_word' id='word_1_540' title='bbox 2800 4771 2855 4822; x_wconf 85' lang='grc' dir='ltr'>δὲ</span> <span class='ocrx_word' id='word_1_541' title='bbox 2889 4771 2986 4841; x_wconf 82' lang='grc' dir='ltr'>τὴν</span> <span class='ocrx_word' id='word_1_542' title='bbox 3015 4772 3231 4840; x_wconf 78' lang='grc' dir='ltr'>μέθοδον</span> <span class='ocrx_word' id='word_1_543' title='bbox 3270 4774 3403 4843; x_wconf 83' lang='grc' dir='ltr'>πρὸς</span> <span class='ocrx_word' id='word_1_544' title='bbox 3427 4775 3486 4826; x_wconf 78' lang='grc' dir='ltr'>τὸ</span> <span class='ocrx_word' id='word_1_545' title='bbox 3507 4779 3913 4848; x_wconf 80' lang='grc' dir='ltr'>προχειρότερον</span> 
     </span>
    </p>
   </div>
   <div class='ocr_carea' id='block_1_89' title="bbox 2382 4859 3912 4934">
    <p class='ocr_par' dir='ltr' id='par_1_89' title="bbox 2382 4859 3912 4934">
     <span class='ocr_line' id='line_1_90' title="bbox 2382 4859 3912 4934; baseline 0.009 -28"><span class='ocrx_word' id='word_1_546' title='bbox 2382 4859 2864 4926; x_wconf 82' lang='grc' dir='ltr'>μεταχειριζόμενοι</span> <span class='ocrx_word' id='word_1_547' title='bbox 2883 4899 2896 4920; x_wconf 93' lang='grc'><strong>,</strong></span> <span class='ocrx_word' id='word_1_548' title='bbox 2929 4861 3049 4912; x_wconf 75' lang='grc' dir='ltr'>ἐπεὶ</span> <span class='ocrx_word' id='word_1_549' title='bbox 3089 4861 3227 4913; x_wconf 82' lang='grc' dir='ltr'>κατὰ</span> <span class='ocrx_word' id='word_1_550' title='bbox 3267 4863 3648 4934; x_wconf 80' lang='grc' dir='ltr'>συμπλήρωσιν</span> <span class='ocrx_word' id='word_1_551' title='bbox 3673 4866 3767 4919; x_wconf 83' lang='grc' dir='ltr'><strong>τοῦ</strong></span> <span class='ocrx_word' id='word_1_552' title='bbox 3798 4875 3912 4930; x_wconf 77' lang='grc' dir='ltr'>,ςω’</span> 
     </span>
    </p>
   </div>
   <div class='ocr_carea' id='block_1_90' title="bbox 2381 4942 3914 5027">
    <p class='ocr_par' dir='ltr' id='par_1_90' title="bbox 2381 4942 3914 5027">
     <span class='ocr_line' id='line_1_91' title="bbox 2381 4942 3914 5027; baseline 0.011 -33"><span class='ocrx_word' id='word_1_553' title='bbox 2381 4944 2528 5006; x_wconf 77' lang='grc' dir='ltr'>ἔτους</span> <span class='ocrx_word' id='word_1_554' title='bbox 2551 4946 2613 5007; x_wconf 76' lang='grc' dir='ltr'>ιζ’</span> <span class='ocrx_word' id='word_1_555' title='bbox 2636 4942 2703 5015; x_wconf 83' lang='grc' dir='ltr'>ἦν</span> <span class='ocrx_word' id='word_1_556' title='bbox 2723 4947 2749 4997; x_wconf 87' lang='grc' dir='ltr'>ὁ</span> <span class='ocrx_word' id='word_1_557' title='bbox 2770 4946 2962 5010; x_wconf 87' lang='grc' dir='ltr'>κύκλος</span> <span class='ocrx_word' id='word_1_558' title='bbox 2990 4948 3087 5017; x_wconf 82' lang='grc' dir='ltr'>τῆς</span> <span class='ocrx_word' id='word_1_559' title='bbox 3109 4950 3350 5021; x_wconf 81' lang='grc' dir='ltr'>σελήνης,</span> <span class='ocrx_word' id='word_1_560' title='bbox 3375 4952 3544 5006; x_wconf 87' lang='grc' dir='ltr'>ταῦτα</span> <span class='ocrx_word' id='word_1_561' title='bbox 3569 4954 3634 5006; x_wconf 82' lang='grc' dir='ltr'><strong>τὰ</strong></span> <span class='ocrx_word' id='word_1_562' title='bbox 3656 4954 3719 5017; x_wconf 80' lang='grc' dir='ltr'>ιζ’</span> <span class='ocrx_word' id='word_1_563' title='bbox 3751 4974 3914 5027; x_wconf 82' lang='grc' dir='ltr'>προσ-</span> 
     </span>
    </p>
   </div>
   <div class='ocr_carea' id='block_1_91' title="bbox 2380 5035 3910 5112">
    <p class='ocr_par' dir='ltr' id='par_1_91' title="bbox 2380 5035 3910 5112">
     <span class='ocr_line' id='line_1_92' title="bbox 2380 5035 3910 5112; baseline 0.008 -26"><span class='ocrx_word' id='word_1_564' title='bbox 2380 5035 2610 5096; x_wconf 78' lang='grc' dir='ltr'>τιθέντες</span> <span class='ocrx_word' id='word_1_565' title='bbox 2649 5039 2759 5098; x_wconf 87' lang='grc' dir='ltr'><strong>τοίς</strong></span> <span class='ocrx_word' id='word_1_566' title='bbox 2809 5040 2904 5100; x_wconf 82' lang='grc' dir='ltr'>τῆς</span> <span class='ocrx_word' id='word_1_567' title='bbox 2945 5037 3140 5107; x_wconf 83' lang='grc' dir='ltr'>ἐφεξῆς</span> <span class='ocrx_word' id='word_1_568' title='bbox 3186 5040 3681 5112; x_wconf 79' lang='grc' dir='ltr'>ὲκατονταετηρίδός</span> <span class='ocrx_word' id='word_1_569' title='bbox 3717 5045 3910 5111; x_wconf 75' lang='grc' dir='ltr'>ἔτεσιν,</span> 
     </span>
    </p>
   </div>
   <div class='ocr_carea' id='block_1_92' title="bbox 2378 5124 3911 5204">
    <p class='ocr_par' dir='ltr' id='par_1_92' title="bbox 2378 5124 3911 5204">
     <span class='ocr_line' id='line_1_93' title="bbox 2378 5124 3911 5204; baseline 0.008 -30"><span class='ocrx_word' id='word_1_570' title='bbox 2378 5124 2450 5185; x_wconf 82' lang='grc' dir='ltr'>ὡς</span> <span class='ocrx_word' id='word_1_571' title='bbox 2473 5125 2562 5176; x_wconf 86' lang='grc' dir='ltr'><strong>νῦν</strong></span> <span class='ocrx_word' id='word_1_572' title='bbox 2583 5128 2693 5186; x_wconf 86' lang='grc' dir='ltr'>τοῖς</span> <span class='ocrx_word' id='word_1_573' title='bbox 2724 5133 2796 5189; x_wconf 89' lang='grc' dir='ltr'><strong>π’,</strong></span> <span class='ocrx_word' id='word_1_574' title='bbox 2822 5127 2888 5177; x_wconf 77' lang='grc' dir='ltr'>τὰ</span> <span class='ocrx_word' id='word_1_575' title='bbox 2930 5127 3188 5196; x_wconf 84' lang='grc' dir='ltr'>γενόμενα</span> <span class='ocrx_word' id='word_1_576' title='bbox 3225 5129 3304 5194; x_wconf 46' lang='grc' dir='ltr'><strong>κζ’</strong></span> <span class='ocrx_word' id='word_1_577' title='bbox 3327 5131 3640 5200; x_wconf 87' lang='grc' dir='ltr'>μερίσαντες</span> <span class='ocrx_word' id='word_1_578' title='bbox 3677 5135 3827 5204; x_wconf 79' lang='grc' dir='ltr'>παρὰ</span> <span class='ocrx_word' id='word_1_579' title='bbox 3854 5136 3911 5187; x_wconf 77' lang='grc' dir='ltr'>τὸ</span> 
     </span>
    </p>
   </div>
   <div class='ocr_carea' id='block_1_93' title="bbox 2382 5213 3912 5288">
    <p class='ocr_par' dir='ltr' id='par_1_93' title="bbox 2382 5213 3912 5288">
     <span class='ocr_line' id='line_1_94' title="bbox 2382 5213 3912 5288; baseline 0.007 -24"><span class='ocrx_word' id='word_1_580' title='bbox 2382 5213 2462 5275; x_wconf 77' lang='grc' dir='ltr'>ιϐ’,</span> <span class='ocrx_word' id='word_1_581' title='bbox 2485 5215 2550 5264; x_wconf 78' lang='grc' dir='ltr'><strong>τὰ</strong></span> <span class='ocrx_word' id='word_1_582' title='bbox 2587 5216 3010 5284; x_wconf 80' lang='grc' dir='ltr'>καταλειπόμενα</span> <span class='ocrx_word' id='word_1_583' title='bbox 3050 5215 3092 5283; x_wconf 86' lang='grc' dir='ltr'><strong>β’</strong></span> <span class='ocrx_word' id='word_1_584' title='bbox 3114 5217 3358 5286; x_wconf 87' lang='grc' dir='ltr'>δεύτερον</span> <span class='ocrx_word' id='word_1_585' title='bbox 3379 5218 3568 5288; x_wconf 77' lang='grc' dir='ltr'>ἕξομεν</span> <span class='ocrx_word' id='word_1_586' title='bbox 3600 5220 3794 5273; x_wconf 82' lang='grc' dir='ltr'>κύκλον</span> <span class='ocrx_word' id='word_1_587' title='bbox 3829 5240 3912 5274; x_wconf 84' lang='grc' dir='ltr'>σε-</span> 
     </span>
    </p>
   </div>
   <div class='ocr_carea' id='block_1_94' title="bbox 2378 5303 3912 5380">
    <p class='ocr_par' dir='ltr' id='par_1_94' title="bbox 2378 5303 3912 5380">
     <span class='ocr_line' id='line_1_95' title="bbox 2378 5303 3912 5380; baseline 0.006 -26"><span class='ocrx_word' id='word_1_588' title='bbox 2378 5305 2556 5372; x_wconf 82' lang='grc' dir='ltr'>λήνης.</span> <span class='ocrx_word' id='word_1_589' title='bbox 2591 5303 2661 5354; x_wconf 84' lang='grc' dir='ltr'>Τὸ</span> <span class='ocrx_word' id='word_1_590' title='bbox 2699 5305 2826 5356; x_wconf 76' lang='grc' dir='ltr'>αὐτὸ</span> <span class='ocrx_word' id='word_1_591' title='bbox 2865 5304 2918 5357; x_wconf 84' lang='grc' dir='ltr'>δὲ</span> <span class='ocrx_word' id='word_1_592' title='bbox 2961 5307 3052 5358; x_wconf 70' lang='grc' dir='ltr'>καὶ</span> <span class='ocrx_word' id='word_1_593' title='bbox 3092 5306 3209 5358; x_wconf 85' lang='grc' dir='ltr'>καθ’</span> <span class='ocrx_word' id='word_1_594' title='bbox 3259 5307 3489 5378; x_wconf 80' lang='grc' dir='ltr'>ἑκάστην</span> <span class='ocrx_word' id='word_1_595' title='bbox 3531 5309 3912 5380; x_wconf 82' lang='grc' dir='ltr'>συμπλήρωσιν</span> 
     </span>
    </p>
   </div>
   <div class='ocr_carea' id='block_1_95' title="bbox 2377 5393 3914 5468">
    <p class='ocr_par' dir='ltr' id='par_1_95' title="bbox 2377 5393 3914 5468">
     <span class='ocr_line' id='line_1_96' title="bbox 2377 5393 3914 5468; baseline 0.004 -23"><span class='ocrx_word' id='word_1_596' title='bbox 2377 5393 2874 5461; x_wconf 82' lang='grc' dir='ltr'>ὲκατονταετηρίδος</span> <span class='ocrx_word' id='word_1_597' title='bbox 2935 5394 3233 5457; x_wconf 74' lang='grc' dir='ltr'>ποιοῦντες,</span> <span class='ocrx_word' id='word_1_598' title='bbox 3277 5397 3696 5466; x_wconf 79' lang='grc' dir='ltr'>προχειροτέρως</span> <span class='ocrx_word' id='word_1_599' title='bbox 3751 5398 3914 5468; x_wconf 78' lang='grc' dir='ltr'>ληψό-</span> 
     </span>
    </p>
   </div>
   <div class='ocr_carea' id='block_1_96' title="bbox 2309 5471 3423 5552">
    <p class='ocr_par' dir='ltr' id='par_1_96' title="bbox 2309 5471 3423 5552">
     <span class='ocr_line' id='line_1_97' title="bbox 2309 5471 3423 5552; baseline 0.004 -21"><span class='ocrx_word' id='word_1_600' title='bbox 2309 5471 2316 5474; x_wconf 59' lang='grc'><em>’</em></span> <span class='ocrx_word' id='word_1_601' title='bbox 2379 5481 2513 5547; x_wconf 82' lang='grc' dir='ltr'>μεθα</span> <span class='ocrx_word' id='word_1_602' title='bbox 2543 5481 2629 5532; x_wconf 83' lang='grc' dir='ltr'>τὸν</span> <span class='ocrx_word' id='word_1_603' title='bbox 2665 5481 2984 5550; x_wconf 79' lang='grc' dir='ltr'>ζητούμενον</span> <span class='ocrx_word' id='word_1_604' title='bbox 3014 5482 3205 5536; x_wconf 89' lang='grc' dir='ltr'>κύκλον</span> <span class='ocrx_word' id='word_1_605' title='bbox 3239 5485 3423 5552; x_wconf 77' lang='grc' dir='ltr'>αὐτῆς.</span> 
     </span>
    </p>
   </div>
   <div class='ocr_carea' id='block_1_97' title="bbox 2467 5593 3819 5662">
    <p class='ocr_par' dir='ltr' id='par_1_97' title="bbox 2467 5593 3819 5662">
     <span class='ocr_line' id='line_1_98' title="bbox 2467 5593 3819 5662; baseline 0.002 -18"><span class='ocrx_word' id='word_1_606' title='bbox 2467 5594 2595 5656; x_wconf 84' lang='grc' dir='ltr'>Πῶς</span> <span class='ocrx_word' id='word_1_607' title='bbox 2618 5593 2949 5660; x_wconf 77' lang='grc' dir='ltr'>εὑρήσομεν</span> <span class='ocrx_word' id='word_1_608' title='bbox 2978 5595 3082 5658; x_wconf 86' lang='grc' dir='ltr'>τὰς</span> <span class='ocrx_word' id='word_1_609' title='bbox 3113 5594 3220 5661; x_wconf 80' lang='grc' dir='ltr'>τῆς</span> <span class='ocrx_word' id='word_1_610' title='bbox 3243 5596 3507 5662; x_wconf 70' lang='grc' dir='ltr'>σελήνης</span> <span class='ocrx_word' id='word_1_611' title='bbox 3539 5594 3819 5658; x_wconf 72' lang='grc' dir='ltr'>ἐπακτάς.</span> 
     </span>
    </p>
   </div>
   <div class='ocr_carea' id='block_1_98' title="bbox 2442 5704 3911 5775">
    <p class='ocr_par' dir='ltr' id='par_1_98' title="bbox 2442 5704 3911 5775">
     <span class='ocr_line' id='line_1_99' title="bbox 2442 5704 3911 5775; baseline 0.002 -20"><span class='ocrx_word' id='word_1_612' title='bbox 2442 5705 2512 5755; x_wconf 87' lang='lat' dir='ltr'><strong>Z&#39;.</strong></span> <span class='ocrx_word' id='word_1_613' title='bbox 2563 5704 2668 5765; x_wconf 81' lang='grc' dir='ltr'>Τὰς</span> <span class='ocrx_word' id='word_1_614' title='bbox 2690 5705 2734 5756; x_wconf 76' lang='grc' dir='ltr'><strong>δ’</strong></span> <span class='ocrx_word' id='word_1_615' title='bbox 2761 5706 2999 5758; x_wconf 74' lang='grc' dir='ltr'>ἐπακτὰς</span> <span class='ocrx_word' id='word_1_616' title='bbox 3030 5705 3121 5758; x_wconf 83' lang='grc' dir='ltr'><strong>τοῦ</strong></span> <span class='ocrx_word' id='word_1_617' title='bbox 3154 5705 3438 5768; x_wconf 81' lang='grc' dir='ltr'>ἐνεστῶτος</span> <span class='ocrx_word' id='word_1_618' title='bbox 3469 5705 3784 5775; x_wconf 83' lang='grc' dir='ltr'>σεληνιακοῦ</span> <span class='ocrx_word' id='word_1_619' title='bbox 3818 5707 3911 5758; x_wconf 64' lang='grc' dir='ltr'>κύρ</span> 
     </span>
    </p>
   </div>
  </div>
