4112 6314
302 436 440 493 1893

1223 439 1440 498 ISAACI
1470 442 1773 500 MONACHI
1805 442 2180 502 COMPUTUS
2211 443 2647 502 ECCLESIAST.

3284 507 3289 509 _
3348 441 3483 504 1291

299 554 428 604 κλου
447 550 593 604 τόνδε
632 551 721 604 τὸν
756 553 951 622 τρόπον
992 553 1290 623 ληψόμεθα.
1321 558 1572 627 Ἔχοντες
1602 560 1709 631 γὰρ
1745 561 1836 612 τὸν

1934 547 2194 616 liciemus.
2221 560 2442 631 Cyclum
2472 562 2615 616 lunae
2637 560 2749 631 jam
2780 566 3047 628 repertum
3079 573 3176 629 per
3198 542 3264 613 in
3300 564 3483 615 multi-

300 640 496 693 κύκλον
528 642 623 710 τῆς
658 640 913 711 σελήνης,
954 643 1508 716 ἐνδεκαπλασιάσομεν
1538 650 1715 715 αὐτὸν,
1748 650 1841 704 καὶ

300 729 676 800 προσθήσομεν
706 732 853 800 αὐτῷ
890 732 982 784 καὶ
1022 733 1229 804 ἡμέρας
1269 739 1415 805 τρεῖς
1453 739 1581 808 περὶ
1622 735 1697 792 ὧν
1723 742 1838 810 μετ’

296 820 474 888 ὀλίγον
523 820 785 891 ἐροῦμενο
835 822 927 876 καὶ
966 823 1058 875 τοῦ
1098 826 1384 894 γενομένου
1424 826 1521 891 τάς
1562 846 1837 900 παρεμπι»

298 911 537 973 πτούσας
585 912 971 983 τριακοντάδας
1013 914 1190 977 πάσας
1236 914 1555 987 ἀφελοῦμεν,
1598 920 1671 981 ὡς
1712 921 1839 973 ἐκά-

301 1016 433 1070 στην
468 1004 612 1072 μῆνα
641 1002 948 1074 σεληνιακὸν
984 1004 1378 1076 ἀπαρτίζουσαν
1403 1024 1416 1038 ·
1458 1010 1550 1061 καὶ
1574 1009 1641 1062 τὰ
1662 1011 1837 1063 κάτω-

300 1089 393 1143 θεν
419 1091 525 1144 τῶν
559 1093 600 1144 λ’
631 1092 867 1156 ἐπακτάς
908 1094 1112 1148 ἐκείνου
1149 1095 1243 1149 τοῦ
1284 1088 1596 1168 σεληνιακοῦ
1640 1084 1836 1153 κύκλου

300 1176 436 1234 εἶναι
458 1184 721 1253 φήσομεν.

378 1270 743 1341 ’Υπόδειγμαι
768 1267 876 1325 οἷον
908 1271 983 1334 ὡς
1016 1273 1073 1325 ἐν
1106 1266 1486 1344 ὑποδείγματι·
1523 1277 1644 1345 ἐπεὶ
1685 1280 1715 1330 ὁ
1757 1280 1839 1332 ἐν·

305 1359 474 1424 εστὼς
500 1362 596 1431 τῆς
627 1361 849 1431 σελήνης
880 1362 1071 1425 κύκλος
1110 1364 1152 1432 β’
1185 1362 1319 1418 εἶναι
1346 1366 1625 1433 δέδεικται,
1655 1370 1837 1425 τοῦτον

299 1451 896 1515 ἐνδεκαπλασιάσαντες,
921 1453 1014 1506 καὶ
1038 1456 1147 1516 τοῖς
1168 1455 1473 1524 γενομένοις
1498 1456 1577 1525 κβ⁹
1606 1465 1651 1525 γ’
1681 1476 1838 1529 προσ-

300 1541 501 1605 θέντες,
532 1542 600 1595 τὰ
629 1542 890 1613 γενόμενα
918 1551 994 1597 κε’
1023 1544 1119 1607 τὰς
1146 1546 1237 1598 τοῦ
1277 1547 1563 1612 ἐνεστῶτος
1591 1550 1835 1620 σεληνια-

298 1632 395 1687 κοῦ
429 1633 623 1687 κύκλου
647 1633 834 1703 ἔχομεν
862 1634 1103 1698 ἐπακτάς
1134 1642 1228 1689 κε’.

380 1723 443 1776 Ἦ
474 1724 530 1776 δὲ
560 1723 667 1775 τῶν
700 1730 745 1790 γ’
778 1724 994 1793 ἡμερῶν
1017 1724 1294 1796 προσθήκη
1329 1725 1395 1778 δι’
1433 1716 1606 1781 αἰτίαν
1632 1729 1835 1796 γίνεται

298 1812 515 1880 ταύτην.
572 1814 725 1864 Δοκεῖ
784 1813 890 1883 γὰρ
948 1814 1173 1885 ἀπορίαν
1232 1815 1472 1883 ἐμποιεῖν
1528 1819 1563 1888 ἡ
1617 1819 1831 1890 τοιαύτη

1940 653 2281 722 plicabimus,
2316 651 2474 721 199
2499 650 2566 705 ad
2595 664 2825 719 eumque
2851 658 2961 703 tres
2988 649 3104 704 dies
3134 639 3479 717 adjiciamus,

1938 743 2005 797 de
2033 743 2230 812 quibus
2262 743 2423 812 paulo
2450 750 2575 810 post
2605 750 2812 811 agetur.
2864 739 2938 793 Ex
2972 740 3073 793 hac
3116 753 3327 793 summa
3376 740 3468 791 tri-

1938 826 2185 888 cenarios
2230 848 2451 899 omnes,
2488 830 2666 902 quoad
2708 830 2824 885 ﬁeri
2866 838 3074 899 potest,
3120 828 3474 896 auferemus;

1938 923 2029 992 qui
2084 923 2324 993 singulos
2371 922 2513 977 lunae
2560 933 2776 979 menses
2827 920 3085 975 sﬂiciunt.
3136 918 3429 975 Residuum
3458 958 3475 982 ,

1936 1011 2079 1081 quod
2108 1013 2289 1068 minus
2318 1021 2403 1067 est
2429 1028 2532 1067 nx
2552 1006 2576 1073 .’
2603 1027 2701 1081 pro
2728 1010 2869 1065 lunze
2895 1010 3101 1082 epactis
3131 1010 3468 1067 habebimus.

2002 1269 2242 1339 Exempli
2277 1285 2475 1326 causa:
2507 1271 2765 1341 quoniam
2798 1270 3075 1341 pmentis
3106 1269 3233 1323 anni
3259 1268 3466 1324 lunaris

1934 1364 2121 1433 cyclus
2153 1370 2235 1417 est
2266 1377 2339 1426 ιι,
2374 1370 2437 1415 ιιι
2469 1362 2846 1418 ostendimus:
2879 1362 3023 1415 hunc
3066 1374 3163 1430 per
3189 1375 3244 1413 ιι
3278 1360 3466 1415 multi-

1932 1453 2229 1522 plicantes-,
2255 1463 2309 1508 et
2338 1453 2402 1506 ad
2438 1468 2577 1517 un,
2608 1452 2702 1523 qui
2735 1452 2861 1506 inde
2908 1451 3077 1512 ﬁunt.
3129 1449 3323 1517 additis
3371 1465 3464 1514 ιιι,

1932 1542 2023 1612 qui
2058 1545 2179 1596 inde
2208 1543 2769 1614 consurgit‘numerus
2799 1556 2925 1607 xxv,
2953 1540 3116 1611 hujus
3144 1539 3283 1611 cyeli
3312 1540 3469 1595 luna-

1933 1633 2011 1687 ris
2038 1640 2256 1702 epactas
2286 1634 2437 1687 illum
2458 1648 2583 1688 esse
2608 1632 2857 1687 dicimus.
2882 1622 2891 1625 ’

1998 1723 2262 1778 (laterum
2302 1724 2541 1779 triduum
2585 1722 2729 1777 istud
2769 1722 2839 1776 ob
2884 1736 3024 1776 nanc
3061 1734 3279 1776 causam
3326 1720 3465 1791 adji-

1932 1815 2091 1870 citur.
2128 1813 2252 1869 Haac
2283 1815 2425 1868 enim
2446 1815 2696 1869 accessio
2724 1810 3074 1867 dubitationis
3101 1810 3347 1866 nonnihil
3377 1811 3466 1865 af-

302 1903 598 1973 προσθήκη.
628 1904 779 1954 Ἐστι
815 1904 857 1955 δ’
893 1905 1058 1956 αἴτιον
1101 1904 1376 1957 κάνταῦθα
1416 1908 1449 1976 ἡ
1492 1909 1588 1978 τῆς
1636 1888 1835 1981 κυρίως

1933 1904 2073 1960 ferre
2098 1905 2326 1959 videtur.
2358 1902 2462 1957 Sed
2491 1905 2609 1971 ejus
2635 1918 2849 1973 quoque
2872 1892 3012 1957 ratio
3050 1917 3117 1957 ex
3155 1902 3269 1958 veri
3314 1903 3466 1973 prin-

299 1992 471 2061 ἀρχῆς
506 1993 597 2044 τοῦ
637 1992 804 2075 ἔτους.
830 1994 1034 2061 ἄγνοια.
1070 1994 1283 2064 Ταύτην
1316 1994 1423 2065 γὰρ
1467 1998 1703 2067 ἀκριϐῶς
1742 2000 1838 2052 οὐκ

300 2081 516 2144 εἰδότες,
557 2083 678 2134 ἐπεὶ
716 2078 870 2153 εὖρον
909 2088 957 2137 οἱ
999 2086 1114 2137 κατ’
1140 2086 1311 2155 ἀρχὰς
1343 2088 1410 2141 τὰ
1453 2089 1673 2142 τοιαῦτα
1713 2090 1837 2159 μεθ-

300 2168 630 2234 οδεύσαντες,
671 2172 768 2241 τὴν
802 2174 1027 2244 σελήνην
1068 2177 1125 2226 ἐν
1155 2181 1202 2226 α’
1232 2175 1253 2206 ⁸
1289 2176 1473 2246 κύκλῳ
1497 2179 1666 2248 αὐτῆς
1700 2180 1837 2235 κατὰ

298 2259 395 2329 τὴν
420 2267 465 2313 α’
498 2260 589 2312 τοῦ
633 2262 952 2332 Ἰανουαρίου
983 2264 1310 2336 πανσέληνον
1344 2267 1646 2338 γινομένην,
1684 2286 1839 2322 τουτο

300 2350 414 2403 ἐστι
453 2351 990 2405 πεντεκαιδεκαταίαν
1021 2349 1183 2407 οὖσαν
1203 2371 1216 2384 ·
1254 2350 1320 2423 ἦν
1347 2354 1403 2408 δέ
1428 2356 1522 2409 καὶ
1568 2358 1655 2409 ὅτε
1686 2358 1838 2429 δεδη-

300 2440 423 2510 μιού
432 2458 620 2511 ργηται
640 2441 1166 2497 πεντεκαεεεκαταίω
1186 2443 1276 2496 καὶ
1298 2443 1386 2497 διά
1404 2444 1558 2499 τοῦτο
1576 2449 1719 2519 τρεῖς
1742 2448 1839 2518 μιν

294 2527 435 2599 ἦσαν
463 2533 517 2584 at
547 2531 649 2603 πρὸ
676 2531 773 2602 τῆς
795 2532 1143 2604 δημιουργίας
1168 2534 1335 2603 αὐτῆς
1357 2534 1578 2607 ἡμέραι,
1606 2544 1671 2589 ια’
1696 2536 1752 2591 δὲ
1780 2540 1837 2593 αἱ

299 2618 409 2671 ἀπὸ
432 2620 531 2688 τῆς
566 2620 1018 2690 προῦποτεθείσης
1046 2623 1281 2687 συνόδου,
1324 2624 1578 2679 ὑπέθεντο
1616 2626 1714 2697 μὲν
1741 2628 1837 2699 τὴν

294 2708 467 2779 ἀρχὴν
492 2710 587 2763 τοῦ
626 2712 964 2783 Ἰανουαρίου,
996 2715 1089 2766 καὶ
1133 2716 1241 2769 τῶν
1274 2717 1601 2788 σεληνιακῶν
1628 2720 1835 2776 κύκλων
1878 2780 1881 2783 _

295 2799 489 2869 ἀρχὴν,
519 2801 857 2870 προσέθηκαν
896 2800 953 2853 δὲ
994 2803 1087 2854 καὶ
1115 2802 1214 2865 τὰς
1248 2811 1297 2872 γ’
1325 2806 1553 2877 ἡμέρας,
1582 2808 1667 2861 ῐνα
1698 2810 1835 2864 κατά

295 2889 471 2941 πάντα
522 2887 831 2961 ὁμοιότηςῇ
866 2890 998 2961 πρὸς
1052 2893 1260 2963 ἐκείνην
1302 2894 1398 2965 τὴν
1445 2895 1675 2969 ἡμέραν,
1714 2900 1836 2952 καθ’

294 2978 366 3048 ἢν
403 2978 649 3049 δεδημιού
658 2995 866 3049 ργηται.
1500 3016 1502 3019 ν
1615 3043 1619 3046 .

294 3088 527 3166 "(Bg-.41"
548 3108 637 3156 τις
672 3091 768 3166 καὶ
968 3091 1073 3159 τῆς
1094 3092 1307 3166 *βψ-εὼς
1338 3097 1686 3166 κατανοήσῃ
1722 3097 1833 3165 τὴν

366 3159 631 3281 σελτὲἓηιῑ
655 3162 771 3213 εἴτε
800 3161 917 3214 ἀπὸ
951 3159 1229 3226 συνόδόυ,
1259 3159 1375 3218 εἴτε
1402 3166 1515 3219 ἀπὸ
1544 3159 1832 3221 διάκονελῆ-

366 3245 473 3281 νου
570 3246 599 3280 τ
625 3245 681 3281 ν.

364 3245 473 3281 νου
495 3245 681 3281 εστιν.

366 3334 448 3383 ιιι.
496 3331 703 3402 Ἐπειδὴ
724 3333 788 3385 ἐκ
812 3335 903 3386 τοῦ
925 3335 1070 3405 ἡλίου
1099 3336 1306 3407 δέχεται
1341 3340 1399 3391 τὸ
1419 3340 1530 3408 φῶς
1555 3343 1589 3411 ἡ
1616 3343 1825 3413 σελήνη,

293 3419 384 3471 ἀεὶ
420 3420 481 3471 τὸ
520 3422 919 3498 πεφωτισμένον
958 3426 1126 3495 αὐτῆς
1176 3426 1335 3495 μέρος
1375 3429 1509 3498 πρὸς
1548 3430 1637 3483 τὸν
1681 3432 1829 3498 ἥλιον

291 3508 457 3562 νεύει.
488 3510 642 3563 Ὅθεν
676 3510 939 3584 αὐξομένη
972 3515 1067 3583 μὲν
1097 3518 1161 3585 τῇ
1203 3518 1492 3591 ἀποστάσει
1528 3518 1619 3572 τοῦ
1660 3521 1826 3591 ἡλίου,

289 3600 533 3654 τουτέστι
577 3602 919 3657 συνοδεύουσα
952 3604 1029 3675 τῷ
1068 3607 1218 3677 ἡλίῳ,
1258 3608 1350 3661 καὶ
1388 3610 1477 3662 ἐπὶ
1507 3612 1829 3683 πανσέληνον

292 3689 578 3760 ἐρχομένη,
620 3691 679 3743 τὸ
729 3693 824 3761 μέν
856 3694 1255 3765 πεφωτισμένον
1302 3699 1469 3767 αὐτῆς
1501 3700 1660 3771 μέρος
1689 3704 1829 3756 νεύει

293 3781 433 3849 πρὸς
488 3781 722 3852 δυσμὰς,
778 3783 1126 3855 δυτικωτέρου
1177 3787 1326 3851 ὄντος
1387 3792 1678 3860 τηνικαῦτα
1734 3795 1827 3848 τοῦ

270 3871 463 3939 ἡλίου,
488 3873 544 3925 τὸ
571 3873 624 3925 δὲ
652 3875 983 3943 κερατοειδὲς
1024 3876 1191 3943 αὐτῆς
1236 3879 1328 3931 καὶ
1366 3879 1660 3947 ἀφώτιστον
1688 3883 1827 3937 νεύει

291 3962 431 4032 πρὸς
464 3964 749 4027 ἀνατολάς·
785 3964 918 4018 ἐπὰν
960 3966 1015 4018 δέ
1050 3967 1266 4038 γένηται
1302 3970 1701 4039 ἀντιπρόσωπος
1732 3973 1825 4043 ὅλη

207 4099 211 4103 ,
288 4047 371 4116 τῷ
396 4047 543 4118 ἡλίῳ,
577 4050 669 4101 καὶ
716 4052 852 4104 κατά
890 4052 1173 4124 διάμετρον
1223 4055 1383 4107 αὐτοῦ
1432 4057 1658 4127 ἀποστῇ,
1707 4061 1826 4113 τότε

294 4140 444 4191 πᾶσα
492 4139 807 4207 φωτίζεται,
857 4141 949 4213 ὅλη
989 4145 1091 4213 ὅλῳ
1140 4144 1215 4214 τῷ
1265 4145 1396 4216 ἡλίῳ
1437 4148 1821 4217 προσϐαλοῦσα.

302 4229 435 4299 Ὀλη
460 4230 514 4282 δὲ
544 4232 683 4298 λέγω
729 4233 867 4284 κατὰ
914 4234 973 4285 τὸ
1020 4236 1152 4303 πρὸς
1200 4240 1341 4306 ἡμᾶς
1386 4238 1551 4308 αὐτῆς
1587 4242 1825 4305 νενευκὸς

296 4320 476 4389 μέρος.
518 4322 701 4375 Ἡνίκα
733 4324 789 4375 δέ
822 4323 955 4391 μετά
1005 4312 1347 4397 πανσέληνον»
1378 4329 1601 4399 ἄρξηται
1648 4332 1823 4400 μειοῦ-

294 4409 437 4471 σθαι,
480 4412 572 4463 καὶ
614 4414 745 4483 πρὸς
792 4414 1001 4467 σύνοδον
1050 4415 1297 4484 ἔρχεσθαι
1348 4421 1438 4472 τοῦ
1488 4422 1652 4491 ἡλίου,
1703 4425 1822 4476 τότε

1934 1994 2092 2063 cipii,
2140 2008 2170 2045 a
2220 2008 2327 2063 quo
2377 2007 2551 2046 annus
2597 1991 2812 2063 incipit,
2862 1991 3199 2059 ignoratione
3238 1991 3464 2061 petitur.

1934 2061 2084 2151 Quod
2113 2061 2251 2136 ειιιῐιή
2265 2090 2513 2136 accurate
2542 2096 2651 2137 non
2680 2061 2920 2135 ιῖῐιειιειιι
2962 2080 3121 2150 primi
3162 2080 3310 2135 illius
3349 2094 3466 2135 me-

1934 2174 2085 2228 thodi
2111 2173 2417 2239 conditores
2436 2210 2450 2235 ,
2480 2186 2544 2226 ac
2570 2175 2743 2241 primo
2769 2168 2910 2225 luna
2936 2168 3088 2239 cyclo
3125 2168 3466 2224 animadver-
3514 2186 3517 2187 ν

1934 2273 2106 2343 tegent
2139 2263 2395 2325 Kalendis
2420 2261 2659 2317 Januarii
2702 2263 2911 2331 plenam
2949 2246 3077 2316 esse
3107 2260 3326 2326 lunam,
3359 2259 3465 2315 hoc

1934 2364 2018 2411 est
2046 2355 2288 2425 quintam
2314 2354 2613 2421 decimam;
2643 2367 2706 2406 ac
2735 2360 2938 2407 tantam
2969 2352 3170 2416 fuisse,
3201 2365 3324 2406 cum
3350 2352 3464 2421 pri-

1933 2462 2080 2502 mum
2120 2454 2205 2502 est
2250 2454 2564 2515 procreata,
2600 2432 2886 2498 constaret
2905 2482 2921 2503 .
2961 2450 3023 2496 ut
3077 2449 3190 2497 tres
3241 2442 3481 2517 omnino,

1934 2534 2049 2591 dies
2084 2534 2359 2589 conditum
2401 2534 2547 2589 illius
2586 2533 3005 2596 antecesserint,
3046 2530 3295 2587 undecim
3332 2545 3461 2586 vero

1934 2641 1965 2681 a
1997 2626 2170 2696 primo
2196 2624 2341 2679 coitu
2360 2663 2376 2687 ,
2402 2638 2559 2693 quem
2602 2622 2885 2692 ﬁngimus,
2914 2620 3215 2677 eﬂluxerint
3242 2639 3256 2675 :
3302 2620 3374 2675 oh
3406 2620 3461 2675 id

1933 2717 2185 2772 Kalendis
2209 2714 2479 2771 Ianuariis
2520 2714 2791 2784 cyclorum
2836 2712 2977 2766 lunae
3016 2711 3341 2781 principium
3371 2720 3459 2764 at-

1933 2806 2274 2873 tribuerunt;
2308 2819 2371 2858 ac
2400 2813 2509 2858 tres
2548 2804 2673 2857 illos
2701 2801 3013 2870 adjecerunt
3037 2798 3187 2863 dies,
3234 2807 3295 2852 ut
3334 2814 3461 2853 cum

1931 2913 2018 2961 ea,
2048 2913 2153 2968 qua
2174 2897 2403 2967 primum
2456 2894 2669 2951 condita
2701 2901 2804 2958 est,
2838 2892 2924 2946 die
2965 2905 3059 2961 per
3102 2889 3279 2944 omnia
3329 2904 3462 2944 con-

1933 2995 2164 3058 grueret.

1989 3093 2107 3167 Qud
2132 3098 2331 3151 ratione
2356 3096 2611 3167 quispiam
2637 3095 2749 3167 pisu
2777 3095 2889 3163 ipso
2915 3091 3173 3167 discefrtat
3193 3099 3411 3167 ,_utrum

2138 3169 2261 3220 ίιιιια
2291 3162 2522 3235 proxime
2549 3165 2603 3217 in
2621 3163 2748 3232 jugo
2767 3204 2782 3229 ,
2800 3162 2885 3215 cn
2911 3163 3062 3229 plena
3091 3162 3269 3229 fuerit.

2000 3341 2134 3412 Vill.
2173 3341 2309 3397 Cum
2339 3341 2407 3395 ab
2452 3340 2565 3395 sole
2610 3339 2783 3392 lucem
2817 3336 2943 3390 luna
2974 3328 3298 3401 ’l‘mneretur,
3332 3348 3460 3403 pars

1931 3432 2049 3501 ejus
2072 3430 2366 3485 illuminata
2391 3429 2556 3483 solem
2579 3434 2837 3496 perpetuo
2853 3425 3090 3495 respicit.
3109 3422 3234 3479 ideo
3249 3438 3368 3479 cum
3393 3423 3460 3477 ab

1932 3524 2044 3578 sole
2074 3521 2331 3591 paulatim
2374 3527 2578 3574 remota
2610 3519 2843 3583 crescit,
2876 3517 2979 3572 hoc
3004 3524 3088 3572 est
3127 3522 3248 3585 post
3290 3515 3459 3585 ipsius

1932 3626 2053 3665 cum
2085 3611 2199 3665 sole
2224 3623 2603 3678 congressum,
2636 3622 2698 3661 ac
2749 3606 2922 3662 tendit
2960 3607 3027 3659 ad
3072 3606 3455 3675 plenilunium.

1931 3715 2037 3771 qua
2074 3708 2224 3769 parte
2268 3701 2437 3754 lucem
2484 3698 2709 3767 accipit,
2740 3696 2911 3765 vergit
2955 3696 3009 3748 in
3034 3709 3284 3749 occasum
3308 3734 3322 3757 ,
3373 3684 3463 3749 so;

1931 3792 2035 3846 lem
2088 3802 2216 3844 tunc
2263 3790 2464 3843 habens
2496 3790 2564 3842 ab
2594 3787 2905 3848 occidente;
2939 3800 3046 3854 qua
3074 3799 3203 3839 vero
3233 3793 3463 3840 cornuta
3494 3816 3496 3818 τ

1931 3874 2044 3943 est,
2078 3888 2130 3934 et
2156 3894 2348 3947 expers
2377 3878 2625 3949 luminis,
2655 3876 2709 3929 in
2734 3875 3013 3931 orientem.
3041 3873 3212 3929 Porro
3242 3890 3365 3930 cum
3393 3890 3462 3930 ex

1930 3972 2152 4026 adverso
2185 3972 2283 4025 soli
2334 3970 2546 4038 penitus
2593 3968 2831 4036 objacet,
2881 3967 3164 4021 intervallo
3213 3954 3461 4031 diametri

1930 4065 1997 4118 ab
2025 4063 2211 4118 eodem
2239 4062 2488 4127 distans;
2536 4068 2666 4113 tunc
2710 4058 2955 4113 videlicet
2999 4055 3333 4125 plenogorbe
3372 4071 3461 4109 re-

1929 4153 2205 4221 splendet,
2237 4159 2407 4205 totum
2433 4159 2542 4204 tota
2568 4151 2734 4203 solem
2760 4148 3073 4216 respiciens.
3110 4141 3300 4199 Totam
3333 4159 3459 4199 cum

1928 4246 2069 4311 dico,
2097 4254 2297 4315 partem
2325 4243 2444 4311 ejus
2473 4242 2708 4308 intelligo
2726 4280 2742 4305 ,
2775 4254 2893 4309 qua:
2918 4240 3075 4293 nobis
3099 4239 3323 4293 obversa
3351 4245 3457 4293 est.

1927 4338 1996 4389 At
2028 4351 2150 4390 cum
2182 4344 2302 4402 post
2333 4333 2723 4402 oppositionem
2775 4330 3088 4385 decrescere
3131 4329 3353 4398 incipit,
3402 4334 3463 4383 et

1927 4428 1992 4479 ad
2024 4426 2153 4481 solis
2182 4438 2468 4493 properare
2494 4436 2883 4490 congressum;
2927 4428 3055 4473 tunc
3098 4420 3290 4473 iterum
3331 4432 3461 4486 pars

288 4501 450 4553 πάλιν
474 4502 537 4553 τὸ
559 4503 666 4572 ,μὲν
694 4504 1091 4574 πεφωτισμένον
1127 4507 1293 4576 αὐτῆς
1320 4509 1480 4577 μέρος
1516 4510 1655 4562 νεύει
1690 4515 1823 4583 πρὸς

1930 4518 2067 4570 illius
2097 4517 2273 4569 lucida
2304 4524 2509 4583 spectat
2539 4515 2821 4567 orientem.
2860 4512 3033 4581 (Tum
3073 4513 3215 4564 enim
3263 4504 3344 4563 s'ol
3388 4510 3459 4565 ad

290 4590 549 4660 ἀνατολὴν
578 4591 670 4644 τοῦ
717 4592 862 4661 ﬁlim
910 4595 1357 4665 ἀνατολικωτέρου
1399 4598 1514 4650 τότε
1560 4600 1725 4663 ὄντος,
1764 4603 1825 4655 τὸ

289 4682 348 4736 δέ
382 4682 673 4749 ἀφώτιστον
716 4683 806 4735 καὶ
850 4686 1178 4753 κερατοειδὲς
1228 4687 1359 4755 πρὸς
1404 4687 1627 4757 δυσμάς.
1664 4694 1825 4745 Ὅταν

289 4773 399 4843 ἄρα
423 4772 482 4825 τὺ
515 4774 914 4841 πεφωτισμένον
944 4774 1041 4842 τῆς
1079 4776 1299 4846 σελήνης
1340 4777 1501 4848 μέρος
1537 4781 1663 4852 νεύῃ
1692 4785 1825 4853 πρὸς

289 4862 516 4932 δυσμὰς,
548 4863 654 4915 ἀπὸ
676 4864 883 4916 συνόδου
911 4866 1052 4916 ἐστὶν
1076 4868 1107 4933 ἡ
1138 4866 1348 4936 σελήνη,
1378 4870 1471 4922 καὶ
1504 4871 1594 4923 ἐπὶ
1629 4875 1824 4926 πανσέ..

288 4953 446 5021 ληνον
483 4951 719 5023 ἔρχεται·
752 4955 876 5006 ὅταν
914 4954 967 5006 δὲ
1003 4954 1161 5006 πάλιν
1194 4957 1253 5008 τὸ
1292 4960 1693 5028 πεφωτισμένον
1728 4963 1821 5014 αύ-

286 5042 388 5110 τῆς
435 5042 595 5112 μέρος
650 5041 774 5111 νεύῃ
824 5045 958 5113 πρὸς
1007 5044 1281 5107 ἀνατολὰς,
1340 5047 1446 5099 ἀπὺ
1495 5050 1817 5120 πανσελήνου

288 5132 434 5183 ἐστὶν
466 5134 498 5201 ἡ
528 5131 738 5202 σελήνη,
771 5133 861 5183 καὶ
897 5132 987 5184 ἐπὶ
1014 5133 1221 5185 σύνοδον
1253 5134 1485 5205 ἔρχεται.

555 5242 819 5325 εὕρρέμεν
844 5244 1046 5325 adhere»:
1070 5242 1235 5325 ἐσςὶν
1518 5247 1556 5311 ἡ
1571 5245 1817 5325 ησελήνςη

356 5309 473 5363 ἀπὸ
521 5310 799 5378 συνόδου,
832 5310 955 5363 καθ’
1008 5309 1085 5374 ἣν
1126 5312 1200 5364 ἂν
1234 5311 1345 5378 ήμέ

355 5378 530 5430 τοῦτο
557 5376 877 5451 ζητοίημεν.

355 5486 431 5539 8'.
449 5482 645 5539 ’EmlB‘
666 5484 857 5556 ἔχομεν
867 5488 964 5540 καὶ
977 5488 1067 5539 τὸν
1087 5490 1212 5558 περὶ
1226 5490 1410 5543 τούτου
1442 5490 1613 5557 λόγον,
1634 5492 1823 5561 ἐπόμε-

283 5594 371 5632 νον
397 5574 461 5631 ἂν
487 5575 571 5645 εἴη
608 5577 915 5646 προσθεῖναι
962 5579 1053 5630 καὶ
1103 5580 1244 5641 ὅπως
1280 5580 1359 5632 δεῖ
1404 5580 1694 5650 λαμϐάνειν
1724 5583 1820 5651 τὴν

357 5727 379 5758 ⁸
414 5743 498 5794 γρ.
533 5727 723 5796 ἐνάτῳ,
763 5736 811 5780 et
839 5742 957 5781 mea:
985 5726 1122 5781 κατά
1152 5727 1246 5797 τὴν
1284 5736 1369 5783 ια’.

1339 5317 1457 5379 I‘par
1493 5317 1598 5367 τοῦ
1634 5317 1823 5381 μηνὸς

1924 4608 2181 4660 orientem
2214 4606 2383 4675 magis
2414 4605 2636 4657 accedit.
2664 4606 2681 4669 )
2715 4601 2847 4655 Pars
2879 4607 3057 4654 autem
3097 4614 3216 4669 qua
3257 4599 3459 4655 lumine

1924 4694 2114 4750 carens
2160 4706 2271 4762 est,
2320 4702 2373 4748 et
2426 4699 2685 4757 cornuta,
2735 4690 3066 4743 occidentem
3110 4688 3321 4757 aspicit.
3377 4682 3479 4743 Ad-

1924 4800 2219 4849 summam,
2250 4784 2466 4853 quando
2494 4797 2620 4851 pars
2646 4782 2785 4834 lunae
2814 4779 3089 4849 splendida
3121 4779 3175 4833 in
3206 4778 3459 4833 occideno

1922 4883 2029 4931 tem
2055 4876 2255 4944 vergit,
2289 4888 2319 4926 τι
2347 4887 2637 4941 congressu
2671 4870 2926 4925 recedens
2971 4866 3141 4922 tendit
3184 4866 3250 4918 ad
3290 4879 3458 4935 oppo-

1925 4964 2219 5027 sitionem;
2252 4975 2373 5014 cum
2402 4967 2580 5013 autem
2626 4958 2804 5012 denuo
2854 4971 2979 5025 pars
3027 4953 3202 5008 lucida
3251 4960 3457 5022 spectat

1925 5054 2182 5107 orientem
2203 5090 2219 5115 ,
2251 5049 2317 5103 ah
2344 5049 2675 5117 oppositione
2700 5046 2839 5101 redit
2867 5044 2931 5097 ad
2966 5043 3247 5112 synodum.

1928 5250 2197 5316 Quomodo
2234 5245 2689 5317 investiganda_sit
2728 5253 2855 5297 atas
2895 5242 3061 5301 (ante,
3099 5240 3193 5316 hoc
3227 5246 3304 5317 est
3342 5236 3453 5303 ejus

2027 5318 2355 5372 intervallum
2388 5306 2641 5382 a'synodo
2661 5353 2675 5377 ,
2703 5324 3003 5381 quacunque
3029 5307 3219 5360 mensis
3246 5306 3347 5356 die.

1991 5492 2079 5545 IX.
2122 5491 2216 5546 llis
2242 5493 2315 5546 ita
2336 5470 2665 5551 constitutis,
2687 5488 3022 5553 consequens
3043 5488 3160 5544 est,
3185 5487 3243 5532 ut
3265 5494 3457 5549 quem-

1924 5582 2207 5636 admodum
2249 5590 2378 5637 aetas
2424 5582 2563 5634 luna
2605 5590 2922 5648 quacunque
2967 5570 3226 5645 propesiti
3253 5570 3457 5626 mensis
