4112 6314
1703 392 1790 444 Αἰ)
1826 389 2091 446 EUSEBII
2126 387 2512 445 CHRONICON
2563 389 2920 444 APPENDIX.
3742 397 3880 453 {296

696 398 834 453 £295

696 515 783 568 die
810 511 1103 583 colligenda
1139 512 1242 573 sit,
1270 511 1616 580 explicemus.
1649 509 1808 578 Igitur
1836 510 2068 564 ineuntis
2094 509 2209 579 cycl

2333 506 2558 576 σελήνην
2614 509 2786 560 πόσων
2841 507 3054 576 ἡμερῶν
3106 507 3248 560 ἐστιν
3302 509 3407 562 ἀπὸ
3453 509 3666 562 συνόδου
3689 552 3703 575 ,
3758 511 3878 564 καθ’

597 595 604 600 ’
697 605 904 657 lunaris
934 604 1138 672 epactis
1171 600 1240 655 ad
1267 601 1406 654 diem
1437 602 1667 663 mensis,
1705 601 1760 653 in
1791 616 1899 670 quo
1931 607 2059 654 aetas
2091 601 2210 652 luna

2336 597 2521 649 ὁποίαν
2543 595 2607 649 ἂν
2636 597 2844 668 ἡμέραν
2870 597 3019 650 τοῦδέ
3042 614 3182 659 τινος
3217 599 3379 668 μηνὸς
3409 599 3696 672 ζητοίημεν
3723 601 3877 655 τοῦτο

696 696 970 763 αυτετὶιιιτ,
1029 692 1328 762 adjunctis,
1389 707 1419 745 a
1473 691 1658 744 Martio
1716 691 2029 761 ceterisque
2083 689 2210 743 dein

2335 686 2535 740 λαϐεῖν.
2565 687 2813 755 Ἔχοντες
2845 688 2949 760 γὰρ
2985 687 3078 741 τοῦ
3120 688 3404 753 ἐνεστῶτος
3434 691 3872 764 σεληνιακοῦικύ-

694 800 821 853 ceps
863 782 1176 847 mensibus,
1216 789 1437 851 excepto
1489 781 1616 847 illo,
1660 780 1752 849 qui
1802 780 2140 849 prononitur,
2187 794 2210 832 ε

2340 778 2465 828 κλου
2517 776 2612 840 τὰς
2673 778 2929 842 ὲπακτάς,
2987 780 3078 832 καὶ
3139 779 3506 852 προστιθέντες
3543 781 3751 860 ,ταύτας
3809 785 3874 852 τῇ

694 875 907 943 quidem
958 865 1146 926 diebus
1193 880 1439 926 constent
1485 887 1613 925 xxx:
1641 908 1658 934 ,
1712 871 2038 938 sesquidiem
2087 868 2206 936 capi

2339 868 2518 938 ἡμέρᾳ
2539 868 2630 922 τοῦ
2664 869 2845 939 μηνὸς,
2877 869 2995 922 καθ’
3018 871 3082 940 ἡν
3109 870 3370 940 ζητοῦμεν
3401 871 3578 924 λαϐεῖν
3603 872 3698 944 τὴν
3726 873 3877 944 σελὴ-

692 979 856 1018 mus:
915 962 994 1016 sin
1038 962 1152 1016 dies
1193 961 1421 1015 habeant
1475 977 1616 1022 xxx,
1673 959 2010 1014 dimidiatum
2063 959 2202 1013 diem

2336 975 2432 1027 νην
2461 960 2639 1013 πόσων
2673 960 2817 1012 ἐστὶν
2848 960 3065 1031 ἡμερῶν
3085 979 3097 991 ·
3135 963 3227 1013 καὶ
3257 963 3360 1014 ἀπὸ
3397 963 3489 1016 τοῦ
3517 965 3753 1035 Μαρτίου
3783 967 3876 1017 καὶ

693 1051 814 1105 Mox
847 1049 912 1104 de
953 1065 1191 1112 summa,
1247 1049 1293 1104 si
1344 1050 1513 1118 major
1561 1051 1632 1104 sit
1688 1050 1948 1119 triginta,
2002 1050 2210 1104 totiderr

2329 1047 2433 1098 τῶν
2457 1046 2583 1115 ἑξῆς
2617 1047 2817 1117 μηνῶν,
2850 1048 2985 1120 πλὴν
3025 1049 3184 1102 αὑτοῦ
3227 1049 3319 1102 τοῦ
3362 1051 3451 1119 ἀφ’
3481 1047 3542 1103 οὗ
3578 1054 3610 1122 ἡ
3650 1053 3871 1123 ζήτησις

691 1137 1026 1201 auferimus;
1078 1137 1352 1191 residuum
1396 1139 1515 1206 plus
1562 1138 1741 1191 minus
1786 1146 1996 1193 aetatem
2046 1139 2222 1201 lunae,

688 1242 849 1298 quam
883 1227 1236 1297 inquirimus,
1269 1227 1536 1282 ostendet.

2329 1139 2550 1204 γίνεται,
2595 1137 2952 1207 λαμϐάνοντες
2999 1139 3091 1192 τοῦ
3128 1140 3224 1208 μὲν
3273 1140 3481 1210 ἔχοντος
3533 1143 3740 1213 ἡμέρας
3769 1144 3871 1218 λα’,

2327 1227 2532 1298 ἡμέραν
2563 1226 2608 1280 α’
2638 1226 2721 1293 S”,
2752 1229 2841 1282 τοῦ
2865 1230 2908 1282 δ’
2941 1230 3150 1300 ἔχοντος
3192 1231 3401 1300 ἡμέρας
3439 1231 3501 1294 λ’,
3537 1232 3602 1286 S"
3643 1234 3868 1304 ἡμέρας,

689 1320 779 1372 καὶ
825 1320 930 1372 τῶν
976 1318 1334 1388 συναχθεισῶν
1391 1319 1745 1390 τριακοντάδα
1799 1319 2120 1386 ἀφελόντες,
2177 1319 2226 1369 εἰ
2285 1317 2661 1388 ὑπερϐαίνουσι
2711 1318 2980 1390 δηλονότι,
3027 1321 3124 1383 τὰς
3173 1319 3362 1382 λοιπὰς
3417 1318 3603 1392 ἕξομεν
3661 1321 3870 1392 ὁλοσχε-

692 1413 797 1485 ρῶς
839 1415 973 1468 ὅσων
1016 1414 1229 1484 ἡμερῶν
1274 1413 1420 1467 ἐστιν
1463 1416 1496 1485 ἡ
1542 1415 1757 1484 σελήνη,
1801 1414 1919 1467 καθ’
1963 1415 2028 1484 ἡν
2069 1412 2223 1470 τοῦτο
2258 1412 2539 1484 ζητοῦμεν.

758 1502 996 1573 Exempli
1028 1506 1197 1573 gratia
1225 1523 1238 1558 :
1271 1506 1546 1573 proposita
1575 1506 1645 1558 sit
1675 1520 1799 1558 xxvl
1831 1505 1946 1559 dies
1977 1505 2227 1560 Octobris

687 1595 744 1648 in
773 1609 877 1663 quo
902 1609 1198 1648 versamur.
1229 1592 1309 1646 Ad
1339 1594 1478 1647 hanc
1505 1601 1720 1663 epactas
1746 1596 2024 1663 praesentis
2050 1595 2185 1666 cycli
2211 1633 2226 1658 ,

651 1701 828 1757 ~quas
864 1702 968 1740 xxv
998 1685 1110 1755 jam
1162 1688 1496 1753 reperimus,
1546 1685 1799 1738 addentes
1861 1700 2067 1738 necnon
2112 1686 2226 1740 dies

689 1789 910 1839 omnes,
944 1775 1038 1843 qui
1071 1787 1101 1825 a
1133 1771 1323 1826 Martio
1356 1772 1424 1825 ad
1463 1772 1618 1826 ﬁnem
1654 1773 1982 1844 Septembris
2012 1773 2225 1829 collecti

688 1873 850 1929 sunt,
885 1878 1107 1917 numero
1141 1872 1342 1932 septem
1375 1880 1389 1927 ;
1421 1862 1486 1917 de
1514 1877 1724 1918 summa
1749 1903 1761 1926 ,
1795 1879 1914 1933 quae
1945 1871 2029 1918 est
2057 1877 2221 1927 Lvm,

625 1953 628 1958 ’
689 1955 914 2010 sublatis
944 1970 1046 2010 xxx
1065 1993 1079 2017 ,
1102 1962 1307 2008 aetatem
1339 1954 1476 2007 luna:
1503 1954 1759 2008 habemus
1786 1955 1838 2007 in
1868 1953 2113 2010 Octobris
2140 1953 2226 2009 die

688 2061 842 2109 xxvr,
870 2060 989 2115 quae
1020 2052 1104 2099 est
1133 2058 1302 2098 xxvlu
1337 2043 1576 2098 dierum.

754 2310 937 2381 Neque
968 2325 1094 2364 vero
1125 2311 1279 2364 facile
1303 2307 1803 2378 praetermittendum
1827 2307 1966 2360 istud
1988 2316 2090 2372 est,
2117 2323 2220 2378 qua

684 2397 923 2452 decausa
958 2395 1252 2465 sesquidies
1281 2395 1509 2460 illos,vel
1543 2395 1847 2449 dimidiatos
1862 2395 1975 2449 dies
2011 2396 2220 2450 auferre

683 2485 752 2541 de
779 2486 1054 2540 mensibus
1084 2485 1402 2554 incipiamus
1431 2500 1459 2536 a
1489 2478 1699 2548 Martio,
1731 2501 1834 2539 non
1866 2500 1894 2538 a
1925 2483 2216 2551 Januario;

626 2559 630 2567 Α
683 2589 809 2630 cum
845 2574 910 2628 ab
944 2574 1044 2627 hoc
1076 2575 1342 2627 lunarium
1375 2574 1679 2644 cyclorum,
1721 2583 1774 2628 et
1811 2574 2216 2644 congruentium

614 2716 616 2720 ,
682 2662 751 2718 iis
779 2669 1083 2732 epactarum
1133 2662 1281 2715 initia
1324 2660 1610 2716 ducantur.
1660 2660 1813 2730 (Hoc
1845 2663 1987 2714 enim
2029 2670 2215 2716 contra

681 2753 776 2806 illa
810 2767 928 2821 quae
959 2752 1102 2805 dicta
1136 2759 1261 2805 sunt
1294 2751 1678 2805 dubitationem
1716 2733 1906 2819 parere
1940 2748 2213 2818 videtur.)

679 2839 818 2895 Tum
847 2840 978 2894 illud
1007 2841 1174 2908 quaeri
1208 2846 1414 2908 potest,
1441 2840 1680 2897 cur.dies
1712 2838 1831 2893 illos
1857 2852 2211 2893 assumamus.

750 3017 1208 3088 Manifestumest
1241 3014 1418 3083 itaque
1441 3053 1456 3078 ,
1489 3014 1739 3082 quoniam
1773 3014 1978 3068 lunaris
2009 3011 2212 3066 mensis

2399 1502 2539 1570 υἷον,
2573 1507 2648 1569 ὡς
2676 1508 2732 1559 ὲν
2769 1506 3142 1576 ὑποδείγματι,
3183 1505 3319 1558 ἔστω
3358 1513 3448 1571 κς¹
3483 1505 3575 1558 τοῦ
3616 1508 3870 1575 παρόντος

2343 1596 2664 1667 Ὀκτωϐρίου
2706 1597 2884 1667 μηνός.
2933 1596 3113 1668 Ταύτῃ
3159 1596 3478 1666 προσθέντες
3520 1597 3615 1658 τὰς
3664 1597 3869 1648 ἀποδει-

2331 1685 2545 1754 χθείσας
2581 1685 2674 1738 τοῦ
2716 1686 3001 1749 ἐνεστῶτος
3047 1686 3356 1757 σεληνιακοῦ
3400 1686 3595 1739 κύκλου
3633 1687 3865 1749 ὲπακτὰς

2331 1782 2428 1839 κε’,
2474 1776 2562 1829 καὶ
2599 1775 2696 1839 τάς
2742 1775 2848 1829 ἀπὸ
2891 1777 2985 1828 τοῦ
3029 1777 3267 1846 Μαρτίου
3313 1777 3470 1848 μέχρι
3503 1778 3592 1830 καὶ
3628 1778 3747 1830 ὅλου
3773 1778 3867 1830 τοῦ

2332 1864 2696 1935 Σεπτεμϐρίου
2730 1865 3095 1934 συναγομένας
3129 1866 3338 1934 ἡμέρας
3365 1865 3428 1929 ζ’,
3462 1867 3552 1920 καὶ
3583 1865 3687 1918 τῶν
3714 1883 3864 1934 γενο-

2325 1951 2494 2020 μένων
2525 1951 2656 2020 ὁμοῦ
2692 1959 2771 2023 νη¹
2811 1953 3163 2023 τριακοντάδα
3202 1955 3503 2022 ἀφελόντες,
3546 1955 3736 2026 ἔχομεν
3765 1958 3864 2027 τῆν

2323 2038 2546 2109 σελήνην
2598 2039 2736 2100 κατὰ
2781 2040 2879 2110 τὴν
2943 2042 3402 2112 προχειρισθείσαν
3454 2047 3586 2114 ἡμῖν
3634 2046 3862 2114 ἡμέραν,

2319 2128 2557 2180 τουτέστι
2587 2128 2682 2200 τὴν
2725 2136 2814 2194 κς¹
2865 2131 2958 2183 τοῦ
3020 2131 3278 2201 παρόπος
3329 2133 3686 2204 Ὀκτωὸρίου,
3733 2137 3862 2205 ἡμε-

2322 2217 2426 2288 ρῶν
2457 2213 2619 2272 οὖσαν
2650 2226 2756 2288 κη’.
3451 2271 3468 2284 ,

2385 2310 2491 2362 Καὶ
2525 2307 2679 2362 τοῦτο
2716 2310 2761 2362 δ’
2784 2309 2882 2362 οὑκ
2913 2310 3128 2363 εῦκολον
3159 2311 3550 2382 παραδραμεῖν,
3587 2315 3731 2376 τίνος
3759 2314 3861 2382 χά-

2320 2415 2401 2468 ριν
2431 2401 2526 2470 τὴν
2554 2400 2659 2452 τῶν
2685 2400 2901 2470 ἡμερῶν
2940 2400 3097 2471 λῆψιν
3127 2401 3226 2470 τῆς
3258 2417 3315 2453 τε
3359 2409 3404 2454 α’
3443 2401 3506 2454 S"
3536 2405 3626 2454 καὶ
3667 2404 3762 2467 τῆς
3795 2403 3861 2456 S"

2321 2490 2428 2544 ἀπὸ
2453 2491 2545 2543 τοῦ
2575 2491 2813 2562 Μαρτίου
2841 2491 3116 2562 ἀρχόμεθα
3155 2477 3463 2560 λαμϐάνειν,
3501 2495 3593 2546 καὶ
3627 2495 3727 2546 οὑκ
3754 2495 3859 2546 ἀπὸ

2312 2581 2405 2634 τοῦ
2439 2582 2775 2652 Ἰανουαρίου,
2815 2581 2933 2636 καθ’
2962 2583 3019 2636 ὃν
3055 2583 3150 2653 τήν
3178 2599 3234 2634 τε
3282 2583 3450 2654 ἀρχὴν
3476 2584 3583 2636 τῶν
3617 2584 3855 2653 σεληνια-

2313 2671 2422 2725 κῶν
2478 2671 2772 2741 ποιούμεθα
2814 2672 3044 2738 κύκλων,
3095 2675 3186 2727 καὶ
3233 2674 3328 2745 τὴν
3352 2674 3456 2727 τῶν
3505 2675 3625 2728 κατ’
3661 2677 3850 2738 αὐτοὺς

2311 2759 2560 2813 ὲπακτῶν
2609 2760 2765 2830 λῆψιν
2818 2761 2981 2830 (δοκεῖ
3037 2762 3143 2833 γὰρ
3199 2763 3427 2832 ἀπορίαν
3473 2764 3717 2832 ἐμποιεῖν
3761 2764 3853 2815 καὶ

2309 2852 2463 2904 τοῦτο
2493 2855 2603 2914 τοῖς
2628 2853 2986 2923 είρημένοις),
3014 2853 3092 2919 ἔτι
3132 2871 3190 2906 τε
3233 2857 3324 2907 καὶ
3368 2854 3435 2906 δι’
3463 2857 3528 2924 ἡν
3558 2855 3732 2907 αίτίαν
3756 2855 3854 2925 τὴν

2309 2939 2414 2992 τῶν
2442 2939 2665 3009 ἡμερῶν
2697 2941 2896 2993 τούτων
2925 2942 3220 3011 ποιούμεθα
3252 2943 3428 3012 λῆψιν.

2380 3033 2529 3083 Ἐστι
2572 3031 2667 3101 μὲν
2713 3027 2802 3086 οῦν
2839 3033 3014 3101 δῆλον,
3041 3034 3135 3098 ὡς,
3179 3037 3296 3087 ἐπεὶ
3334 3037 3362 3087 ὁ
3404 3035 3708 3106 σεληνιακὸς
3750 3036 3852 3107 μὴν

678 3108 870 3163 diebus
897 3107 1109 3161 circiter
1138 3113 1345 3160 constat
1367 3118 1489 3157 xxix
1511 3102 1630 3172 1/2,
1657 3103 1924 3172 sesquidie
1951 3104 2210 3159 minorem

2310 3118 2518 3192 ἡμέραν
2562 3122 2642 3175 κθ⁹
2675 3123 2739 3176 S"
2760 3124 2981 3192 ἔγγιστα
3027 3127 3283 3199 περιέχει,
3329 3126 3433 3180 τῶν
3480 3102 3578 3196 μὲν
3624 3102 3850 3198 ἑχόντων

677 3199 747 3254 iis
777 3213 923 3262 esse,
956 3197 1151 3266 quibus
1195 3195 1310 3250 dies
1361 3211 1485 3248 xxxi
1531 3201 1880 3263 competunt;
1933 3192 2210 3246 dimidiato

2313 3213 2391 3267 λα’
2417 3214 2625 3285 ἡμέρας
2655 3216 2857 3285 μηνῶν,
2893 3219 2990 3287 μιᾷ
3012 3192 3112 3269 καὶ.
3148 3192 3214 3269 S;
3237 3217 3419 3288 ἡμέρᾳ
3458 3192 3714 3280 λείπεται,
3745 3220 3849 3273 τῶν

598 3305 615 3316 ’λ
676 3304 804 3344 vero
833 3290 1011 3343 minus
1041 3288 1147 3340 illis
1189 3287 1420 3349 habere,
1470 3287 1563 3354 qui
1614 3284 1886 3339 tricenarii
1939 3291 2101 3347 sunt;
2150 3298 2212 3337 ac

670 3387 958 3456 propterea
991 3378 1129 3431 diem
1161 3377 1311 3429 illum
1342 3390 1463 3429 cum
1498 3375 1754 3439 dimidio,
1805 3375 1888 3428 vel
1932 3374 2210 3429 dimidium

674 3469 881 3531 Solum,
929 3465 1260 3535 insequentis
1300 3465 1499 3519 mensis
1530 3463 1718 3519 diebus
1741 3503 1756 3528 ,
1792 3478 1960 3533 usque
1992 3463 2056 3516 ad
2088 3477 2212 3532 pro-

677 3560 945 3628 positum,
994 3555 1360 3629 adjungimus.
1422 3552 1574 3618 Quod
1623 3554 1762 3606 idem
1815 3553 1870 3607 in
1921 3551 2210 3608 Februario

675 3663 888 3718 quoque
915 3645 970 3699 tit
1003 3663 1018 3710 ;
1052 3646 1208 3714 cujus
1235 3643 1424 3699 diebus
1457 3643 1777 3718 sesquidiem
1811 3641 2056 3697 addimus
2087 3658 2209 3697 eum

676 3735 768 3804 qui
801 3735 866 3788 de
901 3732 1157 3789 Januario
1201 3734 1542 3802 relinquitur.
1584 3731 1778 3787 Verum
1813 3732 1936 3802 quia
1969 3730 2210 3787 Februa-

677 3826 792 3880 rius
826 3825 984 3894 200
1015 3833 1139 3878 octo
1169 3832 1223 3878 et
1251 3823 1435 3894 viginti
1469 3823 1586 3878 dies
1620 3823 1851 3887 habens,
1885 3823 2210 3892 sesquidiem

673 3917 851 3985 potius
905 3916 971 3970 ab
1022 3915 1196 3969 lunari
1237 3929 1419 3970 mense
1449 3914 1668 3978 delicit;
1704 3914 1822 3968 ideo
1872 3924 1992 3967 cum
2024 3928 2211 3982 super-

638 4061 642 4065 ,
672 4007 812 4060 ﬂuus
842 4010 908 4060 de
934 4005 1188 4059 Januario
1216 4004 1331 4060 dies
1363 4020 1484 4058 cum
1518 4003 1736 4058 dimidio
1763 4001 1906 4071 quod
1935 4003 2084 4057 deest
2105 4000 2208 4056 Fe-

673 4095 889 4149 bruario
918 4101 1224 4164 compenset
1242 4134 1258 4158 ,
1287 4095 1416 4148 nihil
1446 4094 1511 4147 ad
1541 4092 1712 4146 Martii
1746 4093 1860 4147 dies
1885 4092 2087 4147 accedit
2114 4111 2126 4145 :
2157 4099 2209 4147 et

616 4181 629 4190 ’
672 4185 741 4241 iis
770 4186 1005 4240 contenti
1027 4195 1241 4254 epactas
1275 4187 1419 4241 solas
1450 4186 1515 4240 ad
1548 4185 1597 4238 id
1627 4185 2034 4248 inveniendum,
2065 4186 2204 4254 quod

673 4274 949 4342 quaeritur,
969 4275 1430 4329 accommodamus
1449 4293 1462 4339 ;
1482 4284 1600 4345 post
1617 4274 1860 4329 Martium
1876 4289 1940 4330 ac
1957 4274 2208 4344 deinceps

579 4380 585 4385 ·
673 4361 732 4415 ﬁt
787 4360 952 4423 illud,
1001 4362 1146 4429 quod
1198 4369 1357 4415 antea
1411 4361 1858 4432 praeseripsimus.
1913 4362 2023 4419 Hoc
2077 4380 2204 4436 ergo

2309 3305 2365 3356 δὲ
2408 3305 2472 3369 λ’,
2506 3303 2602 3358 δ”ο
2644 3305 2742 3364 καὶ⁵
2771 3306 2858 3360 διά
2899 3306 3054 3359 τοῦτο
3082 3298 3186 3377 ’τὴν
3227 3307 3612 3378 λοιπαζομένην
3650 3307 3848 3379 ταύτην

2311 3400 2357 3446 α’
2393 3394 2533 3465 δ”,ἢ
2565 3393 2628 3448 S"
2655 3396 2865 3467 ἡμέραν
2898 3399 3016 3459 ταῖς
3057 3395 3147 3449 τοῦ
3189 3395 3383 3466 ἑφεξῆς
3417 3397 3580 3467 μηνὸς
3617 3399 3847 3468 ἡμέραις

2307 3484 2432 3555 ἄχρι
2489 3487 2580 3538 καὶ
2620 3487 2720 3556 τῆς
2761 3479 3092 3556 ζητουμένης
3143 3486 3471 3558 συντίθεμεν.
3534 3487 3642 3539 Καὶ
3678 3488 3846 3560 ’τοῦτο

2307 3573 2351 3625 δ’
2375 3575 2691 3644 ὁμοίως-κάν
2726 3575 2801 3643 τῷ
2823 3575 3158 3645 Φεϐρουαρίῳ
3183 3574 3455 3646 ποιοῦμεν,
3481 3577 3577 3646 τὴν
3604 3577 3846 3643 λοιπαζο-

2312 3663 2474 3733 μένην
2504 3667 2560 3717 ὲν
2585 3665 2661 3733 τῷ
2696 3667 3000 3735 Ἰανουαρίῳ
3032 3673 3078 3718 α’
3109 3664 3170 3718 S"
3192 3666 3416 3740 ἡμέραν
3456 3669 3573 3729 ταῖς
3619 3668 3710 3719 τοῦ
3747 3671 3844 3721 Φε-

2309 3753 2592 3824 ϐρουαρίου
2625 3755 3013 3825 προστιθέντες.
3051 3754 3183 3807 Ἀλλ’
3210 3756 3391 3824 ἐπειδὴ
3418 3756 3446 3807 ό
3469 3756 3844 3826 Φεϐρουάριος,

2310 3851 2394 3914 κη’
2451 3845 2666 3914 ἡμερῶν
2712 3845 2962 3916 ὑπάρχων
2982 3886 2995 3905 ,
3033 3845 3274 3899 λείπεται
3337 3847 3528 3917 μᾶλλον
3567 3840 3719 3910 οὗτος
3753 3850 3844 3904 τοῦ

2311 3933 2621 4002 σεληνιακοῦ
2646 3936 2808 4004 μηνὸς
2835 3931 3016 4006 ἡμέρᾳ
3038 3942 3084 3988 α’
3111 3934 3193 4002 S",
3227 3928 3318 3989 διά
3330 3935 3481 3988 τοῦτο
3499 3937 3594 4006 τῆς
3612 3936 3705 3989 τοῦ
3741 3940 3843 3992 Ἰα-

2307 4024 2550 4094 νουαρίου
2583 4025 2993 4097 περιττευούσης
3036 4031 3082 4078 α’
3120 4027 3210 4078 καὶ
3247 4025 3309 4079 S"
3337 4027 3845 4099 ἀνταναπληρούσης
3883 4022 3890 4026 ’

2305 4110 2401 4181 τὴν
2433 4112 2526 4164 τοῦ
2550 4113 2904 4182 Φεϐρουαρίου
2932 4113 3283 4175 λοιπάζουσαν
3301 4130 3312 4142 ·
3341 4115 3457 4175 ταῖς
3481 4111 3574 4164 τοῦ
3601 4115 3844 4182 Μαρτίου

2307 4198 2535 4268 ἡμέραις
2567 4199 2714 4252 οὐδέν
2751 4216 2801 4250 τι
2842 4188 3226 4269 προστίθεμεν,
3261 4200 3579 4270 ἀρκούμενοι
3621 4200 3846 4264 ταύταις

2308 4285 2404 4337 σὺν
2428 4288 2492 4354 τῇ
2521 4285 2796 4355 προσθήκῃ
2821 4284 2926 4338 τῶν
2954 4286 3222 4348 ἑπακτῶν,
3265 4287 3342 4347 είς
3383 4285 3591 4355 εῦρεσιν
3621 4286 3714 4338 τοῦ
3743 4287 3842 4358 ζη-

2305 4373 2577 4444 τουμένου.
2609 4376 2760 4428 Μετὰ
2780 4376 2836 4428 δὲ
2857 4376 2945 4430 τὸν
2965 4378 3200 4447 Μάρτιον
3230 4375 3320 4428 καί
3345 4375 3537 4444 ἑφεξῆς
3561 4377 3709 4428 ποιοῦ
3719 4394 3840 4446 μεν,

672 4449 1003 4503 considerari
1047 4449 1236 4512 debet,
1285 4449 1582 4518 superﬂuos
1632 4453 1763 4506 istos
1812 4467 1842 4506 a
1885 4450 2075 4508 Martio
2131 4455 2196 4508 ad

2305 4463 2372 4527 ὡς
2400 4463 2651 4534 ἀνωτέρω
2671 4465 2998 4537 εἰρήκειμεν.
3027 4465 3288 4518 Σκεπτέον
3317 4461 3428 4528 οὖν,
3458 4466 3536 4518 ὅτι
3570 4466 3660 4518 καὶ
3681 4463 3840 4521 αὗται

557 4545 564 4552 ’
614 4531 626 4573 ’-
665 4537 828 4615 ﬁnem
882 4537 1187 4592 Decembris
1215 4554 1280 4593 ex
1313 4555 1629 4609 unoquoque
1671 4556 1853 4597 mense
1890 4555 2198 4614 corrogatos

662 4625 784 4680 dies
814 4642 907 4696 per
939 4643 992 4680 ιι
1027 4627 1279 4683 collectos
1316 4637 1540 4698 'epactas
1588 4630 1800 4685 easdem
1853 4629 2029 4688 facere
2076 4650 2199 4689 cum

667 4713 738 4768 iis
777 4731 893 4782 quae
933 4716 1202 4771 ducuntur
1243 4733 1272 4769 a
1316 4716 1589 4774 Januario.
1635 4720 1763 4786 Quae
1805 4735 1927 4773 cum
1980 4731 2189 4778 antece-

668 4803 844 4876 dentis
869 4806 1004 4873 cycli
1033 4806 1239 4861 lunaris
1267 4809 1468 4875 epactis
1497 4809 1693 4864 additae
1719 4811 1952 4870 ineuntis
1981 4821 2198 4881 epactas

655 4894 793 4947 anni
827 4897 1135 4963 coniiciunt.
1521 4918 1523 4922 ·

1247 4986 1317 5039 De
1338 4987 1622 5042 ‘Paschate.
2113 4995 2166 5024 ὐ

738 5071 803 5124 Χ.
843 5071 938 5126 llis
970 5076 1383 5140 animadversis,
1416 5093 1534 5145 qua:
1565 5077 1630 5129 ad
1665 5078 1793 5132 solis
1839 5056 2082 5148 lunrcque
2111 5095 2196 5133 ra-

668 5164 887 5216 tiocinia
936 5165 1233 5233 pertinent,
1290 5174 1342 5219 et
1387 5167 1655 5236 quomodo
1705 5170 1973 5236 potuimus
2027 5172 2198 5240 expli—

669 5255 802 5308 catis
821 5296 834 5316 ,
863 5256 927 5309 de
951 5255 1208 5311 Paschate
1231 5258 1479 5328 deinceps
1505 5274 1804 5314 sermonem
1833 5261 2192 5315 instituemus.

649 5344 839 5412 vllujus
868 5348 1007 5399 enim
1035 5348 1291 5402 elementa
1338 5350 1440 5402 ista
1490 5357 1649 5412 sunt,
1703 5351 1955 5418 quoniam
2003 5367 2197 5420 pr0po-

667 5432 827 5486 situm
872 5435 1213 5499 laterculum,
1263 5437 1419 5504 cujus
1466 5453 1565 5506 Ope
1612 5437 1816 5492 Pascha
1857 5439 1910 5492 in
1950 5449 2196 5509 promptu

669 5521 1002 5586 habetur,'cx
1031 5526 1160 5579 solis
1207 5537 1259 5580 et
1297 5528 1435 5580 lunae
1481 5529 1646 5597 cyclis
1678 5528 1975 5582 conficitur.
2007 5529 2194 5584 Iisdem

670 5627 880 5680 quoque
907 5614 1186 5669 methodus
1237 5626 1459 5685 utraque
1509 5619 1713 5680 nititur,
1764 5627 1869 5671 tam
1917 5636 2033 5687 qtae
2075 5629 2195 5673 ante

669 5717 767 5757 nos
794 5705 1030 5768 exstitit,
1060 5721 1216 5775 quam
1247 5723 1364 5776 qua:
1394 5724 1423 5761 a
1457 5708 1611 5762 nobis
1641 5711 1939 5780 excogitata
1971 5709 2090 5765 fuit.
2159 5731 2163 5735 ι

2299 4554 2354 4604 αί
2381 4553 2783 4622 περιττεύουσαι
2819 4553 2935 4607 καθ’
2964 4555 3187 4606 ἕκαστον
3219 4555 3359 4624 μῆνα
3399 4555 3505 4607 ἀπὸ
3549 4555 3642 4608 τοῦ
3688 4558 3841 4627 Μαρ-

2296 4642 2409 4693 τίου
2428 4641 2598 4712 ’μέχρι
2624 4642 2716 4695 καὶ
2743 4642 2861 4696 ὅλου
2887 4641 2978 4694 τοῦ
3009 4643 3356 4712 Δεκεμϐρίου,
3382 4645 3460 4706 εἰς
3483 4643 3578 4705 τὰς
3609 4650 3673 4696 ια’
3703 4661 3839 4715 συμ-

2299 4729 2644 4799 ποσούμεναλι,
2689 4730 2786 4792 τὰς
2811 4729 2916 4782 ἀπὺ
2963 4731 3054 4782 τοῦ
3096 4732 3416 4802 Ἰανουαρίου
3461 4732 3698 4786 ποιοῦσιν
3743 4737 3841 4786 ἐπ-

2297 4819 2491 4881 ακτάς·
2521 4820 2739 4882 αἵτινες,
2765 4821 2882 4881 ταῖς
2906 4820 2996 4873 τοῦ
3023 4821 3372 4891 παρελθόντος
3400 4821 3710 4890 σεληνιακοῦ
3745 4825 3842 4878 κύ·
3869 4848 3873 4854 ·

2299 4909 2423 4962 κλου
2458 4911 2888 4982 προστιθέμεναι,
2921 4911 3018 4974 τὰς
3045 4913 3137 4964 τοῦ
3161 4911 3444 4975 ἐνεστῶτος
3472 4912 3695 4965 ποιοῦσι.

2791 4998 2928 5066 Περὶ
2963 4999 3067 5052 τοῦ
3100 4999 3328 5068 Πάσχα.

2367 5088 2418 5138 l'.
2454 5088 2661 5140 Τούτων
2683 5088 2745 5159 δὴ
2767 5085 2880 5154 οῦν,
2906 5088 3011 5140 τῶν
3045 5088 3181 5142 κατὰ
3217 5089 3305 5142 τὸν
3343 5089 3485 5155 ἧλιον
3522 5089 3716 5160 δηλαδὴ
3745 5091 3836 5144 καὶ

2297 5175 2389 5245 τὴν
2415 5165 2656 5246 σελὴνην,
2691 5179 2762 5241 ὼς
2788 5179 2931 5248 ἐνῆν,
2973 5179 3094 5247 ἐμοὶ
3138 5179 3678 5250 προτεθεωρημένων,
3712 5180 3834 5250 ἑξῆς

2298 5267 2421 5334 περὶ
2451 5267 2540 5318 τοῦ
2577 5269 2765 5338 Πάσχα
2799 5268 2888 5320 τὸν
2931 5268 3082 5336 λόγον
3125 5267 3473 5338 ποιησόμεθα.
3514 5269 3838 5327 Δι’ἓκείνων

2296 5355 2400 5424 γὰρ
2440 5350 2589 5418 οὗτος
2634 5358 2965 5427 περαίνεται’
2996 5359 3055 5411 τό
3092 5375 3151 5410 τε
3187 5358 3294 5426 γὰρ
3335 5358 3644 5428 ἐκκείμενον
3683 5360 3838 5412 κανό-

2296 5459 2422 5506 νιον,
2445 5446 2509 5497 δι’
2531 5442 2591 5499 οῦ
2634 5447 2930 5516 προχείρως
2977 5448 3036 5499 τὸ
3083 5446 3312 5499 τοιοῦτον
3349 5447 3537 5516 Πάσχα
3567 5447 3839 5516 λαμϐάνο-

2299 5549 2413 5600 μεν,
2441 5535 2526 5587 διὰ
2550 5534 2657 5587 τῶν
2683 5535 2917 5605 ἡλιακῶν
2939 5537 3040 5588 καὶ¹
3057 5534 3375 5604 σεληνιακῶν
3398 5534 3609 5596 κύκλων
3633 5551 3838 5604 πεπραο

2296 5623 2590 5690 γμάτευται
2611 5641 2625 5653 ο
2652 5625 2784 5694 πρὸς
2815 5626 2870 5678 δὲ
2901 5628 2991 5679 καὶ
3015 5629 3067 5680 αί
3093 5627 3214 5696 περὶ
3237 5625 3421 5678 τούτου
3456 5625 3686 5694 μέθοδοι,
3711 5625 3750 5693 ἦ
3778 5640 3840 5677 τε

2297 5711 2400 5781 πρὸ
2437 5713 2588 5782 ἡμῶν
2612 5715 2902 5785 εὑρημένη,
2936 5716 3028 5768 καὶ
3053 5717 3086 5785 ἡ
3112 5713 3203 5768 νῦν
3224 5715 3311 5782 ὑφ’
3344 5714 3520 5784 ἡμῶν.
