  <div class='ocr_page' id='page_1' title='image "/cluster/home/n/w/nwhite01/storage/ocr_20150623/19/pst.000005712045/665.png"; bbox 0 0 4112 6314; ppageno 0'>
   <div class='ocr_carea' id='block_1_1' title="bbox 693 361 3892 472">
    <p class='ocr_par' dir='ltr' id='par_1_1' title="bbox 693 361 3892 472">
     <span class='ocr_line' id='line_1_1' title="bbox 693 361 3892 472; baseline 0.005 -21"><span class='ocrx_word' id='word_1_1' title='bbox 693 444 702 472; x_wconf 68' lang='lat'><strong>,</strong></span> <span class='ocrx_word' id='word_1_2' title='bbox 740 394 879 454; x_wconf 65' lang='lat'><strong>1299</strong></span> <span class='ocrx_word' id='word_1_3' title='bbox 1431 464 1440 472; x_wconf 51' lang='grc'><strong>,</strong></span> <span class='ocrx_word' id='word_1_4' title='bbox 1482 445 1484 448; x_wconf 86' lang='grc'>.</span> <span class='ocrx_word' id='word_1_5' title='bbox 1759 402 1851 458; x_wconf 78' lang='lat' dir='ltr'><strong>AD</strong></span> <span class='ocrx_word' id='word_1_6' title='bbox 1887 401 2146 459; x_wconf 80' lang='lat' dir='ltr'><strong>EUSEBll</strong></span> <span class='ocrx_word' id='word_1_7' title='bbox 2182 361 2568 462; x_wconf 70' lang='lat' dir='ltr'><strong>ennomcou</strong></span> <span class='ocrx_word' id='word_1_8' title='bbox 2605 404 2958 463; x_wconf 72' lang='lat' dir='ltr'><strong>APPENDIX,</strong></span> <span class='ocrx_word' id='word_1_9' title='bbox 3084 417 3086 420; x_wconf 51' lang='grc' dir='ltr'><strong>ν</strong></span> <span class='ocrx_word' id='word_1_10' title='bbox 3426 412 3445 442; x_wconf 74' lang='grc' dir='ltr'><strong>ι</strong></span> <span class='ocrx_word' id='word_1_11' title='bbox 3769 411 3892 467; x_wconf 75' lang='grc' dir='ltr'>ιδοο</span> 
     </span>
    </p>
   </div>
   <div class='ocr_carea' id='block_1_2' title="bbox 806 509 2430 599">
    <p class='ocr_par' dir='ltr' id='par_1_2' title="bbox 806 509 2343 593">
     <span class='ocr_line' id='line_1_2' title="bbox 806 509 2343 593; baseline 0.009 -29"><span class='ocrx_word' id='word_1_12' title='bbox 806 509 957 578; x_wconf 85' lang='lat' dir='ltr'><strong>Quod</strong></span> <span class='ocrx_word' id='word_1_13' title='bbox 979 512 1025 568; x_wconf 99' lang='lat' dir='ltr'><strong>si</strong></span> <span class='ocrx_word' id='word_1_14' title='bbox 1056 511 1179 581; x_wconf 85' lang='lat' dir='ltr'><strong>quis</strong></span> <span class='ocrx_word' id='word_1_15' title='bbox 1216 513 1446 571; x_wconf 80' lang='lat' dir='ltr'><strong>fortasse</strong></span> <span class='ocrx_word' id='word_1_16' title='bbox 1472 524 1697 586; x_wconf 66' lang='lat' dir='ltr'><strong>quaerat,</strong></span> <span class='ocrx_word' id='word_1_17' title='bbox 1730 533 1830 574; x_wconf 92' lang='lat' dir='ltr'><strong>cur</strong></span> <span class='ocrx_word' id='word_1_18' title='bbox 1864 535 1972 576; x_wconf 90' lang='lat' dir='ltr'><strong>non</strong></span> <span class='ocrx_word' id='word_1_19' title='bbox 1991 523 2268 593; x_wconf 80' lang='lat' dir='ltr'><strong>cyclOrum</strong></span> <span class='ocrx_word' id='word_1_20' title='bbox 2295 535 2343 590; x_wconf 72' lang='grc' dir='ltr'><strong>Α</strong></span> 
     </span>
    </p>
   </div>
   <div class='ocr_carea' id='block_1_3' title="bbox 2265 509 3889 599">
    <p class='ocr_par' dir='ltr' id='par_1_3' title="bbox 2265 523 3889 599">
     <span class='ocr_line' id='line_1_3' title="bbox 2265 523 3889 599; baseline 0.007 -26"><span class='ocrx_word' id='word_1_21' title='bbox 2265 543 2268 573; x_wconf 81' lang='lat' dir='ltr'>r</span> <span class='ocrx_word' id='word_1_22' title='bbox 2295 535 2343 590; x_wconf 69' lang='grc' dir='ltr'><strong>Α</strong></span> <span class='ocrx_word' id='word_1_23' title='bbox 2439 526 2547 578; x_wconf 77' lang='grc' dir='ltr'><strong>Καὶ</strong></span> <span class='ocrx_word' id='word_1_24' title='bbox 2571 525 2698 594; x_wconf 73' lang='grc' dir='ltr'>περὶ</span> <span class='ocrx_word' id='word_1_25' title='bbox 2733 523 3168 588; x_wconf 81' lang='grc' dir='ltr'>τούτωνδέείτις</span> <span class='ocrx_word' id='word_1_26' title='bbox 3199 526 3445 597; x_wconf 81' lang='grc' dir='ltr'>ἀποροίη,</span> <span class='ocrx_word' id='word_1_27' title='bbox 3465 526 3555 580; x_wconf 78' lang='grc' dir='ltr'>διὰ</span> <span class='ocrx_word' id='word_1_28' title='bbox 3572 526 3636 579; x_wconf 78' lang='grc' dir='ltr'>τὸ</span> <span class='ocrx_word' id='word_1_29' title='bbox 3658 527 3736 599; x_wconf 72' lang='grc' dir='ltr'>μὴ</span> <span class='ocrx_word' id='word_1_30' title='bbox 3762 529 3889 584; x_wconf 80' lang='grc' dir='ltr'>κατὰ</span> 
     </span>
    </p>
   </div>
   <div class='ocr_carea' id='block_1_4' title="bbox 686 604 2310 689">
    <p class='ocr_par' dir='ltr' id='par_1_4' title="bbox 686 604 2275 682">
     <span class='ocr_line' id='line_1_4' title="bbox 686 604 2275 682; baseline 0.009 -30"><span class='ocrx_word' id='word_1_31' title='bbox 686 661 690 663; x_wconf 8' lang='grc' dir='ltr'>ἒ</span> <span class='ocrx_word' id='word_1_32' title='bbox 737 614 992 656; x_wconf 87' lang='lat' dir='ltr'><strong>numeros</strong></span> <span class='ocrx_word' id='word_1_33' title='bbox 1015 604 1204 660; x_wconf 86' lang='lat' dir='ltr'><strong>ordine</strong></span> <span class='ocrx_word' id='word_1_34' title='bbox 1225 605 1694 676; x_wconf 86' lang='lat' dir='ltr'><strong>deseripserimus,</strong></span> <span class='ocrx_word' id='word_1_35' title='bbox 1725 609 1851 664; x_wconf 88' lang='lat' dir='ltr'><strong>huic</strong></span> <span class='ocrx_word' id='word_1_36' title='bbox 1877 627 1980 666; x_wconf 91' lang='lat' dir='ltr'><strong>nos</strong></span> <span class='ocrx_word' id='word_1_37' title='bbox 2014 613 2087 666; x_wconf 91' lang='lat' dir='ltr'><strong>ita</strong></span> <span class='ocrx_word' id='word_1_38' title='bbox 2124 628 2275 682; x_wconf 66' lang='lat' dir='ltr'><strong>quaa-</strong></span> 
     </span>
    </p>
   </div>
   <div class='ocr_carea' id='block_1_5' title="bbox 2264 604 3888 689">
    <p class='ocr_par' dir='ltr' id='par_1_5' title="bbox 2264 613 3888 689">
     <span class='ocr_line' id='line_1_5' title="bbox 2264 613 3888 689; baseline 0.006 -25"><span class='ocrx_word' id='word_1_39' title='bbox 2264 643 2275 657; x_wconf 88' lang='lat'><strong>-.</strong></span> <span class='ocrx_word' id='word_1_40' title='bbox 2368 613 2518 678; x_wconf 81' lang='grc' dir='ltr'>τάξιν</span> <span class='ocrx_word' id='word_1_41' title='bbox 2555 614 2765 668; x_wconf 87' lang='grc' dir='ltr'>κεῖσθαι</span> <span class='ocrx_word' id='word_1_42' title='bbox 2788 616 2913 678; x_wconf 76' lang='grc' dir='ltr'>τοὺς</span> <span class='ocrx_word' id='word_1_43' title='bbox 2940 616 3200 686; x_wconf 76' lang='grc' dir='ltr'>ἀριθμοὺς</span> <span class='ocrx_word' id='word_1_44' title='bbox 3219 617 3325 668; x_wconf 86' lang='grc' dir='ltr'><strong>τῶν</strong></span> <span class='ocrx_word' id='word_1_45' title='bbox 3346 617 3577 681; x_wconf 76' lang='grc' dir='ltr'>κύκλων,</span> <span class='ocrx_word' id='word_1_46' title='bbox 3599 620 3776 689; x_wconf 78' lang='grc' dir='ltr'>ἡμεῖς,</span> <span class='ocrx_word' id='word_1_47' title='bbox 3806 624 3888 674; x_wconf 72' lang='grc' dir='ltr'>καὶ</span> 
     </span>
    </p>
   </div>
   <div class='ocr_carea' id='block_1_6' title="bbox 689 692 2313 778">
    <p class='ocr_par' dir='ltr' id='par_1_6' title="bbox 689 692 2273 770">
     <span class='ocr_line' id='line_1_6' title="bbox 689 692 2273 770; baseline 0.008 -25"><span class='ocrx_word' id='word_1_48' title='bbox 689 699 692 702; x_wconf 76' lang='lat'><em>‘</em></span> <span class='ocrx_word' id='word_1_49' title='bbox 738 692 1407 764; x_wconf 80' lang='lat' dir='ltr'><strong>stioni‘respondebimus,</strong></span> <span class='ocrx_word' id='word_1_50' title='bbox 1434 707 1492 752; x_wconf 88' lang='lat' dir='ltr'><strong>ut</strong></span> <span class='ocrx_word' id='word_1_51' title='bbox 1542 701 1816 770; x_wconf 88' lang='lat' dir='ltr'><strong>proposita</strong></span> <span class='ocrx_word' id='word_1_52' title='bbox 1852 706 1986 758; x_wconf 89' lang='lat' dir='ltr'><strong>recti</strong></span> <span class='ocrx_word' id='word_1_53' title='bbox 2021 720 2273 758; x_wconf 89' lang='lat' dir='ltr'><strong>numero-</strong></span> 
     </span>
    </p>
   </div>
   <div class='ocr_carea' id='block_1_7' title="bbox 2264 692 3888 778">
    <p class='ocr_par' dir='ltr' id='par_1_7' title="bbox 2264 704 3888 778">
     <span class='ocr_line' id='line_1_7' title="bbox 2264 704 3888 778; baseline 0.005 -22"><span class='ocrx_word' id='word_1_54' title='bbox 2264 735 2273 746; x_wconf 90' lang='lat'><strong><em>-</em></strong></span> <span class='ocrx_word' id='word_1_55' title='bbox 2357 704 2567 776; x_wconf 72' lang='grc' dir='ltr'>’ταύτην</span> <span class='ocrx_word' id='word_1_56' title='bbox 2592 705 2804 769; x_wconf 78' lang='grc' dir='ltr'><strong>λύοντες</strong></span> <span class='ocrx_word' id='word_1_57' title='bbox 2827 707 2923 776; x_wconf 80' lang='grc' dir='ltr'><strong>τὴν</strong></span> <span class='ocrx_word' id='word_1_58' title='bbox 2939 707 3183 778; x_wconf 81' lang='grc' dir='ltr'><strong>ἀπορίαν,</strong></span> <span class='ocrx_word' id='word_1_59' title='bbox 3199 708 3436 778; x_wconf 78' lang='grc' dir='ltr'><strong>δείξομεν</strong></span> <span class='ocrx_word' id='word_1_60' title='bbox 3456 710 3548 763; x_wconf 78' lang='grc' dir='ltr'>καὶ</span> <span class='ocrx_word' id='word_1_61' title='bbox 3563 709 3630 762; x_wconf 84' lang='grc' dir='ltr'>δι’</span> <span class='ocrx_word' id='word_1_62' title='bbox 3643 709 3888 774; x_wconf 83' lang='grc' dir='ltr'>ἐκθέσεως</span> 
     </span>
    </p>
   </div>
   <div class='ocr_carea' id='block_1_8' title="bbox 735 784 2359 872">
    <p class='ocr_par' dir='ltr' id='par_1_8' title="bbox 735 784 2271 854">
     <span class='ocr_line' id='line_1_8' title="bbox 735 784 2271 854; baseline 0.01 -20"><span class='ocrx_word' id='word_1_63' title='bbox 735 795 858 836; x_wconf 87' lang='lat' dir='ltr'><strong>rum</strong></span> <span class='ocrx_word' id='word_1_64' title='bbox 897 784 1106 841; x_wconf 77' lang='lat' dir='ltr'><strong>ordinis</strong></span> <span class='ocrx_word' id='word_1_65' title='bbox 1135 785 1330 840; x_wconf 87' lang='lat' dir='ltr'><strong>tabella</strong></span> <span class='ocrx_word' id='word_1_66' title='bbox 1371 795 1602 854; x_wconf 86' lang='lat' dir='ltr'><strong>constet,</strong></span> <span class='ocrx_word' id='word_1_67' title='bbox 1634 791 1768 844; x_wconf 87' lang='lat' dir='ltr'><strong>nihil</strong></span> <span class='ocrx_word' id='word_1_68' title='bbox 1819 791 1958 846; x_wconf 87' lang='lat' dir='ltr'><strong>hanc</strong></span> <span class='ocrx_word' id='word_1_69' title='bbox 2005 795 2073 847; x_wconf 88' lang='lat' dir='ltr'><strong>ab</strong></span> <span class='ocrx_word' id='word_1_70' title='bbox 2105 795 2271 850; x_wconf 88' lang='lat' dir='ltr'><strong>altera</strong></span> 
     </span>
    </p>
   </div>
   <div class='ocr_carea' id='block_1_9' title="bbox 2263 784 3887 872">
    <p class='ocr_par' dir='ltr' id='par_1_9' title="bbox 2263 796 3887 872">
     <span class='ocr_line' id='line_1_9' title="bbox 2263 796 3887 872; baseline 0.002 -22"><span class='ocrx_word' id='word_1_71' title='bbox 2263 815 2271 850; x_wconf 87' lang='grc' dir='ltr'><strong>ι</strong></span> <span class='ocrx_word' id='word_1_72' title='bbox 2366 797 2516 872; x_wconf 66' lang='grc' dir='ltr'>τάξιν</span> <span class='ocrx_word' id='word_1_73' title='bbox 2536 796 2759 866; x_wconf 81' lang='grc' dir='ltr'>ἐχούσης</span> <span class='ocrx_word' id='word_1_74' title='bbox 2791 799 2955 868; x_wconf 83' lang='grc' dir='ltr'>μηδὲν</span> <span class='ocrx_word' id='word_1_75' title='bbox 2981 798 3249 868; x_wconf 82' lang='grc' dir='ltr'><strong>διαφέρειν</strong></span> <span class='ocrx_word' id='word_1_76' title='bbox 3279 800 3488 870; x_wconf 77' lang='grc' dir='ltr'><strong>ἐκείνης</strong></span> <span class='ocrx_word' id='word_1_77' title='bbox 3522 802 3621 870; x_wconf 80' lang='grc' dir='ltr'><strong>τῆς</strong></span> <span class='ocrx_word' id='word_1_78' title='bbox 3645 817 3887 872; x_wconf 80' lang='grc' dir='ltr'>συγκεχυ-</span> 
     </span>
    </p>
   </div>
   <div class='ocr_carea' id='block_1_10' title="bbox 734 872 2358 963">
    <p class='ocr_par' dir='ltr' id='par_1_10' title="bbox 734 872 2289 945">
     <span class='ocr_line' id='line_1_10' title="bbox 734 872 2289 945; baseline 0.008 -19"><span class='ocrx_word' id='word_1_79' title='bbox 734 872 972 937; x_wconf 81' lang='lat' dir='ltr'><strong>din‘erre,</strong></span> <span class='ocrx_word' id='word_1_80' title='bbox 995 889 1116 944; x_wconf 76' lang='lat' dir='ltr'><strong>qua:</strong></span> <span class='ocrx_word' id='word_1_81' title='bbox 1147 877 1491 945; x_wconf 89' lang='lat' dir='ltr'><strong>perturbatos</strong></span> <span class='ocrx_word' id='word_1_82' title='bbox 1522 879 1740 936; x_wconf 87' lang='lat' dir='ltr'><strong>eosdem</strong></span> <span class='ocrx_word' id='word_1_83' title='bbox 1769 883 2029 938; x_wconf 81' lang='lat' dir='ltr'><strong>continet.</strong></span> <span class='ocrx_word' id='word_1_84' title='bbox 2061 882 2289 938; x_wconf 86' lang='lat' dir='ltr'><strong>Descri--</strong></span> 
     </span>
    </p>
   </div>
   <div class='ocr_carea' id='block_1_11' title="bbox 2263 872 3887 963">
    <p class='ocr_par' dir='ltr' id='par_1_11' title="bbox 2263 872 3887 963">
     <span class='ocr_line' id='line_1_11' title="bbox 2263 872 3887 963; baseline 0.005 -26"><span class='ocrx_word' id='word_1_85' title='bbox 2263 914 2289 930; x_wconf 89' lang='lat'><strong><em>--</em></strong></span> <span class='ocrx_word' id='word_1_86' title='bbox 2373 872 2556 960; x_wconf 53' lang='grc' dir='ltr'>μένης.</span> <span class='ocrx_word' id='word_1_87' title='bbox 2635 888 2929 941; x_wconf 79' lang='grc' dir='ltr'><strong>Ἐκκείσθω</strong></span> <span class='ocrx_word' id='word_1_88' title='bbox 2976 889 3082 959; x_wconf 80' lang='grc' dir='ltr'><strong>γὰρ</strong></span> <span class='ocrx_word' id='word_1_89' title='bbox 3127 890 3370 942; x_wconf 78' lang='grc' dir='ltr'><strong>ἐνταυθοῖ</strong></span> <span class='ocrx_word' id='word_1_90' title='bbox 3412 893 3488 943; x_wconf 84' lang='grc' dir='ltr'>-ἐν</span> <span class='ocrx_word' id='word_1_91' title='bbox 3531 895 3887 963; x_wconf 75' lang='grc' dir='ltr'><strong>καταγραφαῖς</strong></span> 
     </span>
    </p>
   </div>
   <div class='ocr_carea' id='block_1_12' title="bbox 733 961 2357 1053">
    <p class='ocr_par' dir='ltr' id='par_1_12' title="bbox 733 961 2266 1048">
     <span class='ocr_line' id='line_1_12' title="bbox 733 961 2266 1048; baseline 0.007 -32"><span class='ocrx_word' id='word_1_92' title='bbox 733 961 932 1017; x_wconf 79' lang='lat' dir='ltr'><strong>bantur</strong></span> <span class='ocrx_word' id='word_1_93' title='bbox 958 964 1102 1018; x_wconf 91' lang='lat' dir='ltr'><strong>enim</strong></span> <span class='ocrx_word' id='word_1_94' title='bbox 1131 965 1233 1048; x_wconf 80' lang='lat' dir='ltr'><strong>hoc</strong></span> <span class='ocrx_word' id='word_1_95' title='bbox 1272 966 1391 1022; x_wconf 90' lang='lat' dir='ltr'><strong>loco</strong></span> <span class='ocrx_word' id='word_1_96' title='bbox 1425 967 1628 1037; x_wconf 83' lang='lat' dir='ltr'><strong>duplici</strong></span> <span class='ocrx_word' id='word_1_97' title='bbox 1666 969 1722 1023; x_wconf 92' lang='lat' dir='ltr'><strong>in</strong></span> <span class='ocrx_word' id='word_1_98' title='bbox 1777 971 1989 1034; x_wconf 83' lang='lat' dir='ltr'><strong>tabella,</strong></span> <span class='ocrx_word' id='word_1_99' title='bbox 2036 973 2266 1041; x_wconf 87' lang='lat' dir='ltr'><strong>primum</strong></span> 
     </span>
    </p>
   </div>
   <div class='ocr_carea' id='block_1_13' title="bbox 2259 961 3883 1053">
    <p class='ocr_par' dir='ltr' id='par_1_13' title="bbox 2259 961 3883 1053">
     <span class='ocr_line' id='line_1_13' title="bbox 2259 961 3883 1053; baseline 0.005 -27"><span class='ocrx_word' id='word_1_100' title='bbox 2259 989 2266 1026; x_wconf 97' lang='lat' dir='ltr'><strong>I</strong></span> <span class='ocrx_word' id='word_1_101' title='bbox 2371 975 2579 1045; x_wconf 84' lang='grc' dir='ltr'>πρῶτον</span> <span class='ocrx_word' id='word_1_102' title='bbox 2611 968 2710 1046; x_wconf 86' lang='grc' dir='ltr'><strong>μέν</strong></span> <span class='ocrx_word' id='word_1_103' title='bbox 2759 979 2793 1046; x_wconf 88' lang='grc' dir='ltr'>ή</span> <span class='ocrx_word' id='word_1_104' title='bbox 2823 979 2878 1028; x_wconf 89' lang='grc' dir='ltr'><strong>ἐν</strong></span> <span class='ocrx_word' id='word_1_105' title='bbox 2908 977 2986 1046; x_wconf 82' lang='grc' dir='ltr'>τῷ</span> <span class='ocrx_word' id='word_1_106' title='bbox 3011 979 3278 1049; x_wconf 80' lang='grc' dir='ltr'><strong>εἰρημένῳ</strong></span> <span class='ocrx_word' id='word_1_107' title='bbox 3314 978 3537 1049; x_wconf 86' lang='grc' dir='ltr'>κανονίῳ</span> <span class='ocrx_word' id='word_1_108' title='bbox 3566 961 3883 1053; x_wconf 82' lang='grc' dir='ltr'>συγκεχυμέ-</span> 
     </span>
    </p>
   </div>
   <div class='ocr_carea' id='block_1_14' title="bbox 733 1049 2357 1139">
    <p class='ocr_par' dir='ltr' id='par_1_14' title="bbox 733 1049 2337 1126">
     <span class='ocr_line' id='line_1_14' title="bbox 733 1049 2337 1126; baseline 0.011 -24"><span class='ocrx_word' id='word_1_109' title='bbox 733 1049 942 1118; x_wconf 89' lang='lat' dir='ltr'><strong>ordine,</strong></span> <span class='ocrx_word' id='word_1_110' title='bbox 964 1058 1022 1107; x_wconf 90' lang='lat' dir='ltr'><strong>ut</strong></span> <span class='ocrx_word' id='word_1_111' title='bbox 1041 1051 1096 1106; x_wconf 87' lang='lat' dir='ltr'><strong>in</strong></span> <span class='ocrx_word' id='word_1_112' title='bbox 1115 1055 1393 1123; x_wconf 87' lang='lat' dir='ltr'><strong>superiore</strong></span> <span class='ocrx_word' id='word_1_113' title='bbox 1424 1056 1702 1124; x_wconf 88' lang='lat' dir='ltr'><strong>laterculo,</strong></span> <span class='ocrx_word' id='word_1_114' title='bbox 1733 1059 1995 1126; x_wconf 80' lang='lat' dir='ltr'><strong>confuso;</strong></span> <span class='ocrx_word' id='word_1_115' title='bbox 2023 1070 2135 1116; x_wconf 91' lang='lat' dir='ltr'><strong>tum</strong></span> <span class='ocrx_word' id='word_1_116' title='bbox 2183 1079 2267 1118; x_wconf 81' lang='lat' dir='ltr'><strong>re-</strong></span> <span class='ocrx_word' id='word_1_117' title='bbox 2330 1084 2337 1087; x_wconf 91' lang='grc'>·</span> 
     </span>
    </p>
   </div>
   <div class='ocr_carea' id='block_1_15' title="bbox 2258 1049 3882 1139">
    <p class='ocr_par' dir='ltr' id='par_1_15' title="bbox 2258 1049 3882 1139">
     <span class='ocr_line' id='line_1_15' title="bbox 2258 1049 3882 1139; baseline 0.004 -24"><span class='ocrx_word' id='word_1_118' title='bbox 2258 1093 2267 1104; x_wconf 89' lang='lat'><strong><em>-</em></strong></span> <span class='ocrx_word' id='word_1_119' title='bbox 2330 1084 2337 1087; x_wconf 84' lang='grc'><strong>-</strong></span> <span class='ocrx_word' id='word_1_120' title='bbox 2370 1080 2474 1126; x_wconf 89' lang='grc' dir='ltr'><strong>νως</strong></span> <span class='ocrx_word' id='word_1_121' title='bbox 2508 1066 2817 1136; x_wconf 75' lang='grc' dir='ltr'>ἐκκειμένη,</span> <span class='ocrx_word' id='word_1_122' title='bbox 2848 1067 3034 1121; x_wconf 76' lang='grc' dir='ltr'>ἔπειτα</span> <span class='ocrx_word' id='word_1_123' title='bbox 3061 1068 3117 1122; x_wconf 85' lang='grc' dir='ltr'><strong>δέ</strong></span> <span class='ocrx_word' id='word_1_124' title='bbox 3143 1071 3176 1139; x_wconf 81' lang='grc' dir='ltr'>ἡ</span> <span class='ocrx_word' id='word_1_125' title='bbox 3209 1068 3507 1133; x_wconf 73' lang='grc' dir='ltr'><strong>εὐτάκτως·</strong></span> <span class='ocrx_word' id='word_1_126' title='bbox 3543 1071 3637 1122; x_wconf 77' lang='grc' dir='ltr'><strong>καὶ</strong></span> <span class='ocrx_word' id='word_1_127' title='bbox 3667 1049 3882 1124; x_wconf 73' lang='grc' dir='ltr'>εστωσαν</span> 
     </span>
    </p>
   </div>
   <div class='ocr_carea' id='block_1_16' title="bbox 693 1141 2317 1215">
    <p class='ocr_par' dir='ltr' id='par_1_16' title="bbox 693 1141 2165 1215">
     <span class='ocr_line' id='line_1_16' title="bbox 693 1141 2165 1215; baseline 0.009 -22"><span class='ocrx_word' id='word_1_128' title='bbox 693 1141 700 1145; x_wconf 83' lang='grc'><strong>’</strong></span> <span class='ocrx_word' id='word_1_129' title='bbox 733 1147 823 1195; x_wconf 87' lang='lat' dir='ltr'><strong>cto</strong></span> <span class='ocrx_word' id='word_1_130' title='bbox 848 1159 863 1195; x_wconf 91' lang='lat'><strong>:</strong></span> <span class='ocrx_word' id='word_1_131' title='bbox 888 1155 951 1195; x_wconf 87' lang='lat' dir='ltr'><strong>ac</strong></span> <span class='ocrx_word' id='word_1_132' title='bbox 979 1141 1087 1199; x_wconf 88' lang='lat' dir='ltr'><strong>sint</strong></span> <span class='ocrx_word' id='word_1_133' title='bbox 1103 1144 1390 1215; x_wconf 82' lang='lat' dir='ltr'><strong>ejusmodi.</strong></span> <span class='ocrx_word' id='word_1_134' title='bbox 2155 1175 2165 1180; x_wconf 52' lang='grc' dir='ltr'><strong>λη</strong></span> 
     </span>
    </p>
   </div>
   <div class='ocr_carea' id='block_1_17' title="bbox 936 1141 2560 1215">
    <p class='ocr_par' dir='ltr' id='par_1_17' title="bbox 936 1141 2560 1215">
     <span class='ocr_line' id='line_1_17' title="bbox 936 1141 2560 1215; baseline 0.007 -20"><span class='ocrx_word' id='word_1_135' title='bbox 936 1155 951 1195; x_wconf 77' lang='lat'><strong>3</strong></span> <span class='ocrx_word' id='word_1_136' title='bbox 979 1141 1087 1199; x_wconf 89' lang='lat' dir='ltr'><strong>sint</strong></span> <span class='ocrx_word' id='word_1_137' title='bbox 1103 1144 1390 1215; x_wconf 83' lang='lat' dir='ltr'><strong>ejusmodi.</strong></span> <span class='ocrx_word' id='word_1_138' title='bbox 2155 1175 2165 1180; x_wconf 52' lang='grc' dir='ltr'><strong>λη</strong></span> <span class='ocrx_word' id='word_1_139' title='bbox 2369 1151 2526 1210; x_wconf 74' lang='grc' dir='ltr'>αὗται</span> <span class='ocrx_word' id='word_1_140' title='bbox 2545 1172 2560 1189; x_wconf 89' lang='grc'>·</span> 
     </span>
    </p>
   </div>
   <div class='ocr_carea' id='block_1_18' title="bbox 2096 1275 2542 1376">
    <p class='ocr_par' dir='ltr' id='par_1_18' title="bbox 2096 1275 2542 1376">
     <span class='ocr_line' id='line_1_18' title="bbox 2096 1275 2542 1376; baseline 0.007 -21"><span class='ocrx_word' id='word_1_141' title='bbox 2096 1302 2152 1355; x_wconf 81' lang='grc' dir='ltr'><strong>Δ⁹</strong></span> <span class='ocrx_word' id='word_1_142' title='bbox 2188 1275 2542 1376; x_wconf 70' lang='grc' dir='ltr'><strong>Καταγραφή.</strong></span> 
     </span>
    </p>
   </div>
   <div class='ocr_carea' id='block_1_19' title="bbox 1655 1404 2982 1481">
    <p class='ocr_par' dir='ltr' id='par_1_19' title="bbox 1655 1404 2982 1481">
     <span class='ocr_line' id='line_1_19' title="bbox 1655 1404 2982 1481; baseline 0.008 -25"><span class='ocrx_word' id='word_1_143' title='bbox 1655 1404 2982 1481; x_wconf 77' lang='grc' dir='ltr'><strong>α’β’γ’θίἐ¹ς-’</strong></span> 
     </span>
    </p>
   </div>
   <div class='ocr_carea' id='block_1_20' title="bbox 1660 1493 2991 1573">
    <p class='ocr_par' dir='ltr' id='par_1_20' title="bbox 1660 1493 2991 1573">
     <span class='ocr_line' id='line_1_20' title="bbox 1660 1493 2991 1573; baseline 0.009 -28"><span class='ocrx_word' id='word_1_144' title='bbox 1660 1493 1707 1557; x_wconf 72' lang='grc' dir='ltr'>ς’</span> <span class='ocrx_word' id='word_1_145' title='bbox 1849 1501 1918 1563; x_wconf 73' lang='grc' dir='ltr'>ιγ</span> <span class='ocrx_word' id='word_1_146' title='bbox 2055 1504 2132 1548; x_wconf 84' lang='grc' dir='ltr'><strong>κε’</strong></span> <span class='ocrx_word' id='word_1_147' title='bbox 2283 1503 2343 1549; x_wconf 82' lang='grc' dir='ltr'>ιε’</span> <span class='ocrx_word' id='word_1_148' title='bbox 2490 1507 2574 1553; x_wconf 88' lang='grc' dir='ltr'><strong>κα¹</strong></span> <span class='ocrx_word' id='word_1_149' title='bbox 2705 1502 2787 1572; x_wconf 81' lang='grc' dir='ltr'><strong>κβ⁷</strong></span> <span class='ocrx_word' id='word_1_150' title='bbox 2929 1508 2991 1573; x_wconf 78' lang='grc' dir='ltr'><strong>ιζ’</strong></span> 
     </span>
    </p>
   </div>
   <div class='ocr_carea' id='block_1_21' title="bbox 1649 1585 3004 1668">
    <p class='ocr_par' dir='ltr' id='par_1_21' title="bbox 1649 1585 3004 1668">
     <span class='ocr_line' id='line_1_21' title="bbox 1649 1585 3004 1668; baseline 0.003 -30"><span class='ocrx_word' id='word_1_151' title='bbox 1649 1591 1719 1655; x_wconf 83' lang='grc' dir='ltr'>ιη’</span> <span class='ocrx_word' id='word_1_152' title='bbox 1799 1647 1801 1651; x_wconf 26' lang='grc' dir='ltr'><strong><em>λ</em></strong></span> <span class='ocrx_word' id='word_1_153' title='bbox 1857 1585 1923 1639; x_wconf 86' lang='grc' dir='ltr'>ιθ¹</span> <span class='ocrx_word' id='word_1_154' title='bbox 2071 1587 2158 1640; x_wconf 72' lang='grc' dir='ltr'>ιδ”</span> <span class='ocrx_word' id='word_1_155' title='bbox 2261 1596 2349 1654; x_wconf 77' lang='grc' dir='ltr'>κς¹</span> <span class='ocrx_word' id='word_1_156' title='bbox 2499 1591 2579 1654; x_wconf 74' lang='grc' dir='ltr'><strong>κζ’</strong></span> <span class='ocrx_word' id='word_1_157' title='bbox 2726 1603 2793 1648; x_wconf 60' lang='grc' dir='ltr'>ια(</span> <span class='ocrx_word' id='word_1_158' title='bbox 2921 1607 3004 1668; x_wconf 75' lang='grc' dir='ltr'><strong>κγ’</strong></span> 
     </span>
    </p>
   </div>
   <div class='ocr_carea' id='block_1_22' title="bbox 1651 1676 3002 1764">
    <p class='ocr_par' dir='ltr' id='par_1_22' title="bbox 1651 1676 3002 1764">
     <span class='ocr_line' id='line_1_22' title="bbox 1651 1676 3002 1764; baseline 0.009 -34"><span class='ocrx_word' id='word_1_159' title='bbox 1651 1676 1716 1746; x_wconf 65' lang='grc' dir='ltr'><strong>ιβ’</strong></span> <span class='ocrx_word' id='word_1_160' title='bbox 1854 1679 1929 1732; x_wconf 65' lang='grc' dir='ltr'><strong>κδ</strong></span> <span class='ocrx_word' id='word_1_161' title='bbox 2080 1686 2129 1750; x_wconf 81' lang='grc' dir='ltr'>η’</span> <span class='ocrx_word' id='word_1_162' title='bbox 2289 1688 2338 1736; x_wconf 86' lang='grc' dir='ltr'><strong>κ’</strong></span> <span class='ocrx_word' id='word_1_163' title='bbox 2513 1685 2554 1738; x_wconf 82' lang='grc' dir='ltr'>δ’</span> <span class='ocrx_word' id='word_1_164' title='bbox 2645 1711 2650 1715; x_wconf 62' lang='grc' dir='ltr'><strong>ε</strong></span> <span class='ocrx_word' id='word_1_165' title='bbox 2720 1696 2792 1753; x_wconf 75' lang='grc' dir='ltr'>ις’</span> <span class='ocrx_word' id='word_1_166' title='bbox 2920 1700 3002 1764; x_wconf 78' lang='grc' dir='ltr'><strong>κη’</strong></span> 
     </span>
    </p>
   </div>
   <div class='ocr_carea' id='block_1_23' title="bbox 2093 1779 2948 1868">
    <p class='ocr_par' dir='ltr' id='par_1_23' title="bbox 2093 1779 2948 1868">
     <span class='ocr_line' id='line_1_23' title="bbox 2093 1779 2948 1868; baseline 0.011 -24"><span class='ocrx_word' id='word_1_167' title='bbox 2093 1790 2150 1844; x_wconf 88' lang='lat' dir='ltr'><strong>B&#39;</strong></span> <span class='ocrx_word' id='word_1_168' title='bbox 2183 1793 2537 1868; x_wconf 79' lang='grc' dir='ltr'><strong>Καταγραφή.</strong></span> <span class='ocrx_word' id='word_1_169' title='bbox 2946 1779 2948 1782; x_wconf 11' lang='grc' dir='ltr'>ν</span> 
     </span>
    </p>
   </div>
   <div class='ocr_carea' id='block_1_24' title="bbox 1635 1893 3003 1983">
    <p class='ocr_par' dir='ltr' id='par_1_24' title="bbox 1635 1893 3003 1983">
     <span class='ocr_line' id='line_1_24' title="bbox 1635 1893 3003 1983; baseline 0.008 -11"><span class='ocrx_word' id='word_1_170' title='bbox 1635 1893 1917 1975; x_wconf 49' lang='grc' dir='ltr'><strong>’ἀτί-β’</strong></span> <span class='ocrx_word' id='word_1_171' title='bbox 2065 1912 2112 1973; x_wconf 68' lang='grc' dir='ltr'><strong><em>τ’</em></strong></span> <span class='ocrx_word' id='word_1_172' title='bbox 2509 1909 2554 1963; x_wconf 61' lang='grc' dir='ltr'><strong>εν</strong></span> <span class='ocrx_word' id='word_1_173' title='bbox 2741 1921 2780 1966; x_wconf 76' lang='grc' dir='ltr'><strong>έ</strong></span> <span class='ocrx_word' id='word_1_174' title='bbox 2951 1922 3003 1983; x_wconf 73' lang='grc' dir='ltr'><strong>ςυ</strong></span> 
     </span>
    </p>
   </div>
   <div class='ocr_carea' id='block_1_25' title="bbox 1663 1993 2784 2066">
    <p class='ocr_par' dir='ltr' id='par_1_25' title="bbox 1663 1993 2784 2066">
     <span class='ocr_line' id='line_1_25' title="bbox 1663 1993 2784 2066; baseline 0.012 -21"><span class='ocrx_word' id='word_1_175' title='bbox 1663 1993 1710 2059; x_wconf 77' lang='grc' dir='ltr'><strong>ζ’</strong></span> <span class='ocrx_word' id='word_1_176' title='bbox 2068 2002 2116 2066; x_wconf 86' lang='grc' dir='ltr'>η’</span> <span class='ocrx_word' id='word_1_177' title='bbox 2135 2010 2137 2014; x_wconf 75' lang='lat'><em>‘</em></span> <span class='ocrx_word' id='word_1_178' title='bbox 2276 1996 2320 2049; x_wconf 84' lang='grc' dir='ltr'>θ’</span> <span class='ocrx_word' id='word_1_179' title='bbox 2509 2037 2528 2054; x_wconf 89' lang='grc'><strong>.</strong></span> <span class='ocrx_word' id='word_1_180' title='bbox 2721 2009 2784 2058; x_wconf 73' lang='lat' dir='ltr'><strong>ta‘</strong></span> 
     </span>
    </p>
   </div>
   <div class='ocr_carea' id='block_1_26' title="bbox 1643 2079 2988 2168">
    <p class='ocr_par' dir='ltr' id='par_1_26' title="bbox 1643 2079 2988 2168">
     <span class='ocr_line' id='line_1_26' title="bbox 1643 2079 2988 2168; baseline 0.001 -30"><span class='ocrx_word' id='word_1_181' title='bbox 1643 2086 1712 2168; x_wconf 82' lang='grc' dir='ltr'><strong>ιβ’</strong></span> <span class='ocrx_word' id='word_1_182' title='bbox 1853 2093 1919 2152; x_wconf 82' lang='grc' dir='ltr'>ιγ’</span> <span class='ocrx_word' id='word_1_183' title='bbox 2053 2085 2110 2141; x_wconf 63' lang='grc' dir='ltr'>ιδῗ</span> <span class='ocrx_word' id='word_1_184' title='bbox 2239 2079 2312 2138; x_wconf 81' lang='grc' dir='ltr'>ιε’</span> <span class='ocrx_word' id='word_1_185' title='bbox 2713 2103 2786 2160; x_wconf 60' lang='grc' dir='ltr'><strong>ις(</strong></span> <span class='ocrx_word' id='word_1_186' title='bbox 2926 2102 2988 2167; x_wconf 63' lang='grc' dir='ltr'><strong>ις’</strong></span> 
     </span>
    </p>
   </div>
   <div class='ocr_carea' id='block_1_27' title="bbox 1636 2174 2998 2258">
    <p class='ocr_par' dir='ltr' id='par_1_27' title="bbox 1636 2174 2998 2258">
     <span class='ocr_line' id='line_1_27' title="bbox 1636 2174 2998 2258; baseline 0.007 -29"><span class='ocrx_word' id='word_1_187' title='bbox 1636 2183 1704 2247; x_wconf 79' lang='grc' dir='ltr'>ιη’</span> <span class='ocrx_word' id='word_1_188' title='bbox 1848 2174 1912 2226; x_wconf 80' lang='grc' dir='ltr'>ιθ¹</span> <span class='ocrx_word' id='word_1_189' title='bbox 2266 2181 2315 2228; x_wconf 89' lang='grc' dir='ltr'>κ’</span> <span class='ocrx_word' id='word_1_190' title='bbox 2468 2187 2550 2232; x_wconf 86' lang='grc' dir='ltr'><strong>κα¹</strong></span> <span class='ocrx_word' id='word_1_191' title='bbox 2699 2185 2782 2255; x_wconf 80' lang='grc' dir='ltr'><strong>κβ⁹</strong></span> <span class='ocrx_word' id='word_1_192' title='bbox 2916 2199 2998 2258; x_wconf 81' lang='grc' dir='ltr'><strong>κγ’</strong></span> 
     </span>
    </p>
   </div>
   <div class='ocr_carea' id='block_1_28' title="bbox 1843 2265 3006 2353">
    <p class='ocr_par' dir='ltr' id='par_1_28' title="bbox 1843 2265 3006 2353">
     <span class='ocr_line' id='line_1_28' title="bbox 1843 2265 3006 2353; baseline 0.009 -35"><span class='ocrx_word' id='word_1_193' title='bbox 1843 2265 1919 2318; x_wconf 84' lang='grc' dir='ltr'><strong>κδ’</strong></span> <span class='ocrx_word' id='word_1_194' title='bbox 2049 2271 2124 2319; x_wconf 82' lang='grc' dir='ltr'>κε’</span> <span class='ocrx_word' id='word_1_195' title='bbox 2253 2273 2344 2330; x_wconf 79' lang='grc' dir='ltr'>κς¹</span> <span class='ocrx_word' id='word_1_196' title='bbox 2407 2309 2422 2331; x_wconf 46' lang='grc' dir='ltr'>κ</span> <span class='ocrx_word' id='word_1_197' title='bbox 2465 2271 2543 2334; x_wconf 78' lang='grc' dir='ltr'><strong>κζ’</strong></span> <span class='ocrx_word' id='word_1_198' title='bbox 2921 2289 3006 2353; x_wconf 82' lang='grc' dir='ltr'>κη’</span> 
     </span>
    </p>
   </div>
   <div class='ocr_carea' id='block_1_29' title="bbox 787 2399 3877 2516">
    <p class='ocr_par' dir='ltr' id='par_1_29' title="bbox 787 2399 3877 2516">
     <span class='ocr_line' id='line_1_29' title="bbox 787 2399 3877 2516; baseline 0.006 -38"><span class='ocrx_word' id='word_1_199' title='bbox 787 2399 1428 2496; x_wconf 59' lang='grc' dir='ltr'>Αιιίιιιαιίνθηειιοίεἰιιπ</span> <span class='ocrx_word' id='word_1_200' title='bbox 1454 2406 1691 2493; x_wconf 71' lang='lat' dir='ltr'><strong>oportét,</strong></span> <span class='ocrx_word' id='word_1_201' title='bbox 1719 2417 2168 2516; x_wconf 71' lang='lat' dir='ltr'><strong>quemadmOdum</strong></span> <span class='ocrx_word' id='word_1_202' title='bbox 2201 2417 2256 2471; x_wconf 81' lang='lat' dir='ltr'><strong>in</strong></span> <span class='ocrx_word' id='word_1_203' title='bbox 2285 2411 2329 2478; x_wconf 82' lang='grc' dir='ltr'><strong>Β</strong></span> <span class='ocrx_word' id='word_1_204' title='bbox 2412 2423 2693 2480; x_wconf 82' lang='grc' dir='ltr'>-Σκεπτέον</span> <span class='ocrx_word' id='word_1_205' title='bbox 2747 2431 2942 2497; x_wconf 83' lang='grc' dir='ltr'><strong>τοίνυν,</strong></span> <span class='ocrx_word' id='word_1_206' title='bbox 2972 2435 3048 2499; x_wconf 82' lang='grc' dir='ltr'>ὡς</span> <span class='ocrx_word' id='word_1_207' title='bbox 3080 2435 3138 2490; x_wconf 88' lang='grc' dir='ltr'><strong>ἐν</strong></span> <span class='ocrx_word' id='word_1_208' title='bbox 3164 2441 3229 2510; x_wconf 79' lang='grc' dir='ltr'>τῇ</span> <span class='ocrx_word' id='word_1_209' title='bbox 3285 2439 3511 2513; x_wconf 78' lang='grc' dir='ltr'><strong>δευτέρᾳ</strong></span> <span class='ocrx_word' id='word_1_210' title='bbox 3551 2448 3877 2516; x_wconf 75' lang='grc' dir='ltr'>καταγραφῇ,</span> 
     </span>
    </p>
   </div>
   <div class='ocr_carea' id='block_1_30' title="bbox 719 2499 2260 2580">
    <p class='ocr_par' dir='ltr' id='par_1_30' title="bbox 719 2499 2260 2580">
     <span class='ocr_line' id='line_1_30' title="bbox 719 2499 2260 2580; baseline -0.007 -10"><span class='ocrx_word' id='word_1_211' title='bbox 719 2513 959 2570; x_wconf 76' lang='lat' dir='ltr'><strong>secunda</strong></span> <span class='ocrx_word' id='word_1_212' title='bbox 989 2512 1193 2576; x_wconf 88' lang='lat' dir='ltr'><strong>tabula,</strong></span> <span class='ocrx_word' id='word_1_213' title='bbox 1221 2526 1342 2580; x_wconf 69' lang='lat' dir='ltr'><strong>qua:</strong></span> <span class='ocrx_word' id='word_1_214' title='bbox 1365 2509 1643 2566; x_wconf 88' lang='lat' dir='ltr'><strong>ordinatos</strong></span> <span class='ocrx_word' id='word_1_215' title='bbox 1670 2509 1828 2564; x_wconf 77' lang='lat' dir='ltr'><strong>habet</strong></span> <span class='ocrx_word' id='word_1_216' title='bbox 1863 2499 2139 2579; x_wconf 74' lang='lat' dir='ltr'><strong>cyclorum</strong></span> <span class='ocrx_word' id='word_1_217' title='bbox 2158 2522 2260 2560; x_wconf 90' lang='lat' dir='ltr'><strong>nu-</strong></span> 
     </span>
    </p>
   </div>
   <div class='ocr_carea' id='block_1_31' title="bbox 719 2601 2262 2674">
    <p class='ocr_par' dir='ltr' id='par_1_31' title="bbox 719 2601 2262 2674">
     <span class='ocr_line' id='line_1_31' title="bbox 719 2601 2262 2674; baseline -0.004 -16"><span class='ocrx_word' id='word_1_218' title='bbox 719 2619 900 2661; x_wconf 88' lang='lat' dir='ltr'><strong>meros</strong></span> <span class='ocrx_word' id='word_1_219' title='bbox 923 2643 939 2668; x_wconf 94' lang='lat'><strong>,</strong></span> <span class='ocrx_word' id='word_1_220' title='bbox 986 2613 1182 2674; x_wconf 81' lang='lat' dir='ltr'><strong>quarta</strong></span> <span class='ocrx_word' id='word_1_221' title='bbox 1223 2618 1449 2674; x_wconf 65' lang='lat' dir='ltr'><strong>quaeque</strong></span> <span class='ocrx_word' id='word_1_222' title='bbox 1481 2602 1660 2658; x_wconf 81' lang='lat' dir='ltr'><strong>areola</strong></span> <span class='ocrx_word' id='word_1_223' title='bbox 1695 2601 2134 2656; x_wconf 78' lang='lat' dir='ltr'><strong>numerisvaeua</strong></span> <span class='ocrx_word' id='word_1_224' title='bbox 2175 2612 2262 2653; x_wconf 88' lang='lat' dir='ltr'><strong>re-</strong></span> 
     </span>
    </p>
   </div>
   <div class='ocr_carea' id='block_1_32' title="bbox 717 2695 2264 2766">
    <p class='ocr_par' dir='ltr' id='par_1_32' title="bbox 717 2695 2264 2766">
     <span class='ocr_line' id='line_1_32' title="bbox 717 2695 2264 2766; baseline -0.005 -16"><span class='ocrx_word' id='word_1_225' title='bbox 717 2696 845 2750; x_wconf 80' lang='lat' dir='ltr'><strong>licta</strong></span> <span class='ocrx_word' id='word_1_226' title='bbox 871 2695 945 2752; x_wconf 84' lang='lat' dir='ltr'><strong>sit</strong></span> <span class='ocrx_word' id='word_1_227' title='bbox 985 2711 999 2746; x_wconf 93' lang='lat'><strong>:</strong></span> <span class='ocrx_word' id='word_1_228' title='bbox 1039 2711 1158 2766; x_wconf 68' lang='lat' dir='ltr'><strong>qua</strong></span> <span class='ocrx_word' id='word_1_229' title='bbox 1189 2710 1277 2751; x_wconf 89' lang='lat' dir='ltr'><strong>res</strong></span> <span class='ocrx_word' id='word_1_230' title='bbox 1311 2695 1533 2759; x_wconf 84' lang='lat' dir='ltr'><strong>indicat,</strong></span> <span class='ocrx_word' id='word_1_231' title='bbox 1563 2699 1688 2762; x_wconf 90' lang='lat' dir='ltr'><strong>post</strong></span> <span class='ocrx_word' id='word_1_232' title='bbox 1707 2706 1879 2746; x_wconf 87' lang='lat' dir='ltr'><strong>annos</strong></span> <span class='ocrx_word' id='word_1_233' title='bbox 1909 2696 2145 2763; x_wconf 84' lang='lat' dir='ltr'><strong>quatuor</strong></span> <span class='ocrx_word' id='word_1_234' title='bbox 2167 2703 2264 2743; x_wconf 87' lang='lat' dir='ltr'><strong>an-</strong></span> 
     </span>
    </p>
   </div>
   <div class='ocr_carea' id='block_1_33' title="bbox 717 2780 2260 2856">
    <p class='ocr_par' dir='ltr' id='par_1_33' title="bbox 717 2780 2260 2856">
     <span class='ocr_line' id='line_1_33' title="bbox 717 2780 2260 2856; baseline -0.005 -14"><span class='ocrx_word' id='word_1_235' title='bbox 717 2801 850 2842; x_wconf 90' lang='lat' dir='ltr'><strong>num</strong></span> <span class='ocrx_word' id='word_1_236' title='bbox 881 2801 990 2840; x_wconf 92' lang='lat' dir='ltr'><strong>uno</strong></span> <span class='ocrx_word' id='word_1_237' title='bbox 1024 2786 1114 2852; x_wconf 26' lang='lat' dir='ltr'><strong>die,</strong></span> <span class='ocrx_word' id='word_1_238' title='bbox 1138 2786 1374 2856; x_wconf 80' lang='lat' dir='ltr'><strong>priorem</strong></span> <span class='ocrx_word' id='word_1_239' title='bbox 1396 2785 1642 2839; x_wconf 90' lang='lat' dir='ltr'><strong>ordinem</strong></span> <span class='ocrx_word' id='word_1_240' title='bbox 1672 2781 2058 2838; x_wconf 86' lang='lat' dir='ltr'><strong>transcendere</strong></span> <span class='ocrx_word' id='word_1_241' title='bbox 2085 2799 2098 2833; x_wconf 85' lang='lat'><strong>:</strong></span> <span class='ocrx_word' id='word_1_242' title='bbox 2122 2780 2260 2835; x_wconf 83' lang='lat' dir='ltr'><strong>situs</strong></span> 
     </span>
    </p>
   </div>
   <div class='ocr_carea' id='block_1_34' title="bbox 711 2870 2260 2949">
    <p class='ocr_par' dir='ltr' id='par_1_34' title="bbox 711 2870 2260 2949">
     <span class='ocr_line' id='line_1_34' title="bbox 711 2870 2260 2949; baseline -0.006 -17"><span class='ocrx_word' id='word_1_243' title='bbox 711 2892 882 2949; x_wconf 77' lang='lat' dir='ltr'><strong>porro</strong></span> <span class='ocrx_word' id='word_1_244' title='bbox 901 2890 1248 2934; x_wconf 87' lang='lat' dir='ltr'><strong>numerorum</strong></span> <span class='ocrx_word' id='word_1_245' title='bbox 1283 2875 1338 2929; x_wconf 91' lang='lat' dir='ltr'><strong>in</strong></span> <span class='ocrx_word' id='word_1_246' title='bbox 1373 2874 1612 2944; x_wconf 89' lang='lat' dir='ltr'><strong>quolibet</strong></span> <span class='ocrx_word' id='word_1_247' title='bbox 1644 2888 1807 2928; x_wconf 88' lang='lat' dir='ltr'><strong>versu</strong></span> <span class='ocrx_word' id='word_1_248' title='bbox 1833 2870 1973 2926; x_wconf 91' lang='lat' dir='ltr'><strong>idem</strong></span> <span class='ocrx_word' id='word_1_249' title='bbox 1999 2879 2083 2924; x_wconf 91' lang='lat' dir='ltr'><strong>est</strong></span> <span class='ocrx_word' id='word_1_250' title='bbox 2109 2877 2260 2923; x_wconf 89' lang='lat' dir='ltr'><strong>utro-</strong></span> 
     </span>
    </p>
   </div>
   <div class='ocr_carea' id='block_1_35' title="bbox 714 2961 2259 3038">
    <p class='ocr_par' dir='ltr' id='par_1_35' title="bbox 714 2961 2259 3038">
     <span class='ocr_line' id='line_1_35' title="bbox 714 2961 2259 3038; baseline -0.006 -14"><span class='ocrx_word' id='word_1_251' title='bbox 714 2968 899 3038; x_wconf 88' lang='lat' dir='ltr'><strong>bique,</strong></span> <span class='ocrx_word' id='word_1_252' title='bbox 933 2981 998 3022; x_wconf 88' lang='lat' dir='ltr'><strong>ac</strong></span> <span class='ocrx_word' id='word_1_253' title='bbox 1033 2966 1217 3021; x_wconf 80' lang='lat' dir='ltr'><strong>videre</strong></span> <span class='ocrx_word' id='word_1_254' title='bbox 1269 2966 1398 3020; x_wconf 87' lang='lat' dir='ltr'><strong>licet</strong></span> <span class='ocrx_word' id='word_1_255' title='bbox 1428 2965 1486 3019; x_wconf 93' lang='lat' dir='ltr'><strong>in</strong></span> <span class='ocrx_word' id='word_1_256' title='bbox 1526 2965 1718 3035; x_wconf 84' lang='lat' dir='ltr'><strong>primis</strong></span> <span class='ocrx_word' id='word_1_257' title='bbox 1755 2962 2002 3024; x_wconf 80' lang='lat' dir='ltr'><strong>.versibus</strong></span> <span class='ocrx_word' id='word_1_258' title='bbox 2039 2961 2259 3017; x_wconf 89' lang='lat' dir='ltr'><strong>eosdem</strong></span> 
     </span>
    </p>
   </div>
   <div class='ocr_carea' id='block_1_36' title="bbox 715 3051 2260 3126">
    <p class='ocr_par' dir='ltr' id='par_1_36' title="bbox 715 3051 2260 3126">
     <span class='ocr_line' id='line_1_36' title="bbox 715 3051 2260 3126; baseline -0.004 -15"><span class='ocrx_word' id='word_1_259' title='bbox 715 3057 991 3126; x_wconf 88' lang='lat' dir='ltr'><strong>cyclorum</strong></span> <span class='ocrx_word' id='word_1_260' title='bbox 1017 3068 1288 3112; x_wconf 87' lang='lat' dir='ltr'><strong>numeros</strong></span> <span class='ocrx_word' id='word_1_261' title='bbox 1324 3053 1652 3108; x_wconf 85' lang='lat' dir='ltr'><strong>collocatos.-</strong></span> <span class='ocrx_word' id='word_1_262' title='bbox 1671 3051 1785 3106; x_wconf 83' lang='lat' dir='ltr'><strong>Etsi</strong></span> <span class='ocrx_word' id='word_1_263' title='bbox 1823 3051 1967 3106; x_wconf 84' lang='lat' dir='ltr'><strong>enim</strong></span> <span class='ocrx_word' id='word_1_264' title='bbox 1996 3051 2052 3104; x_wconf 92' lang='lat' dir='ltr'><strong>in</strong></span> <span class='ocrx_word' id='word_1_265' title='bbox 2079 3051 2260 3121; x_wconf 87' lang='lat' dir='ltr'><strong>priore</strong></span> 
     </span>
    </p>
   </div>
   <div class='ocr_carea' id='block_1_37' title="bbox 715 3132 2260 3215">
    <p class='ocr_par' dir='ltr' id='par_1_37' title="bbox 715 3132 2260 3215">
     <span class='ocr_line' id='line_1_37' title="bbox 715 3132 2260 3215; baseline -0.004 -14"><span class='ocrx_word' id='word_1_266' title='bbox 715 3146 916 3202; x_wconf 87' lang='lat' dir='ltr'><strong>tabella</strong></span> <span class='ocrx_word' id='word_1_267' title='bbox 941 3162 1073 3201; x_wconf 82' lang='lat' dir='ltr'><strong>xvm</strong></span> <span class='ocrx_word' id='word_1_268' title='bbox 1103 3132 1266 3215; x_wconf 75' lang='lat' dir='ltr'><strong>supra</strong></span> <span class='ocrx_word' id='word_1_269' title='bbox 1298 3159 1373 3199; x_wconf 79' lang='lat' dir='ltr'><strong>xu</strong></span> <span class='ocrx_word' id='word_1_270' title='bbox 1396 3144 1608 3215; x_wconf 85' lang='lat' dir='ltr'><strong>positus</strong></span> <span class='ocrx_word' id='word_1_271' title='bbox 1651 3144 1760 3206; x_wconf 91' lang='lat' dir='ltr'><strong>sit;</strong></span> <span class='ocrx_word' id='word_1_272' title='bbox 1791 3150 1969 3197; x_wconf 90' lang='lat' dir='ltr'><strong>tamen</strong></span> <span class='ocrx_word' id='word_1_273' title='bbox 2001 3157 2124 3196; x_wconf 90' lang='lat' dir='ltr'><strong>cum</strong></span> <span class='ocrx_word' id='word_1_274' title='bbox 2165 3155 2260 3196; x_wconf 91' lang='lat' dir='ltr'><strong>eo-</strong></span> 
     </span>
    </p>
   </div>
   <div class='ocr_carea' id='block_1_38' title="bbox 716 3236 2256 3307">
    <p class='ocr_par' dir='ltr' id='par_1_38' title="bbox 716 3236 2256 3307">
     <span class='ocr_line' id='line_1_38' title="bbox 716 3236 2256 3307; baseline -0.002 -15"><span class='ocrx_word' id='word_1_275' title='bbox 716 3238 839 3293; x_wconf 91' lang='lat' dir='ltr'><strong>dem</strong></span> <span class='ocrx_word' id='word_1_276' title='bbox 867 3244 1096 3307; x_wconf 87' lang='lat' dir='ltr'><strong>uterque</strong></span> <span class='ocrx_word' id='word_1_277' title='bbox 1115 3252 1276 3294; x_wconf 87' lang='lat' dir='ltr'><strong>versu</strong></span> <span class='ocrx_word' id='word_1_278' title='bbox 1307 3238 1673 3299; x_wconf 82' lang='lat' dir='ltr'><strong>contineatur,</strong></span> <span class='ocrx_word' id='word_1_279' title='bbox 1706 3236 1914 3292; x_wconf 88' lang='lat' dir='ltr'><strong>nullum</strong></span> <span class='ocrx_word' id='word_1_280' title='bbox 1948 3250 2010 3290; x_wconf 80' lang='lat' dir='ltr'><strong>ex</strong></span> <span class='ocrx_word' id='word_1_281' title='bbox 2041 3242 2256 3306; x_wconf 89' lang='lat' dir='ltr'><strong>pertur-</strong></span> 
     </span>
    </p>
   </div>
   <div class='ocr_carea' id='block_1_39' title="bbox 711 3325 2255 3400">
    <p class='ocr_par' dir='ltr' id='par_1_39' title="bbox 711 3325 2255 3400">
     <span class='ocr_line' id='line_1_39' title="bbox 711 3325 2255 3400; baseline 0 -17"><span class='ocrx_word' id='word_1_282' title='bbox 711 3327 841 3383; x_wconf 85' lang='lat' dir='ltr'><strong>bata</strong></span> <span class='ocrx_word' id='word_1_283' title='bbox 869 3328 965 3383; x_wconf 82' lang='lat' dir='ltr'><strong>illa</strong></span> <span class='ocrx_word' id='word_1_284' title='bbox 1006 3327 1364 3400; x_wconf 82' lang='lat' dir='ltr'><strong>dispositione</strong></span> <span class='ocrx_word' id='word_1_285' title='bbox 1387 3327 1679 3383; x_wconf 89' lang='lat' dir='ltr'><strong>discrimen</strong></span> <span class='ocrx_word' id='word_1_286' title='bbox 1707 3327 1902 3382; x_wconf 92' lang='lat' dir='ltr'><strong>oritur.</strong></span> <span class='ocrx_word' id='word_1_287' title='bbox 1933 3325 2078 3382; x_wconf 91' lang='lat' dir='ltr'><strong>ldem</strong></span> <span class='ocrx_word' id='word_1_288' title='bbox 2115 3335 2168 3383; x_wconf 90' lang='lat' dir='ltr'><strong>et</strong></span> <span class='ocrx_word' id='word_1_289' title='bbox 2200 3328 2255 3383; x_wconf 91' lang='lat' dir='ltr'><strong>in</strong></span> 
     </span>
    </p>
   </div>
   <div class='ocr_carea' id='block_1_40' title="bbox 713 3411 2255 3483">
    <p class='ocr_par' dir='ltr' id='par_1_40' title="bbox 713 3411 2255 3483">
     <span class='ocr_line' id='line_1_40' title="bbox 713 3411 2255 3483; baseline -0.002 -15"><span class='ocrx_word' id='word_1_290' title='bbox 713 3412 942 3483; x_wconf 83' lang='lat' dir='ltr'><strong>reliquis</strong></span> <span class='ocrx_word' id='word_1_291' title='bbox 965 3411 1212 3467; x_wconf 82' lang='lat' dir='ltr'><strong>versibus</strong></span> <span class='ocrx_word' id='word_1_292' title='bbox 1227 3417 1470 3480; x_wconf 86' lang='lat' dir='ltr'><strong>apparet,</strong></span> <span class='ocrx_word' id='word_1_293' title='bbox 1493 3418 1556 3464; x_wconf 84' lang='lat' dir='ltr'><strong>ut</strong></span> <span class='ocrx_word' id='word_1_294' title='bbox 1578 3411 1824 3481; x_wconf 83' lang='lat' dir='ltr'><strong>quamvis</strong></span> <span class='ocrx_word' id='word_1_295' title='bbox 1847 3411 2255 3465; x_wconf 84' lang='lat' dir='ltr'><strong>tumultuarium</strong></span> 
     </span>
    </p>
   </div>
   <div class='ocr_carea' id='block_1_41' title="bbox 713 3499 2256 3565">
    <p class='ocr_par' dir='ltr' id='par_1_41' title="bbox 713 3499 2256 3565">
     <span class='ocr_line' id='line_1_41' title="bbox 713 3499 2256 3565; baseline -0.002 -8"><span class='ocrx_word' id='word_1_296' title='bbox 713 3501 966 3557; x_wconf 77' lang='lat' dir='ltr'><strong>videatur</strong></span> <span class='ocrx_word' id='word_1_297' title='bbox 996 3516 1138 3565; x_wconf 88' lang='lat' dir='ltr'><strong>esse,</strong></span> <span class='ocrx_word' id='word_1_298' title='bbox 1166 3517 1278 3556; x_wconf 91' lang='lat' dir='ltr'><strong>non</strong></span> <span class='ocrx_word' id='word_1_299' title='bbox 1307 3509 1487 3555; x_wconf 90' lang='lat' dir='ltr'><strong>tamen</strong></span> <span class='ocrx_word' id='word_1_300' title='bbox 1532 3499 1760 3555; x_wconf 79' lang='lat' dir='ltr'><strong>excedat</strong></span> <span class='ocrx_word' id='word_1_301' title='bbox 1791 3500 2056 3556; x_wconf 88' lang='lat' dir='ltr'><strong>ordinem.</strong></span> <span class='ocrx_word' id='word_1_302' title='bbox 2090 3501 2256 3556; x_wconf 60' lang='lat' dir='ltr'><strong>Caete-</strong></span> 
     </span>
    </p>
   </div>
   <div class='ocr_carea' id='block_1_42' title="bbox 712 3590 2255 3664">
    <p class='ocr_par' dir='ltr' id='par_1_42' title="bbox 712 3590 2255 3664">
     <span class='ocr_line' id='line_1_42' title="bbox 712 3590 2255 3664; baseline -0.001 -17"><span class='ocrx_word' id='word_1_303' title='bbox 712 3607 836 3647; x_wconf 88' lang='lat' dir='ltr'><strong>rum</strong></span> <span class='ocrx_word' id='word_1_304' title='bbox 868 3590 1181 3647; x_wconf 83' lang='lat' dir='ltr'><strong>istiusmodi</strong></span> <span class='ocrx_word' id='word_1_305' title='bbox 1206 3592 1483 3664; x_wconf 86' lang='lat' dir='ltr'><strong>cyclorum</strong></span> <span class='ocrx_word' id='word_1_306' title='bbox 1509 3593 1776 3647; x_wconf 81' lang='lat' dir='ltr'><strong>ordinatio</strong></span> <span class='ocrx_word' id='word_1_307' title='bbox 1825 3593 1894 3648; x_wconf 87' lang='lat' dir='ltr'><strong>ab</strong></span> <span class='ocrx_word' id='word_1_308' title='bbox 1915 3609 1980 3650; x_wconf 86' lang='lat' dir='ltr'><strong>eo</strong></span> <span class='ocrx_word' id='word_1_309' title='bbox 2016 3594 2105 3664; x_wconf 89' lang='lat' dir='ltr'><strong>qui</strong></span> <span class='ocrx_word' id='word_1_310' title='bbox 2145 3593 2255 3662; x_wconf 88' lang='lat' dir='ltr'><strong>pri-</strong></span> 
     </span>
    </p>
   </div>
   <div class='ocr_carea' id='block_1_43' title="bbox 711 3680 2250 3752">
    <p class='ocr_par' dir='ltr' id='par_1_43' title="bbox 711 3680 2250 3752">
     <span class='ocr_line' id='line_1_43' title="bbox 711 3680 2250 3752; baseline 0.001 -17"><span class='ocrx_word' id='word_1_311' title='bbox 711 3695 837 3736; x_wconf 88' lang='lat' dir='ltr'><strong>mus</strong></span> <span class='ocrx_word' id='word_1_312' title='bbox 875 3680 1195 3736; x_wconf 83' lang='lat' dir='ltr'><strong>latereulum</strong></span> <span class='ocrx_word' id='word_1_313' title='bbox 1242 3681 1516 3745; x_wconf 88' lang='lat' dir='ltr'><strong>condidit,</strong></span> <span class='ocrx_word' id='word_1_314' title='bbox 1557 3682 1611 3735; x_wconf 89' lang='lat' dir='ltr'><strong>in</strong></span> <span class='ocrx_word' id='word_1_315' title='bbox 1649 3697 1772 3737; x_wconf 88' lang='lat' dir='ltr'><strong>eum</strong></span> <span class='ocrx_word' id='word_1_316' title='bbox 1817 3691 1900 3738; x_wconf 88' lang='lat' dir='ltr'><strong>est</strong></span> <span class='ocrx_word' id='word_1_317' title='bbox 1948 3683 2250 3752; x_wconf 80' lang='lat' dir='ltr'><strong>excogitata</strong></span> 
     </span>
    </p>
   </div>
   <div class='ocr_carea' id='block_1_44' title="bbox 712 3754 2318 3842">
    <p class='ocr_par' dir='ltr' id='par_1_44' title="bbox 712 3754 2318 3842">
     <span class='ocr_line' id='line_1_44' title="bbox 712 3754 2318 3842; baseline 0.001 -16"><span class='ocrx_word' id='word_1_318' title='bbox 712 3770 898 3832; x_wconf 77' lang='lat' dir='ltr'><strong>ﬁnem,</strong></span> <span class='ocrx_word' id='word_1_319' title='bbox 931 3777 992 3824; x_wconf 92' lang='lat' dir='ltr'><strong>ut</strong></span> <span class='ocrx_word' id='word_1_320' title='bbox 1015 3786 1078 3825; x_wconf 90' lang='lat' dir='ltr'><strong>ea</strong></span> <span class='ocrx_word' id='word_1_321' title='bbox 1105 3770 1385 3826; x_wconf 83' lang='lat' dir='ltr'><strong>intervalla</strong></span> <span class='ocrx_word' id='word_1_322' title='bbox 1422 3769 1748 3841; x_wconf 86' lang='lat' dir='ltr'><strong>repleantur,</strong></span> <span class='ocrx_word' id='word_1_323' title='bbox 1775 3788 1894 3842; x_wconf 71' lang='lat' dir='ltr'><strong>qua:</strong></span> <span class='ocrx_word' id='word_1_324' title='bbox 1929 3773 1983 3826; x_wconf 89' lang='lat' dir='ltr'><strong>in</strong></span> <span class='ocrx_word' id='word_1_325' title='bbox 2013 3773 2248 3829; x_wconf 86' lang='lat' dir='ltr'><strong>secunda</strong></span> <span class='ocrx_word' id='word_1_326' title='bbox 2277 3754 2318 3812; x_wconf 70' lang='grc' dir='ltr'>ο</span> 
     </span>
    </p>
   </div>
   <div class='ocr_carea' id='block_1_45' title="bbox 710 3859 2251 3931">
    <p class='ocr_par' dir='ltr' id='par_1_45' title="bbox 710 3859 2251 3931">
     <span class='ocr_line' id='line_1_45' title="bbox 710 3859 2251 3931; baseline 0.003 -17"><span class='ocrx_word' id='word_1_327' title='bbox 710 3859 1076 3930; x_wconf 86' lang='lat' dir='ltr'><strong>descriptione</strong></span> <span class='ocrx_word' id='word_1_328' title='bbox 1112 3859 1184 3915; x_wconf 89' lang='lat' dir='ltr'><strong>ob</strong></span> <span class='ocrx_word' id='word_1_329' title='bbox 1233 3875 1350 3915; x_wconf 86' lang='lat' dir='ltr'><strong>eam</strong></span> <span class='ocrx_word' id='word_1_330' title='bbox 1403 3876 1564 3931; x_wconf 86' lang='lat' dir='ltr'><strong>quam</strong></span> <span class='ocrx_word' id='word_1_331' title='bbox 1595 3861 1831 3931; x_wconf 72' lang='lat' dir='ltr'><strong>diximus</strong></span> <span class='ocrx_word' id='word_1_332' title='bbox 1872 3878 2088 3919; x_wconf 83' lang='lat' dir='ltr'><strong>causam</strong></span> <span class='ocrx_word' id='word_1_333' title='bbox 2124 3873 2251 3919; x_wconf 91' lang='lat' dir='ltr'><strong>sunt</strong></span> 
     </span>
    </p>
   </div>
   <div class='ocr_carea' id='block_1_46' title="bbox 711 3950 1929 4022">
    <p class='ocr_par' dir='ltr' id='par_1_46' title="bbox 711 3950 1929 4022">
     <span class='ocr_line' id='line_1_46' title="bbox 711 3950 1929 4022; baseline 0.002 -16"><span class='ocrx_word' id='word_1_334' title='bbox 711 3953 893 4006; x_wconf 90' lang='lat' dir='ltr'><strong>inania</strong></span> <span class='ocrx_word' id='word_1_335' title='bbox 925 3954 1134 4007; x_wconf 87' lang='lat' dir='ltr'><strong>relicta.</strong></span> <span class='ocrx_word' id='word_1_336' title='bbox 1782 3950 1790 3961; x_wconf 82' lang='grc'><em>’</em></span> <span class='ocrx_word' id='word_1_337' title='bbox 1925 4019 1929 4022; x_wconf 16' lang='grc' dir='ltr'><em>Α</em></span> 
     </span>
    </p>
   </div>
   <div class='ocr_carea' id='block_1_47' title="bbox 777 4041 2250 4113">
    <p class='ocr_par' dir='ltr' id='par_1_47' title="bbox 777 4041 2250 4113">
     <span class='ocr_line' id='line_1_47' title="bbox 777 4041 2250 4113; baseline 0.005 -18"><span class='ocrx_word' id='word_1_338' title='bbox 777 4041 1140 4109; x_wconf 80' lang='lat' dir='ltr'><strong>Quamobrem</strong></span> <span class='ocrx_word' id='word_1_339' title='bbox 1179 4052 1238 4098; x_wconf 87' lang='lat' dir='ltr'><strong>ut</strong></span> <span class='ocrx_word' id='word_1_340' title='bbox 1288 4044 1342 4098; x_wconf 92' lang='lat' dir='ltr'><strong>in</strong></span> <span class='ocrx_word' id='word_1_341' title='bbox 1397 4051 1633 4113; x_wconf 85' lang='lat' dir='ltr'><strong>quatuor</strong></span> <span class='ocrx_word' id='word_1_342' title='bbox 1663 4046 1910 4101; x_wconf 81' lang='lat' dir='ltr'><strong>versibus</strong></span> <span class='ocrx_word' id='word_1_343' title='bbox 1953 4047 2250 4102; x_wconf 87' lang='lat' dir='ltr'><strong>ordinatior</strong></span> 
     </span>
    </p>
   </div>
   <div class='ocr_carea' id='block_1_48' title="bbox 710 4129 2279 4205">
    <p class='ocr_par' dir='ltr' id='par_1_48' title="bbox 710 4129 2279 4205">
     <span class='ocr_line' id='line_1_48' title="bbox 710 4129 2279 4205; baseline 0.003 -20"><span class='ocrx_word' id='word_1_344' title='bbox 710 4132 805 4186; x_wconf 84' lang='lat' dir='ltr'><strong>ﬂat</strong></span> <span class='ocrx_word' id='word_1_345' title='bbox 835 4148 865 4186; x_wconf 87' lang='lat' dir='ltr'><strong>a</strong></span> <span class='ocrx_word' id='word_1_346' title='bbox 896 4134 1053 4188; x_wconf 86' lang='lat' dir='ltr'><strong>nobis</strong></span> <span class='ocrx_word' id='word_1_347' title='bbox 1095 4133 1405 4205; x_wconf 90' lang='lat' dir='ltr'><strong>descriptio,</strong></span> <span class='ocrx_word' id='word_1_348' title='bbox 1438 4135 1492 4188; x_wconf 91' lang='lat' dir='ltr'><strong>in</strong></span> <span class='ocrx_word' id='word_1_349' title='bbox 1529 4135 1705 4204; x_wconf 90' lang='lat' dir='ltr'><strong>primo</strong></span> <span class='ocrx_word' id='word_1_350' title='bbox 1757 4145 2027 4205; x_wconf 86' lang='lat' dir='ltr'><strong>ponantur</strong></span> <span class='ocrx_word' id='word_1_351' title='bbox 2066 4138 2174 4201; x_wconf 85' lang='lat' dir='ltr'><strong>isti,</strong></span> <span class='ocrx_word' id='word_1_352' title='bbox 2209 4153 2245 4199; x_wconf 84' lang='grc' dir='ltr'><strong>ι,</strong></span> <span class='ocrx_word' id='word_1_353' title='bbox 2275 4129 2279 4134; x_wconf 81' lang='grc'><strong>’</strong></span> 
     </span>
    </p>
   </div>
   <div class='ocr_carea' id='block_1_49' title="bbox 707 4224 2250 4293">
    <p class='ocr_par' dir='ltr' id='par_1_49' title="bbox 707 4224 2250 4293">
     <span class='ocr_line' id='line_1_49' title="bbox 707 4224 2250 4293; baseline 0.003 -17"><span class='ocrx_word' id='word_1_354' title='bbox 707 4238 808 4286; x_wconf 87' lang='lat' dir='ltr'><strong>vu,</strong></span> <span class='ocrx_word' id='word_1_355' title='bbox 847 4238 948 4288; x_wconf 80' lang='lat' dir='ltr'><strong>xu,</strong></span> <span class='ocrx_word' id='word_1_356' title='bbox 976 4238 1147 4291; x_wconf 74' lang='lat' dir='ltr'><strong>avni;</strong></span> <span class='ocrx_word' id='word_1_357' title='bbox 1181 4224 1236 4278; x_wconf 92' lang='lat' dir='ltr'><strong>in</strong></span> <span class='ocrx_word' id='word_1_358' title='bbox 1278 4225 1518 4280; x_wconf 90' lang='lat' dir='ltr'><strong>secundo</strong></span> <span class='ocrx_word' id='word_1_359' title='bbox 1552 4224 1713 4279; x_wconf 91' lang='lat' dir='ltr'><strong>iidem</strong></span> <span class='ocrx_word' id='word_1_360' title='bbox 1751 4235 2096 4293; x_wconf 88' lang='lat' dir='ltr'><strong>remaneant;</strong></span> <span class='ocrx_word' id='word_1_361' title='bbox 2141 4235 2250 4281; x_wconf 88' lang='lat' dir='ltr'><strong>ter-</strong></span> 
     </span>
    </p>
   </div>
   <div class='ocr_carea' id='block_1_50' title="bbox 709 4313 2245 4387">
    <p class='ocr_par' dir='ltr' id='par_1_50' title="bbox 709 4313 2245 4387">
     <span class='ocr_line' id='line_1_50' title="bbox 709 4313 2245 4387; baseline 0.003 -20"><span class='ocrx_word' id='word_1_362' title='bbox 709 4313 820 4370; x_wconf 88' lang='lat' dir='ltr'><strong>tius</strong></span> <span class='ocrx_word' id='word_1_363' title='bbox 854 4314 992 4370; x_wconf 89' lang='lat' dir='ltr'><strong>istos</strong></span> <span class='ocrx_word' id='word_1_364' title='bbox 1018 4313 1230 4378; x_wconf 85' lang='lat' dir='ltr'><strong>habeat,</strong></span> <span class='ocrx_word' id='word_1_365' title='bbox 1271 4330 1353 4382; x_wconf 86' lang='grc' dir='ltr'>ιιι,</span> <span class='ocrx_word' id='word_1_366' title='bbox 1395 4331 1511 4381; x_wconf 76' lang='lat' dir='ltr'><strong>Vill,</strong></span> <span class='ocrx_word' id='word_1_367' title='bbox 1549 4331 1661 4381; x_wconf 80' lang='lat' dir='ltr'><strong>xlv,</strong></span> <span class='ocrx_word' id='word_1_368' title='bbox 1696 4333 1834 4384; x_wconf 77' lang='lat' dir='ltr'><strong>xxv;</strong></span> <span class='ocrx_word' id='word_1_369' title='bbox 1882 4325 2130 4387; x_wconf 89' lang='lat' dir='ltr'><strong>quartus,</strong></span> <span class='ocrx_word' id='word_1_370' title='bbox 2171 4334 2245 4382; x_wconf 72' lang='grc' dir='ltr'>ιχ,</span> 
     </span>
    </p>
   </div>
   <div class='ocr_carea' id='block_1_51' title="bbox 708 4406 2245 4476">
    <p class='ocr_par' dir='ltr' id='par_1_51' title="bbox 708 4406 2245 4476">
     <span class='ocr_line' id='line_1_51' title="bbox 708 4406 2245 4476; baseline 0.005 -18"><span class='ocrx_word' id='word_1_371' title='bbox 708 4421 802 4470; x_wconf 78' lang='lat' dir='ltr'><strong>xv,</strong></span> <span class='ocrx_word' id='word_1_372' title='bbox 839 4421 932 4470; x_wconf 75' lang='grc' dir='ltr'>ιι,</span> <span class='ocrx_word' id='word_1_373' title='bbox 962 4422 1123 4472; x_wconf 77' lang='lat' dir='ltr'><strong>mu;</strong></span> <span class='ocrx_word' id='word_1_374' title='bbox 1150 4406 1392 4476; x_wconf 87' lang='lat' dir='ltr'><strong>quintus,</strong></span> <span class='ocrx_word' id='word_1_375' title='bbox 1424 4424 1496 4473; x_wconf 78' lang='lat' dir='ltr'><strong>IV,</strong></span> <span class='ocrx_word' id='word_1_376' title='bbox 1532 4425 1587 4471; x_wconf 65' lang='grc' dir='ltr'><strong>Χ,</strong></span> <span class='ocrx_word' id='word_1_377' title='bbox 1616 4425 1729 4473; x_wconf 75' lang='lat' dir='ltr'><strong>xxn,</strong></span> <span class='ocrx_word' id='word_1_378' title='bbox 1762 4418 2167 4476; x_wconf 73' lang='lat' dir='ltr'><strong>xxvu;sextus,</strong></span> <span class='ocrx_word' id='word_1_379' title='bbox 2191 4427 2245 4475; x_wconf 74' lang='grc' dir='ltr'><strong>ν,</strong></span> 
     </span>
    </p>
   </div>
   <div class='ocr_carea' id='block_1_52' title="bbox 704 4500 1875 4570">
    <p class='ocr_par' dir='ltr' id='par_1_52' title="bbox 704 4500 1875 4570">
     <span class='ocr_line' id='line_1_52' title="bbox 704 4500 1875 4570; baseline 0.003 -16"><span class='ocrx_word' id='word_1_380' title='bbox 704 4512 786 4562; x_wconf 73' lang='grc' dir='ltr'>ιι,</span> <span class='ocrx_word' id='word_1_381' title='bbox 826 4515 934 4564; x_wconf 77' lang='lat' dir='ltr'><strong>xw,</strong></span> <span class='ocrx_word' id='word_1_382' title='bbox 952 4505 1102 4569; x_wconf 75' lang='lat' dir='ltr'><strong>nu;</strong></span> <span class='ocrx_word' id='word_1_383' title='bbox 1130 4500 1184 4554; x_wconf 89' lang='lat' dir='ltr'><strong>in</strong></span> <span class='ocrx_word' id='word_1_384' title='bbox 1213 4501 1438 4570; x_wconf 87' lang='lat' dir='ltr'><strong>septimo</strong></span> <span class='ocrx_word' id='word_1_385' title='bbox 1460 4501 1595 4555; x_wconf 89' lang='lat' dir='ltr'><strong>nihil</strong></span> <span class='ocrx_word' id='word_1_386' title='bbox 1620 4509 1875 4558; x_wconf 84' lang='lat' dir='ltr'><strong>mutetur.</strong></span> 
     </span>
    </p>
   </div>
   <div class='ocr_carea' id='block_1_53' title="bbox 778 4586 2244 4665">
    <p class='ocr_par' dir='ltr' id='par_1_53' title="bbox 778 4586 2244 4665">
     <span class='ocr_line' id='line_1_53' title="bbox 778 4586 2244 4665; baseline 0.005 -21"><span class='ocrx_word' id='word_1_387' title='bbox 778 4586 838 4644; x_wconf 78' lang='lat' dir='ltr'><strong>In</strong></span> <span class='ocrx_word' id='word_1_388' title='bbox 888 4586 1102 4648; x_wconf 87' lang='lat' dir='ltr'><strong>summo</strong></span> <span class='ocrx_word' id='word_1_389' title='bbox 1153 4592 1416 4648; x_wconf 87' lang='lat' dir='ltr'><strong>laterculo</strong></span> <span class='ocrx_word' id='word_1_390' title='bbox 1445 4594 1582 4665; x_wconf 85' lang='lat' dir='ltr'><strong>cycli</strong></span> <span class='ocrx_word' id='word_1_391' title='bbox 1611 4595 1765 4662; x_wconf 92' lang='lat' dir='ltr'><strong>solis,</strong></span> <span class='ocrx_word' id='word_1_392' title='bbox 1793 4605 1853 4649; x_wconf 91' lang='lat' dir='ltr'><strong>ut</strong></span> <span class='ocrx_word' id='word_1_393' title='bbox 1895 4594 2100 4650; x_wconf 87' lang='lat' dir='ltr'><strong>dictum</strong></span> <span class='ocrx_word' id='word_1_394' title='bbox 2141 4605 2244 4660; x_wconf 92' lang='lat' dir='ltr'><strong>est,</strong></span> 
     </span>
    </p>
   </div>
   <div class='ocr_carea' id='block_1_54' title="bbox 708 4680 2246 4755">
    <p class='ocr_par' dir='ltr' id='par_1_54' title="bbox 708 4680 2246 4755">
     <span class='ocr_line' id='line_1_54' title="bbox 708 4680 2246 4755; baseline 0.003 -20"><span class='ocrx_word' id='word_1_395' title='bbox 708 4680 830 4736; x_wconf 91' lang='lat' dir='ltr'><strong>ideo</strong></span> <span class='ocrx_word' id='word_1_396' title='bbox 863 4687 1159 4752; x_wconf 88' lang='lat' dir='ltr'><strong>ponuntur,</strong></span> <span class='ocrx_word' id='word_1_397' title='bbox 1191 4690 1252 4738; x_wconf 91' lang='lat' dir='ltr'><strong>ut</strong></span> <span class='ocrx_word' id='word_1_398' title='bbox 1282 4684 1622 4747; x_wconf 88' lang='lat' dir='ltr'><strong>ostendatur,</strong></span> <span class='ocrx_word' id='word_1_399' title='bbox 1657 4700 1817 4755; x_wconf 89' lang='lat' dir='ltr'><strong>quam</strong></span> <span class='ocrx_word' id='word_1_400' title='bbox 1861 4686 1916 4739; x_wconf 91' lang='lat' dir='ltr'><strong>in</strong></span> <span class='ocrx_word' id='word_1_401' title='bbox 1972 4685 2113 4740; x_wconf 90' lang='lat' dir='ltr'><strong>diem</strong></span> <span class='ocrx_word' id='word_1_402' title='bbox 2154 4687 2246 4742; x_wconf 90' lang='lat' dir='ltr'><strong>he-</strong></span> 
     </span>
    </p>
   </div>
   <div class='ocr_carea' id='block_1_55' title="bbox 705 4758 2246 4848">
    <p class='ocr_par' dir='ltr' id='par_1_55' title="bbox 705 4758 2246 4848">
     <span class='ocr_line' id='line_1_55' title="bbox 705 4758 2246 4848; baseline 0.003 -21"><span class='ocrx_word' id='word_1_403' title='bbox 705 4771 996 4842; x_wconf 63' lang='lat' dir='ltr'><strong>bdomadis</strong></span> <span class='ocrx_word' id='word_1_404' title='bbox 1011 4772 1292 4828; x_wconf 69' lang='lat' dir='ltr'><strong>Iudaicum</strong></span> <span class='ocrx_word' id='word_1_405' title='bbox 1319 4773 1523 4829; x_wconf 88' lang='lat' dir='ltr'><strong>Pascha</strong></span> <span class='ocrx_word' id='word_1_406' title='bbox 1540 4793 1640 4831; x_wconf 92' lang='lat' dir='ltr'><strong>suo</strong></span> <span class='ocrx_word' id='word_1_407' title='bbox 1666 4758 1915 4846; x_wconf 86' lang='lat' dir='ltr'><strong>quodque</strong></span> <span class='ocrx_word' id='word_1_408' title='bbox 1940 4777 2078 4832; x_wconf 69' lang='lat' dir='ltr'><strong>lunae</strong></span> <span class='ocrx_word' id='word_1_409' title='bbox 2096 4779 2246 4848; x_wconf 83' lang='lat' dir='ltr'><strong>cyelo</strong></span> 
     </span>
    </p>
   </div>
   <div class='ocr_carea' id='block_1_56' title="bbox 706 4863 2248 4935">
    <p class='ocr_par' dir='ltr' id='par_1_56' title="bbox 706 4863 2248 4935">
     <span class='ocr_line' id='line_1_56' title="bbox 706 4863 2248 4935; baseline 0.006 -18"><span class='ocrx_word' id='word_1_410' title='bbox 706 4865 1006 4935; x_wconf 77' lang='lat' dir='ltr'><strong>contingat.</strong></span> <span class='ocrx_word' id='word_1_411' title='bbox 1039 4863 1157 4919; x_wconf 85' lang='lat' dir='ltr'><strong>Non</strong></span> <span class='ocrx_word' id='word_1_412' title='bbox 1201 4867 1345 4920; x_wconf 82' lang='lat' dir='ltr'><strong>enim</strong></span> <span class='ocrx_word' id='word_1_413' title='bbox 1381 4866 1811 4923; x_wconf 86' lang='lat' dir='ltr'><strong>Christianorum</strong></span> <span class='ocrx_word' id='word_1_414' title='bbox 1863 4869 2070 4926; x_wconf 86' lang='lat' dir='ltr'><strong>Pascha</strong></span> <span class='ocrx_word' id='word_1_415' title='bbox 2111 4872 2248 4925; x_wconf 87' lang='lat' dir='ltr'><strong>dun-</strong></span> 
     </span>
    </p>
   </div>
   <div class='ocr_carea' id='block_1_57' title="bbox 705 4944 2247 5032">
    <p class='ocr_par' dir='ltr' id='par_1_57' title="bbox 705 4944 2247 5032">
     <span class='ocr_line' id='line_1_57' title="bbox 705 4944 2247 5032; baseline 0.006 -25"><span class='ocrx_word' id='word_1_416' title='bbox 705 4963 855 5008; x_wconf 85' lang='lat' dir='ltr'><strong>taxat</strong></span> <span class='ocrx_word' id='word_1_417' title='bbox 887 4970 981 5024; x_wconf 89' lang='lat' dir='ltr'><strong>per</strong></span> <span class='ocrx_word' id='word_1_418' title='bbox 1007 4971 1441 5026; x_wconf 86' lang='lat' dir='ltr'><strong>unumquemque</strong></span> <span class='ocrx_word' id='word_1_419' title='bbox 1475 4959 1614 5013; x_wconf 73' lang='lat' dir='ltr'><strong>luna:</strong></span> <span class='ocrx_word' id='word_1_420' title='bbox 1654 4961 1862 5030; x_wconf 82' lang='lat' dir='ltr'><strong>cyclum</strong></span> <span class='ocrx_word' id='word_1_421' title='bbox 1892 4944 2094 5032; x_wconf 82' lang='lat' dir='ltr'><strong>septem</strong></span> <span class='ocrx_word' id='word_1_422' title='bbox 2129 4979 2247 5016; x_wconf 87' lang='lat' dir='ltr'><strong>ver-</strong></span> 
     </span>
    </p>
   </div>
   <div class='ocr_carea' id='block_1_58' title="bbox 707 5043 2246 5113">
    <p class='ocr_par' dir='ltr' id='par_1_58' title="bbox 707 5043 2246 5113">
     <span class='ocr_line' id='line_1_58' title="bbox 707 5043 2246 5113; baseline 0.005 -16"><span class='ocrx_word' id='word_1_423' title='bbox 707 5043 859 5098; x_wconf 88' lang='lat' dir='ltr'><strong>sibus</strong></span> <span class='ocrx_word' id='word_1_424' title='bbox 887 5043 1218 5113; x_wconf 88' lang='lat' dir='ltr'><strong>descriptum</strong></span> <span class='ocrx_word' id='word_1_425' title='bbox 1253 5055 1371 5110; x_wconf 88' lang='lat' dir='ltr'><strong>est;</strong></span> <span class='ocrx_word' id='word_1_426' title='bbox 1412 5063 1595 5102; x_wconf 85' lang='lat' dir='ltr'><strong>verum</strong></span> <span class='ocrx_word' id='word_1_427' title='bbox 1633 5066 1736 5102; x_wconf 85' lang='lat' dir='ltr'><strong>una</strong></span> <span class='ocrx_word' id='word_1_428' title='bbox 1766 5066 1888 5103; x_wconf 88' lang='lat' dir='ltr'><strong>cum</strong></span> <span class='ocrx_word' id='word_1_429' title='bbox 1922 5052 2066 5106; x_wconf 88' lang='lat' dir='ltr'><strong>illius</strong></span> <span class='ocrx_word' id='word_1_430' title='bbox 2098 5070 2246 5104; x_wconf 69' lang='lat' dir='ltr'><strong>uncu-</strong></span> 
     </span>
    </p>
   </div>
   <div class='ocr_carea' id='block_1_59' title="bbox 705 5134 2242 5211">
    <p class='ocr_par' dir='ltr' id='par_1_59' title="bbox 705 5134 2242 5211">
     <span class='ocr_line' id='line_1_59' title="bbox 705 5134 2242 5211; baseline 0.007 -24"><span class='ocrx_word' id='word_1_431' title='bbox 705 5134 803 5196; x_wconf 83' lang='lat' dir='ltr'><strong>sis,</strong></span> <span class='ocrx_word' id='word_1_432' title='bbox 847 5141 977 5203; x_wconf 89' lang='lat' dir='ltr'><strong>puta</strong></span> <span class='ocrx_word' id='word_1_433' title='bbox 1003 5134 1201 5199; x_wconf 79' lang='lat' dir='ltr'><strong>Martii,</strong></span> <span class='ocrx_word' id='word_1_434' title='bbox 1235 5140 1318 5191; x_wconf 83' lang='lat' dir='ltr'><strong>vel</strong></span> <span class='ocrx_word' id='word_1_435' title='bbox 1359 5138 1558 5207; x_wconf 74' lang='lat' dir='ltr'><strong>Aprilis</strong></span> <span class='ocrx_word' id='word_1_436' title='bbox 1589 5157 1832 5205; x_wconf 88' lang='lat' dir='ltr'><strong>numero,</strong></span> <span class='ocrx_word' id='word_1_437' title='bbox 1856 5144 1947 5211; x_wconf 86' lang='lat' dir='ltr'><strong>qui</strong></span> <span class='ocrx_word' id='word_1_438' title='bbox 1980 5153 2058 5196; x_wconf 69' lang='lat' dir='ltr'><strong>est</strong></span> <span class='ocrx_word' id='word_1_439' title='bbox 2089 5145 2242 5198; x_wconf 83' lang='lat' dir='ltr'><strong>index</strong></span> 
     </span>
    </p>
   </div>
   <div class='ocr_carea' id='block_1_60' title="bbox 704 5221 2248 5308">
    <p class='ocr_par' dir='ltr' id='par_1_60' title="bbox 704 5221 2248 5308">
     <span class='ocr_line' id='line_1_60' title="bbox 704 5221 2248 5308; baseline 0.008 -35"><span class='ocrx_word' id='word_1_440' title='bbox 704 5221 1004 5285; x_wconf 81' lang='lat' dir='ltr'><strong>Paschalis,</strong></span> <span class='ocrx_word' id='word_1_441' title='bbox 1035 5225 1151 5281; x_wconf 83' lang='lat' dir='ltr'><strong>dies</strong></span> <span class='ocrx_word' id='word_1_442' title='bbox 1198 5230 1358 5281; x_wconf 71' lang='lat' dir='ltr'><strong>etiam</strong></span> <span class='ocrx_word' id='word_1_443' title='bbox 1402 5228 1752 5286; x_wconf 78' lang='lat' dir='ltr'><strong>hebdomadis</strong></span> <span class='ocrx_word' id='word_1_444' title='bbox 1799 5236 2106 5300; x_wconf 80' lang='lat' dir='ltr'><strong>useribitur,</strong></span> <span class='ocrx_word' id='word_1_445' title='bbox 2141 5254 2248 5308; x_wconf 79' lang='lat' dir='ltr'><strong>quo</strong></span> 
     </span>
    </p>
   </div>
   <div class='ocr_carea' id='block_1_61' title="bbox 702 5311 1702 5375">
    <p class='ocr_par' dir='ltr' id='par_1_61' title="bbox 702 5311 1702 5375">
     <span class='ocr_line' id='line_1_61' title="bbox 702 5311 1702 5375; baseline 0.011 -11"><span class='ocrx_word' id='word_1_446' title='bbox 702 5311 788 5365; x_wconf 87' lang='lat' dir='ltr'><strong>die</strong></span> <span class='ocrx_word' id='word_1_447' title='bbox 813 5311 1097 5369; x_wconf 74' lang='lat' dir='ltr'><strong>Judaicum</strong></span> <span class='ocrx_word' id='word_1_448' title='bbox 1139 5317 1342 5370; x_wconf 68' lang='lat' dir='ltr'><strong>Pascha</strong></span> <span class='ocrx_word' id='word_1_449' title='bbox 1379 5322 1702 5375; x_wconf 82' lang='lat' dir='ltr'><strong>celebratur.</strong></span> 
     </span>
    </p>
   </div>
   <div class='ocr_carea' id='block_1_62' title="bbox 1014 5448 1935 5512">
    <p class='ocr_par' dir='ltr' id='par_1_62' title="bbox 1014 5448 1935 5512">
     <span class='ocr_line' id='line_1_62' title="bbox 1014 5448 1935 5512; baseline 0.011 -11"><span class='ocrx_word' id='word_1_450' title='bbox 1014 5448 1291 5505; x_wconf 73' lang='lat' dir='ltr'><strong>Melliadus</strong></span> <span class='ocrx_word' id='word_1_451' title='bbox 1317 5455 1608 5509; x_wconf 76' lang='lat' dir='ltr'><strong>inveniendi</strong></span> <span class='ocrx_word' id='word_1_452' title='bbox 1639 5456 1935 5512; x_wconf 76' lang='lat' dir='ltr'><strong>Paschalis.</strong></span> 
     </span>
    </p>
   </div>
   <div class='ocr_carea' id='block_1_63' title="bbox 773 5557 2245 5639">
    <p class='ocr_par' dir='ltr' id='par_1_63' title="bbox 773 5557 2245 5639">
     <span class='ocr_line' id='line_1_63' title="bbox 773 5557 2245 5639; baseline 0.014 -31"><span class='ocrx_word' id='word_1_453' title='bbox 773 5557 859 5610; x_wconf 82' lang='grc' dir='ltr'><strong>ΧΙ.</strong></span> <span class='ocrx_word' id='word_1_454' title='bbox 895 5560 1058 5630; x_wconf 81' lang='lat' dir='ltr'><strong>Igitur</strong></span> <span class='ocrx_word' id='word_1_455' title='bbox 1077 5565 1216 5620; x_wconf 87' lang='lat' dir='ltr'><strong>scire</strong></span> <span class='ocrx_word' id='word_1_456' title='bbox 1241 5583 1361 5620; x_wconf 89' lang='lat' dir='ltr'><strong>cum</strong></span> <span class='ocrx_word' id='word_1_457' title='bbox 1390 5569 1637 5625; x_wconf 77' lang='lat' dir='ltr'><strong>volumus</strong></span> <span class='ocrx_word' id='word_1_458' title='bbox 1660 5579 1814 5639; x_wconf 77' lang='lat' dir='ltr'><strong>qdem</strong></span> <span class='ocrx_word' id='word_1_459' title='bbox 1847 5574 1901 5625; x_wconf 92' lang='lat' dir='ltr'><strong>in</strong></span> <span class='ocrx_word' id='word_1_460' title='bbox 1922 5589 2157 5628; x_wconf 72' lang='lat' dir='ltr'><strong>mensem</strong></span> <span class='ocrx_word' id='word_1_461' title='bbox 2184 5577 2245 5628; x_wconf 78' lang='lat' dir='ltr'><strong>de</strong></span> 
     </span>
    </p>
   </div>
   <div class='ocr_carea' id='block_1_64' title="bbox 701 5649 2241 5729">
    <p class='ocr_par' dir='ltr' id='par_1_64' title="bbox 701 5649 2241 5729">
     <span class='ocr_line' id='line_1_64' title="bbox 701 5649 2241 5729; baseline 0.016 -31"><span class='ocrx_word' id='word_1_462' title='bbox 701 5649 933 5714; x_wconf 86' lang='lat' dir='ltr'><strong>duobus,</strong></span> <span class='ocrx_word' id='word_1_463' title='bbox 969 5653 1161 5711; x_wconf 82' lang='lat' dir='ltr'><strong>Martio</strong></span> <span class='ocrx_word' id='word_1_464' title='bbox 1212 5666 1265 5712; x_wconf 87' lang='lat' dir='ltr'><strong>et</strong></span> <span class='ocrx_word' id='word_1_465' title='bbox 1316 5659 1510 5729; x_wconf 83' lang='lat' dir='ltr'><strong>Aprili,</strong></span> <span class='ocrx_word' id='word_1_466' title='bbox 1546 5662 1983 5719; x_wconf 68' lang='lat' dir='ltr'><strong>Christianorum</strong></span> <span class='ocrx_word' id='word_1_467' title='bbox 2035 5667 2241 5722; x_wconf 70' lang='lat' dir='ltr'><strong>Pascha</strong></span> 
     </span>
    </p>
   </div>
   <div class='ocr_carea' id='block_1_65' title="bbox 701 5747 2237 5831">
    <p class='ocr_par' dir='ltr' id='par_1_65' title="bbox 701 5747 2237 5831">
     <span class='ocr_line' id='line_1_65' title="bbox 701 5747 2237 5831; baseline 0.014 -37"><span class='ocrx_word' id='word_1_468' title='bbox 701 5749 948 5800; x_wconf 79' lang='lat' dir='ltr'><strong>sanctum</strong></span> <span class='ocrx_word' id='word_1_469' title='bbox 991 5747 1209 5816; x_wconf 88' lang='lat' dir='ltr'><strong>incidat,</strong></span> <span class='ocrx_word' id='word_1_470' title='bbox 1266 5765 1588 5821; x_wconf 80' lang='lat' dir='ltr'><strong>praesentem</strong></span> <span class='ocrx_word' id='word_1_471' title='bbox 1639 5757 1692 5811; x_wconf 88' lang='lat' dir='ltr'><strong>in</strong></span> <span class='ocrx_word' id='word_1_472' title='bbox 1741 5770 1990 5829; x_wconf 79' lang='lat' dir='ltr'><strong>promptu</strong></span> <span class='ocrx_word' id='word_1_473' title='bbox 2031 5767 2237 5831; x_wconf 44' lang='grc' dir='ltr'>φίλων</span> 
     </span>
    </p>
   </div>
   <div class='ocr_carea' id='block_1_66' title="bbox 2281 5071 2979 5153">
    <p class='ocr_par' dir='ltr' id='par_1_66' title="bbox 2281 5071 2979 5153">
     <span class='ocr_line' id='line_1_66' title="bbox 2281 5071 2979 5153; baseline 0.009 -35"><span class='ocrx_word' id='word_1_474' title='bbox 2281 5101 2320 5153; x_wconf 77' lang='lat' dir='ltr'>D</span> <span class='ocrx_word' id='word_1_475' title='bbox 2353 5071 2595 5133; x_wconf 72' lang='grc' dir='ltr'>σελιδίοις</span> <span class='ocrx_word' id='word_1_476' title='bbox 2642 5073 2878 5125; x_wconf 77' lang='grc' dir='ltr'>ἔκκειται</span> <span class='ocrx_word' id='word_1_477' title='bbox 2901 5073 2937 5135; x_wconf 67' lang='grc' dir='ltr'><em>ξ</em></span> <span class='ocrx_word' id='word_1_478' title='bbox 2970 5091 2979 5100; x_wconf 85' lang='grc'><strong>·</strong></span> 
     </span>
    </p>
   </div>
   <div class='ocr_carea' id='block_1_67' title="bbox 2359 2514 3879 2604">
    <p class='ocr_par' dir='ltr' id='par_1_67' title="bbox 2359 2514 3879 2604">
     <span class='ocr_line' id='line_1_67' title="bbox 2359 2514 3879 2604; baseline 0.016 -39"><span class='ocrx_word' id='word_1_479' title='bbox 2359 2514 2477 2582; x_wconf 78' lang='grc' dir='ltr'>ἥτις</span> <span class='ocrx_word' id='word_1_480' title='bbox 2511 2519 2604 2570; x_wconf 72' lang='grc' dir='ltr'>καὶ</span> <span class='ocrx_word' id='word_1_481' title='bbox 2631 2521 2771 2575; x_wconf 84' lang='grc' dir='ltr'>κατὰ</span> <span class='ocrx_word' id='word_1_482' title='bbox 2800 2524 2950 2591; x_wconf 83' lang='grc' dir='ltr'>τάξιν</span> <span class='ocrx_word' id='word_1_483' title='bbox 2977 2526 3084 2599; x_wconf 78' lang='grc' dir='ltr'>ἔχει</span> <span class='ocrx_word' id='word_1_484' title='bbox 3109 2531 3231 2593; x_wconf 73' lang='grc' dir='ltr'>τοὺς</span> <span class='ocrx_word' id='word_1_485' title='bbox 3253 2532 3515 2604; x_wconf 75' lang='grc' dir='ltr'>ἀριθμοὺς</span> <span class='ocrx_word' id='word_1_486' title='bbox 3549 2536 3656 2589; x_wconf 85' lang='grc' dir='ltr'>τῶν</span> 
     </span>
    </p>
   </div>
   <div class='ocr_carea' id='block_1_68' title="bbox 2358 2607 3874 2698">
    <p class='ocr_par' dir='ltr' id='par_1_68' title="bbox 2358 2607 3874 2698">
     <span class='ocr_line' id='line_1_68' title="bbox 2358 2607 3874 2698; baseline 0.015 -40"><span class='ocrx_word' id='word_1_487' title='bbox 2358 2607 2722 2696; x_wconf 75' lang='grc' dir='ltr'>ἐκκειμένους,</span> <span class='ocrx_word' id='word_1_488' title='bbox 2771 2617 2908 2670; x_wconf 87' lang='grc' dir='ltr'><strong>κατά</strong></span> <span class='ocrx_word' id='word_1_489' title='bbox 2954 2618 2997 2673; x_wconf 84' lang='grc' dir='ltr'>δ’</span> <span class='ocrx_word' id='word_1_490' title='bbox 3044 2621 3142 2691; x_wconf 85' lang='grc' dir='ltr'><strong>μὲν</strong></span> <span class='ocrx_word' id='word_1_491' title='bbox 3186 2623 3364 2696; x_wconf 84' lang='grc' dir='ltr'>χώρας</span> <span class='ocrx_word' id='word_1_492' title='bbox 3411 2626 3791 2698; x_wconf 79' lang='grc' dir='ltr'><strong>παραλείπεται</strong></span> <span class='ocrx_word' id='word_1_493' title='bbox 3832 2636 3874 2680; x_wconf 86' lang='grc' dir='ltr'><strong>α’</strong></span> 
     </span>
    </p>
   </div>
   <div class='ocr_carea' id='block_1_69' title="bbox 2359 2699 3876 2784">
    <p class='ocr_par' dir='ltr' id='par_1_69' title="bbox 2359 2699 3876 2784">
     <span class='ocr_line' id='line_1_69' title="bbox 2359 2699 3876 2784; baseline 0.007 -21"><span class='ocrx_word' id='word_1_494' title='bbox 2359 2699 2526 2770; x_wconf 78' lang='grc' dir='ltr'>χώρα.</span> <span class='ocrx_word' id='word_1_495' title='bbox 2585 2704 2660 2774; x_wconf 83' lang='grc' dir='ltr'>μὴ</span> <span class='ocrx_word' id='word_1_496' title='bbox 2701 2705 3231 2784; x_wconf 54' lang='grc' dir='ltr'>δεχομένηλάριθμδν,</span> <span class='ocrx_word' id='word_1_497' title='bbox 3273 2718 3353 2779; x_wconf 79' lang='grc' dir='ltr'>εἰς</span> <span class='ocrx_word' id='word_1_498' title='bbox 3381 2716 3601 2784; x_wconf 74' lang='grc' dir='ltr'>ἔνδειξιν</span> <span class='ocrx_word' id='word_1_499' title='bbox 3633 2719 3723 2773; x_wconf 80' lang='grc' dir='ltr'>τοῦ</span> <span class='ocrx_word' id='word_1_500' title='bbox 3750 2721 3876 2774; x_wconf 82' lang='grc' dir='ltr'>κατὰ</span> 
     </span>
    </p>
   </div>
   <div class='ocr_carea' id='block_1_70' title="bbox 2357 2790 3877 2880">
    <p class='ocr_par' dir='ltr' id='par_1_70' title="bbox 2357 2790 3877 2880">
     <span class='ocr_line' id='line_1_70' title="bbox 2357 2790 3877 2880; baseline 0.014 -37"><span class='ocrx_word' id='word_1_501' title='bbox 2357 2790 2397 2843; x_wconf 89' lang='grc' dir='ltr'>δ’</span> <span class='ocrx_word' id='word_1_502' title='bbox 2429 2791 2522 2864; x_wconf 77' lang='grc' dir='ltr'><strong>ἐτη</strong></span> <span class='ocrx_word' id='word_1_503' title='bbox 2554 2795 2646 2848; x_wconf 86' lang='grc' dir='ltr'><strong>τὸν</strong></span> <span class='ocrx_word' id='word_1_504' title='bbox 2676 2797 2916 2852; x_wconf 78' lang='grc' dir='ltr'>ἐνιαυτὸν</span> <span class='ocrx_word' id='word_1_505' title='bbox 2957 2794 3139 2876; x_wconf 68' lang='grc' dir='ltr'>ἡμέρα</span> <span class='ocrx_word' id='word_1_506' title='bbox 3183 2806 3280 2876; x_wconf 76' lang='grc' dir='ltr'>μιᾷ</span> <span class='ocrx_word' id='word_1_507' title='bbox 3308 2807 3405 2877; x_wconf 78' lang='grc' dir='ltr'><strong>τὴν</strong></span> <span class='ocrx_word' id='word_1_508' title='bbox 3441 2809 3705 2880; x_wconf 77' lang='grc' dir='ltr'>προτέραν</span> <span class='ocrx_word' id='word_1_509' title='bbox 3738 2811 3877 2877; x_wconf 76' lang='grc' dir='ltr'>τάξιν</span> 
     </span>
    </p>
   </div>
   <div class='ocr_carea' id='block_1_71' title="bbox 2359 2884 3876 2974">
    <p class='ocr_par' dir='ltr' id='par_1_71' title="bbox 2359 2884 3876 2974">
     <span class='ocr_line' id='line_1_71' title="bbox 2359 2884 3876 2974; baseline 0.016 -40"><span class='ocrx_word' id='word_1_510' title='bbox 2359 2884 2698 2974; x_wconf 67' lang='grc' dir='ltr'>υπερόιιίνειν</span> <span class='ocrx_word' id='word_1_511' title='bbox 2723 2903 2736 2916; x_wconf 83' lang='lat'><strong><em>°</em></strong></span> <span class='ocrx_word' id='word_1_512' title='bbox 2760 2890 2794 2958; x_wconf 80' lang='grc' dir='ltr'><strong>ἡ</strong></span> <span class='ocrx_word' id='word_1_513' title='bbox 2814 2889 2960 2955; x_wconf 83' lang='grc' dir='ltr'>θέσις</span> <span class='ocrx_word' id='word_1_514' title='bbox 2990 2893 3046 2946; x_wconf 81' lang='grc' dir='ltr'>δὲ</span> <span class='ocrx_word' id='word_1_515' title='bbox 3084 2896 3191 2948; x_wconf 85' lang='grc' dir='ltr'><strong>τῶν</strong></span> <span class='ocrx_word' id='word_1_516' title='bbox 3222 2897 3466 2969; x_wconf 81' lang='grc' dir='ltr'><strong>ἀριθμῶν</strong></span> <span class='ocrx_word' id='word_1_517' title='bbox 3485 2902 3542 2953; x_wconf 90' lang='grc' dir='ltr'><strong>ἐν</strong></span> <span class='ocrx_word' id='word_1_518' title='bbox 3564 2902 3768 2974; x_wconf 80' lang='grc' dir='ltr'><strong>ἑκάστῳ</strong></span> <span class='ocrx_word' id='word_1_519' title='bbox 3798 2920 3876 2956; x_wconf 85' lang='grc' dir='ltr'>σε-</span> 
     </span>
    </p>
   </div>
   <div class='ocr_carea' id='block_1_72' title="bbox 2358 2973 3876 3066">
    <p class='ocr_par' dir='ltr' id='par_1_72' title="bbox 2358 2973 3876 3066">
     <span class='ocr_line' id='line_1_72' title="bbox 2358 2973 3876 3066; baseline 0.017 -42"><span class='ocrx_word' id='word_1_520' title='bbox 2358 2973 2502 3046; x_wconf 87' lang='grc' dir='ltr'>λιδίῳ</span> <span class='ocrx_word' id='word_1_521' title='bbox 2535 2978 2567 3047; x_wconf 82' lang='grc' dir='ltr'>ή</span> <span class='ocrx_word' id='word_1_522' title='bbox 2593 2978 2724 3049; x_wconf 80' lang='grc' dir='ltr'>αὐτή</span> <span class='ocrx_word' id='word_1_523' title='bbox 2751 2980 2864 3034; x_wconf 84' lang='grc' dir='ltr'>ἐστι</span> <span class='ocrx_word' id='word_1_524' title='bbox 2896 2985 2989 3036; x_wconf 78' lang='grc' dir='ltr'>καὶ</span> <span class='ocrx_word' id='word_1_525' title='bbox 3021 2986 3078 3039; x_wconf 84' lang='grc' dir='ltr'><strong>ἐν</strong></span> <span class='ocrx_word' id='word_1_526' title='bbox 3121 2988 3451 3061; x_wconf 72' lang='grc' dir='ltr'>ἀμφοτέραις</span> <span class='ocrx_word' id='word_1_527' title='bbox 3471 2995 3592 3056; x_wconf 78' lang='grc' dir='ltr'>ταῖς</span> <span class='ocrx_word' id='word_1_528' title='bbox 3614 3011 3876 3066; x_wconf 79' lang='grc' dir='ltr'>καταγρα-</span> 
     </span>
    </p>
   </div>
   <div class='ocr_carea' id='block_1_73' title="bbox 2357 3069 3874 3152">
    <p class='ocr_par' dir='ltr' id='par_1_73' title="bbox 2357 3069 3874 3152">
     <span class='ocr_line' id='line_1_73' title="bbox 2357 3069 3874 3152; baseline 0.016 -35"><span class='ocrx_word' id='word_1_529' title='bbox 2357 3069 2503 3134; x_wconf 83' lang='grc' dir='ltr'>φαῖς,</span> <span class='ocrx_word' id='word_1_530' title='bbox 2535 3069 2610 3132; x_wconf 86' lang='grc' dir='ltr'>ὡς</span> <span class='ocrx_word' id='word_1_531' title='bbox 2644 3070 2788 3126; x_wconf 78' lang='grc' dir='ltr'>ἐστιν</span> <span class='ocrx_word' id='word_1_532' title='bbox 2819 3075 2950 3146; x_wconf 81' lang='grc' dir='ltr'>όρᾷν</span> <span class='ocrx_word' id='word_1_533' title='bbox 2987 3077 3044 3132; x_wconf 89' lang='grc' dir='ltr'><strong>ἐν</strong></span> <span class='ocrx_word' id='word_1_534' title='bbox 3072 3082 3183 3144; x_wconf 82' lang='grc' dir='ltr'>τοῖς</span> <span class='ocrx_word' id='word_1_535' title='bbox 3226 3079 3458 3152; x_wconf 78' lang='grc' dir='ltr'>πρώτοις</span> <span class='ocrx_word' id='word_1_536' title='bbox 3509 3084 3747 3150; x_wconf 85' lang='grc' dir='ltr'>σελιδίοις</span> <span class='ocrx_word' id='word_1_537' title='bbox 3762 3087 3874 3150; x_wconf 81' lang='grc' dir='ltr'>τοὺς</span> 
     </span>
    </p>
   </div>
   <div class='ocr_carea' id='block_1_74' title="bbox 2355 3159 3876 3246">
    <p class='ocr_par' dir='ltr' id='par_1_74' title="bbox 2355 3159 3876 3246">
     <span class='ocr_line' id='line_1_74' title="bbox 2355 3159 3876 3246; baseline 0.012 -37"><span class='ocrx_word' id='word_1_538' title='bbox 2355 3159 2548 3224; x_wconf 79' lang='grc' dir='ltr'>αὐτοὺς</span> <span class='ocrx_word' id='word_1_539' title='bbox 2576 3160 2683 3214; x_wconf 85' lang='grc' dir='ltr'><strong>τῶν</strong></span> <span class='ocrx_word' id='word_1_540' title='bbox 2708 3163 2920 3220; x_wconf 88' lang='grc' dir='ltr'>κύκλων</span> <span class='ocrx_word' id='word_1_541' title='bbox 2965 3168 3308 3239; x_wconf 78' lang='grc' dir='ltr'>ἐκκειμένους</span> <span class='ocrx_word' id='word_1_542' title='bbox 3331 3172 3611 3244; x_wconf 85' lang='grc' dir='ltr'>ἀριθμούς.</span> <span class='ocrx_word' id='word_1_543' title='bbox 3652 3175 3762 3229; x_wconf 79' lang='grc' dir='ltr'><strong>Κᾶν</strong></span> <span class='ocrx_word' id='word_1_544' title='bbox 3776 3177 3876 3246; x_wconf 79' lang='grc' dir='ltr'><strong>γὰρ</strong></span> 
     </span>
    </p>
   </div>
   <div class='ocr_carea' id='block_1_75' title="bbox 2349 3250 3872 3335">
    <p class='ocr_par' dir='ltr' id='par_1_75' title="bbox 2349 3250 3872 3335">
     <span class='ocr_line' id='line_1_75' title="bbox 2349 3250 3872 3335; baseline 0.011 -34"><span class='ocrx_word' id='word_1_545' title='bbox 2349 3250 2414 3302; x_wconf 72' lang='grc' dir='ltr'><strong>ἐν</strong></span> <span class='ocrx_word' id='word_1_546' title='bbox 2437 3253 2502 3321; x_wconf 82' lang='grc' dir='ltr'>τῇ</span> <span class='ocrx_word' id='word_1_547' title='bbox 2540 3251 3079 3330; x_wconf 76' lang='grc' dir='ltr'>πρώτῃκαταγραφῇ</span> <span class='ocrx_word' id='word_1_548' title='bbox 3113 3261 3142 3313; x_wconf 82' lang='grc' dir='ltr'><em>ὁ</em></span> <span class='ocrx_word' id='word_1_549' title='bbox 3165 3267 3231 3333; x_wconf 89' lang='grc' dir='ltr'>ιη’</span> <span class='ocrx_word' id='word_1_550' title='bbox 3257 3261 3459 3317; x_wconf 77' lang='grc' dir='ltr'>ἄνωθεν</span> <span class='ocrx_word' id='word_1_551' title='bbox 3484 3263 3578 3322; x_wconf 74' lang='grc' dir='ltr'>τοῦ</span> <span class='ocrx_word' id='word_1_552' title='bbox 3613 3264 3676 3335; x_wconf 82' lang='grc' dir='ltr'><strong>ιβ’</strong></span> <span class='ocrx_word' id='word_1_553' title='bbox 3691 3269 3872 3328; x_wconf 83' lang='grc' dir='ltr'>κεῖται,</span> 
     </span>
    </p>
   </div>
   <div class='ocr_carea' id='block_1_76' title="bbox 2353 3339 3872 3425">
    <p class='ocr_par' dir='ltr' id='par_1_76' title="bbox 2353 3339 3872 3425">
     <span class='ocr_line' id='line_1_76' title="bbox 2353 3339 3872 3425; baseline 0.013 -34"><span class='ocrx_word' id='word_1_554' title='bbox 2353 3339 2463 3392; x_wconf 84' lang='grc' dir='ltr'>ἀλλ’</span> <span class='ocrx_word' id='word_1_555' title='bbox 2496 3342 2588 3394; x_wconf 82' lang='grc' dir='ltr'>ἐπὶ</span> <span class='ocrx_word' id='word_1_556' title='bbox 2647 3343 2739 3396; x_wconf 81' lang='grc' dir='ltr'>τοῦ</span> <span class='ocrx_word' id='word_1_557' title='bbox 2762 3345 2924 3400; x_wconf 76' lang='grc' dir='ltr'>αὐτοῦ</span> <span class='ocrx_word' id='word_1_558' title='bbox 2964 3348 3190 3403; x_wconf 85' lang='grc' dir='ltr'>σελιδίου</span> <span class='ocrx_word' id='word_1_559' title='bbox 3234 3353 3328 3405; x_wconf 78' lang='grc' dir='ltr'>καὶ</span> <span class='ocrx_word' id='word_1_560' title='bbox 3357 3354 3556 3424; x_wconf 75' lang='grc' dir='ltr'>ἀμφοῖν</span> <span class='ocrx_word' id='word_1_561' title='bbox 3606 3354 3872 3425; x_wconf 79' lang='grc' dir='ltr'>κειμένων,</span> 
     </span>
    </p>
   </div>
   <div class='ocr_carea' id='block_1_77' title="bbox 2351 3433 3874 3517">
    <p class='ocr_par' dir='ltr' id='par_1_77' title="bbox 2351 3433 3874 3517">
     <span class='ocr_line' id='line_1_77' title="bbox 2351 3433 3874 3517; baseline 0.011 -34"><span class='ocrx_word' id='word_1_562' title='bbox 2351 3433 2409 3484; x_wconf 78' lang='grc' dir='ltr'><strong>οὐ</strong></span> <span class='ocrx_word' id='word_1_563' title='bbox 2430 3433 2633 3500; x_wconf 84' lang='grc' dir='ltr'>γίνεταί</span> <span class='ocrx_word' id='word_1_564' title='bbox 2688 3454 2770 3501; x_wconf 88' lang='grc' dir='ltr'><strong>τις</strong></span> <span class='ocrx_word' id='word_1_565' title='bbox 2797 3437 3024 3510; x_wconf 82' lang='grc' dir='ltr'>διαφορὰ</span> <span class='ocrx_word' id='word_1_566' title='bbox 3065 3441 3154 3494; x_wconf 84' lang='grc' dir='ltr'>διὰ</span> <span class='ocrx_word' id='word_1_567' title='bbox 3175 3443 3272 3513; x_wconf 84' lang='grc' dir='ltr'><strong>τὴν</strong></span> <span class='ocrx_word' id='word_1_568' title='bbox 3303 3444 3468 3514; x_wconf 77' lang='grc' dir='ltr'>αὐτὴν</span> <span class='ocrx_word' id='word_1_569' title='bbox 3495 3444 3874 3517; x_wconf 78' lang='grc' dir='ltr'>ἐνηλλαγμένην</span> 
     </span>
    </p>
   </div>
   <div class='ocr_carea' id='block_1_78' title="bbox 2353 3520 3876 3606">
    <p class='ocr_par' dir='ltr' id='par_1_78' title="bbox 2353 3520 3876 3606">
     <span class='ocr_line' id='line_1_78' title="bbox 2353 3520 3876 3606; baseline 0.009 -32"><span class='ocrx_word' id='word_1_570' title='bbox 2353 3520 2518 3578; x_wconf 81' lang='grc' dir='ltr'>θέσιν.</span> <span class='ocrx_word' id='word_1_571' title='bbox 2553 3525 2626 3578; x_wconf 82' lang='grc' dir='ltr'>Τὸ</span> <span class='ocrx_word' id='word_1_572' title='bbox 2652 3526 2781 3580; x_wconf 83' lang='grc' dir='ltr'>αὐτὸ</span> <span class='ocrx_word' id='word_1_573' title='bbox 2809 3527 2864 3580; x_wconf 84' lang='grc' dir='ltr'>δὲ</span> <span class='ocrx_word' id='word_1_574' title='bbox 2903 3529 2997 3582; x_wconf 77' lang='grc' dir='ltr'><strong>καὶ</strong></span> <span class='ocrx_word' id='word_1_575' title='bbox 3029 3531 3121 3583; x_wconf 75' lang='grc' dir='ltr'><strong>ἐπὶ</strong></span> <span class='ocrx_word' id='word_1_576' title='bbox 3163 3531 3269 3584; x_wconf 83' lang='grc' dir='ltr'>τῶν</span> <span class='ocrx_word' id='word_1_577' title='bbox 3301 3531 3502 3586; x_wconf 83' lang='grc' dir='ltr'>λοιπῶν</span> <span class='ocrx_word' id='word_1_578' title='bbox 3529 3534 3758 3588; x_wconf 78' lang='grc' dir='ltr'>σελιδίων</span> <span class='ocrx_word' id='word_1_579' title='bbox 3785 3537 3876 3606; x_wconf 86' lang='grc' dir='ltr'>ἐμ-</span> 
     </span>
    </p>
   </div>
   <div class='ocr_carea' id='block_1_79' title="bbox 2350 3614 3874 3695">
    <p class='ocr_par' dir='ltr' id='par_1_79' title="bbox 2350 3614 3874 3695">
     <span class='ocr_line' id='line_1_79' title="bbox 2350 3614 3874 3695; baseline 0.005 -27"><span class='ocrx_word' id='word_1_580' title='bbox 2350 3615 2614 3683; x_wconf 79' lang='grc' dir='ltr'>φαίνεται,</span> <span class='ocrx_word' id='word_1_581' title='bbox 2664 3614 2919 3670; x_wconf 78' lang='grc' dir='ltr'>ἐκτακτον</span> <span class='ocrx_word' id='word_1_582' title='bbox 2965 3618 3063 3688; x_wconf 84' lang='grc' dir='ltr'>μὲν</span> <span class='ocrx_word' id='word_1_583' title='bbox 3117 3620 3322 3687; x_wconf 83' lang='grc' dir='ltr'>δοκοῦν,</span> <span class='ocrx_word' id='word_1_584' title='bbox 3367 3622 3463 3694; x_wconf 79' lang='grc' dir='ltr'>τὴν</span> <span class='ocrx_word' id='word_1_585' title='bbox 3505 3623 3653 3690; x_wconf 78' lang='grc' dir='ltr'>τάξιν</span> <span class='ocrx_word' id='word_1_586' title='bbox 3684 3623 3738 3677; x_wconf 79' lang='grc' dir='ltr'>δὲ</span> <span class='ocrx_word' id='word_1_587' title='bbox 3785 3627 3874 3695; x_wconf 79' lang='grc' dir='ltr'>οὐχ</span> 
     </span>
    </p>
   </div>
   <div class='ocr_carea' id='block_1_80' title="bbox 2351 3696 3875 3783">
    <p class='ocr_par' dir='ltr' id='par_1_80' title="bbox 2351 3696 3875 3783">
     <span class='ocr_line' id='line_1_80' title="bbox 2351 3696 3875 3783; baseline 0.012 -27"><span class='ocrx_word' id='word_1_588' title='bbox 2351 3705 2690 3776; x_wconf 71' lang='grc' dir='ltr'>ὑπερϐαῖνον.</span> <span class='ocrx_word' id='word_1_589' title='bbox 2725 3705 2920 3775; x_wconf 81' lang='grc' dir='ltr'>Γέγονε</span> <span class='ocrx_word' id='word_1_590' title='bbox 2947 3707 3002 3761; x_wconf 81' lang='grc' dir='ltr'>δὲ</span> <span class='ocrx_word' id='word_1_591' title='bbox 3037 3711 3070 3781; x_wconf 78' lang='grc' dir='ltr'><strong>η</strong></span> <span class='ocrx_word' id='word_1_592' title='bbox 3114 3711 3330 3783; x_wconf 71' lang='grc' dir='ltr'>τοιαύτη</span> <span class='ocrx_word' id='word_1_593' title='bbox 3363 3696 3507 3778; x_wconf 75' lang='grc' dir='ltr'>θέσις</span> <span class='ocrx_word' id='word_1_594' title='bbox 3527 3706 3649 3769; x_wconf 79' lang='grc' dir='ltr'><strong>¹τῶν</strong></span> <span class='ocrx_word' id='word_1_595' title='bbox 3677 3716 3875 3774; x_wconf 77' lang='grc' dir='ltr'>κύκλων</span> 
     </span>
    </p>
   </div>
   <div class='ocr_carea' id='block_1_81' title="bbox 2353 3794 3874 3878">
    <p class='ocr_par' dir='ltr' id='par_1_81' title="bbox 2353 3794 3874 3878">
     <span class='ocr_line' id='line_1_81' title="bbox 2353 3794 3874 3878; baseline 0.007 -31"><span class='ocrx_word' id='word_1_596' title='bbox 2353 3794 2429 3864; x_wconf 81' lang='grc' dir='ltr'>τῷ</span> <span class='ocrx_word' id='word_1_597' title='bbox 2456 3799 2977 3869; x_wconf 70' lang='grc' dir='ltr'>κανονογραφήσαντι</span> <span class='ocrx_word' id='word_1_598' title='bbox 3010 3800 3066 3866; x_wconf 83' lang='grc' dir='ltr'>ἐξ</span> <span class='ocrx_word' id='word_1_599' title='bbox 3089 3802 3257 3873; x_wconf 84' lang='grc' dir='ltr'>ἀρχῆς</span> <span class='ocrx_word' id='word_1_600' title='bbox 3276 3803 3700 3876; x_wconf 78' lang='grc' dir='ltr'>ἀναπληρώσεως</span> <span class='ocrx_word' id='word_1_601' title='bbox 3729 3807 3874 3878; x_wconf 75' lang='grc' dir='ltr'>χάριν</span> 
     </span>
    </p>
   </div>
   <div class='ocr_carea' id='block_1_82' title="bbox 2353 3887 3874 3968">
    <p class='ocr_par' dir='ltr' id='par_1_82' title="bbox 2353 3887 3874 3968">
     <span class='ocr_line' id='line_1_82' title="bbox 2353 3887 3874 3968; baseline 0.009 -30"><span class='ocrx_word' id='word_1_602' title='bbox 2353 3887 2460 3939; x_wconf 86' lang='grc' dir='ltr'><strong>τῶν</strong></span> <span class='ocrx_word' id='word_1_603' title='bbox 2486 3889 2716 3960; x_wconf 85' lang='grc' dir='ltr'>χωρίων,</span> <span class='ocrx_word' id='word_1_604' title='bbox 2738 3888 2773 3942; x_wconf 74' lang='grc' dir='ltr'>ἃ</span> <span class='ocrx_word' id='word_1_605' title='bbox 2788 3890 2918 3943; x_wconf 85' lang='grc' dir='ltr'>κενὰ</span> <span class='ocrx_word' id='word_1_606' title='bbox 2933 3891 3287 3965; x_wconf 80' lang='grc' dir='ltr'>καταλείπειή</span> <span class='ocrx_word' id='word_1_607' title='bbox 3317 3894 3540 3968; x_wconf 83' lang='grc' dir='ltr'>δευτέρα</span> <span class='ocrx_word' id='word_1_608' title='bbox 3567 3897 3874 3968; x_wconf 73' lang='grc' dir='ltr'>καταγραφὴ</span> 
     </span>
    </p>
   </div>
   <div class='ocr_carea' id='block_1_83' title="bbox 2352 3978 3111 4052">
    <p class='ocr_par' dir='ltr' id='par_1_83' title="bbox 2352 3978 3111 4052">
     <span class='ocr_line' id='line_1_83' title="bbox 2352 3978 3111 4052; baseline 0.009 -23"><span class='ocrx_word' id='word_1_609' title='bbox 2352 3978 2439 4030; x_wconf 79' lang='grc' dir='ltr'>διὰ</span> <span class='ocrx_word' id='word_1_610' title='bbox 2469 3979 2565 4049; x_wconf 75' lang='grc' dir='ltr'>τὴν</span> <span class='ocrx_word' id='word_1_611' title='bbox 2597 3981 2887 4052; x_wconf 74' lang='grc' dir='ltr'>εἰρημένην</span> <span class='ocrx_word' id='word_1_612' title='bbox 2919 3985 3111 4037; x_wconf 75' lang='grc' dir='ltr'>αἰτίαν.</span> 
     </span>
    </p>
   </div>
   <div class='ocr_carea' id='block_1_84' title="bbox 2423 4067 3875 4150">
    <p class='ocr_par' dir='ltr' id='par_1_84' title="bbox 2423 4067 3875 4150">
     <span class='ocr_line' id='line_1_84' title="bbox 2423 4067 3875 4150; baseline 0.004 -28"><span class='ocrx_word' id='word_1_613' title='bbox 2423 4070 2537 4122; x_wconf 82' lang='grc' dir='ltr'><strong>Ἵνα</strong></span> <span class='ocrx_word' id='word_1_614' title='bbox 2583 4071 2646 4142; x_wconf 84' lang='grc' dir='ltr'>δὴ</span> <span class='ocrx_word' id='word_1_615' title='bbox 2702 4067 2793 4125; x_wconf 77' lang='grc' dir='ltr'><strong>οὖν</strong></span> <span class='ocrx_word' id='word_1_616' title='bbox 2835 4072 2932 4145; x_wconf 79' lang='grc' dir='ltr'>τὴν</span> <span class='ocrx_word' id='word_1_617' title='bbox 2960 4076 3017 4128; x_wconf 83' lang='grc' dir='ltr'><strong>ἐν</strong></span> <span class='ocrx_word' id='word_1_618' title='bbox 3060 4077 3167 4137; x_wconf 85' lang='grc' dir='ltr'>τοῖς</span> <span class='ocrx_word' id='word_1_619' title='bbox 3210 4075 3252 4128; x_wconf 89' lang='grc' dir='ltr'>δ’</span> <span class='ocrx_word' id='word_1_620' title='bbox 3295 4076 3494 4146; x_wconf 85' lang='grc' dir='ltr'>στίχοις</span> <span class='ocrx_word' id='word_1_621' title='bbox 3539 4078 3875 4150; x_wconf 59' lang='grc' dir='ltr'>καταγραφὴν</span> 
     </span>
    </p>
   </div>
   <div class='ocr_carea' id='block_1_85' title="bbox 2352 4160 3875 4237">
    <p class='ocr_par' dir='ltr' id='par_1_85' title="bbox 2352 4160 3875 4237">
     <span class='ocr_line' id='line_1_85' title="bbox 2352 4160 3875 4237; baseline 0.007 -25"><span class='ocrx_word' id='word_1_622' title='bbox 2352 4160 2737 4233; x_wconf 83' lang='grc' dir='ltr'>εὐτακτοτέραν</span> <span class='ocrx_word' id='word_1_623' title='bbox 2785 4166 3125 4236; x_wconf 83' lang='grc' dir='ltr'>ποιήσωμεν,</span> <span class='ocrx_word' id='word_1_624' title='bbox 3170 4166 3230 4218; x_wconf 87' lang='grc' dir='ltr'><strong>τὸ</strong></span> <span class='ocrx_word' id='word_1_625' title='bbox 3271 4166 3367 4236; x_wconf 84' lang='grc' dir='ltr'>μὲν</span> <span class='ocrx_word' id='word_1_626' title='bbox 3423 4167 3631 4237; x_wconf 81' lang='grc' dir='ltr'>πρῶτον</span> <span class='ocrx_word' id='word_1_627' title='bbox 3666 4169 3875 4234; x_wconf 79' lang='grc' dir='ltr'>σελίδιον</span> 
     </span>
    </p>
   </div>
   <div class='ocr_carea' id='block_1_86' title="bbox 2352 4251 3871 4331">
    <p class='ocr_par' dir='ltr' id='par_1_86' title="bbox 2352 4251 3871 4331">
     <span class='ocr_line' id='line_1_86' title="bbox 2352 4251 3871 4331; baseline 0.006 -28"><span class='ocrx_word' id='word_1_628' title='bbox 2352 4251 2519 4321; x_wconf 86' lang='grc' dir='ltr'>ἐχέτω</span> <span class='ocrx_word' id='word_1_629' title='bbox 2543 4254 2804 4323; x_wconf 78' lang='grc' dir='ltr'>ἀριθμοὺς</span> <span class='ocrx_word' id='word_1_630' title='bbox 2821 4255 2888 4319; x_wconf 82' lang='grc' dir='ltr'>α’,</span> <span class='ocrx_word' id='word_1_631' title='bbox 2907 4255 2972 4322; x_wconf 80' lang='grc' dir='ltr'><strong>ζ’,</strong></span> <span class='ocrx_word' id='word_1_632' title='bbox 3004 4253 3088 4325; x_wconf 82' lang='grc' dir='ltr'>ιβ’,</span> <span class='ocrx_word' id='word_1_633' title='bbox 3125 4257 3192 4327; x_wconf 81' lang='grc' dir='ltr'>ιη’</span> <span class='ocrx_word' id='word_1_634' title='bbox 3214 4272 3228 4288; x_wconf 88' lang='grc'><strong>·</strong></span> <span class='ocrx_word' id='word_1_635' title='bbox 3260 4258 3321 4310; x_wconf 87' lang='grc' dir='ltr'>τὸ</span> <span class='ocrx_word' id='word_1_636' title='bbox 3346 4256 3402 4310; x_wconf 81' lang='grc' dir='ltr'><strong>δὲ</strong></span> <span class='ocrx_word' id='word_1_637' title='bbox 3431 4259 3672 4330; x_wconf 87' lang='grc' dir='ltr'>δεύτερον</span> <span class='ocrx_word' id='word_1_638' title='bbox 3695 4260 3871 4331; x_wconf 83' lang='grc' dir='ltr'>ἐχέτω,</span> 
     </span>
    </p>
   </div>
   <div class='ocr_carea' id='block_1_87' title="bbox 2351 4343 3873 4422">
    <p class='ocr_par' dir='ltr' id='par_1_87' title="bbox 2351 4343 3873 4422">
     <span class='ocr_line' id='line_1_87' title="bbox 2351 4343 3873 4422; baseline 0.005 -28"><span class='ocrx_word' id='word_1_639' title='bbox 2351 4344 2426 4406; x_wconf 85' lang='grc' dir='ltr'>ὠς</span> <span class='ocrx_word' id='word_1_640' title='bbox 2447 4343 2586 4414; x_wconf 80' lang='grc' dir='ltr'>ἔχει·</span> <span class='ocrx_word' id='word_1_641' title='bbox 2619 4344 2679 4397; x_wconf 83' lang='grc' dir='ltr'><strong>τὸ</strong></span> <span class='ocrx_word' id='word_1_642' title='bbox 2709 4343 2765 4398; x_wconf 80' lang='grc' dir='ltr'>δὲ</span> <span class='ocrx_word' id='word_1_643' title='bbox 2796 4346 2973 4418; x_wconf 86' lang='grc' dir='ltr'>τρίτον</span> <span class='ocrx_word' id='word_1_644' title='bbox 3001 4347 3071 4415; x_wconf 74' lang='grc' dir='ltr'><strong>γ’,</strong></span> <span class='ocrx_word' id='word_1_645' title='bbox 3109 4347 3178 4418; x_wconf 86' lang='grc' dir='ltr'>η’,</span> <span class='ocrx_word' id='word_1_646' title='bbox 3205 4347 3284 4411; x_wconf 85' lang='grc' dir='ltr'>ιδ’,</span> <span class='ocrx_word' id='word_1_647' title='bbox 3319 4350 3395 4402; x_wconf 84' lang='grc' dir='ltr'>κε’</span> <span class='ocrx_word' id='word_1_648' title='bbox 3414 4366 3427 4380; x_wconf 69' lang='grc'><strong><em>⁸</em></strong></span> <span class='ocrx_word' id='word_1_649' title='bbox 3460 4349 3521 4402; x_wconf 88' lang='grc' dir='ltr'><strong>τδ</strong></span> <span class='ocrx_word' id='word_1_650' title='bbox 3546 4350 3600 4403; x_wconf 79' lang='grc' dir='ltr'><strong>δέ</strong></span> <span class='ocrx_word' id='word_1_651' title='bbox 3634 4350 3873 4422; x_wconf 84' lang='grc' dir='ltr'>τέταρτον</span> 
     </span>
    </p>
   </div>
   <div class='ocr_carea' id='block_1_88' title="bbox 2352 4431 3874 4508">
    <p class='ocr_par' dir='ltr' id='par_1_88' title="bbox 2352 4431 3874 4508">
     <span class='ocr_line' id='line_1_88' title="bbox 2352 4431 3874 4508; baseline 0.005 -23"><span class='ocrx_word' id='word_1_652' title='bbox 2352 4431 2418 4498; x_wconf 83' lang='grc' dir='ltr'>θ’,</span> <span class='ocrx_word' id='word_1_653' title='bbox 2452 4433 2531 4497; x_wconf 81' lang='grc' dir='ltr'>ιε’,</span> <span class='ocrx_word' id='word_1_654' title='bbox 2567 4433 2634 4500; x_wconf 84' lang='grc' dir='ltr'>κ’,</span> <span class='ocrx_word' id='word_1_655' title='bbox 2661 4437 2782 4500; x_wconf 88' lang='grc' dir='ltr'>κς·’·</span> <span class='ocrx_word' id='word_1_656' title='bbox 2810 4436 2872 4489; x_wconf 83' lang='grc' dir='ltr'>τὸ</span> <span class='ocrx_word' id='word_1_657' title='bbox 2904 4437 2961 4490; x_wconf 87' lang='grc' dir='ltr'><strong>δὲ</strong></span> <span class='ocrx_word' id='word_1_658' title='bbox 3012 4437 3255 4508; x_wconf 72' lang='grc' dir='ltr'>πέμπτον</span> <span class='ocrx_word' id='word_1_659' title='bbox 3281 4439 3344 4505; x_wconf 89' lang='grc' dir='ltr'>δ’,</span> <span class='ocrx_word' id='word_1_660' title='bbox 3371 4440 3423 4503; x_wconf 88' lang='grc' dir='ltr'>ι’,</span> <span class='ocrx_word' id='word_1_661' title='bbox 3445 4441 3551 4506; x_wconf 87' lang='grc' dir='ltr'>κα’,</span> <span class='ocrx_word' id='word_1_662' title='bbox 3579 4439 3660 4505; x_wconf 79' lang='grc' dir='ltr'><strong>κζ’</strong></span> <span class='ocrx_word' id='word_1_663' title='bbox 3678 4459 3690 4472; x_wconf 92' lang='grc'><strong>·</strong></span> <span class='ocrx_word' id='word_1_664' title='bbox 3729 4440 3788 4492; x_wconf 80' lang='grc' dir='ltr'>τὸ</span> <span class='ocrx_word' id='word_1_665' title='bbox 3821 4439 3874 4492; x_wconf 71' lang='grc' dir='ltr'>δὲ</span> 
     </span>
    </p>
   </div>
   <div class='ocr_carea' id='block_1_89' title="bbox 2353 4523 3870 4602">
    <p class='ocr_par' dir='ltr' id='par_1_89' title="bbox 2353 4523 3870 4602">
     <span class='ocr_line' id='line_1_89' title="bbox 2353 4523 3870 4602; baseline 0.006 -26"><span class='ocrx_word' id='word_1_666' title='bbox 2353 4523 2508 4577; x_wconf 84' lang='grc' dir='ltr'>ἐκτον</span> <span class='ocrx_word' id='word_1_667' title='bbox 2540 4525 2602 4590; x_wconf 87' lang='grc' dir='ltr'>ε’,</span> <span class='ocrx_word' id='word_1_668' title='bbox 2633 4526 2719 4590; x_wconf 84' lang='grc' dir='ltr'>ια’,</span> <span class='ocrx_word' id='word_1_669' title='bbox 2752 4526 2848 4590; x_wconf 74' lang='grc' dir='ltr'>ις’,</span> <span class='ocrx_word' id='word_1_670' title='bbox 2878 4528 2962 4598; x_wconf 80' lang='grc' dir='ltr'><strong>κβ¹</strong></span> <span class='ocrx_word' id='word_1_671' title='bbox 2981 4544 2993 4556; x_wconf 92' lang='grc'><strong>·</strong></span> <span class='ocrx_word' id='word_1_672' title='bbox 3027 4529 3086 4581; x_wconf 81' lang='grc' dir='ltr'><strong>τὸ</strong></span> <span class='ocrx_word' id='word_1_673' title='bbox 3110 4530 3167 4583; x_wconf 89' lang='grc' dir='ltr'><strong>δέ</strong></span> <span class='ocrx_word' id='word_1_674' title='bbox 3198 4529 3419 4601; x_wconf 74' lang='grc' dir='ltr'>ἕϐδομον</span> <span class='ocrx_word' id='word_1_675' title='bbox 3448 4532 3606 4584; x_wconf 84' lang='grc' dir='ltr'>πάλιν</span> <span class='ocrx_word' id='word_1_676' title='bbox 3632 4531 3718 4596; x_wconf 79' lang='grc' dir='ltr'><strong>οὓς</strong></span> <span class='ocrx_word' id='word_1_677' title='bbox 3748 4533 3870 4602; x_wconf 74' lang='grc' dir='ltr'>ἔχει.</span> 
     </span>
    </p>
   </div>
   <div class='ocr_carea' id='block_1_90' title="bbox 2421 4615 3872 4692">
    <p class='ocr_par' dir='ltr' id='par_1_90' title="bbox 2421 4615 3872 4692">
     <span class='ocr_line' id='line_1_90' title="bbox 2421 4615 3872 4692; baseline 0.004 -24"><span class='ocrx_word' id='word_1_678' title='bbox 2421 4615 2668 4670; x_wconf 88' lang='grc' dir='ltr'>Τίθενται</span> <span class='ocrx_word' id='word_1_679' title='bbox 2684 4617 2737 4671; x_wconf 81' lang='grc' dir='ltr'>δὲ</span> <span class='ocrx_word' id='word_1_680' title='bbox 2753 4618 2955 4676; x_wconf 81' lang='grc' dir='ltr'>ἄνωθεν</span> <span class='ocrx_word' id='word_1_681' title='bbox 2975 4619 3063 4672; x_wconf 83' lang='grc' dir='ltr'>τοῦ</span> <span class='ocrx_word' id='word_1_682' title='bbox 3087 4621 3326 4674; x_wconf 88' lang='grc' dir='ltr'>κανονίου</span> <span class='ocrx_word' id='word_1_683' title='bbox 3340 4622 3390 4673; x_wconf 74' lang='grc' dir='ltr'><strong>οἱ</strong></span> <span class='ocrx_word' id='word_1_684' title='bbox 3410 4621 3502 4674; x_wconf 83' lang='grc' dir='ltr'>τοῦ</span> <span class='ocrx_word' id='word_1_685' title='bbox 3518 4621 3658 4692; x_wconf 71' lang='grc' dir='ltr'>ἡλίου</span> <span class='ocrx_word' id='word_1_686' title='bbox 3680 4622 3872 4684; x_wconf 76' lang='grc' dir='ltr'>κύκλοι,</span> 
     </span>
    </p>
   </div>
   <div class='ocr_carea' id='block_1_91' title="bbox 2349 4703 3872 4782">
    <p class='ocr_par' dir='ltr' id='par_1_91' title="bbox 2349 4703 3872 4782">
     <span class='ocr_line' id='line_1_91' title="bbox 2349 4703 3872 4782; baseline 0.007 -27"><span class='ocrx_word' id='word_1_687' title='bbox 2349 4703 2424 4767; x_wconf 84' lang='grc' dir='ltr'>ὡς</span> <span class='ocrx_word' id='word_1_688' title='bbox 2449 4704 2678 4775; x_wconf 77' lang='grc' dir='ltr'>εἴρηται,</span> <span class='ocrx_word' id='word_1_689' title='bbox 2710 4707 2788 4770; x_wconf 84' lang='grc' dir='ltr'><strong>είς</strong></span> <span class='ocrx_word' id='word_1_690' title='bbox 2812 4707 3038 4776; x_wconf 84' lang='grc' dir='ltr'>δήλωσιν</span> <span class='ocrx_word' id='word_1_691' title='bbox 3064 4710 3155 4762; x_wconf 81' lang='grc' dir='ltr'>τοῦ</span> <span class='ocrx_word' id='word_1_692' title='bbox 3182 4713 3238 4762; x_wconf 85' lang='grc' dir='ltr'><strong>ἐν</strong></span> <span class='ocrx_word' id='word_1_693' title='bbox 3266 4712 3393 4782; x_wconf 80' lang='grc' dir='ltr'>ποίᾳ</span> <span class='ocrx_word' id='word_1_694' title='bbox 3416 4711 3598 4782; x_wconf 75' lang='grc' dir='ltr'>ἡμέρᾳ</span> <span class='ocrx_word' id='word_1_695' title='bbox 3619 4714 3712 4782; x_wconf 81' lang='grc' dir='ltr'>τῆς</span> <span class='ocrx_word' id='word_1_696' title='bbox 3734 4713 3872 4766; x_wconf 67' lang='lat'><strong>£660-</strong></span> 
     </span>
    </p>
   </div>
   <div class='ocr_carea' id='block_1_92' title="bbox 2355 4796 3873 4872">
    <p class='ocr_par' dir='ltr' id='par_1_92' title="bbox 2355 4796 3873 4872">
     <span class='ocr_line' id='line_1_92' title="bbox 2355 4796 3873 4872; baseline 0.006 -25"><span class='ocrx_word' id='word_1_697' title='bbox 2355 4796 2516 4864; x_wconf 84' lang='grc' dir='ltr'>μάδος</span> <span class='ocrx_word' id='word_1_698' title='bbox 2543 4797 2601 4849; x_wconf 84' lang='grc' dir='ltr'><strong>τὸ</strong></span> <span class='ocrx_word' id='word_1_699' title='bbox 2644 4798 2924 4851; x_wconf 83' lang='grc' dir='ltr'>Ἰουδαϊκὸν</span> <span class='ocrx_word' id='word_1_700' title='bbox 2959 4800 3144 4871; x_wconf 84' lang='grc' dir='ltr'>Πάσχα</span> <span class='ocrx_word' id='word_1_701' title='bbox 3174 4801 3309 4854; x_wconf 72' lang='grc' dir='ltr'>κατὰ</span> <span class='ocrx_word' id='word_1_702' title='bbox 3348 4802 3437 4854; x_wconf 84' lang='grc' dir='ltr'><strong>τὸν</strong></span> <span class='ocrx_word' id='word_1_703' title='bbox 3467 4805 3658 4856; x_wconf 74' lang='grc' dir='ltr'>οἰκεῖον</span> <span class='ocrx_word' id='word_1_704' title='bbox 3673 4803 3767 4872; x_wconf 77' lang='grc' dir='ltr'>τῆς</span> <span class='ocrx_word' id='word_1_705' title='bbox 3796 4819 3873 4855; x_wconf 83' lang='grc' dir='ltr'>σε-</span> 
     </span>
    </p>
   </div>
   <div class='ocr_carea' id='block_1_93' title="bbox 2350 4886 3872 4964">
    <p class='ocr_par' dir='ltr' id='par_1_93' title="bbox 2350 4886 3872 4964">
     <span class='ocr_line' id='line_1_93' title="bbox 2350 4886 3872 4964; baseline 0.003 -26"><span class='ocrx_word' id='word_1_706' title='bbox 2350 4886 2515 4957; x_wconf 69' lang='grc' dir='ltr'>λήνης</span> <span class='ocrx_word' id='word_1_707' title='bbox 2569 4889 2761 4942; x_wconf 77' lang='grc' dir='ltr'>κύκλον</span> <span class='ocrx_word' id='word_1_708' title='bbox 2813 4892 3062 4954; x_wconf 75' lang='grc' dir='ltr'>τελεῖται.</span> <span class='ocrx_word' id='word_1_709' title='bbox 3097 4892 3170 4957; x_wconf 68' lang='grc' dir='ltr'><strong>(ξύ</strong></span> <span class='ocrx_word' id='word_1_710' title='bbox 3210 4893 3365 4962; x_wconf 84' lang='grc' dir='ltr'>μόνον</span> <span class='ocrx_word' id='word_1_711' title='bbox 3396 4894 3503 4964; x_wconf 71' lang='grc' dir='ltr'><strong>γὰρ</strong></span> <span class='ocrx_word' id='word_1_712' title='bbox 3539 4895 3597 4946; x_wconf 87' lang='grc' dir='ltr'>τὺ</span> <span class='ocrx_word' id='word_1_713' title='bbox 3627 4894 3726 4946; x_wconf 83' lang='grc' dir='ltr'>τῶν</span> <span class='ocrx_word' id='word_1_714' title='bbox 3753 4894 3872 4962; x_wconf 84' lang='grc' dir='ltr'>Χρι-</span> 
     </span>
    </p>
   </div>
   <div class='ocr_carea' id='block_1_94' title="bbox 2353 4979 3872 5052">
    <p class='ocr_par' dir='ltr' id='par_1_94' title="bbox 2353 4979 3872 5052">
     <span class='ocr_line' id='line_1_94' title="bbox 2353 4979 3872 5052; baseline 0.004 -24"><span class='ocrx_word' id='word_1_715' title='bbox 2353 4979 2576 5031; x_wconf 77' lang='grc' dir='ltr'>στιανῶν</span> <span class='ocrx_word' id='word_1_716' title='bbox 2635 4981 2821 5049; x_wconf 73' lang='grc' dir='ltr'>Πάσχα</span> <span class='ocrx_word' id='word_1_717' title='bbox 2876 4981 2993 5034; x_wconf 86' lang='grc' dir='ltr'>καθ’</span> <span class='ocrx_word' id='word_1_718' title='bbox 3040 4981 3262 5035; x_wconf 75' lang='grc' dir='ltr'>ἕκαστον</span> <span class='ocrx_word' id='word_1_719' title='bbox 3306 4983 3500 5035; x_wconf 82' lang='grc' dir='ltr'>κύκλον</span> <span class='ocrx_word' id='word_1_720' title='bbox 3558 4983 3775 5052; x_wconf 80' lang='grc' dir='ltr'>σελήνης</span> <span class='ocrx_word' id='word_1_721' title='bbox 3822 4982 3872 5034; x_wconf 84' lang='grc' dir='ltr'><strong>ἐν</strong></span> 
     </span>
    </p>
   </div>
   <div class='ocr_carea' id='block_1_95' title="bbox 3041 5069 3872 5144">
    <p class='ocr_par' dir='ltr' id='par_1_95' title="bbox 3041 5069 3872 5144">
     <span class='ocr_line' id='line_1_95' title="bbox 3041 5069 3872 5144; baseline -0.006 -15"><span class='ocrx_word' id='word_1_722' title='bbox 3041 5073 3174 5129; x_wconf 77' lang='grc' dir='ltr'>ἀλλὰ</span> <span class='ocrx_word' id='word_1_723' title='bbox 3225 5075 3320 5126; x_wconf 80' lang='grc' dir='ltr'><strong>σὺν</strong></span> <span class='ocrx_word' id='word_1_724' title='bbox 3365 5069 3442 5144; x_wconf 80' lang='grc' dir='ltr'>τῷ</span> <span class='ocrx_word' id='word_1_725' title='bbox 3491 5073 3703 5144; x_wconf 80' lang='grc' dir='ltr'>ἀριθμῷ</span> <span class='ocrx_word' id='word_1_726' title='bbox 3732 5071 3872 5125; x_wconf 74' lang='grc' dir='ltr'>τοῦδέ</span> 
     </span>
    </p>
   </div>
   <div class='ocr_carea' id='block_1_96' title="bbox 2347 5161 3871 5236">
    <p class='ocr_par' dir='ltr' id='par_1_96' title="bbox 2347 5161 3871 5236">
     <span class='ocr_line' id='line_1_96' title="bbox 2347 5161 3871 5236; baseline 0.002 -25"><span class='ocrx_word' id='word_1_727' title='bbox 2347 5182 2487 5226; x_wconf 56' lang='grc' dir='ltr'>τινος</span> <span class='ocrx_word' id='word_1_728' title='bbox 2555 5166 2734 5233; x_wconf 66' lang='grc' dir='ltr'>μηνῖλς,</span> <span class='ocrx_word' id='word_1_729' title='bbox 2778 5164 2808 5231; x_wconf 75' lang='grc' dir='ltr'>ἢ</span> <span class='ocrx_word' id='word_1_730' title='bbox 2857 5165 2947 5216; x_wconf 75' lang='grc' dir='ltr'>τοῦ</span> <span class='ocrx_word' id='word_1_731' title='bbox 2980 5166 3240 5235; x_wconf 79' lang='grc' dir='ltr'>Μαρτίου,</span> <span class='ocrx_word' id='word_1_732' title='bbox 3278 5166 3310 5236; x_wconf 82' lang='grc' dir='ltr'>ἣ</span> <span class='ocrx_word' id='word_1_733' title='bbox 3345 5165 3437 5217; x_wconf 79' lang='grc' dir='ltr'>τοῦ</span> <span class='ocrx_word' id='word_1_734' title='bbox 3481 5164 3764 5236; x_wconf 79' lang='grc' dir='ltr'>’Λπριλίου,</span> <span class='ocrx_word' id='word_1_735' title='bbox 3788 5161 3871 5214; x_wconf 78' lang='grc' dir='ltr'>τοῦ</span> 
     </span>
    </p>
   </div>
   <div class='ocr_carea' id='block_1_97' title="bbox 2674 5252 3874 5323">
    <p class='ocr_par' dir='ltr' id='par_1_97' title="bbox 2674 5252 3874 5323">
     <span class='ocr_line' id='line_1_97' title="bbox 2674 5252 3874 5323; baseline 0.008 -21"><span class='ocrx_word' id='word_1_736' title='bbox 2674 5255 2731 5303; x_wconf 80' lang='grc' dir='ltr'>τὺ</span> <span class='ocrx_word' id='word_1_737' title='bbox 2785 5254 2991 5322; x_wconf 65' lang='grc' dir='ltr'>Πάσχα,</span> <span class='ocrx_word' id='word_1_738' title='bbox 3044 5257 3215 5308; x_wconf 77' lang='grc' dir='ltr'>κεῖται</span> <span class='ocrx_word' id='word_1_739' title='bbox 3265 5255 3356 5306; x_wconf 72' lang='grc' dir='ltr'>καὶ</span> <span class='ocrx_word' id='word_1_740' title='bbox 3396 5257 3430 5322; x_wconf 88' lang='grc' dir='ltr'>ἡ</span> <span class='ocrx_word' id='word_1_741' title='bbox 3475 5253 3575 5321; x_wconf 83' lang='grc' dir='ltr'>τῆς</span> <span class='ocrx_word' id='word_1_742' title='bbox 3607 5252 3874 5323; x_wconf 74' lang='grc' dir='ltr'><strong>ἐεδομάδος</strong></span> 
     </span>
    </p>
   </div>
   <div class='ocr_carea' id='block_1_98' title="bbox 2346 5341 3606 5411">
    <p class='ocr_par' dir='ltr' id='par_1_98' title="bbox 2346 5341 3606 5411">
     <span class='ocr_line' id='line_1_98' title="bbox 2346 5341 3606 5411; baseline 0.004 -24"><span class='ocrx_word' id='word_1_743' title='bbox 2346 5342 2543 5410; x_wconf 69' lang='grc' dir='ltr'>ἡμέρα,</span> <span class='ocrx_word' id='word_1_744' title='bbox 2580 5341 2697 5394; x_wconf 62' lang='grc' dir='ltr'>καθ’</span> <span class='ocrx_word' id='word_1_745' title='bbox 2727 5344 2789 5411; x_wconf 70' lang='grc' dir='ltr'>ἢν</span> <span class='ocrx_word' id='word_1_746' title='bbox 2816 5342 2932 5394; x_wconf 74' lang='grc' dir='ltr'>τότε</span> <span class='ocrx_word' id='word_1_747' title='bbox 2966 5343 3025 5394; x_wconf 81' lang='grc' dir='ltr'><strong>τὸ</strong></span> <span class='ocrx_word' id='word_1_748' title='bbox 3061 5342 3342 5393; x_wconf 72' lang='grc' dir='ltr'>Ἰουδαϊκὸν</span> <span class='ocrx_word' id='word_1_749' title='bbox 3357 5341 3606 5395; x_wconf 80' lang='grc' dir='ltr'>τελεῖται.</span> 
     </span>
    </p>
   </div>
   <div class='ocr_carea' id='block_1_99' title="bbox 2347 5252 2624 5315">
    <p class='ocr_par' dir='ltr' id='par_1_99' title="bbox 2347 5252 2624 5315">
     <span class='ocr_line' id='line_1_99' title="bbox 2347 5252 2624 5315; baseline 0 -13"><span class='ocrx_word' id='word_1_750' title='bbox 2347 5252 2624 5315; x_wconf 65' lang='grc' dir='ltr'>δηλοῦντος</span> 
     </span>
    </p>
   </div>
   <div class='ocr_carea' id='block_1_100' title="bbox 2536 5468 3699 5542">
    <p class='ocr_par' dir='ltr' id='par_1_100' title="bbox 2536 5468 3699 5542">
     <span class='ocr_line' id='line_1_100' title="bbox 2536 5468 3699 5542; baseline 0.004 -20"><span class='ocrx_word' id='word_1_751' title='bbox 2536 5471 2792 5534; x_wconf 66' lang='grc' dir='ltr'>Μέθοδίτς</span> <span class='ocrx_word' id='word_1_752' title='bbox 2823 5472 2894 5523; x_wconf 68' lang='grc' dir='ltr'>δι’</span> <span class='ocrx_word' id='word_1_753' title='bbox 2921 5468 2995 5539; x_wconf 75' lang='grc' dir='ltr'>ἧς</span> <span class='ocrx_word' id='word_1_754' title='bbox 3027 5471 3357 5541; x_wconf 72' lang='grc' dir='ltr'>εὑρήσομεν</span> <span class='ocrx_word' id='word_1_755' title='bbox 3384 5472 3449 5527; x_wconf 82' lang='grc' dir='ltr'>τὸ</span> <span class='ocrx_word' id='word_1_756' title='bbox 3474 5472 3699 5542; x_wconf 80' lang='grc' dir='ltr'><strong>Πάσχα.</strong></span> 
     </span>
    </p>
   </div>
   <div class='ocr_carea' id='block_1_101' title="bbox 2422 5584 3870 5664">
    <p class='ocr_par' dir='ltr' id='par_1_101' title="bbox 2422 5584 3870 5664">
     <span class='ocr_line' id='line_1_101' title="bbox 2422 5584 3870 5664; baseline 0.003 -29"><span class='ocrx_word' id='word_1_757' title='bbox 2422 5586 2520 5639; x_wconf 69' lang='lat' dir='ltr'><strong>lA&#39;.</strong></span> <span class='ocrx_word' id='word_1_758' title='bbox 2556 5587 2717 5637; x_wconf 59' lang='lat' dir='ltr'><strong>&quot;(lt-3.2</strong></span> <span class='ocrx_word' id='word_1_759' title='bbox 2760 5590 2931 5638; x_wconf 69' lang='lat' dir='ltr'><strong>:oiwv</strong></span> <span class='ocrx_word' id='word_1_760' title='bbox 2971 5587 3353 5658; x_wconf 76' lang='grc' dir='ltr'>προαιρώμεθα</span> <span class='ocrx_word' id='word_1_761' title='bbox 3389 5586 3667 5664; x_wconf 64' lang='grc' dir='ltr'>γινώσκειν</span> <span class='ocrx_word' id='word_1_762' title='bbox 3703 5588 3758 5637; x_wconf 82' lang='grc' dir='ltr'><strong>ἐν</strong></span> <span class='ocrx_word' id='word_1_763' title='bbox 3781 5584 3870 5635; x_wconf 74' lang='grc' dir='ltr'>τίνι</span> 
     </span>
    </p>
   </div>
   <div class='ocr_carea' id='block_1_102' title="bbox 2355 5674 3870 5750">
    <p class='ocr_par' dir='ltr' id='par_1_102' title="bbox 2355 5674 3870 5750">
     <span class='ocr_line' id='line_1_102' title="bbox 2355 5674 3870 5750; baseline 0.001 -27"><span class='ocrx_word' id='word_1_764' title='bbox 2355 5676 2454 5724; x_wconf 50' lang='grc' dir='ltr'>τόν]</span> <span class='ocrx_word' id='word_1_765' title='bbox 2496 5676 2584 5728; x_wconf 63' lang='grc' dir='ltr'><strong>δύο</strong></span> <span class='ocrx_word' id='word_1_766' title='bbox 2636 5678 2813 5744; x_wconf 73' lang='grc' dir='ltr'>μηνῶν</span> <span class='ocrx_word' id='word_1_767' title='bbox 2852 5677 3151 5749; x_wconf 80' lang='grc' dir='ltr'>Μαρτίουῆ</span> <span class='ocrx_word' id='word_1_768' title='bbox 3199 5679 3488 5750; x_wconf 80' lang='grc' dir='ltr'>Ἀπριλίου,</span> <span class='ocrx_word' id='word_1_769' title='bbox 3531 5678 3623 5731; x_wconf 87' lang='grc' dir='ltr'><strong>καὶ</strong></span> <span class='ocrx_word' id='word_1_770' title='bbox 3663 5679 3715 5728; x_wconf 82' lang='grc' dir='ltr'>ὲν</span> <span class='ocrx_word' id='word_1_771' title='bbox 3758 5674 3870 5739; x_wconf 70' lang='grc' dir='ltr'>ποία</span> 
     </span>
    </p>
   </div>
   <div class='ocr_carea' id='block_1_103' title="bbox 2351 5765 3872 5837">
    <p class='ocr_par' dir='ltr' id='par_1_103' title="bbox 2351 5765 3872 5837">
     <span class='ocr_line' id='line_1_103' title="bbox 2351 5765 3872 5837; baseline -0.003 -16"><span class='ocrx_word' id='word_1_772' title='bbox 2351 5765 2526 5836; x_wconf 62' lang='grc' dir='ltr'>ἡμέρᾳ</span> <span class='ocrx_word' id='word_1_773' title='bbox 2575 5770 2686 5828; x_wconf 43' lang='grc' dir='ltr'><strong>ἀὼς</strong></span> <span class='ocrx_word' id='word_1_774' title='bbox 2735 5769 2908 5821; x_wconf 63' lang='grc' dir='ltr'>αὐτῶν</span> <span class='ocrx_word' id='word_1_775' title='bbox 2942 5769 3002 5821; x_wconf 77' lang='grc' dir='ltr'><strong>τὸ</strong></span> <span class='ocrx_word' id='word_1_776' title='bbox 3032 5769 3138 5823; x_wconf 85' lang='grc' dir='ltr'>τῶν</span> <span class='ocrx_word' id='word_1_777' title='bbox 3162 5770 3490 5825; x_wconf 85' lang='grc' dir='ltr'>Χοιστιανῶν</span> <span class='ocrx_word' id='word_1_778' title='bbox 3523 5768 3669 5837; x_wconf 75' lang='grc' dir='ltr'>ἅγιον</span> <span class='ocrx_word' id='word_1_779' title='bbox 3697 5766 3872 5835; x_wconf 76' lang='grc' dir='ltr'>Πάσχα</span> 
     </span>
    </p>
   </div>
  </div>
