4046 6320
146 419 300 475 ίὸϋί
1042 415 1260 472 ISAACI
1297 413 1595 472 MONACUI
1633 410 1999 469 COMPUTUS
2034 398 2461 467 ECCLESIAST.
3211 390 3362 457 1509'

137 534 414 596 τελεῖται,
464 528 762 601 προχείρως
825 527 919 596 μὲν
946 527 1286 599 λαμϐάνομεν
1321 529 1410 582 τὸν
1452 520 1697 582 ὶνεστῶτι

1817 528 1948 583 solis
1981 528 2236 580 habemus
2271 525 2325 577 in
2356 533 2565 577 summo
2596 514 2853 570 laterculo
2881 530 2893 566 :
2926 511 3012 565 cui
3044 509 3339 578 subjoctam

143 623 256 674 τοῦ
292 622 443 692 ἡλίου
470 620 681 683 κύκλον,
711 618 910 672 ἄνωθεν
931 618 1176 687 κείμενον
1198 617 1291 670 τοῦ
1323 620 1585 684 κανονίου,
1615 618 1697 669 καὶ

1811 616 2045 669 tabulam
2083 615 2266 667 tandiu
2288 609 2677 681 percurrimus,
2709 606 2833 659 dum
2868 602 2933 655 ad
2957 616 3077 656 eum
3126 614 3339 652 versum

144 688 539 783 κατερχόμεθα
562 712 623 763 τὸ
651 708 717 761 δι’
736 707 895 761 αὑτοῦ
918 707 1155 771 σελίδιον,
1189 707 1291 771 ἕως
1322 708 1387 760 ἂν
1420 708 1697 776 φθάσωμεν

1810 705 2207 775 perveniamus,
2230 702 2386 768 cujus
2418 698 2571 751 initio
2598 698 2736 749 lunae
2761 693 2945 763 cyclus
2981 688 3265 742 ascribitur
3286 694 3340 739 et

146 802 239 863 εἰς
267 777 581 869 στίχον,
610 799 693 867 ἐφ’
713 790 772 849 οὗ
799 800 855 850 ὲν
885 798 1022 867 ἀρχῇ
1052 799 1189 865 ὁτῆς
1211 798 1431 867 σελήνης
1445 798 1697 867 γράφεται

1814 795 1903 864 qui
1929 795 1979 847 in
2006 792 2271 862 proselide
2290 804 2547 843 numerus
2577 783 2818 838 occurrit
2848 780 3002 850 202
3039 777 3186 848 cyclo
3208 777 3339 831 solis

149 891 393 954 κύκλος·
422 892 515 944 καὶ⁵
563 891 621 943 τὸ
652 890 790 943 οὕτω
825 890 1068 959 κείμενον
1109 890 1330 959 ἀντικρὺ
1377 890 1514 942 κατά
1549 888 1705 957 βάθος

152 983 267 1053 μὲν
293 980 386 1035 τοῦ
419 981 703 1044 ἐνεστῶτος
738 980 967 1055 ἡλιακοῦ.
1002 981 1216 1045 κύκλου,
1246 980 1383 1034 κατὰ
1409 979 1604 1041 πλάτος
1648 980 1705 1032 δὲ

150 1069 257 1124 τοῦ
299 1070 634 1141 σεληνιακοῦ,
679 1072 918 1139 φήσομεν
970 1066 1104 1123 εἶναι
1146 1071 1205 1122 τὸ
1237 1071 1341 1123 τῶν
1372 1069 1704 1141 Χριστιανῶν

150 1162 319 1230 ἅγιον
340 1162 556 1232 Πάσχαο
591 1162 684 1232 τὴν
712 1162 755 1214 δ’
786 1161 874 1213 ὑπ’
907 1161 1037 1213 αὐτὸ
1074 1162 1283 1231 ἡμέραν
1310 1146 1407 1231 τὴν
1434 1161 1529 1229 τῆς
1559 1160 1705 1211 ἑϐδο-

157 1254 333 1317 ⁹κάδος
387 1255 617 1325 ἡμέραν,
661 1254 778 1306 καθ’
825 1253 891 1321 ἥν
940 1252 1124 1319 γέγονε
1155 1253 1215 1303 τὸ
1249 1251 1366 1303 τότε
1406 1250 1700 1303 Ἰουδαϊκόν.

229 1340 378 1409 Οἷον,
406 1344 481 1407 ὡς
526 1347 583 1397 ὲν
633 1340 1002 1412 ὑποέίγματι,
1029 1341 1166 1395 ἔστω
1193 1342 1368 1409 ζητεῖν
1396 1344 1427 1410 ἡ
1438 1343 1540 1410 μᾶς
1567 1339 1704 1392 κατὰ

124 1435 220 1489 ντδ
272 1433 507 1497 ἒνεστὼς
554 1433 668 1495 ἔτος
716 1433 774 1484 τὸ
814 1431 919 1495 άπὸ
958 1432 1052 1500 τῆς
1077 1431 1166 1483 τοῦ
1210 1432 1407 1500 κόσμου
1446 1431 1706 1497 γενέσεως

153 1525 362 1589 ,ςωπα’
400 1523 537 1587 ἔτος,
567 1524 622 1574 ἐν
680 1522 807 1592 ποίᾳ
866 1522 1046 1592 ἡμέρᾳ.
1103 1520 1193 1573 τοῦ
1246 1523 1482 1590 Μαρτίου
1537 1520 1567 1588 ἢ
1611 1519 1702 1571 τοῦ

166 1616 448 1686 Ἀπριλίου
478 1615 537 1668 τὸ
551 1612 657 1666 τῶν
678 1611 1010 1683 Χριστιανῶν
1038 1611 1188 1664 ἔσται
1224 1612 1429 1681 Πάσχα.
1462 1612 1570 1664 Καὶ
1583 1612 1702 1663 ἐπεὶ

152 1705 372 1775 ἐδείχθη
400 1705 516 1758 κατ’
550 1705 679 1758 αὐτὸ
706 1704 764 1756 τὸ
796 1701 931 1767 ἔτος,
968 1704 1115 1773 ἡλίου
1136 1704 1244 1772 μὲν
1276 1703 1348 1754 ὢν
1378 1702 1569 1765 κύκλος
1595 1702 1699 1766 κα’,

153 1797 388 1867 σελήνης
416 1796 472 1848 δὲ
490 1791 686 1865 τρίτος,
718 1794 1058 1864 λαμϐάνομεν
1084 1795 1272 1856 αὐτοὺς
1296 1795 1350 1845 ὲν
1370 1793 1446 1862 τῷ
1479 1793 1701 1863 κανονίῳ

152 1885 364 1940 ἄνωθεν
408 1887 504 1956 μὲν
551 1886 639 1939 τὸν
694 1884 783 1938 τοῦ
830 1885 998 1955 ἡλίου,
1029 1887 1092 1936 ὲκ
1120 1884 1343 1951 πλαγίου
1383 1884 1439 1935 δὲ
1481 1884 1572 1936 τὸν
1608 1886 1703 1952 τῆς

154 1976 425 2047 σελήνης·
480 1977 706 2047 κάπειδὴ
761 1977 1159 2047 συνερχομένων
1219 1977 1274 2027 ὲν
1315 1974 1390 2044 τῷ
1441 1977 1585 2049 μέσῳ
1611 1975 1705 2029 τοῦ

150 2066 403 2121 κανονίου
430 2067 565 2120 κατά
588 2067 684 2136 τὴν
700 2066 1004 2120 συνέλευσιν
1026 2063 1218 2129 ιζ’,τοῦ
1248 2065 1518 2135 Ἀπριλίου
1552 2082 1707 2118 κατα-

149 2158 445 2227 γράφεται,
492 2158 727 2228 φήσομεν
780 2156 1097 2226 γενήσεσθαι
1130 2157 1191 2207 τὸ
1223 2158 1484 2227 ἡμέτερον
1515 2157 1702 2226 Πάσχα

149 2248 297 2302 κατά
338 2248 433 2319 τὴν
474 2248 564 2301 τοῦ
616 2248 885 2318 Ἀπριλίου
930 2246 1034 2308 ιζ”
1092 2250 1189 2316 τὴν
1227 2246 1282 2299 δὲ
1320 2247 1422 2299 ὑπὸ
1457 2247 1546 2301 τὸν
1581 2249 1703 2318 άρι-

150 2339 291 2409 θμὺν
331 2338 515 2392 τοῦτον
545 2339 594 2391 α’
641 2338 878 2409 ἡμέραν,
923 2338 1085 2408 ἤγουν
1140 2337 1236 2406 τὴν
1288 2336 1534 2408 πρώτην,
1595 2340 1702 2408 φή-

151 2445 322 2499 σομεν
386 2427 523 2483 εἶναι
576 2431 785 2502 ἡμέραν
840 2428 938 2499 τῆς
1001 2429 1290 2499 ἑϐδομάδος
1335 2428 1380 2482 α’
1445 2429 1544 2498 τὴν
1597 2429 1703 2500 πρὸ

148 2518 248 2572 τοῦ
277 2519 647 2590 Χριστιανικοῦ
693 2520 875 2573 τούτου
918 2520 1137 2590 Πάσχα,
1176 2520 1294 2574 καθ’
1346 2521 1412 2590 ἡν
1446 2521 1592 2573 ἔσται
1640 2520 1701 2573 τὸ

162 2611 471 2700 Ἱουδαξκόν.
500 2611 665 2681 Δῆλον
710 2612 839 2681 γάρ,
869 2612 964 2675 ὡς,
1012 2611 1134 2677 ἐπεὶ
1159 2614 1192 2681 ὴ
1219 2612 1585 2682 παρακειμένη
1617 2612 1694 2683 τῷ

149 2703 323 2773 τρίτῳ
375 2702 558 2773 κύκλῳ
584 2703 682 2772 τῆς
717 2702 940 2772 σελήνης
973 2700 1007 2753 ι’
1034 2700 1127 2754 τοῦ
1166 2702 1435 2774 Ἀπριλίου
1468 2704 1541 2773 τος
1571 2704 1697 2756 Ἰου-

148 2791 335 2845 δαϊκὸν
380 2792 572 2861 Πάσχα
614 2792 780 2864 δηλοῖ,
810 2795 1087 2863 γενήσεται
1109 2792 1164 2844 δὲ
1198 2791 1336 2845 κατὰ
1362 2791 1568 2861 ἡμέραν
1602 2795 1698 2862 τῆς

152 2882 440 2952 ἑϐδομάδος
485 2890 553 2947 α’,
596 2882 689 2936 ἐὰν
734 2886 799 2954 τῇ
856 2889 887 2936 ι’
947 2882 1038 2936 τοῦ
1084 2882 1356 2953 Ἀπριλίου
1413 2883 1621 2953 ἡμέρας
1654 2882 1697 2947 ξ’

152 2973 475 3045 προσθῶμεν
522 2973 620 3037 τὰς
673 2974 799 3046 ἄχρι
818 2977 913 3046 τῆς
955 2973 1247 3045 ἐρχομένης
1268 2974 1568 3044 Κυριακῆς,
1600 2973 1697 3036 τὰς

1810 888 1863 939 in
1896 884 2180 947 directum,
2210 882 2346 934 luna:
2380 878 2435 931 in
2471 885 2838 929 transversum
2867 872 3175 933 attributus,
3214 881 3336 919 eum

1808 975 2238 1029 Christianorum
2258 969 2505 1023 indicare
2527 964 2733 1017 Pascha
2766 962 3035 1021 dicemus;
3064 957 3187 1010 huic
3210 968 3335 1008 vero

1809 1046 2103 1135 subiectam
2128 1063 2291 1125 diem,
2322 1061 2505 1114 feriam
2534 1071 2673 1121 esse,
2704 1068 2807 1123 qua
2832 1051 3117 1112 ,Ιιιᾶείειιιη
3132 1046 3332 1101 Pascha

1808 1157 2112 1226 contigerit.

1878 1342 2118 1410 Exempli
2154 1353 2317 1392 causa
2349 1356 2360 1388 :
2401 1344 2672 1404 quaeratur
2693 1332 2794 1385 hoc
2825 1343 2982 1390 anno,
3029 1324 3119 1395 qui
3147 1330 3230 1378 est
3269 1322 3338 1376 ab

1807 1436 1939 1492 orbe
1973 1432 2188 1487 condito
2212 1427 2370 1489 6881,
2403 1435 2566 1494 quoto
2596 1424 2682 1476 die
2713 1421 2908 1483 Martii,
2929 1420 3010 1471 vel
3029 1416 3225 1485 Aprilis
3254 1415 3347 1467 in-r

1808 1524 1939 1581 cidit
1985 1520 2214 1575 Pascha.
2249 1516 2513 1583 Quoniam
2562 1527 2690 1581 ergo
2741 1524 2903 1579 supra
2948 1504 3337 1561 demonstravi-

1807 1631 1949 1677 mus,
1998 1613 2207 1683 cyclum
2270 1608 2334 1663 eo
2383 1620 2523 1660 anno
2564 1605 2695 1659 solis
2744 1616 2864 1655 esse
2911 1613 3023 1660 ιιι,
3068 1596 3204 1655 lunaa
3251 1608 3334 1653 Ill,

1808 1682 2097 1773 utrumque
2135 1702 2188 1755 in
2245 1697 2502 1752 laterculo
2534 1690 2863 1763 quaerimus,
2891 1688 3021 1742 solis
3058 1688 3111 1738 in
3160 1682 3335 1737 fronte

1804 1794 2021 1856 tabulae,
2057 1793 2197 1845 luna:
2244 1795 2419 1842 autem
2477 1785 2540 1839 ad
2583 1785 2761 1847 latus;
2792 1788 2845 1834 et
2896 1778 3019 1847 quia
3058 1774 3231 1829 media
3279 1773 3334 1825 in

1806 1896 1931 1939 area
1962 1881 2264 1936 communis
2293 1877 2521 1948 angulus
2548 1889 2657 1928 xvn
2696 1872 2851 1927 diem’
2870 1869 3067 1939 Aprilis
3095 1865 3331 1928 exhibet,

1769 1971 1772 1974 ’
1805 1989 1870 2030 eo
1898 1974 1983 2028 die
2010 1972 2215 2026 Pascha
2232 1977 2474 2023 nostrum
2501 1966 2612 2019 fore
2632 1962 3075 2033 pronuntiamus;
3100 1969 3217 2024 qua:
3237 1969 3329 2008 au-

1804 2076 1912 2122 tem
1943 2080 2167 2120 numero
2194 2072 2277 2117 est
2308 2060 2479 2115 eidem
2510 2058 2752 2126 subjecta
2799 2054 2930 2108 feria
2960 2052 3152 2121 prima,
3190 2048 3332 2101 diem

1805 2154 2154 2216 hebdomadis
2174 2166 2294 2206 esse
2313 2150 2575 2210 dicemus,
2604 2160 2722 2215 quae
2746 2142 2949 2198 Pascha
2966 2141 3335 2195 Christianum

1804 2247 2103 2309 antecedit,
2155 2253 2209 2299 et
2263 2245 2317 2297 in
2360 2255 2519 2311 quam
2566 2237 2845 2292 Iudaicum
2894 2235 3150 2287 incurret.
3197 2229 3333 2283 Cum

1804 2339 1947 2396 enim
1988 2337 2055 2392 ad
2107 2336 2325 2390 tertium
2377 2331 2585 2403 cyclum
2615 2327 2856 2397 apposita
2900 2341 2934 2377 χ
2980 2323 3095 2377 dies
3133 2319 3333 2389 Aprilis

1802 2430 2010 2485 Pascha
2034 2428 2339 2483 Iudaeorum
2376 2423 2597 2483 indicet,
2626 2420 2785 2487 idque
2811 2417 3035 2486 primam
3067 2413 3121 2465 in
3144 2410 3331 2467 feriam

1802 2518 2025 2581 incidat,
2056 2516 2394 2586 perspicuum
2421 2521 2525 2575 est,
2565 2510 2611 2565 si
2641 2508 2707 2562 ad
2731 2507 2870 2561 diem
2910 2502 3110 2573 Aprilis
3142 2516 3173 2552 χ
3207 2513 3330 2567 sep-

1800 2618 1909 2665 tem
1952 2609 2068 2663 dies
2103 2606 2391 2668 accedant,
2443 2617 2561 2671 qua:
2609 2600 2675 2654 ad
2731 2596 2973 2671 proxime
3023 2597 3331 2661 sequentem

1743 2714 1745 2717 ‘
1799 2699 2185 2758 hebdomadam
2220 2696 2548 2766 pertingunt,
2580 2705 2690 2744 xvn
2716 2670 2919 2757 Aprilis
2938 2685 3080 2738 diem
3114 2679 3332 2745 conﬁci,
3366 2706 3369 2709 -

1799 2806 1909 2863 quo
1928 2789 2291 2845 Christianum
2322 2785 2526 2838 Pascha
2559 2789 2860 2851 peragetur.
2891 2777 2968 2830 lta
2985 2790 3051 2829 ex
3072 2771 3331 2827 laterculo

1801 2861 1956 2935 facile
1972 2878 2114 2949 quod
2134 2878 2417 2947 quaesitum
2441 2882 2521 2928 est
2542 2871 2834 2927 extricatur
2865 2884 2879 2920 :
2902 2864 3045 2934 quod
3070 2861 3233 2916 etiam
3262 2874 3328 2912 ex

1801 2972 2056 3028 methodo
2088 2974 2168 3024 sic
2206 2968 2450 3021 habetur.

156 3062 221 3126 ιζ’
254 3064 346 3117 τοῦ
375 3065 645 3137 ’Δπριλίου
673 3026 1129 3136 πὲίήσομενί
1153 3026 1218 3127 ἃς
1268 3064 1327 3117 τὸ
1358 3026 1567 3135 Πάσχα,
1604 3026 1753 3120 ἔσται
1794 3026 2188 3135 ἀριστιανικόν.
2236 3059 2351 3111 Καὶ
2388 3055 2556 3117 οὓτως
2602 3053 2697 3124 μὲν
2723 3052 2786 3103 ὲκ
2811 3066 2903 3102 του
2929 3026 3170 3102 κανονίου
3199 3056 3332 3111 προ-

152 3152 352 3225 χείρως
393 3154 718 3225 λαμϐάνεται
761 3153 821 3206 τὸ
854 3152 1174 3224 ζητούμενον
1194 3169 1207 3182 ·
1248 3152 1339 3205 καὶ
1369 3152 1457 3207 διά
1480 3152 1697 3224 μεθόδου
1743 3154 1801 3208 δὲ
1826 3153 1918 3207 καὶ⁸
1940 3150 2110 3211 οὕτως
2137 3165 2151 3179 ⁸

257 3267 456 3336 Ἑτέρα
485 3266 736 3337 μέθοδος
764 3265 873 3333 τῆς
898 3266 1003 3320 τοῦ
1024 3260 1027 3263 λ
1049 3265 1260 3333 Πάσχα
1292 3266 1597 3333 εὑρέσεως.

236 3382 389 3435 Ἐπεὶ
412 3380 603 3450 ἔχομεν
623 3378 739 3432 καθ’
765 3379 988 3432 ἕκαστον
1010 3378 1115 3431 τῶν
1134 3377 1458 3447 σεληνιακῶν
1487 3376 1696 3430 κύκλων

150 3474 253 3543 τὴν
285 3472 377 3524 ἐπὶ
404 3470 498 3523 τοῦ
533 3469 772 3540 Μαρτίου
814 3470 939 3540 ἄχρι
961 3468 1051 3521 καὶ
1089 3469 1184 3538 τῆς
1212 3468 1273 3532 ιζ’
1296 3467 1388 3519 τοῦ
1426 3467 1693 3537 Ἀπριλίου

151 3562 439 3632 γινομένην
480 3560 827 3631 πανσέληνον,
883 3560 1004 3630 ἥτις
1053 3558 1113 3612 τὸ
1182 3557 1460 3611 Ἰουδαϊκὸν
1507 3556 1696 3626 Πάσχα

155 3651 383 3724 μηνύει’
435 3653 519 3707 διά
544 3720 547 3724 ι
569 3654 661 3705 τοῦ
705 3650 1142 3722 ήμεροευρεσίου,
1173 3649 1247 3712 ὼς
1274 3649 1694 3724 προειλήφαμεν,

151 3745 476 3817 εὑρίσκομεν
531 3746 589 3799 ἐν
617 3744 744 3815 ποίᾳ
762 3743 948 3815 *ἡμέρᾳ
971 3742 1078 3795 τῶν
1103 3742 1201 3818 τῆς
1229 3739 1512 3811 ὲϐδομῆδος
1549 3739 1699 3793 ἔσται

150 3836 217 3890 τὺ
239 3836 456 3907 νομικὸν
482 3834 670 3905 Πάσχα
709 3834 769 3887 τὸ
815 3834 1208 3904 παρακείμενον
1232 3830 1308 3902 τῷ
1331 3831 1580 3884 ὲνεστῶτι
1606 3847 1696 3883 σε-

150 3923 393 3997 ληνιακῷ
420 3923 632 3995 κύκλῳσ
666 3917 709 3991 ᾧ
734 3922 1103 3993 προστιθέντες
1127 3921 1220 3985 τάς
1257 3921 1450 3989 ἐφεξῆς
1489 3920 1696 3990 ἡμέρας

149 4016 255 4086 τῆς
284 4014 566 4085 ἑϐδομάδος
588 4015 713 4085 άχρι
745 4015 837 4067 καὶ
862 4014 1025 4083 αὐτῆς
1054 4010 1151 4081 τῆς
1181 4010 1478 4080 Κυριακῆς,
1509 4008 1698 4081 ἔχομεν

152 4103 327 4158 καὶτὸ
346 4100 464 4156 καθ’
494 4103 635 4173 ἡμᾶς
666 4102 817 4169 ἅγιον
850 4101 1057 4170 Πάσχα,
1087 4100 1143 4152 ὲν
1161 4098 1267 4151 τίνι
1296 4098 1401 4151 τῶν
1432 4097 1521 4150 τοῦ
1542 4098 1701 4171 {Map—

150 4194 271 4247 τίου
297 4192 444 4267 ἢτοῦ
487 4191 755 4264 ’Δπριλίου
794 4191 1014 4263 ἡμερῶν
1040 4192 1263 4260 γίνεται.
1298 4189 1407 4241 Καὶ
1442 4188 1579 4239 ἔστω
1607 4188 1697 4239 ἐπὶ

151 4284 542 4354 ὑποδείγματος
570 4282 662 4335 τοῦ
688 4278 1098 4353 προειρημένου.
1152 4281 1301 4332 Ἐπεὶ
1330 4278 1406 4347 τῷ
1446 4277 1696 4330 ἐνεστῶτι

150 4374 275 4425 τότε
330 4372 511 4443 κύκλῳ
566 4374 661 4439 τῆς
714 4373 941 4442 σελήνης
1002 4371 1165 4442 τρίτῳ
1201 4370 1312 4423 ὄντι
1355 4368 1385 4419 ι’
1425 4366 1695 4437 Ἀπριλίου

152 4461 496 4536 παράκειται,
543 4459 771 4532 δηλοῦσα
808 4462 922 4513 κατ’
950 4460 1127 4530 αὐτὴν.
1157 4455 1291 4511 εἶναι
1320 4458 1380 4509 τὸ
1415 4456 1695 4509 Ἰουδαϊκὸν

2003 3260 2276 3316 Mcthodus
2305 3260 2473 3313 altera
2504 3254 2779 3310 Paschatis
2809 3250 3119 3307 inveniendi.

1864 3377 1997 3434 Cum
2034 3378 2090 3430 in
2112 3373 2439 3444 unoquoque
2465 3368 2617 3440 cyclo
2650 3361 3141 3434 lunari-plenilunia
3169 3358 3327 3413 nobis

1794 3466 1972 3523 omnia
2000 3469 2267 3525 constent,
2305 3475 2426 3530 qua:
2473 3460 2525 3511 in
2559 3456 2769 3520 Martio,
2808 3460 2863 3507 et
2899 3451 2967 3506 ad
2996 3464 3107 3504 xvn
3128 3446 3327 3517 Aprilis

1796 3571 1969 3626 usque
2013 3555 2379 3614 continentur,
2419 3558 2471 3603 et
2524 3546 2805 3601 Iudaicum
2853 3541 3062 3596 Pascha
3105 3538 3330 3593 demou-

1794 3654 1988 3711 strant,
2027 3660 2121 3715 per
2140 3641 2458 3698 laterculum
2495 3635 2796 3708 septizonii,
2832 3640 2891 3687 ut
2920 3640 3042 3686 ante
3070 3629 3323 3691 diximus,

1791 3734 2096 3805 indaganda
2115 3742 2199 3789 est
2225 3731 2356 3787 feria
2380 3729 2567 3798 legalis
2587 3725 2888 3783 Paschatis.
2914 3721 3056 3791 quod
3095 3720 3161 3775 ad
3192 3735 3329 3791 pra:-

1794 3838 1998 3886 sentem
2029 3829 2172 3883 lunae
2195 3826 2403 3896 cyclum
2429 3822 2745 3884 adnotatur;
2764 3818 2851 3873 cui
2878 3815 3115 3883 reliquas
3133 3812 3199 3865 ad
3224 3810 3327 3865 Do—

1793 3920 2047 3977 minicam
2091 3913 2442 3972 hebdomadis
2494 3910 2654 3965 ferias
2716 3906 3006 3968 addentes,
3036 3916 3040 3921 ‘
3067 3903 3325 3956 habemus

1794 4011 1993 4072 Martii,
2035 4009 2116 4061 vel
2144 4005 2344 4076 Aprilis
2370 4002 2532 4064 diem,
2570 4000 2625 4053 in
2657 4012 2813 4067 quem
2851 4002 3094 4050 nostrum
3117 3990 3325 4046 Pascha

1797 4099 2172 4156 committitur.
2208 4094 2363 4149 Verbi
2406 4092 2576 4163 gratia
2592 4097 2877 4159 repetatur
2919 4082 3169 4154 superius
3194 4081 3323 4134 illud

1797 4191 2118 4259 exemplum.
2169 4186 2430 4259 Quoniam
2464 4183 2626 4257 renim
2679 4179 2746 4233 ad
2796 4179 3068 4233 ineuntem
3117 4173 3324 4243 cyclum

1796 4282 1939 4335 luna:
1976 4279 2193 4333 tertium
2224 4293 2257 4330 χ
2286 4276 2400 4329 dies
2443 4272 2640 4340 Aprilis
2669 4268 2999 4336 adiungitur,
3034 4262 3327 4319 ostendens

1795 4372 1852 4425 in
1895 4384 2016 4425 eum
2042 4369 2183 4423 diem
2230 4364 2421 4419 cadere
2464 4361 2669 4414 Pascha
2713 4353 3105 4420 Judaicum;si
3150 4352 3326 4411 eidctn

1795 4460 1997 4516 mensis
2025 4458 2169 4514 illius
2202 4455 2460 4509 addamus
2486 4459 2752 4521 epactam,
2795 4462 2913 4516 quae
2940 4450 3021 4499 est
3044 4458 3095 4508 ι,
3114 4456 3325 4496 necnon

154 4533 377 4621 Πάσχαο
403 4549 721 4620 προσθέντες
742 4550 909 4619 ταύτῃ
940 4548 1035 4620 τὴν
1071 4547 1162 4599 τοῦ
1197 4546 1355 4601 αὐτοῦ
1397 4545 1561 4615 μηνὸς
1595 4545 1694 4594 έπ-

1797 4551 2100 4621 ρι-ιειεῐὶιοε
2134 4548 2264 4604 solis
2294 4562 2365 4599 xx
2394 4544 2575 4614 cyclos
2596 4582 2611 4607 ,
2648 4550 2701 4595 et
2738 4551 2924 4591 eorum
2952 4533 3323 4603 quadrantes,

152 4642 325 4710 ακτὴν
346 4642 418 4719 α’.
440 4636 621 4704 οὖσαν,
645 4640 724 4693 ἔτι
743 4657 801 4692 τε
828 4641 951 4702 τοὺς
980 4637 1337 4709 παρελθόντας
1360 4635 1407 4688 κ’
1441 4636 1692 4706 ήλιακοὺς

149 4731 400 4794 κύκλους,
448 4731 541 4785 καὶ
565 4731 633 4784 τὰ
670 4730 869 4784 τούτων
892 4730 931 4783 δ’
964 4730 1169 4799 ἡμέρας
1198 4728 1256 4779 ε’·
1283 4726 1377 4788 τάς
1405 4726 1692 4795 γενομένας

150 4819 286 4891 ὁμοῦ
320 4822 525 4891 ἡμέρας
561 4821 647 4885 λς’
681 4822 994 4891 μερίσαντες
1048 4818 1198 4888 παρά
1240 4818 1329 4869 τὸν
1353 4816 1418 4880 ζ’,
1458 4817 1556 4887 τὴν
1608 4817 1694 4869 έν-

151 4910 560 4980 απολειφθεῖσαν
575 4912 623 4964 α’
635 4913 870 4982 φήσομεν
891 4910 1097 4985 ἡμέραν
1112 4905 1245 4961 εἶναι
1257 4907 1553 4977 Κυριακὴν,
1572 4906 1692 4961 καθ’

151 5004 281 5075 ὴνὴ
321 5002 517 5071 δεκάτη
565 5003 657 5055 τοῦ
698 5002 970 5072 ’Δπριλίου
1024 5000 1339 5069 συμπίπτει.
1381 5000 1490 5052 Καὶ
1523 4998 1692 5070 ταύτῃ

152 5091 471 5162 προσθέντες
484 5090 579 5154 τὰς
591 5090 689 5160 τῆς
716 5091 910 5159 ἐφεξῆς
938 5090 1220 5159 ἑϐδομάδος
1250 5089 1375 5157 ἄχρι
1403 5090 1494 5141 καὶ
1526 5089 1691 5157 αὐτῆς

151 5182 253 5250 τῆς
303 5182 592 5251 ὲρὶιομέντης
642 5182 920 5250 Κυριακῆς
968 5180 1178 5249 ἡμέρας
1240 5179 1303 5243 ζ’.
1358 5179 1546 5248 ἕξομεν
1601 5182 1692 5230 καὶ

148 5266 321 5327 οὕτως
342 5267 400 5318 τὸ
432 5268 550 5322 καθ’
583 5271 727 5339 ἡμᾶς
775 5264 923 5336 ἆγιον
956 5269 1145 5337 Πάσχα
1172 5272 1238 5339 τῇ
1280 5268 1342 5330 ιζ’
1376 5267 1466 5320 τοῦ
1506 5270 1690 5320 Ἀποι-

150 5357 267 5410 λίου
297 5356 564 5426 ἐσόμενον.

392 5473 523 5537 Περὶ
565 5472 673 5539 τῆς
720 5473 1007 5539 εὑρέσεως
1035 5471 1142 5538 τῆς
1170 5473 1458 5538 ἀπόκρεω.

224 5584 323 5635 lB‘.
344 5582 492 5634 Μετὰ
516 5584 571 5635 δὲ
590 5586 649 5664 τὸ
668 5584 846 5637 λαϐεῖν
871 5586 967 5655 τὴν
992 5584 1088 5637 τοῦ
1122 5584 1284 5653 μηνὸς
1315 5584 1546 5652 ἡμέραν,
1572 5583 1626 5631 ἐν

149 5674 212 5727 τὸ
242 5673 391 5738 ἅγιον
422 5673 604 5743 Πάσχα
642 5675 955 5744 συμπίπτει,
993 5674 1363 5746 προστιθέντες
1402 5673 1535 5740 αὐτῇ
1561 5672 1688 5739 ἡμέ-

154 5780 253 5836 ρας
285 5764 447 5837 τρεῖς,
497 5763 731 5833 βισέξτον
769 5766 823 5819 δὲ
858 5766 1004 5829 ὄντος
1031 5767 1090 5830 δ’,
1127 5766 1445 5837 εὑρίσκομεν
1474 5761 1563 5817 καὶ
1594 5762 1687 5832 τὴν

1770 4642 1909 4697 adies
1931 4658 1985 4705 ν,
2009 4654 2218 4695 summa
2249 4636 2474 4692 conﬂata
2502 4635 2708 4686 dierum
2727 4638 2905 4690 xxxv},
2939 4625 2984 4679 si
3021 4639 3116 4692 per
3140 4637 3214 4675 vn
3242 4621 3323 4680 di-

1791 4733 2027 4797 vidatur,
2056 4730 2319 4798 reliquam
2349 4726 2507 4779 faciet
2534 4722 2672 4776 diem
2692 4736 2728 4781 I,
2746 4718 2849 4770 hoc
2869 4724 2951 4769 est
2970 4712 3320 4773 Dominicam,

1793 4821 1849 4875 in
1872 4835 2033 4891 quam
2062 4818 2263 4888 Aprilis
2290 4832 2323 4868 x
2352 4811 2654 4866 conveniet.
2673 4806 2751 4860 Ad
2770 4800 2908 4858 hanc
2939 4816 3124 4856 rursus
3154 4804 3323 4852 totam

1793 4888 2113 4965 add‘entihus
2175 4907 2545 4974 insequentem
2601 4896 2983 4953 hebdomadem
3033 4905 3205 4959 usque
3256 4888 3321 4940 ad

1792 5000 2033 5069 proxime
2062 5003 2369 5065 sequentem
2403 4989 2755 5049 Dominicam,
2792 4996 2911 5052 qua:
2944 4988 3071 5034 sunt
3096 4979 3320 5038 dicsvn,
3379 5002 3385 5009 -

1792 5068 2155 5140 Christianum
2190 5083 2393 5136 Pascha
2428 5080 2583 5133 nobis
2626 5083 2896 5135 occurret,
2942 5070 3087 5143 quod
3123 5068 3321 5138 Aprilis

1796 5195 1904 5233 xvu
1937 5182 2229 5246 continget.

1792 5465 1865 5518 De
1893 5464 2111 5515 introitu
2150 5461 2286 5512 sacri
2314 5456 2531 5525 jejuni},
2564 5468 2609 5505 ct
2653 5451 2974 5503 ιρῦκςῖάῖμςηρτίιν
3000 5467 3028 5499 α
3057 5447 3318 5499 carnibus.

1861 5577 1974 5630 XII.
2016 5576 2236 5629 Inventa
2266 5574 2351 5623 die
2382 5583 2605 5629 nicnszs,
2662 5568 2711 5618 in
2746 5580 2900 5634 quam
2939 5562 3145 5614 Pascha
3198 5574 3325 5611 san-

1791 5680 1933 5725 ctum
1966 5667 2183 5727 incidit,
2222 5672 2328 5717 tres
2363 5661 2427 5715 ad
2461 5660 2603 5712 illam
2642 5658 2755 5710 dies
2786 5654 3061 5716 addimus;
3091 5648 3321 5703 biscxtili

1791 5780 1917 5819 vero
1945 5775 2106 5818 anno,
2143 5775 2211 5814 ιν.
2234 5756 2329 5818 ita,
2368 5750 2607 5807 Januarii
2658 5750 2735 5803 vel
2774 5744 3045 5803 Fehruarii
3075 5742 3214 5798 diem
3241 5753 3325 5796 τοι·
