4046 6320
118 390 368 448 ιδοδκ

992 389 1209 446 ISAACI
1245 389 1550 448 MONAGIH
1586 391 1950 448 COMPUTUS
1983 393 2409 451 ECCLESlAST.

3133 401 3278 480 1305‘

116 520 308 576 εχουσιν
353 504 562 575 ἡμέρας
605 504 676 575 ρδ’
713 504 952 572 ἔγγισταο
997 505 1330 575 εὑρίσκονται
1366 507 1421 558 δὲ
1462 509 1519 560 ὲν
1562 506 1639 576 τῷ

1741 508 1997 563 laterculo
2027 508 2305 565 Paschatis
2333 510 2552 566 Judaica
2579 511 2855 568 Paschalia
2907 514 3069 568 biduo
3113 529 3268 568 exec-

116 595 325 664 κανονίῳ
370 596 462 647 τοῦ
509 595 694 665 Πάσχα
743 596 811 648 τὰ
859 596 1320 666 διαλαμϐανόμενα
1379 598 1640 651 Ἰουδαϊκὰ

115 681 374 751 Ιιασχάλια
404 682 552 735 δυσὶν
593 684 820 753 ἡμέραις
865 683 1217 748 πλεονάζοντα
1253 686 1348 754 τῆς
1384 687 1638 756 ἀκριὸοὖς

115 772 452 840 πανσελήνου,
493 773 566 834 ὡς
611 774 886 841 προϊόντες
929 774 994 826 δι’
1029 775 1344 838 ἀποδείξεως
1381 776 1469 828 τὸν
1511 779 1639 847 περὶ¹

111 860 284 912 τούτου
314 861 646 930 ποιησόμεθα
675 861 845 928 λόγον·
884 863 974 913 ἐὰν
1004 861 1099 924 τὰς
1128 853 1416 932 γενομένας
1441 862 1638 926 ταύτας

113 951 306 1020 ἡμέρας
344 952 432 1002 ἐπὶ
472 952 566 1011 μὲν
599 951 704 1003 τῶν
736 951 904 1004 ἄλλων
936 953 1030 1021 τῆς
1065 952 1285 1023 σελήνης
1313 953 1520 1006 κύκλων
1553 961 1637 1024 ρς¹

111 1040 325 1109 ἡμέρας,
355 1039 387 1108 ἡ
422 1040 513 1092 καὶ
547 1039 642 1109 ρξ’,
668 1042 757 1093 ἐπὶ
776 1041 830 1093 δὲ
855 1040 946 1093 τοῦ
974 1041 1054 1104 ιζ’,
1092 1044 1194 1094 καὶ·
1216 1043 1303 1112 ιη’,
1333 1045 1424 1095 καὶ
1457 1043 1519 1096 ιϐ’
1549 1043 1643 1096 κύ-

113 1127 228 1178 κλου
272 1133 342 1196 ps’
369 1127 523 1195 μόνον
551 1128 1232 1198 ήμέρας’προσεκ6άλωμεν
1267 1131 1372 1183 άπὸ
1406 1132 1502 1201 τῆς
1538 1131 1642 1202 πρὸ

111 1215 193 1267 τοῦ
238 1217 555 1286 Ἰανουαρίου
589 1219 879 1288 γενομένης
927 1220 1201 1290 συνοδικῆς
1251 1221 1520 1288 συζυγίας,
1563 1222 1638 1274 δι-

109 1304 274 1366 δόντες
305 1306 512 1374 ἑκάστῳ
547 1309 673 1376 μηνὶ
704 1309 801 1370 τὰς
829 1309 1030 1370 οἰκείας
1066 1310 1290 1379 ἡμέρας·
1328 1303 1517 1380 ἕξομεν
1545 1312 1640 1380 τὴν

109 1394 406 1448 τελευταίαν
439 1397 645 1466 ἡμέραν
674 1399 1075 1467 καταλήγουσαν
1099 1402 1178 1462 εἰς
1200 1401 1294 1469 τὴν
1317 1401 1639 1471 πανσέληνον

111 1484 352 1552 συζυγίαν
386 1487 477 1538 τοῦ
520 1487 798 1540 Ἰουδαϊκοῦ
831 1489 1035 1559 Πάσχα·
1064 1491 1129 1558 ἢν
1159 1492 1249 1542 καὶ
1274 1491 1358 1544 διὰ
1389 1490 1478 1542 τοῦ
1509 1493 1641 1561 ἡμε-

113 1576 403 1645 ροευρεσίου
443 1576 688 1646 εὑρόντες
711 1580 866 1631 ὁποία
896 1580 977 1641 τίς
1014 1581 1125 1632 ἐστι
1154 1580 1260 1633 τῶν
1289 1583 1383 1650 τῆς
1411 1582 1638 1652 ὲὸδομά-

107 1668 189 1729 δος
209 1668 453 1738 ἡμερῶν,
483 1668 578 1730 τὰς
609 1669 795 1730 λοιπάς
830 1671 1146 1740 προσθέντες
1178 1672 1300 1741 ἄχρι
1328 1673 1424 1741 τῆς
1442 1675 1639 1744 Κυρια-

108 1759 222 1828 κῆς,
261 1759 445 1828 ἕξομεν
479 1761 570 1813 καὶ
611 1760 669 1812 τὸ
707 1762 964 1831 ἡμέτερον
1008 1760 1156 1828 ἅγιον
1198 1763 1382 1832 Πάσχα
1415 1765 1469 1814 ἐν
1512 1766 1639 1834 ποίᾳ

107 1847 248 1899 ἕσται
267 1847 369 1900 τῶν
392 1848 481 1901 τοῦ
505 1850 742 1921 Μαρτίου
769 1851 928 1920 μηνὸς
945 1851 976 1920 ἦ
995 1851 1084 1902 τοῦ
1114 1852 1379 1921 Ἀπριλίου
1402 1855 1634 1924 ἡμερῶν.
1672 1847 1713 1900 Β

174 1939 287 2009 Χρὴ
312 1941 488 2009 μέντοι
521 1942 610 1993 καὶ
634 1941 789 1993 τοῦτο
823 1942 1033 2005 εἰδέναι,
1057 1942 1129 2006 ὡς
1150 1944 1240 1995 ἐπὶ
1264 1943 1354 1995 τοῦ
1383 1944 1423 1995 ε’
1454 1946 1546 1997 καὶ⁴
1571 1946 1644 2009 ις’

106 2030 293 2082 κύκλου
307 2033 401 2102 τῆς
424 2031 647 2103 σελήνης
667 2034 762 2102 οὐχ
779 2035 806 2085 ὁ
830 2029 1151 2104 προρρηθεὶς
1170 2035 1398 2105 ἀριθμὸς
1421 2035 1526 2088 τῶν
1553 2044 1644 2108 pc,"

107 2120 348 2191 ἡμερῶν,
382 2122 414 2190 ἢ
448 2122 538 2174 καὶ
574 2121 650 2192 ρξ’
681 2125 964 2189 συνάγεται
993 2123 1078 2176 διά
1116 2127 1213 2193 τῆς
1248 2124 1354 2175 τῶν
1393 2125 1643 2178 ὲπακτῶν

106 2210 487 2272 ἐπισυνθέσεως
528 2211 662 2279 μετὰ
700 2211 804 2262 τῶν
847 2209 1146 2272 λοιπῶνιείς
1176 2211 1241 2264 τὰ
1269 2212 1500 2279 ἑπόμενα
1537 2231 1641 2284 μη-

104 2300 223 2351 νῶν·
259 2301 369 2353 ἀλλ’
400 2301 488 2352 ἐπὶ
520 2301 616 2370 μὲν
641 2301 732 2352 τοῦ
767 2307 806 2351 ε’
835 2300 1030 2353 κύκλου
1063 2299 1200 2370 ρλς¹,
1231 2301 1320 2352 ἐπὶ
1354 2301 1410 2353 δὲ
1442 2302 1534 2354 τοῦ
1569 2295 1645 2367 ις’

106 2392 211 2460 ρλζ¹
234 2393 322 2445 διὰ
345 2393 432 2445 τὸν
464 2392 697 2462 βίσεξτον
720 2393 945 2463 ἀριθμὸν
970 2394 1271 2461 συνάγεται’
1298 2387 1370 2446 ὧν
1390 2393 1645 2463 ἀνθυφαι-

106 2485 360 2552 ρουμένου
402 2485 880 2555 τριακονθημέρου,
921 2489 948 2538 ὁ
979 2485 1159 2548 λοιπὸς
1188 2485 1414 2555 ἀριθμὸς
1442 2488 1518 2549 είς
1551 2487 1646 2557 τὴν

102 2573 263 2642 αὐτὴν
297 2575 562 2644 ποσότητα
590 2577 698 2637 τοῖς
731 2577 786 2628 ἐν
817 2579 926 2638 τοῖς
959 2575 1161 2638 λοιποῖς
1186 2575 1399 2638 κύκλοις
1429 2576 1527 2645 τῆς
1557 2594 1642 2629 σε’

102 2658 262 2733 λήνης
294 2664 622 2735 περαίνεται.

169 2753 283 2806 ἰνα
307 2755 361 2807 δὲ
393 2757 485 2806 καὶ
520 2757 609 2806 ἐπὶ
646 2755 1034 2823 ύποδείγματος
1078 2756 1296 2826 φανερὰ’
1323 2758 1541 2826 γένηται
1577 2759 1646 2812 τὰ

102 2847 378 2917 είρημένα,
408 2847 526 2900 ἐπεὶ
567 2847 707 2900 κατὰ
743 2848 838 2918 τὴν
869 2847 1037 2917 ἀρχὴν
1077 2848 1168 2902 τοῦ
1205 2850 1260 2900 ὲν
1294 2850 1369 2919 τῷ
1396 2851 1645 2904 ἐνεστῶτι

99 2938 269 3007 χρόνῳ
311 2938 652 3009 Ἰανουαρίου,
696 2939 875 3009 τρίτου
921 2938 1114 2991 κύκλου
1161 2940 1383 3010 σελήνης
1419 2942 1648 3011 ἀρχομέ-

99 3044 207 3092 νου,
253 3028 484 3083 ὲπακταί
516 3032 649 3081 εἰσιν
683 3036 752 3093 ς’·
794 3029 1042 3098 φανερὸν,
1084 3029 1156 3091 ὡς
1193 3030 1296 3100 πρὸ
1336 3029 1394 3093 ἒξ
1431 3030 1645 3100 ἡμερῶν

97 3117 188 3170 τοῦ
230 3120 555 3190 Ἰανουαρίου
589 3121 805 3188 γέγονεν
835 3123 866 3191 ἡ
902 3121 1127 3187 συζυγία
1161 3121 1421 3190 συνοδική·
1462 3122 1552 3190 ἀφ’
1580 3118 1646 3192 ἧς

1740 599 1874 651 dunt
1915 608 2166 654 accurata
2219 603 2531 671 plcnilunia,
2602 607 3041 674 quemadmodum
3086 617 3269 676 postea

1739 699 1887 742 certa
1941 691 2150 745 ratione
2201 693 2740 750 demonstrabimus:
2783 696 2829 748 si
2849 697 3098 750 collectos
3149 697 3268 749 illos

1739 778 1852 834 dies
1913 797 2136 835 numero
2162 797 2247 836 ενι
2295 783 2348 837 in
2404 787 2612 841 caeteris
2668 788 2942 843 lunaribus
2970 790 3150 859 cyclis,
3177 800 3268 843 aut

1737 882 1843 922 cru
1902 884 2024 953 cum
2062 871 2349 926 hisextilis'
2391 876 2566 928 annus
2626 860 2848 940 incidit;
2881 877 2931 929 in
2959 879 3121 946 cyclis
3145 864 3294 930 vero,

1739 973 1870 1022 xm,
1899 975 2028 1012 xvm
2059 970 2109 1014 et
2141 977 2253 1024 xm,
2291 955 2660 1020 tantummodo
2691 981 2775 1028 ον,
2803 983 2831 1019 a
2852 968 3056 1038 synodo
3097 969 3266 1022 luuart

1741 1046 2054 1102 Januarium
2081 1052 2424 1106 antecedente
2453 1052 2832 1122 producamus,
2881 1067 2933 1111 et
2985 1058 3269 1126 unicuique

1740 1138 1912 1190 mensi
1976 1149 2333 1208 competentes
2398 1145 2750 1199 attribuamus
2797 1146 2940 1209 dies,
3005 1157 3269 1216 postrema

1740 1228 1896 1281 nobis
1935 1229 1986 1282 in
2031 1216 2377 1298 plenilunium
2403 1235 2659 1297 incurret,
2682 1237 2822 1304 quod
2850 1236 3150 1292 estPasclta
3176 1237 3270 1292 Ju-

1740 1317 1950 1371 daicum
1973 1314 2174 1388 ;‘quam
2209 1322 2262 1374 in
2296 1323 2552 1376 laterculo
2583 1315 3028 1396 feriarum,quam
3061 1328 3113 1380 in
3143 1328 3272 1381 heb-

1739 1406 1982 1462 domadis
2020 1407 2176 1460 cadat
2233 1409 2405 1475 diem,
2451 1412 2867 1482 investigantes‘,
2910 1414 3130 1483 reliquis
3203 1415 3270 1466 ad

1741 1497 2070 1553 Dominicam
2123 1497 2293 1569 usque
2356 1502 2570 1566 additis,
2620 1513 3015 1558 sacrosanctum
3067 1503 3267 1557 Pascha

1738 1593 2001 1651 nostrum,
2031 1605 2137 1658 quo
2170 1589 2343 1642 Martii
2369 1591 2446 1644 vel
2473 1590 2666 1660 Aprilis
2695 1591 2776 1646 die
2795 1591 3082 1662 contingat,
3107 1593 3271 1646 extri-

1743 1679 2011 1733 cabimus.

1815 1955 2100 2012 Sciendum
2126 1969 2300 2014 tamen
2321 1967 2404 2016 est
2430 1962 2482 2014 in
2517 1979 2548 2015 ν
2570 1963 2650 2016 vel
2679 1979 2768 2017 xv:
2792 1964 2942 2033 cyclo
2982 1963 3141 2027 lunae,
3171 1978 3272 2017 nu-

1743 2062 1946 2101 merum
1976 2049 2122 2102 illum
2151 2065 2258 2112 ενι,
2291 2050 2401 2105 sive
2447 2065 2550 2105 cru
2587 2052 2794 2107 dierum
2832 2054 3051 2108 minime
3096 2056 3272 2124 colligi

1742 2150 1806 2190 ex
1829 2145 2134 2205 epactarum
2166 2153 2226 2192 ac
2266 2140 2594 2208 reliquorum
2623 2142 2814 2195 ordine
2845 2142 3106 2195 mensium
3131 2142 3275 2196 addi-

1743 2227 1886 2280 tione
1917 2247 1930 2281 :
1959 2227 2051 2290 sed
2083 2230 2136 2282 in
2163 2246 2194 2282 ν
2221 2230 2392 2300 cyclo,
2413 2245 2638 2296 curm;
2662 2231 2714 2283 in
2745 2232 2894 2300 eyclo
2919 2247 3027 2293 xvr,
3060 2239 3275 2299 propter

1743 2317 2028 2381 bisextum,
2056 2331 2268 2372 cxxxrn
2293 2318 2407 2373 dics
2441 2319 2660 2373 conﬂari
2691 2338 2706 2374 :
2743 2320 2809 2375 de
2855 2321 3048 2389 quibus
3077 2321 3273 2375 subdu-

1745 2407 1849 2461 ctis
1879 2424 2004 2470 xxx,
2035 2411 2284 2464 residuus
2315 2426 2568 2465 numerus
2610 2411 2676 2465 ad
2712 2412 2972 2476 eamdem,
3010 2421 3166 2481 atque
3219 2414 3270 2464 in

1743 2498 1948 2552 caeteris
1971 2498 2109 2551 luna:
2135 2499 2326 2567 cyclis,
2361 2516 2622 2554 summam
2659 2502 2933 2572 redigitur.
3069 2488 3072 2491 ’

1813 2755 1940 2820 Qua:
1979 2765 2037 2808 ut
2083 2757 2330 2825 exemplo
2387 2757 2613 2811 etariora
2672 2757 2819 2819 ﬁant,
2875 2757 3125 2826 quoniam
3175 2756 3276 2808 hoc

1745 2862 1907 2911 anno,
1937 2848 2151 2901 ineunte
2173 2845 2431 2901 Januario
2461 2848 2663 2916 pariter
2691 2863 2752 2901 ae
2771 2848 2919 2918 cyclo
2941 2849 3077 2899 luna:
3098 2832 3274 2908 tertio,

1743 2947 1944 3007 epaclze
1982 2949 2105 2992 sunt
2134 2954 2206 3005 v1,
2243 2939 2462 2994 evidens
2511 2949 2592 2994 est
2615 2939 2853 2992 lunarem
2885 2937 3141 3010 synodum
3171 2935 3276 2988 Ka-

1746 3025 1932 3084 lendas
1961 3028 2245 3082 Januarias
2276 3046 2369 3084 sex
2398 3029 2589 3083 diebus
2646 3031 3023 3083 antecessisse.
3088 3027 3168 3078 Ab
3216 3042 3277 3079 ea

1747 3120 1951 3190 synodo
1977 3122 2298 3189 computatis
2329 3120 2517 3174 diebus
2551 3135 2658 3182 ενι,
2694 3127 2745 3172 et
2777 3119 3010 3171 indidem
3042 3117 3277 3186 explica.

96 3206 492 3277 ἀριθμήσαντες
518 3208 727 3280 ἡμέρας
759 3215 864 3278 ρς¹,
895 3210 984 3262 καὶ
1013 3207 1492 3278 προσεκϐάλλοντες
1520 3212 1644 3262 ταύ-

1744 3210 1831 3270 tis,
1860 3225 1978 3279 qua:
2038 3211 2252 3278 quidem
2307 3209 2605 3266 conﬂantur
2636 3225 2700 3262 ex
2757 3209 2942 3261 diebus
2972 3223 3022 3258 νι
3044 3215 3165 3258 ante
3185 3204 3277 3258 Ja-

95 3318 192 3365 τας
216 3303 324 3354 ἀπὸ
348 3303 444 3372 τῆς
467 3303 716 3374 τοιαύτης
739 3304 971 3368 συνόδου,
994 3305 1189 3367 αἵτινες
1217 3306 1518 3374 περιέχουσι
1548 3308 1645 3370 τάς

93 3409 152 3443 τε
198 3391 304 3462 πρὸ
345 3392 436 3445 τοῦ
481 3393 803 3463 Ἰανουαρίου
838 3394 910 3456 ς’,
945 3394 1038 3445 καὶ
1073 3393 1167 3454 τὰς
1209 3393 1368 3444 αὐτοῦ
1403 3393 1494 3446 τοῦ
1541 3397 1645 3448 Ἰα-

95 3483 345 3554 νουαρίου
381 3484 490 3546 λα’,
533 3484 610 3536 ἔτι
647 3502 704 3536 τε
743 3484 1098 3554 Φεϐρουαρίου
1140 3484 1243 3555 κη’,
1281 3485 1370 3537 καὶ
1407 3486 1644 3555 Μαρτίου

94 3575 193 3638 λα’,
250 3575 347 3628 καὶ
407 3575 674 3644 Ἀπριλίου
725 3582 776 3638 ι’,
823 3575 1141 3645 εὑρίσκομεν
1191 3573 1286 3643 τὴν
1340 3573 1644 3626 τελευταίαν

93 3668 306 3738 ἡμέραν
341 3669 418 3730 είς
444 3669 542 3739 τὴν
574 3674 604 3720 ι’
644 3665 735 3719 τοῦ
796 3667 1063 3736 Ἀπριλίου
1113 3667 1503 3735 ἐμπίπτουσαν,
1553 3666 1644 3716 καὶ

93 3760 427 3831 πανσέληνον
458 3756 620 3812 οὖσαν
657 3758 866 3829 ἡμέραν
906 3757 1189 3810 Ἰουδαῖκοῦ
1224 3757 1429 3826 Πάσχα·
1465 3758 1528 3826 ἣν
1556 3757 1647 3808 καὶ⁹

91 3852 178 3904 διὰ
201 3853 294 3905 τοῦ
323 3851 738 3923 ἡμεροευρεσίου
767 3849 1011 3920 εὑρόντες
1041 3848 1246 3917 ἡμέραν
1277 3845 1436 3900 οὖσαν
1467 3865 1646 3917 παρα-

1741 3301 2014 3361 nuarium,
2071 3307 2122 3352 et
2183 3314 2305 3350 XXXI
2363 3298 2628 3362 Januarii,
2665 3314 2726 3350 ac
2779 3292 3053 3350 Februarii
3086 3311 3274 3357 xxvm,

1741 3391 1916 3443 Martii
1964 3406 2108 3452 xxxn,
2140 3401 2191 3442 et
2213 3389 2413 3458 Aprilis
2446 3405 2499 3454 ιι,
2540 3389 2780 3441 ultimam
2815 3388 3019 3442 dierum
3054 3386 3275 3440 istarum

1742 3482 1933 3535 cadere
1965 3481 2423 3550 depreltcndemus
2480 3480 2532 3531 in
2563 3495 2596 3531 χ
2626 3479 2846 3548 Aprilis,
2881 3493 2998 3546 qua:
3027 3483 3078 3528 et
3108 3474 3278 3543 pleni-

1742 3572 1943 3625 lunium
1982 3573 2103 3635 erit,
2140 3585 2201 3623 ac
2222 3569 2502 3623 Judaicum
2532 3568 2756 3624 Pascha.
2787 3570 2957 3637 Hujus
3003 3583 3068 3622 ex
3116 3567 3280 3619 later-

1741 3660 1863 3713 culo
1898 3661 2111 3714 inventa
2164 3660 2316 3724 feria,
2379 3675 2498 3729 quze
2536 3669 2617 3713 est
2666 3659 2980 3721 Parasceve,
3023 3663 3278 3725 sequente

1740 3751 2016 3804 Dominiea
2049 3758 2457 3804 sacrosanrtum
2485 3749 2694 3804 Pascha
2721 3761 2963 3804 nostrum
3010 3745 3277 3802 obtinebi-

1740 3859 1880 3904 mus,
1918 3857 2107 3910 nempe
2135 3841 2336 3910 Aprilis
2360 3857 2456 3895 xu.

93 3940 328 4008 σκευὴν,
367 3936 555 4007 ἕξομεν
583 3937 676 3988 καὶ
719 3936 779 3988 τὸ
817 3935 935 3989 καθ’
962 3936 1105 4004 ἡμᾶς
1151 3933 1298 4002 ἅγιον
1339 3934 1525 4003 Πάσχα
1562 3937 1626 4004 τῇ
1665 3933 1857 4001 ἐφεξῆς
1883 3927 2128 4000 Κυριὰκῇ
2159 3929 2491 4000 τελούμενον,
2527 3931 2689 3998 ἤγουν
2735 3932 2799 3999 τῇ
2835 3928 2897 3996 ιβ’
2944 3926 3034 3979 τοῦ
3093 3925 3277 3995 Ἀπρι-

91 4030 206 4083 λίου
242 4030 430 4101 μηνός.

183 4148 328 4218 Περὶ
359 4148 465 4217 τῆς
493 4148 774 4216 νηστείας
799 4145 916 4200 τῶν
943 4123 1125 4216 ἁγίων
1148 4130 1542 4203 Ἀποστόλωιβ.

158 4259 261 4311 lE’.
304 4251 428 4311 Ἐπὶ
451 4257 655 4320 τούτοις
677 4257 912 4327 καὶπερὶ
935 4257 1030 4326 τῆς
1056 4257 1158 4327 πρὸ
1182 4258 1278 4327 τῆς
1304 4259 1517 4328 μνήμης
1537 4258 1642 4309 τῶν

89 4349 262 4417 ἁγίων
301 4348 632 4401 Ἀποστόλων
647 4347 967 4416 τελουμένης
994 4347 1236 4416 νηστείας
1257 4349 1468 4418 μέθοδον
1492 4350 1645 4419 ἐκθή-

1983 4139 2058 4194 Dc
2077 4141 2277 4210 jejunio
2303 4149 2601 4193 sanctorum
2637 4138 3018 4206 Apostolorum.

1817 4255 1929 4308 XV.
1955 4255 2079 4309 Post
2100 4254 2420 4322 lueejejunii
2447 4267 2678 4321 quoque,
2711 4252 2852 4320 quod
2885 4259 3008 4304 ante
3067 4261 3279 4305 sam-to—

1746 4363 1863 4400 rum
1893 4348 2255 4415 apostolorum
2287 4345 2596 4396 memoriam
2630 4343 2824 4410 agitur,
2858 4342 3162 4396 methodum
3190 4357 3280 4396 ex—

89 4455 254 4508 σομεν
287 4437 378 4490 διὰ
405 4437 762 4506 λογικωτέρας
805 4437 1144 4500 ἀποδείξεως,
1188 4438 1410 4507 ἔχουσαν
1453 4437 1639 4502 οὕτως.

1748 4453 2011 4507 ponemus
2066 4437 2258 4489 rationi
2309 4450 2371 4488 ac
2415 4434 2854 4487 demonstrationi
2900 4435 3097 4492 certius
3144 4434 3282 4486 inni-

99 4529 254 4582 Ἐπεὶ
290 4529 387 4582 ἀπ’
416 4527 584 4596 αὐτῆς
631 4528 727 4596 τῆς
773 4527 928 4594 ἁγίας
970 4529 1062 4580 καὶ
1095 4528 1342 4599 λαμπρᾶς
1365 4531 1644 4600 Κυριακῆς

1748 4535 1888 4584 κοιιι.
1923 4531 2055 4584 Cum
2086 4530 2223 4582 enim
2262 4544 2289 4580 a
2318 4534 2500 4580 sancta
2531 4534 2581 4578 et
2621 4533 2844 4595 augusta
2865 4525 3134 4579 Paschalis
3183 4526 3283 4578 [)0-

85 4621 177 4673 τοῦ
212 4623 408 4691 Πάσχα
437 4621 596 4691 μέχρι
622 4621 712 4672 καὶ
734 4620 897 4690 αὐτῆς
924 4621 1021 4689 τῆς
1047 4619 1151 4672 τῶν
1189 4621 1354 4687 ἁγίων
1399 4621 1644 4674 Ἀποστά-

1748 4622 1964 4687 minica,
1995 4622 2060 4673 ad
2087 4632 2390 4675 sanctorum
2412 4618 2790 4687 Apostolorum
2845 4618 3194 4679 Dominicam,
3229 4619 3281 4671 in

85 4711 190 4764 λων
210 4714 516 4782 Κυριακῆς,
540 4712 603 4781 ἢν
624 4711 714 4763 καὶ
739 4710 987 4780 ἁπόκρεω
1009 4709 1262 4778 ποιοῦμεν
1283 4709 1368 4762 διὰ
1390 4711 1485 4780 τὴν
1509 4713 1644 4782 εἰρη-

1747 4729 1848 4781 qua
1903 4721 2119 4782 propter
2168 4713 2380 4765 illorum
2433 4710 2698 4779 jejunium
2757 4710 2916 4764 etiam
2960 4724 2987 4762 a
3029 4710 3282 4761 carnibus

89 4805 255 4874 μένην
279 4804 392 4856 τῶν
435 4804 600 4870 ἁγίων
636 4803 964 4856 Ἀποστόλων
1002 4802 1267 4873 νηστείαν,
1301 4803 1418 4854 ὅσαι
1446 4804 1644 4872 ἡμέραι

1746 4805 2100 4864 abstinemus,
2134 4813 2262 4870 quot
2293 4809 2418 4854 sunt
2460 4802 2574 4856 dies
2603 4803 2750 4870 (sunt
2798 4809 2973 4854 autem
3001 4794 3149 4868 LVII),
3183 4809 3282 4853 tot-

84 4897 221 4947 είσὶν
253 4895 384 4962 (εἰσὶ
416 4894 472 4946 δὲ
506 4894 632 4963 νζ’),
669 4893 918 4946 τοσαῦταί
955 4896 1056 4945 εἱσι
1083 4893 1171 4946 καλ¹
1201 4892 1305 4945 ἀπὸ
1332 4894 1427 4962 τῆς
1458 4894 1644 4962 τρίτης

1745 4899 1883 4950 idem
1934 4913 1962 4949 a
1993 4913 2050 4950 ιιι
2095 4897 2211 4950 Maii
2257 4896 2322 4949 ad
2377 4912 2545 4950 xxvm
2578 4896 2721 4949 Junii
2756 4903 3029 4965 putantur,
3061 4910 3167 4963 quo
3197 4895 3295 4947 die.

84 4987 174 5038 τοῦ
200 4987 387 5040 Μαΐου
418 4985 540 5055 ἄχρι
573 4986 668 5053 τῆς
703 4984 789 5054 κη’
829 4985 920 5037 τοῦ
963 4985 1195 5046 Ἰουνίου,
1227 4983 1344 5034 καθ’
1377 4984 1442 5052 ἣν
1476 4985 1505 5051 ἡ
1539 5001 1644 5036 τοι·

1741 4991 2004 5060 jejunium
2043 4989 2185 5044 istud
2214 4989 2493 5043 terminari
2527 4990 2663 5043 solet
2697 5004 2709 5038 :
2743 4988 2787 5042 si
2826 5003 3156 5041 communem
3183 5003 3282 5039 nu-

83 5076 219 5146 αύτη
256 5074 670 5146 συμπληροῦται
689 5075 922 5142 νηστεία·
950 5074 1042 5125 ἐὰν
1064 5075 1228 5135 αὑτὰς
1254 5076 1345 5126 ἀπ’
1363 5066 1526 5142 αὐτῆς
1548 5075 1644 5142 τῆς

1745 5099 1944 5135 merum
1976 5082 2176 5134 (lierum
2206 5097 2235 5132 a
2273 5097 2330 5133 ιιι
2353 5081 2492 5144 Maii,
2518 5079 2581 5131 ad
2612 5067 2935 5131 Dominicam
2963 5077 3280 5131 Sanctorum

74 5154 270 5236 spite;
297 5165 395 5217 τοῦ
414 5167 584 5217 Μαΐου
606 5165 728 5235 ἄχρι
755 5164 852 5232 τῆς
873 5166 1150 5234 Ιίυριακῆς
1176 5164 1279 5216 τῶν
1294 5164 1482 5230 Ἀγίων
1513 5165 1644 5215 πάν-

1743 5174 1976 5226 οιιιιιίιιιιι
2007 5172 2404 5233 abstulerimus,
2425 5170 2922 5238 ulramquedierum
2955 5170 3278 5236 reliquorum

82 5275 187 5310 των
216 5258 407 5319 κοινὰς
427 5256 586 5318 οὔσας
607 5257 904 5325 ἀφέλωμεν,
937 5257 1031 5317 τὰς
1063 5256 1521 5324 καταλειφθείσας,
1545 5257 1642 5319 τάς

1743 5278 2025 5324 summam,
2081 5274 2190 5316 tam
2237 5264 2326 5332 qui
2373 5264 2440 5315 ab
2491 5270 2712 5329 augusta
2764 5261 2850 5312 illa
2892 5259 3163 5311 Dominica
3215 5257 3282 5312 ad

82 5366 132 5399 τε
152 5348 400 5417 δηλονότι
418 5350 507 5400 ἀπ’
530 5347 693 5416 αὐτῆς
708 5347 804 5412 τῆς
818 5347 1066 5415 λαμπρᾶς
1081 5349 1356 5416 Κυριακῆς
1377 5348 1532 5416 μέχρι
1548 5349 1641 5398 καὶ

1743 5368 1800 5404 ιιι
1836 5351 1951 5402 Maii
1979 5354 2264 5418 pertinent,
2324 5365 2481 5419 quam
2529 5350 2619 5417 qui
2653 5351 2718 5402 ab
2767 5350 2917 5403 initio
2958 5349 3277 5414 jejuniorum

81 5437 179 5504 τῆς
210 5439 408 5506 τρίτης
436 5437 526 5488 τοῦ
544 5440 734 5493 Μαΐου.
760 5439 851 5490 καὶ
866 5438 960 5498 τὰς
983 5437 1074 5487 ἀπ’
1093 5438 1260 5506 ἀρχῆς
1279 5437 1374 5505 τῆς
1395 5437 1641 5507 τοιαύτης

1741 5444 1804 5497 ad
1849 5458 1968 5495 χχιχ
2015 5441 2378 5511 Junii,parcm
2415 5451 2466 5496 et
2504 5442 2757 5511 requalem
2792 5441 3124 5495 habebimus.

84 5527 332 5596 νηστείας
359 5526 492 5597 ἄχρι
523 5528 614 5596 τῆς
645 5525 722 5578 κδ’
745 5527 833 5579 τοῦ
879 5527 1110 5588 Ἰουνίου,
1146 5527 1262 5588 ἴσας
1287 5527 1494 5596 ἕξομεν.
2974 5547 2978 5550 ·

1880 5681 1904 5713 a
1928 5666 2174 5716 Dominica
2295 5681 2319 5714 a
2346 5669 2373 5714 5
2398 5667 2504 5714 Maii
2531 5668 2586 5714 ad
2616 5666 2707 5711 Do-
2836 5676 2858 5709 a
2887 5661 3133 5710 Dominica
3196 5699 3197 5703 η

1800 5727 2170 5778 APasrhaaadS
2219 5729 2256 5777 Β
2302 5731 2520 5775 miniram
2589 5741 2688 5773 om-
2720 5725 2754 5775 C
2797 5723 3076 5772 S'anctorum
3095 5718 3250 5770 0tn~,D

1861 5789 1968 5839 Maii
2285 5792 2414 5838 nium
2433 5791 2711 5838 Sanctorum
2791 5791 2921 5836 nium
2939 5786 2995 5833 ad
3013 5783 3071 5830 28
3092 5781 3198 5832 Jun.

184 5667 264 5711 Ᾱιὸ
307 5672 481 5720 λαμπρᾶς
545 5662 620 5708 Ᾱιὸ
639 5676 700 5716 τῆς
725 5668 755 5720 γ’
782 5677 845 5709 τοῦ
869 5673 983 5709 Maian
1048 5664 1122 5709 ,ίτὸ
1209 5678 1269 5717 τῆς
1337 5677 1514 5719 Rogaui;

133 5737 162 5772 Δ
182 5738 363 5780 κυριιιιῆς
411 5734 476 5775 In;
500 5732 596 5775 Βῖυς
659 5738 721 5776 τῆς
807 5738 978 5781 Κυρωιὴς
1006 5739 1028 5772 Γ
1051 5741 1118 5772 τῖνι
1187 5732 1296 5781 Ᾰγίων
1377 5737 1514 5770 φάντων
1538 5740 1558 5771 Δ

187 5797 306 5842 “ait;
337 5796 381 5844 δ’.
457 5832 464 5836 _
550 5800 614 5831 τῖον
660 5797 767 5842 Αεὶων

819 5799 970 5832 πάνιωνι
1050 5799 1109 5842 ίνς
1133 5801 1194 5841 τῆς
1216 5791 1268 5841 ιη’
1295 5801 1356 5832 τοῦ
1390 5798 1537 5832 lamina.
