4046 6320
30 425 152 484 1309

896 429 1120 487 ISAACI
1157 431 1459 488 MONACHI
1480 432 1866 489 .COMPUTUS
1908 429 2339 488 ECCLESIAST.

3034 435 3174 490 mo

28 538 189 591 πόσων
229 537 365 592 ἑτῶν
395 539 456 615 τὸ
495 540 726 594 τοιοῦτον
764 558 1003 595 κανονιον
1047 544 1292 613 συνέστη.
1329 546 1472 608 Τέως
1499 545 1540 596 δ’

1654 546 1771 599 lium
1803 546 2218 615 pleniluniorum
2247 545 2363 600 dies
2412 545 2807 604 exactissimum
2870 547 3183 608 ostenderet

28 632 104 682 ἵνα
131 627 341 699 γνῶμεν
378 631 516 699 μετά
556 632 694 704 πόσα
726 631 818 703 ἐτη
853 633 945 685 τοῦ
980 635 1239 705 παρόντος
1267 636 1465 688 τέλειαι
1499 636 1542 705 β’

27 719 210 790 ἡμέραι
235 720 722 794 ἀπηρτισθὴσονται
754 727 808 777 αἱ
837 729 934 796 τῆς
953 716 1232 796 ἀκριϐείας
1257 729 1545 780 ἐκπίπτου-

29 827 124 872 σαι,
147 811 470 880 ἐποιήσαμεν
486 811 820 884 ψηφοφορίαν
842 816 1264 887 πανσεληνιακῆς
1292 817 1544 884 συζυγίας

37 900 307 954 Ἰουδαϊκοῦ
342 903 530 975 Πάσχα
562 907 960 977 παρακειμένου
988 907 1066 976 τῷ
1101 907 1350 961 ἐνεστῶτι
1379 911 1545 980 τρίτῳ

27 989 191 1057 κύκλῳ
212 990 311 1059 τῆς
338 989 579 1061 σελήνης,
612 993 642 1044 ι’
666 992 758 1045 τοῦ
799 993 1068 1064 Ἀπριλίου
1098 988 1547 1064 καταγεγραμμέ-

25 1097 113 1149 νην
139 1079 365 1148 ἔχοντος.
399 1082 638 1154 Εὖρομεν
667 1083 724 1137 δὲ
753 1084 951 1155 ταύτην
978 1083 1339 1144 ἐκπίπτουσαν
1376 1084 1464 1137 διά
1488 1085 1548 1136 τὸ

27 1170 95 1240 μὴ
121 1168 360 1239 ἀκριϐὲς,
389 1171 463 1234 ὡς
490 1173 718 1244 εἴρηται,
760 1175 1398 1252 τηςιὰποκαταστάσεως,
1491 1174 1549 1226 τὸ

22 1258 252 1312 κανόνων
277 1259 495 1327 χρῆται,
538 1262 618 1324 εἰς
649 1263 747 1332 τὴν
777 1262 828 1331 η’
865 1262 956 1314 τοῦ
997 1262 1156 1314 αὐτοῦ
1205 1263 1369 1333 μηνὸς
1415 1263 1550 1332 μετά

23 1349 156 1420 ὥρας
179 1364 326 1420 τρεις
366 1351 676 1421 ίσημερινάς
705 1353 802 1422 τῆς
831 1353 949 1406 κατ’
980 1352 1145 1422 αὐτὴν
1175 1354 1432 1423 ἀνατολῆς
1456 1355 1548 1407 τοῦ

21 1439 182 1508 ἡλίου.
222 1440 374 1492 Ἐπεὶ
405 1437 496 1496 οὖν
525 1443 579 1494 αἱ
615 1445 760 1514 τρεῖς
788 1436 926 1512 ’ὧραι
966 1445 1274 1513 ἰσημεριναὶ
1304 1444 1353 1514 η’
1389 1445 1551 1514 μέρος

20 1531 120 1609 εἰει
151 1529 243 1582 τοῦ
287 1532 699 1602 ἡμερονυκτίου,
742 1531 837 1588 ὲάν
865 1533 938 1599 λτὸ
973 1519 1079 1585 τῶν
1127 1525 1444 1602 Ῥωμαϊκῶν
1479 1532 1550 1587 τδ¹

9 1620 146 1672 ’ἑτῶν
190 1618 282 1690 (ὲν
323 1617 406 1684 οἷς
441 1621 820 1693 ἡμερονύκτιον
864 1622 1061 1677 τέλειον
1113 1625 1475 1694 προλαμϐάνει
1518 1626 1550 1694 ἡ

17 1710 240 1782 ἀκριϐὴς
267 1714 700 1777 ἀποκατάστασις
723 1714 818 1784 τὴν
848 1714 935 1768 διά
966 1715 1057 1767 τὸν
1089 1703 1550 1787 ὲννεαδεκαετηρί-

14 1800 115 1852 δων
139 1803 211 1870 μὴ
230 1803 460 1873 ἀκριϐῆ)
499 1803 560 1855 τὸ
581 1803 630 1874 η’
650 1803 919 1875 λάϐωμεν,
943 1806 970 1858 ὃ
992 1807 1135 1858 ἐστιν
1157 1805 1249 1874 ἐτη
1277 1807 1551 1876 Ῥωμαῖκά

13 1889 112 1960 λη’·
142 1890 333 1961 ἕξομεν
372 1892 488 1962 μεθ’
519 1895 617 1947 ὅσα
661 1894 756 1963 μὲν
788 1893 880 1964 ἐτη
912 1893 1003 1946 τοῦ
1035 1896 1324 1958 ἐνεστῶτος
1353 1897 1550 1949 τέλειαι

15 1980 220 2034 ἔσονται
242 1981 444 2052 ἡμέραι
469 1982 514 2054 β’
536 1983 591 2036 αι
613 1984 711 2052 τῆς
734 1984 1011 2054 ἀκριϐείας
1035 1984 1409 2038 ἐκπίπτουσαν
1439 1987 1551 2055 μετ’

14 2072 224 2141 ἐκείνην
243 2072 302 2125 δὲ
326 2058 425 2143 'qu
453 2074 888 2128 ἀποκατάστασιν
914 2072 1072 2128 πάλιν
1091 2076 1308 2145 ἄρξεται
1328 2077 1421 2130 καὶ
1443 2077 1556 2129 ὲτὲ-

16 2179 113 2233 ρας
147 2163 358 2233 ἡμέρας
399 2163 560 2234 μόρια
597 2166 1047 2236 προλαμϐάνεινὴ
1082 2167 1308 2238 ἀκριϐὴς
1347 2169 1442 2238 τὴν
1480 2169 1554 2238 μὴ

11 2253 231 2322 ἀκριϐῆ.
264 2253 341 2305 Τὸ
369 2255 507 2322 μετὰ
537 2253 617 2324 λη’
644 2255 700 2307 δὲ
741 2255 835 2325 ἐτη
873 2254 966 2308 τοῦ
1007 2256 1266 2325 παρόντος
1303 2255 1452 2308 ἔσται
1495 2257 1558 2308 τὸ

15 2341 186 2407 ἔξιθ’
217 2341 355 2405 ἔτος.
381 2345 490 2396 Καὶ
516 2345 564 2396 εἰ
595 2345 691 2415 μὲν
721 2344 860 2398 κατὰ
889 2343 988 2415 τὴν
1025 2344 1174 2416 παρὰ
1197 2347 1308 2407 τοῖς
1346 2345 1554 2407 πολλοῖς

11 2433 409 2503 ἐπικρατοῦσαν
445 2433 601 2497 δόξαν
639 2434 1020 2505 συμπλήρωσις
1047 2433 1195 2486 ἔσται
1230 2432 1322 2485 τοῦ
1359 2434 1554 2498 παντὸς

12 2523 152 2574 κατά
212 2522 312 2594 τὴν
359 2523 453 2574 τοῦ
502 2524 546 2586 ,ζ
594 2522 743 2587 ἔτους
797 2522 1180 2593 συμπλήρωσιν
1201 2559 1219 2586 ,
1273 2523 1554 2592 περίεργον

10 2611 161 2664 ἔσται
193 2613 373 2684 ζητεῖν
400 2613 640 2685 διορθοῦν
660 2615 757 2684 τὴν
775 2615 872 2684 τῆς
893 2613 1117 2684 σελήνης
1155 2613 1372 2682 μέθοδον
1399 2614 1553 2678 ἐτῶν,

14 2705 173 2774 μόνον
212 2705 302 2758 πα¹
335 2706 920 2777 καταλειφθησομένων,
956 2707 1014 2759 ὲν
1046 2700 1127 2767 οἷς
1152 2706 1231 2757 δεῖ
1255 2709 1318 2776 τῇ
1358 2706 1556 2776 μεθόδῳ

9 2795 184 2868 ταύτῃ
205 2796 343 2868 μετὰ
363 2796 692 2869 διορθώσεως
712 2797 964 2870 χρῆσθαι,
995 2788 1259 2871 μηδεμιᾶς
1284 2798 1554 2866 ἀξιολόγου

10 2886 384 2958 γενησομένης
407 2887 661 2958 διαφορᾶς
692 2889 749 2941 ὲν
780 2889 888 2950 τοῖς
917 2888 1220 2958 εἰρημένοις
1252 2887 1340 2942 πα¹
1363 2887 1553 2952 ἔτεσιν,

10 2978 56 3029 εί
85 2979 158 3048 τῇ
197 2976 504 3049 ἀδιορθώτῳ
542 2977 776 3049 ἐχρῶντο
806 2978 1010 3051 μεθόδῳ
1036 2980 1084 3032 οἱ
1111 2979 1228 3032 τότε
1261 2977 1554 3051 περιόντες

9 3067 55 3120 ει
84 3065 167 3135 δὲ,
192 3066 338 3122 καθά
357 3067 502 3122 δοκεῖ
521 3084 663 3122 τισιν
689 3068 886 3132 ἄλλοις,
916 3069 1163 3140 ἀόριστον
1188 3064 1325 3123 εἶναι
1346 3069 1435 3122 τὸν
1459 3069 1558 3139 τῆς

1645 635 2038 704 oppositionum
2072 642 2300 702 tempus.
2325 633 2604 704 possemus
2628 635 2928 690 accuratius
2953 637 3173 690 ratioci-

1645 723 1761 775 nari
1787 729 1910 776 ante
1942 729 2073 791 quot
2093 738 2266 776 annos
2288 723 2410 776 talis
2440 737 2613 779 canon
2639 725 2967 794 compositus
2991 723 3170 779 fuerit.

1644 811 1849 865 Interea
1877 821 2054 866 tamen
2085 819 2143 865 ut
2191 826 2579 880 cognoscamus
2606 823 2728 882 post
2774 821 2903 883 quot
2933 828 3102 868 annos
3141 830 3171 867 a

1646 904 1896 972 prmsenti
1922 903 2142 972 integra:
2162 902 2278 957 dies
2304 904 2442 968 duae,
2481 919 2602 982 quae
2629 905 2938 960 desciscunt
2960 906 3029 959 ab
3048 921 3175 958 exa-

1646 996 1808 1058 mine,
1845 988 2281 1050 cons'ummanda:
2326 996 2456 1054 sint.
2512 996 2791 1065 plenilunii
2848 994 3055 1052 Pascha
3085 995 3176 1050 ιιι-
3255 999 3258 1003 ’

1648 1083 1786 1137 daici
1815 1085 2063 1152 praesenti
2086 1085 2236 1153 cyclo
2261 1084 2512 1152 appositi,
2542 1083 2686 1153 quod
2715 1086 2981 1149 decimam
3018 1086 3177 1155 Apri-

1648 1174 1713 1227 lis
1737 1173 1875 1226 diem
1906 1173 2191 1243 ascriptam
2224 1173 2402 1239 habet,
2454 1159 2716 1234 rationem
2771 1176 3044 1231 inivimus.
3077 1175 3180 1230 De-

1648 1263 2259 1332 prehendimus’autem,
2285 1271 2504 1333 propter
2556 1279 2664 1318 non
2731 1272 3059 1333 accuratam,
3117 1273 3176 1320 ut

1648 1356 1851 1410 dictum
1893 1361 1996 1418 est,
2046 1354 2420 1409 conversionis
2472 1354 2678 1409 lunaris
2737 1343 3021 1417 rationem,
3069 1370 3177 1423 qua

1648 1461 1822 1500 canon
1843 1446 2034 1509 utitur,
2058 1444 2361 1500 desciscere
2383 1445 2436 1498 in
2453 1453 2693 1499 octavam
2715 1444 2912 1514 Aprilis
2935 1452 3056 1515 post
3080 1445 3180 1500 ho-

1648 1549 1737 1590 ras
1765 1543 1876 1590 tres
1903 1535 2302 1604 aequinoctiales
2340 1535 2408 1590 ab
2437 1541 2559 1589 ortu
2595 1535 2747 1599 solis,
2781 1535 2874 1603 qui
2907 1535 2963 1610 in
2991 1534 3177 1600 eadem

1650 1628 1735 1682 die
1760 1625 2005 1696 contigit.
2061 1625 2198 1690 Quia
2230 1629 2360 1680 vero
2413 1633 2525 1681 tres
2577 1625 2723 1679 horae
2778 1611 3178 1700 aequinoctiales

1650 1725 1775 1773 sunt
1794 1724 1980 1773 octava
1997 1731 2122 1786 pars
2149 1719 2404 1786 temporis
2431 1718 2680 1772 nocturni
2700 1726 2753 1771 et
2784 1704 2983 1779 diurni.
3011 1717 3055 1772 si
3083 1732 3180 1770 an-

1651 1825 1840 1904 norum
1868 1823 2018 1862 cccrv
2046 1806 2431 1870 Romanorum,
2467 1808 2522 1861 in
2552 1808 2746 1877 quibus
2792 1809 3052 1879 integram
3082 1822 3181 1863 no-

1651 1893 1798 1953 cten'i'
1819 1905 1874 1952 et
1901 1897 2043 1953 diem
2081 1904 2269 1950 exacta
2290 1897 2574 1950 conversio
2605 1911 2713 1950 non
2765 1906 3026 1964 exactam,
3061 1893 3182 1965 quas

1652 1988 1782 2043 litin
1800 2004 1890 2042 xxx
1913 1988 2091 2050 annis,
2132 1986 2407 2055 anticipat,
2457 1993 2700 2039 octavam
2732 1995 2934 2054 partem
2975 2001 3186 2042 assum-

1651 2079 1937 2150 pserimns,
1968 2078 2021 2130 id
2076 2085 2178 2140 est,
2213 2091 2382 2130 annos
2420 2075 2688 2130 Romanos
2732 2091 2937 2130 xxxvm
2971 2093 2986 2130 :
3019 2077 3184 2132 habe-

1651 2171 1828 2225 bimus
1851 2176 1971 2238 post
1995 2174 2127 2235 quot
2163 2183 2335 2222 annos
2382 2182 2412 2220 a
2455 2167 2707 2236 praesenti
2757 2168 2979 2237 integrae
3024 2178 3185 2224 erunt

1652 2260 1770 2314 dies
1799 2257 1919 2312 dua:
1955 2257 2022 2311 ab
2044 2257 2292 2311 examine
2314 2255 2646 2316 deﬁcientes.
2677 2254 2807 2310 Post
2828 2256 2974 2309 illam
3001 2265 3181 2312 autem

1653 2331 2080 2409 conversionem,
2114 2359 2333 2400 rursum
2357 2345 2477 2399 aliis
2505 2344 2613 2399 diei
2651 2345 2922 2415 scrupulis
2965 2345 3181 2416 incipiet

1652 2445 1842 2494 exacta
1870 2436 2140 2491 restitutio
2170 2449 2280 2490 non
2313 2443 2558 2489 exactam
2595 2436 2904 2506 anticipare.
2937 2434 3066 2506 Post
3082 2450 3182 2489 an-

1652 2543 1754 2582 nos
1773 2534 1950 2580 autem
1983 2527 2201 2595 triginta
2228 2532 2352 2579 octo
2379 2539 2410 2578 a
2435 2527 2683 2594 praesenti
2706 2528 2808 2581 erit
2825 2541 3002 2581 annus
3023 2526 3179 2582 6919.

1655 2611 1699 2683 [⁷
1715 2613 1792 2666 Ac
1835 2613 1904 2673 si,
1926 2618 1986 2665 ut
2021 2611 2257 2681 vulgaris
2285 2619 2368 2666 est
2399 2612 2600 2681 opinio,
2633 2601 2859 2684 septimo
2901 2615 3186 2670 millesimo

1652 2709 1893 2758 vertente
1915 2703 2078 2756 totius
2099 2699 2282 2754 mundi
2311 2698 2489 2754 futura
2508 2703 2899 2756 consummatio
2931 2711 3044 2768 est;
3071 2697 3187 2774 .Il‘r'u-

1655 2793 1849 2850 strain
1878 2790 2190 2862 castiganda
2208 2791 2384 2844 lunari
2422 2791 2672 2858 methodo
2714 2792 2878 2846 labor
2907 2793 3184 2850 adhibebi-

1655 2893 1774 2948 tur;
1803 2897 1924 2937 cum
1957 2883 2086 2936 anni
2110 2880 2479 2942 tantummodo
2501 2881 2568 2937 de
2593 2897 2802 2937 summa
2826 2884 3015 2961 reliqui
3071 2887 3185 2940 sint

1655 2990 1838 3038 Lxxxt,
1851 2989 1946 3044 per
1963 2987 2100 3043 quos
2119 2972 2399 3052 emendata
2423 2973 2513 3027 illa
2533 2973 2819 3030 methodus
2841 2975 2895 3028 in
2919 2991 3018 3030 usu
3036 2975 3136 3030 erit
3167 2996 3181 3030 :

1655 3082 1776 3125 cum
1797 3068 1851 3121 in
1881 3067 2001 3122 iStis
2028 3081 2191 3120 Lxxxt
2229 3064 2386 3119 annis
2401 3078 2510 3118 non
2536 3065 2764 3119 multum
2797 3067 3026 3131 intersit,
3050 3068 3097 3122 si
3123 3067 3183 3129 ii,

9 3155 324 3219 συντελείας
350 3156 556 3227 καιρὸν,
587 3151 664 3220 οἷς
695 3158 788 3212 καὶ
817 3158 975 3221 αὐτὸς
1002 3159 1328 3228 συντίθεμαι·
1356 3158 1556 3229 πρέπον

1657 3159 1752 3228 qui
1779 3166 1892 3213 tum
1925 3156 2242 3228 superstites
2264 3164 2444 3220 erunt.
2506 3163 2738 3212 veterem
2788 3172 2888 3212 nec
2946 3158 3189 3214 emenda-

9 3243 74 3300 ἂν
95 3246 188 3317 εἴη
214 3245 460 3316 διορθοῦν
478 3246 575 3317 τὴν
597 3247 725 3318 περὶ
743 3247 841 3316 τῆς
861 3248 1083 3319 σελήνης
1107 3247 1343 3318 μέθοδον,
1361 3247 1382 3280 ⁸
1402 3263 1560 3318 προσ-

9 3331 220 3390 τ-θέναι
247 3338 370 3399 ταῖς
391 3335 492 3406 τῆς
520 3335 744 3407 σελήνης
762 3338 1039 3403 ὲπακταῖς,
1067 3336 1132 3401 ἃς
1156 3339 1190 3408 ἡ
1218 3337 1312 3391 νῦν
1342 3336 1560 3407 μέθοδος

9 3421 363 3496 δπαγορεύει,
391 3426 486 3480 καὶ
523 3427 802 3498 ὲπερευνᾷ,
836 3427 929 3482 καὶ
963 3426 1103 3482 οὕτω
1133 3429 1206 3500 μὴ
1239 3427 1558 3498 σφάλλεσθαι

9 3517 109 3587 τῆς
139 3517 455 3590 ὀρθότητος.
477 3519 550 3572 Τὸ
575 3519 754 3590 μέντοι
773 3520 1068 3590 Πασχάλιον
1087 3521 1344 3585 κανόνιον,
1359 3522 1560 3591 ἀμετα-

9 3610 241 3680 ποίητον
264 3610 441 3680 μένον,
465 3612 556 3664 καὶ
585 3611 663 3665 ἔτι
688 3611 1097 3683 ,σφαλερώτερον
1125 3611 1290 3665 ἔσται·
1327 3613 1559 3682 παρόσον

9 3700 101 3754 νῦν
119 3701 226 3770 μὲν
240 3700 392 3754 δυσὶν
407 3691 636 3772 ἡμέραις
650 3702 896 3756 ἐκπίπτει
909 3701 1005 3772 τῆς
1021 3701 1290 3772 ἀληθείας,
1308 3703 1398 3755 ἀπ’
1423 3705 1511 3755 ὲκε
1520 3703 1563 3755 ί-

9 3808 94 3842 νου
120 3790 182 3843 δὲ
198 3790 300 3844 τοῦ
315 3790 483 3855 ἔτους,
498 3791 693 3864 δηλαδὴ
706 3793 798 3846 τοῦ
817 3792 1001 3860 ,ςέιθς
1017 3794 1204 3866 τρισίν.
1226 3796 1342 3848 Ἐπὶ
1357 3796 1562 3860 τούτοις

9 3873 364 3951 σκεψώμεθα,
385 3881 479 3948 καὶ
500 3883 548 3933 ει
576 3881 694 3934 καθ’
714 3883 937 3935 ἕκαστον
961 3883 1077 3946 ἔτος
1106 3884 1389 3953 σφάλλεται
1410 3890 1442 3955 ἡ
1468 3886 1560 3939 τοῦ

9 3971 181 4041 μηνὸς
207 3971 411 4042 ἡμέρα,
435 3971 552 4024 καθ’
574 3973 639 4042 ἡν
657 3973 812 4042 ἡμεῖς
837 3973 896 4026 τὸ
918 3974 1066 4040 ἅγιον
1087 3975 1273 4044 Πάσχα
1287 3974 1560 4044 τελοῦμεν,

9 4058 30 4127 ἡ
65 4057 206 4110 ποτὲ
252 4057 370 4126 μὲν,
409 4058 536 4110 ποτὲ
574 4057 629 4110 δὲ
658 4059 738 4112 οῦ.
785 4059 1056 4132 Γνώριμον
1088 4061 1144 4114 δὲ
1173 4063 1343 4126 ἔσται,
1387 4063 1480 4126 ὡς,
1516 4067 1563 4117 εί

9 4148 142 4219 ιόνῃ
202 4151 275 4218 τῇ
322 4146 413 4201 τοῦ
459 4150 621 4219 μηνὸς
662 4151 840 4222 ἡμέρᾳ.
885 4152 945 4205 τὸ
1001 4152 1264 4224 ἡμέτερον
1327 4154 1563 4208 ἐκανσνί-

9 4241 144 4303 ζετο,
209 4238 311 4291 καὶ
355 4239 428 4309 μὴ
461 4240 700 4310 ἀνάγκην
742 4240 957 4311 εἴχομεν
997 4243 1090 4295 καὶ
1123 4242 1261 4295 κατά
1285 4242 1565 4314 Κυριακὴν

9 4329 224 4400 ἱμέραν
240 4328 398 4383 τοῦτο
415 4331 584 4386 τελεῖν
600 4348 613 4362 ο
643 4333 762 4385 καθ’
785 4334 1007 4386 ἕκαστον
1028 4334 1092 4387 ἂν
1115 4333 1231 4398 ἔτος
1255 4335 1561 4403 ἐσφάλλετο,

9 4420 264 4492 ιαθάπερ
295 4423 391 4475 καὶ
427 4423 486 4475 τὸ
531 4423 829 4491 Ἰουδαϊκὸν,
887 4426 979 4478 καὶ
1023 4428 1142 4488 ταῖς
1191 4427 1338 4480 δυσὶν
1379 4428 1564 4495 αὑταῖς

1657 3255 1769 3303 tam
1838 3247 2248 3316 assumpserint.
2306 3244 2423 3309 Sin,
2466 3252 2524 3300 ut
2560 3246 2827 3319 plerisc'me
2879 3247 3054 3304 visum
3103 3255 3189 3303 est

1659 3335 1799 3399 aliis,
1846 3335 2045 3405 quibus
2093 3342 2148 3390 et
2187 3334 2471 3399 assentior,
2521 3334 2696 3389 ultimi
2741 3335 3185 3390 o‘ccasusmundi

1656 3416 2144 3498 tempusincertum
2165 3435 2275 3481 est:
2301 3440 2598 3495 congruum
2623 3425 2782 3479 fuerit
2842 3426 2980 3479 luna:
3022 3424 3186 3478 casti-

1659 3532 1785 3587 gare
1811 3515 2140 3582 methodum,
2176 3522 2233 3570 et
2267 3515 2334 3570 ad
2377 3522 2592 3585 epactas
2638 3515 2854 3578 addere,
2900 3530 3035 3584 quas
3069 3514 3186 3568 vui-

1657 3617 1779 3680 gata
1801 3609 1937 3683 ratio
1964 3606 2284 3676 praescribit,
2335 3614 2389 3660 et
2414 3606 2676 3674 explorat,
2723 3620 2788 3659 ac
2838 3606 2918 3660 sic
2946 3606 3015 3660 ab
3042 3612 3190 3660 recto

1657 3714 1767 3755 non
1796 3697 2101 3754 deﬂectere.
2127 3698 2263 3753 Nam
2309 3699 2355 3752 si
2386 3697 2707 3751 laterculum
2762 3696 3024 3752 Paschale
3072 3698 3191 3753 sine

1660 3791 2032 3846 emendatione
2069 3794 2305 3852 maneat,
2328 3787 2506 3858 majus
2540 3788 2688 3843 illius
2702 3787 2891 3842 vitium
2921 3787 3031 3844 ﬂet.
3055 3786 3192 3842 Cum

1660 3882 1801 3937 enim
1827 3871 2026 3935 “biduze
2075 3878 2332 3933 duntaxat
2385 3892 2416 3931 a
2474 3878 2697 3932 veritate
2719 3877 3030 3946 {abhorreat
3088 3875 3190 3928 hoc

1661 3982 1916 4041 tempore,
1959 3969 2169 4039 expleto
2193 3983 2334 4022 anno
2365 3967 2522 4032 6919,
2571 3967 2736 4020 tridui
2771 3981 2922 4020 error
2945 3962 3190 4050 incidet.}

1661 4063 1754 4118 llis
1777 4063 1846 4116 ita
1877 4058 2285 4123 animadversis,
2323 4056 2743 4122 consideremus,
2782 4070 2849 4108 an
2875 4062 2928 4109 et
2967 4053 3192 4122 singulis

1661 4153 1816 4206 annis
1835 4157 2022 4222 peccat
2053 4149 2187 4211 dies,
2217 4147 2272 4200 in
2303 4160 2405 4215 qua
2431 4159 2530 4199 nos
2548 4149 2952 4216 sacrosanctum
2985 4139 3194 4194 Pascha

1661 4241 2015 4301 celebramus,
2082 4243 2174 4290 aut
2212 4237 2344 4289 alias
2375 4233 2591 4305 quidem
2643 4239 2852 4302 peccat,
2881 4232 3013 4285 alias
3062 4245 3192 4284 non.

1660 4332 1870 4390 Patebit
1906 4343 2054 4393 vero,
2089 4328 2136 4382 si
2186 4326 2255 4380 ad
2283 4341 2446 4380 unum
2493 4323 2634 4380 diem
2679 4323 2909 4378 mensis.
2937 4321 3199 4375 duntaxat-

1660 4424 1864 4480 Pascha
1915 4429 2160 4476 nostrum
2224 4417 2546 4486 exigeretur,
2601 4414 2756 4484 105
2808 4420 2861 4469 et
2911 4428 3017 4468 non
3058 4426 3194 4480 opus

9 4513 272 4584 ῇμέραις,
307 4513 553 4585 καθάπερ
588 4516 778 4569 έκεῖνο.
807 4516 902 4569 Διά
929 4518 984 4568 δὲ
1021 4519 1082 4569 τὸ
1118 4517 1255 4570 κατά
1281 4517 1556 4589 Κυριακὴν

1654 4525 1796 4577 esset
1841 4512 1975 4569 illud
2033 4509 2310 4565 Dominica
2347 4506 2434 4561 die
2477 4504 2767 4589 celebrare,
2821 4502 3046 4574 singulis
3101 4514 3198 4562 an-

9 4604 306 4666 τελεῖσθαι,
343 4606 622 4676 συμϐαίνει
671 4607 770 4660 οὐκ
804 4607 868 4660 ἂν
912 4609 1249 4677 σφάλλεσθαι.
1280 4609 1368 4661 Διὸ
1397 4626 1558 4681 προσ-

9 4697 193 4749 ;κτέον
248 4697 313 4750 τὸ
345 4697 584 4769 ἀκριϐές.
636 4698 738 4754 Τοῦ
783 4698 1060 4752 Ἰουδαϊκοῦ
1105 4700 1289 4769 Πάσχα
1329 4702 1462 4772 μόνῃ
1492 4704 1560 4775 τῇ.

9 4787 86 4839 ςοῦ
126 4786 314 4856 μηνὸς
345 4785 524 4856 ἡμέρᾳ.
549 4785 924 4856 ὑποκειμένου,
960 4785 1339 4856 συμϐαίνοντος
1371 4787 1468 4855 μὲν
1503 4787 1559 4837 ἐν

9 4877 353 4947 ἱυριακῇ,ῆ
386 4876 450 4945 β’,
477 4878 509 4946 ἦ
538 4878 659 4947 γ’,ἢ
690 4878 750 4941 δ,
778 4877 812 4948 ἢ
840 4885 900 4943 ε’,
936 4879 994 4930 τὸ
1040 4877 1166 4948 παρ’
1209 4880 1334 4947 ἡμῖν
1377 4879 1563 4946 Πάσχα

9 4967 49 5018 δί’
96 4967 432 5036 σφάλλεται,
460 4970 523 5036 τῇ
565 4968 759 5037 ἐφεξῆς
783 4972 1026 5040 Κυριακῇ
1067 4970 1376 5037 τελούμενον
1404 4987 1414 4997 ο
1440 4971 1565 5020 ὅταν

9 5062 34 5108 ς’
53 5061 116 5110 ὲν
143 5060 486 5129 παρασκευῇ
580 5059 855 5129 Σαϐϐάτῳ,
876 5061 1164 5131 τηνικαῦτα
1187 5062 1277 5112 καὶ
1307 5060 1448 5129 μάλα
1468 5062 1563 5130 τῆς

10 5152 306 5222 ιρθότητος
339 5151 603 5203 ἐκπίπτει.
646 5154 1041 5222 Συμπίπτοντος
1088 5157 1181 5223 μὲν
1223 5157 1326 5224 γὰρ
1371 5158 1427 5206 ἐν
1469 5173 1564 5206 πα-

1660 4613 1743 4666 nis
1782 4613 2125 4678 peccaturum
2179 4598 2348 4664 illud,
2402 4587 2847 4667 quemadmodum
2898 4601 2953 4647 et
3013 4589 3197 4645 Judai—

1662 4715 1784 4757 cum
1827 4695 2067 4756 Pascha,
2111 4699 2165 4746 et
2208 4689 2422 4759 quidem
2466 4686 2675 4741 duabus
2732 4685 2961 4746 diebus,
3013 4697 3197 4751 quem-

1663 4787 1948 4844 admodum
2002 4791 2056 4838 et
2111 4779 2261 4835 illud.
2329 4775 2435 4829 Sed
2480 4775 2607 4844 quia
2656 4773 2928 4827 Dominica
2980 4770 3065 4824 die
3109 4786 3197 4825 ce-

1665 4882 1922 4942 lebratur,
1958 4878 2241 4945 propterea
2272 4882 2381 4921 non
2407 4879 2619 4934 semper
2650 4871 2854 4934 peccat.
2889 4861 2993 4915 Sed
3026 4861 3199 4916 subti-

1666 4974 1772 5027 lius
1801 4983 1888 5024 res
1925 4973 2162 5036 putetur.
2197 4959 2638 5026 Quotiescunque
2657 4953 2940 5009 Judaicum
2969 4951 3200 5016 Pascha,

1669 5063 1811 5134 quod
1838 5058 1930 5114 uni
1960 5056 2066 5111 diei
2095 5052 2295 5107 mensis
2319 5048 2621 5116 subjectum
2649 5057 2749 5105 est,
2778 5044 3046 5113 contingit
3088 5042 3196 5096 Do-

1671 5154 1890 5212 minica,
1929 5154 2022 5202 aut
2060 5145 2192 5200 feria
2226 5139 2485 5200 secunda,
2517 5145 2609 5191 aut
2644 5135 2824 5199 tertia,
2861 5143 2953 5189 aut
2985 5143 3200 5205 quarta,

10 5248 288 5316 ῑασκευῇ,
325 5244 624 5313 ὀφείλοντες
650 5247 805 5315 ἡμεῖς
840 5247 995 5309 εὐθὺς
1025 5251 1089 5316 τῇ
1121 5248 1556 5316 ἐφεξῆςΚιλριακξ

1671 5253 1763 5300 aut
1789 5243 1998 5312 quinta,
2029 5244 2161 5292 tunc
2192 5242 2436 5289 nostrum
2465 5229 2670 5282 Pascha
2700 5242 2808 5282 non
2841 5234 3047 5298 peccat,
3077 5241 3200 5279 cum

9 5340 50 5392 τὸ
83 5338 302 5405 Πάσχα
338 5337 526 5400 τελεῖν,
556 5339 633 5390 εἰς
668 5338 764 5406 τὴν
801 5339 913 5406 μετ’
941 5341 1151 5407 εκείνην
1192 5339 1556 5408 μεταϐαίνομεε

1674 5333 1912 5404 sequenti
1959 5328 2237 5383 Dominica
2286 5325 2607 5378 celebretur.
2644 5318 2871 5382 Quando
2895 5332 3024 5372 vero
3069 5316 3203 5369 feria

9 5434 303 5500 ζυριακήν
324 5446 336 5458 ·
377 5430 556 5499 ἐπειδὴ
591 5432 649 5482 τὸ
678 5433 733 5482 ἐν
753 5431 825 5501 τῷ
851 5433 1074 5500 κανονίῳ
1097 5431 1556 5498 διαλαμϐανόμενοε

1675 5435 1844 5490 sexta,
1876 5432 1968 5477 aut
2005 5422 2271 5484 Sabbato;
2313 5425 2441 5469 tunc
2493 5428 2621 5466 vero
2673 5411 2756 5466 vel
2788 5409 3010 5464 nimium
3033 5421 3204 5475 quan-

9 5520 318 5577 Ἰουδαϊκὸν
345 5521 531 5590 Πάσχα
559 5522 702 5575 δυσὶν
725 5523 951 5594 ἡμέραις
981 5523 1401 5591 ἀποδειχθείσαις
1427 5521 1556 5571 πλεο

1674 5505 1787 5571 tum
1826 5531 1855 5569 a
1889 5521 2037 5569 recto
2083 5509 2372 5572 desciscit;
2421 5505 2691 5559 incidente
2727 5499 2868 5556 enim
2909 5500 2965 5553 in
3016 5495 3205 5554 feriam
3277 5573 3288 5583 _

64 5702 86 5731 ⁷
106 5700 252 5756 [lare
281 5717 311 5752 a
338 5697 610 5769 Scaligero‘
639 5704 984 5771 pi'retca'missa
1008 5703 1366 5771 suppleremus,
1395 5717 1504 5770 qua?
1528 5717 1548 5754 δ

1663 5699 1794 5754 notis
1817 5697 1937 5751 iisce
1969 5686 2303 5760 distracta“.
2370 5687 2389 5716 ‘
2420 5686 2456 5755 f.
2485 5683 2575 5738 καὶ
2603 5696 2788 5753 προστ.
