4046 6320
53 444 230 501 1317
328 434 331 435 ί

966 450 1183 507 ISAACI
1220 450 1516 507 MONACHI
1550 444 1920 507 COMPUTUS
1974 444 2401 527 ECCLESIAST.

3125 447 3267 502 1518

50 577 175 624 κις
227 561 293 615 ἂν
331 544 576 634 δυνηθῇς,
610 564 698 619 τὸν
751 563 843 617 τοῦ
889 566 1085 621 κύκλου
1130 570 1227 639 τῆς
1288 569 1615 630 Ἰνδικτιῶνος

1726 563 1980 617 dictionis
2022 564 2259 633 cyclum,
2302 565 2416 619 sive
2450 577 2622 618 annos
2666 578 2735 615 xv
2786 582 2798 615 :
2846 561 3108 632 quidquid
3144 564 3269 616 reli-

50 651 341 721 ἀριθμὸν,
373 653 535 732 ἡργουν
566 653 653 705 τὸν
697 662 788 706 ιε’·
822 658 912 709 καὶ
944 656 1013 710 τὰ
1058 658 1486 728 καταλειπόμενα
1528 659 1628 711 κά-

50 737 279 802 τωθεν,
308 738 340 807 ἡ
373 740 464 791 καὶ
497 740 683 809 μέχρις
708 741 884 795 αὐτῶν
915 744 1021 798 τῶν
1056 744 1138 807 ιε’,
1172 744 1315 799 ἐστιν
1355 746 1383 797 ό
1417 746 1629 799 ἐνιστά-

56 829 252 895 μένος
282 828 473 892 κύκλος
507 832 689 900 αὐτῆς.

681 946 695 965 '
706 947 1046 1018 Υπόδειγμα.

146 1050 282 1107 Οἷον
312 1056 699 1125 ὑποδείγματος
728 1059 915 1131 χάριν·
964 1063 1114 1115 Ἐπεὶ
1156 1066 1224 1117 τά
1264 1064 1371 1119 άπὸ
1401 1065 1624 1129 κτίσεως

52 1144 295 1213 κόσμου
346 1147 498 1212 εἰσὶν,
550 1147 625 1211 ὡς
658 1148 964 1220 δεδήλωται,
1007 1152 1100 1225 ἔτη
1148 1157 1643 1225 ,ς’ωπέ,λέγομεν,,

50 1235 673 1303 ὅτιίπεντεκαιδεκάκις
695 1242 762 1295 τά
806 1249 849 1295 ν’
882 1244 984 1311 iw,
1030 1246 1121 1298 καὶ
1154 1247 1623 1309 πεντεκαιδεκάκις

52 1323 149 1376 τὰ
177 1330 229 1394 η’
260 1331 364 1395 ρκ’,
413 1328 667 1399 γινόμενα
710 1332 842 1401 ὁμοῦ
875 1333 1036 1403 ,ςωο’.
1067 1336 1499 1406 Κατελείφθησαν
1524 1332 1623 1389 ’καὶ

56 1412 249 1484 μέχρι
273 1416 379 1470 τῶν
407 1427 590 1482 ,ςωπε’
630 1420 724 1491 ἐτη
749 1427 807 1473 ιε’
825 1438 839 1453 ο
876 1422 910 1475 ἃ
950 1424 1041 1477 καί
1068 1427 1203 1497 είσιν
1232 1427 1260 1479 ὁ
1281 1426 1621 1495 ἐνιστάμενος

50 1503 285 1568 κύκλος
310 1506 492 1575 αὐτῆς.
522 1509 658 1562 Ἀλλ’
672 1511 791 1562 ἐπεὶ
809 1512 1066 1583 δυσχερὴς
1082 1511 1216 1567 εἶναι
1239 1513 1383 1567 δοκεῖ
1403 1519 1513 1578 τοῖς
1545 1513 1620 1585 μὴ

50 1595 278 1651 εἰδόσιν
309 1599 559 1667 ἐντέχνως
594 1600 844 1678 ψηφίζειν
872 1605 904 1672 ἡ
932 1604 1147 1674 τοιαύτη
1174 1606 1407 1674 μέθοδος,
1434 1609 1619 1659 ἐπενο-

52 1686 184 1756 ήθη
210 1704 295 1749 τις
325 1687 453 1759 ἀλλὴ
488 1691 806 1762 σαφεστέρα,
840 1694 933 1745 καὶ
961 1696 1128 1764 ῥᾴστη
1158 1699 1267 1759 τοῖς
1290 1696 1459 1768 ταύτῃ
1478 1713 1616 1767 χρω-

56 1776 289 1844 μένοις,
320 1778 510 1847 έχουσα
539 1779 734 1842 οὕτως·

1724 668 1891 722 quum
1930 654 2034 707 erit
2072 653 2210 707 infra
2235 654 2484 709 eumdem
2516 670 2825 717 numerum,
2856 663 2949 707 aut
2976 656 3021 709 si
3057 664 3269 723 integer

1723 757 1982 797 numerus
2009 742 2126 811 ipse
2156 742 2408 797 residuus
2439 744 2530 809 sit,
2549 745 2651 799 erit
2671 759 2909 815 praesens
2940 743 3266 801 lndictionis

1726 833 1931 900 cyclus.

2333 942 2659 1011 Exemplum.

1790 1049 2029 1119 Exempli
2081 1050 2251 1121 gratia
2318 1070 2331 1104 :
2394 1050 2659 1117 Quoniam
2714 1053 2783 1106 ab
2852 1054 2982 1108 orbe
3047 1056 3263 1111 condito

1720 1148 2094 1205 numerantur,
2123 1149 2182 1194 ut
2219 1143 2330 1211 jam
2371 1143 2627 1205 diximus,
2675 1144 2799 1198 anni
2841 1144 3005 1209 6885,
3039 1148 3266 1215 quinde-

1719 1232 1832 1285 cies
1886 1234 2273 1302 quinquaginta
2324 1230 2531 1287 faciunt
2578 1234 2729 1300 750;
2775 1236 3086 1304 quindecies
3137 1240 3289 1294 item'

1720 1330 1843 1378 octo
1873 1324 2005 1377 dant
2039 1323 2177 1389 12ος
2210 1324 2344 1377 ﬁunt
2374 1325 2501 1377 anni
2544 1326 2705 1379 simul
2754 1326 2909 1381 6870.
2958 1326 3162 1385 Desunt
3194 1328 3262 1384 ad

1719 1412 2071 1481 complendas
2118 1413 2260 1469 6885
2289 1415 2413 1467 anni
2460 1415 2546 1479 15,
2597 1416 2689 1484 qui
2723 1426 2806 1472 est
2843 1432 3077 1486 praesens
3118 1421 3263 1474 lndi-

1718 1503 1920 1557 ctianis
1958 1504 2165 1573 cyclus.
2196 1503 2396 1559 Verum
2435 1506 2559 1574 quia
2592 1521 2806 1561 morosa
2842 1520 2925 1563 est
2960 1509 3259 1566 calculandi

1716 1594 1937 1647 minime
1973 1596 2161 1663 peritis
2208 1596 2312 1650 ista
2353 1596 2656 1660 methodus,
2695 1600 2995 1668 excogitata
3038 1609 3119 1656 est
3154 1602 3259 1656 alia

1716 1685 1959 1752 quaedam
1990 1688 2246 1753 apertior,
2293 1696 2347 1740 et
2385 1689 2630 1755 expedita
2663 1704 2785 1743 cum
2833 1690 3018 1759 primis
3058 1692 3126 1747 iis
3165 1694 3256 1763 qui

1716 1777 1794 1829 uti
1823 1792 1885 1831 ea
1913 1777 2183 1830 voluerint
2209 1795 2223 1842 ;
2256 1793 2377 1847 quae
2402 1780 2481 1833 sic
2516 1780 2675 1834 habet
2717 1800 2730 1834 :

147 1867 436 1938 Κράτησω
464 1868 531 1921 τά
558 1869 709 1938 ὀλίγα
734 1870 825 1942 ἔτη
848 1888 862 1902 ·
896 1872 1047 1939 ὀλίγα
1074 1873 1131 1926 δέ
1161 1872 1387 1944 λέγομεν
1420 1874 1487 1927 τά
1517 1874 1615 1928 κά-

1786 1866 1982 1935 Accipe
2025 1860 2290 1922 minorem
2337 1884 2622 1924 numerum
2663 1886 2963 1935 annorum,
3008 1872 3257 1930 videlicet

50 1957 253 2010 τωθεν
280 1957 385 2011 τῶν
420 1975 477 2010 τε
516 1958 759 2028 χιλιάδων
774 1962 883 2015 ’καὶ
912 1950 1319 2017 ἐκατοντάδωνθ
1347 1964 1511 2033 ἡγουν
1547 1965 1613 2016 τά

54 2047 139 2097 ὲκ
178 2046 417 2114 μονάδων
463 2049 555 2100 καλ¹
584 2049 837 2116 δεκάδων,
872 2051 906 2121 ἡ
938 2052 1031 2105 καὶ
1068 2053 1125 2117 ἐξ
1157 2052 1473 2123 ἀμφοτέρων
1493 2069 1615 2105 συν-

56 2136 382 2204 ιστάμενα,
435 2136 589 2191 άτινά
638 2141 741 2191 είσι
800 2140 897 2210 τὴν
949 2142 1183 2211 σήμερον
1237 2150 1338 2197 πε’.
1399 2144 1615 2205 Τούτοις

56 2224 318 2294 πρόσθες
342 2231 401 2289 ε’,
444 2227 535 2278 καὶ
583 2227 814 2294 γίνονται
844 2233 912 2293 ιιν.
945 2229 1140 2295 Ἀφελε
1167 2228 1274 2280 ἀπὸ
1302 2229 1504 2283 τούτων
1546 2230 1616 2282 τά

62 2318 138 2363 ιε’
160 2352 176 2375 ,
208 2313 392 2375 ὁσάκις
428 2315 675 2384 ἐγχωρεῖ,
721 2313 914 2369 εἰπών’
964 2316 1437 2381 Πεντεκαιδεκάκις
1464 2319 1533 2371 τά
1574 2326 1614 2371 ε’

55 2408 147 2454 σε’
169 2420 183 2431 ·
217 2402 634 2473 κατελείφθησαν
660 2404 816 2475 μέχρι
836 2404 942 2458 τῶν
970 2409 1019 2471 Ι-,’
1046 2406 1139 2459 καὶ
1164 2413 1224 2459 ιε’
1243 2424 1256 2437 ·
1281 2407 1435 2462 ἅτινά
1458 2411 1612 2475 εἰσιν,

58 2494 155 2556 ὡς
188 2494 441 2564 ἀνωτέρω
470 2494 773 2565 δεδήλωται,
824 2496 852 2547 ὁ
887 2497 1228 2567 ἐνιστάμενος
1276 2499 1467 2563 κύκλος
1514 2500 1615 2569 τῆς

73 2583 375 2636 Ἰνδίκτου·
411 2584 588 2649 ὅντινα
626 2586 718 2638 καὶ
753 2586 997 2657 εὑρήσεις
1034 2586 1285 2657 ἀσφαλῶς
1316 2592 1432 2652 ταῖς
1463 2591 1612 2661 είρη-

64 2674 274 2744 μέναις
299 2673 571 2745 χρώμενος
592 2675 813 2742 ἐφόδοις,
841 2675 1071 2746 ὁποτέρᾳ
1103 2674 1283 2747 βούλῃ.

188 2804 327 2872 Περὶ
355 2803 462 2873 τῆς
487 2803 771 2872 εὑρέσεως
798 2804 901 2858 τοῦ
933 2804 1158 2858 κύκλου
1184 2803 1288 2857 τοῦ
1314 2805 1507 2871 ἡλίου.

148 2920 227 2971 B'.
261 2920 321 2971 Ὃ
335 2918 390 2972 δέ
430 2936 491 2986 γε
518 2918 607 2972 τοῦ
636 2917 781 2988 ἡλίου
805 2918 995 2981 κύκλος
1019 2917 1239 2988 ἄρχεται
1270 2918 1367 2988 μὲν
1393 2916 1499 2970 ἀπὸ
1514 2917 1613 2986 τῆς

65 3016 118 3061 α’
147 3009 243 3061 τοῦ
290 3008 606 3081 Ὀκτωΰρίου
648 3009 831 3078 μηνὸς,
872 3008 1150 3079 ἀνέρχεται
1176 3009 1231 3061 δὲ
1267 3009 1369 3072 ἓως
1396 3010 1614 3080 χρόνους

61 3097 186 3167 κη’,
220 3098 312 3149 καὶ
358 3094 511 3159 αὖθις
551 3097 808 3167 λαμὸάνει
848 3098 944 3169 τὴν
976 3099 1163 3169 ἀρχήν.
1209 3099 1272 3151 Ei
1312 3094 1402 3151 οὖν
1444 3099 1613 3160 θέλεις

1712 1970 1836 2009 eum
1876 1958 1971 2024 qui
2008 1957 2148 2010 infra
2184 1958 2515 2014 millenarias
2536 1968 2591 2013 et
2626 1963 2960 2017 centenarias
2982 1966 3253 2033 excurrit;

1713 2039 1815 2093 hac
1837 2048 1920 2095 est
1950 2044 2043 2111 qui
2077 2059 2143 2097 ex
2184 2045 2481 2101 unitatibus
2511 2055 2565 2101 et
2589 2046 2897 2109 decadibus,
2936 2053 3019 2105 vel
3046 2068 3110 2106 ex
3136 2069 3253 2107 am-

1712 2127 1885 2181 bobus
1928 2137 2166 2194 constat,
2206 2132 2512 2199 cujusmodi
2550 2134 2708 2189 hodie
2739 2144 2820 2191 est
2848 2138 2935 2191 85.
2982 2139 3065 2192 Ad
3110 2140 3253 2196 hunc

1713 2219 1848 2273 adde
1887 2218 1921 2271 5
1959 2234 1972 2269 :
2021 2220 2154 2273 ﬁunt
2193 2221 2279 2275 90.
2311 2221 2541 2279 Detrahe
2585 2226 2668 2287 15,
2713 2228 2888 2297 quoad
2935 2237 3107 2299 potes,
3148 2231 3252 2285 hoc

1713 2309 1871 2363 modo
1922 2326 1935 2360 :
1981 2310 2296 2375 quindecies
2348 2314 2588 2384 quinque
2635 2316 2766 2369 dant
2814 2318 2900 2382 75,
2945 2310 3148 2373 restant
3186 2320 3253 2375 15

1711 2397 1789 2451 ad
1814 2399 2162 2468 complendas
2201 2399 2290 2455 90.
2337 2401 2437 2457 Hic
2462 2406 2564 2459 erit
2607 2406 2791 2477 cyclus
2823 2422 3064 2476 praesens
3104 2408 3249 2463 Indi-

1710 2488 1906 2542 ctionis
1947 2506 1963 2542 :
1995 2506 2155 2559 quem
2194 2500 2423 2563 utraque
2453 2497 2723 2565 methoda,
2759 2506 2921 2566 prout
2942 2499 3115 2554 visum
3146 2501 3250 2554 erit

1710 2586 1915 2641 exacte,
1951 2582 2209 2649 reperies.

1927 2753 2551 2864 QuamodJittivnieudus
2578 2802 2647 2854 sit
2677 2801 2802 2855 solis
2830 2801 3021 2870 cyclus.

1778 2911 1843 2967 li.
1881 2912 2080 2983 Cyclus
2127 2913 2260 2968 solis
2309 2928 2341 2967 a
2366 2913 2617 2968 Kalendis
2658 2912 2907 2969 Octobris
2944 2912 3246 2980 inchoatur,

1713 3011 1768 3055 et
1818 3002 1885 3055 ad
1928 3017 2100 3057 annos
2137 3016 2308 3057 xxvm
2356 3003 2712 3073 progreditur,
2752 3001 2896 3056 unde
2935 3016 3123 3057 rursus
3150 3019 3249 3057 no-

1710 3108 1836 3145 vum
1884 3093 2029 3162 capit
2083 3093 2321 3146 initium.
2367 3092 2521 3146 Hunc
2549 3108 2678 3163 ergo
2713 3094 2955 3163 reperire
2986 3093 3032 3148 si
3065 3094 3244 3148 volue-

67 3188 174 3241 καὶ
197 3186 379 3239 τοῦτον
403 3188 595 3257 εὑρεῖν,
623 3186 751 3238 λάόε
778 3186 846 3240 τά
880 3187 986 3240 ἀπὸ
1016 3188 1241 3251 κτίσεως
1262 3187 1463 3257 κόσμου
1496 3187 1610 3258 ἐτη,

1720 3183 1821 3250 ris,
1853 3184 2036 3252 accipe
2063 3197 2233 3237 annos
2272 3182 2341 3237 ab
2378 3183 2507 3237 orbe
2541 3183 2779 3247 condito,
2820 3192 2999 3239 et‘eos
3048 3185 3249 3253 partire

68 3282 175 3331 καὶ
203 3279 421 3347 μέρισον
463 3277 597 3331 αὐτὰ
630 3278 778 3347 παρά
803 3278 893 3330 τὸν
917 3279 1143 3349 ἀριθμὸν
1165 3279 1273 3333 τῶν
1300 3277 1485 3331 τούτου
1514 3277 1613 3330 κύ·

65 3369 246 3431 κλων,
293 3369 453 3436 ἡγουν
495 3368 597 3419 τῶν
636 3374 723 3436 κη’
740 3384 755 3397 ·
804 3367 874 3420 τὰ
917 3369 1340 3437 καταλειπόμενα
1376 3366 1615 3421 κάτωθεν

67 3459 187 3510 τῶν
254 3464 357 3526 κη’,
403 3456 437 3524 ἧ
493 3457 585 3509 καὶ
631 3458 733 3520 ἓως
791 3456 1000 3522 αὐτῶν,
1055 3456 1197 3509 ἐστιν
1244 3457 1273 3507 ὁ
1318 3455 1411 3508 τοῦ
1464 3455 1612 3524 ἡλίου

68 3544 313 3610 κύκλος.

685 3658 1024 3727 Υπόδειγμα.

182 3787 273 3823 ινα
324 3770 380 3823 δὲ
431 3769 702 3824 κάνταῦθα
748 3771 1071 3839 σαφέστερον
1115 3768 1145 3821 ὃ
1185 3770 1326 3837 λέγω
1368 3768 1609 3838 γένηται,

72 3859 338 3927 λαμϐάνω
370 3860 440 3913 τά
469 3861 726 3929 εἰρημένα
773 3859 865 3929 ἐτη
917 3859 985 3911 τὰ
1012 3858 1225 3929 gum“
1274 3859 1367 3911 καὶ
1414 3855 1613 3927 μερίζω

71 3950 256 4001 ταῦτα
298 3950 443 4018 παρά
472 3950 577 4000 τῶν
630 3955 712 4017 κη’
736 3947 903 4009 οὕτως
925 3963 941 3979 ⁸
988 3949 1425 4008 Ὀκτωεικοσάκις
1470 3946 1537 4000 τὰ
1568 3953 1612 3999 σθ

77 4048 170 4109 ,εχ’
196 4055 208 4067 ·
248 4039 656 4101 ὀκτωεικοσάκις
685 4038 750 4091 τὰ
786 4045 836 4106 μ’
881 4045 1010 4108 ,αρκ’
1030 4053 1043 4065 '
1088 4039 1179 4091 καὶ
1205 4038 1613 4099 ὀκτωεικοσάκις

74 4133 146 4184 τὰ
196 4137 239 4183 ε’
290 4137 405 4200 pit"
452 4130 706 4199 γινόμενα
748 4126 879 4196 ὁμοῦ
910 4126 1072 4197 ,ςωξη
1123 4125 1455 4193 Κατελείφθη
1508 4124 1613 4185 ἓως

74 4218 189 4270 τῶν
226 4224 306 4269 πε¹
334 4218 425 4270 καὶ
460 4217 553 4287 ἐτη
590 4223 665 4269 κε’
686 4234 698 4245 ο
734 4214 891 4268 ἅτινά
922 4216 1054 4267 εἰσιν
1084 4216 1113 4267 ό
1154 4213 1293 4266 κατά
1336 4214 1396 4265 τὺ
1444 4213 1611 4283 παρὸν

76 4306 199 4369 ἔτος
228 4307 565 4376 ἐνιστάμενος
592 4304 783 4367 κύκλος
809 4303 904 4356 τοῦ
931 4304 1080 4374 ἡλίου
1109 4302 1345 4365 εἰκοστὸς
1371 4302 1611 4371 πέμπτος

77 4412 377 4463 τυγχάνων.

1702 3286 1807 3345 per
1851 3272 1953 3335 28,
2003 3273 2095 3341 qui
2156 3280 2240 3326 est
2287 3286 2545 3326 numerus
2596 3273 2867 3341 cyclorum
2949 3273 3246 3351 salarium;

1709 3361 1968 3431 quidquid
1994 3361 2262 3415 reliquum
2284 3363 2386 3415 erit
2409 3376 2515 3414 non
2544 3362 2718 3430 majus
2746 3376 2905 3430 quam
2927 3360 3017 3425 28,
3039 3362 3127 3415 hic
3144 3363 3247 3417 erit

1711 3452 1841 3506 solis
1866 3451 2070 3521 cyclus.

2310 3644 2642 3713 Exemplum.

1778 3752 1849 3807 Ut
1889 3763 2067 3808 autem
2116 3754 2317 3809 clarius
2370 3756 2442 3809 sit
2490 3756 2631 3824 quod
2679 3755 2821 3820 dico,
2874 3772 3029 3813 sumo
3073 3771 3246 3812 annos

1710 3843 1913 3907 mundi,
1942 3858 2080 3912 quos
2104 3842 2238 3907 dixi,
2277 3843 2436 3907 6885,
2479 3860 2679 3914 easque
2716 3846 2895 3900 divido
2929 3846 3112 3915 per28
3144 3849 3247 3901 hoc

1708 3932 1869 3986 modo
1926 3952 1939 3985 :
1999 3931 2180 3986 Vicies
2238 3934 2407 3987 octies
2454 3932 2557 3988 200
2612 3932 2816 3987 faciunt
2861 3934 3038 4001 560D;
3081 3936 3244 3990 vicies

1708 4024 1877 4077 octies
1920 4022 2009 4086 40,
2060 4025 2191 4077 dant
2240 4022 2415 4089 H20;
2462 4024 2629 4083 vicies
2669 4026 2839 4078 octies
2875 4026 2909 4077 5
2948 4035 3074 4079 sunt
3119 4026 3242 4080 140.

1711 4111 1929 4166 Summa
1965 4112 2103 4167 6860
2124 4151 2140 4177 ,
2170 4112 2361 4182 reliqui
2397 4121 2523 4167 sunt
2570 4113 2635 4166 ad
2684 4114 2973 4181 explendas
3004 4114 3073 4167 85
3106 4115 3239 4168 anni

1707 4203 1795 4267 25,
1829 4205 1921 4272 qui
1948 4212 2031 4259 est
2054 4204 2179 4257 anni
2207 4204 2489 4273 praesentis
2517 4202 2707 4257 solaris
2737 4206 2920 4259 cvclus
2946 4204 3036 4258 25.

161 4458 314 4536 ibim).
351 4484 406 4535 δὲ
442 4484 501 4534 οὐ
535 4482 688 4551 μόνον
719 4483 828 4544 τοῖς
862 4482 983 4551 ἄρτι
1018 4480 1345 4548 μαθημάτων
1376 4476 1611 4545 ἁπτομέ-

1776 4458 2127 4532 Et‘quoniam
2172 4479 2281 4518 non
2329 4469 2501 4517 solum
2532 4458 2815 4533 tyronihus
2844 4465 2977 4519 artis
3016 4464 3241 4532 cujusli-

78 4593 212 4637 νοις,
244 4574 376 4627 ἀλλά
406 4575 500 4625 καὶ
526 4573 731 4633 πολλοῖς
755 4570 859 4622 τῶν
890 4569 1265 4638 ἐντελεστέρων
1287 4564 1613 4637 αἱρετώτερά

80 4670 186 4718 εἰσι
222 4666 291 4717 τά
340 4664 672 4733 σαφέστερα,
710 4662 785 4723 ὠς
829 4660 1224 4729 εὐληπτότερα’
1271 4656 1611 4723 ὑποδείξομεν

80 4752 355 4806 κάνταῦθα
384 4752 479 4821 τὴν
510 4749 836 4818 σαφεστέραν
863 4748 977 4800 ὁδὸν
1005 4747 1224 4815 ἔχουσαν
1259 4744 1444 4805 οὕτως*
1489 4744 1612 4803 Τοῖς

81 4843 280 4909 ὀλίγοις
318 4841 511 4902 ἐτεσιν,
556 4839 709 4891 ἅτινά
744 4840 878 4889 εἰσιν
924 4834 1042 4905 ἄρτι
1084 4842 1184 4895 πᾶν,
1222 4832 1612 4903 προστιθέαμεν

83 4934 156 4984 κδ’
178 4952 191 4965 ο
224 4934 315 4984 καὶ
356 4931 588 4996 γίνονται
639 4928 744 4998 ρθ¹·
776 4927 942 4979 ταῦτα
990 4924 1269 4992 ύφείλομεν
1314 4920 1462 4989 παρά
1506 4919 1611 4971 τῶν

84 5032 205 5092 κη’,
259 5023 530 5089 λέγοντες·
594 5011 1031 5077 Ὀκτωεικοσάκις
1088 5015 1157 5065 τά
1196 5019 1250 5080 γ’
1306 5011 1385 5063 ’κδ’
1405 5027 1417 5039 ·
1484 5027 1613 5062 κατ-

85 5112 399 5181 ελείφθησαν
451 5109 607 5179 μέχρι
654 5107 759 5162 τῶν
807 5108 881 5177 ρθ1
928 5105 1020 5156 καὶ
1076 5110 1181 5156 κε’-
1213 5103 1286 5163 ὡς
1348 5096 1481 5152 εἶναι
1523 5100 1611 5151 τὸν

86 5204 420 5271 ἐνιστάμενον
447 5200 641 5254 κύκλον
672 5204 768 5261 κε’,
795 5198 869 5258 ὡς
896 5192 1304 5266 προδεδήλωται.
1390 5228 1393 5229 ν

90 5416 281 5481 Ὅπως
308 5415 401 5468 δεῖ
437 5376 735 5481 εὑρίσκειν
776 5408 1049 5481 ἑκάστου.
1075 5404 1263 5473 μηνὸς
1293 5402 1516 5481 ἡμέραν
1545 5402 1613 5453 ἐν

254 5471 394 5549 Ξτοιᾳ
430 5471 547 5534 τῶν
580 5479 621 5539 ζ’
662 5480 768 5549 τῆς
806 5471 1122 5544 ἑϐδομάδος
1148 5471 1439 5541 τυγχάνει.

154 5656 223 5710 I".
265 5653 475 5708 Κείσθω
501 5669 580 5705 σοι
608 5651 664 5702 δὲ
703 5650 793 5702 καὶ
819 5649 971 5700 τοῦτο
999 5648 1055 5697 ἐν
1092 5643 1303 5711 γνώσει,
1332 5642 1426 5702 ὡς,
1456 5640 1521 5707 ἢν
1548 5638 1613 5689 ἂν

91 5746 292 5818 ἡμέραν
325 5744 429 5799 τῶν
473 5741 563 5797 τοῦ
591 5742 711 5795 ὅλου
756 5738 997 5794 ἐνιαυτοῦ
1052 5737 1115 5805 ιβ’
1162 5725 1342 5804 μῆνῶν
1388 5730 1615 5799 ἐθελήσῃ

1710 4558 1819 4619 bet,
1852 4554 1947 4609 sed
1991 4569 2181 4608 corum
2224 4556 2494 4624 plerisque
2546 4556 2637 4623 qui
2690 4556 2743 4607 in
2786 4569 2847 4608 ea
2896 4554 3244 4622 perfectiores

1711 4654 1856 4707 sunt,
1904 4646 2227 4713 iucundiora
2285 4648 2459 4699 solent
2500 4662 2620 4699 esse
2668 4660 2785 4713 quae
2834 4652 2959 4699 sunt
2992 4646 3241 4709 clariora,

1710 4738 1852 4806 quod
1885 4736 2102 4791 facili-us
2134 4738 2413 4805 capiantur
2446 4756 2458 4790 :
2498 4752 2597 4789 nos
2639 4736 3023 4803 expeditiorem
3055 4752 3244 4805 quam-

1709 4829 1831 4881 dam
1873 4828 2016 4879 viam
2056 4826 2145 4879 hic
2191 4827 2515 4895 aperiemus,
2551 4842 2670 4893 qum
2700 4832 2783 4879 est
2813 4826 3098 4894 ejusmodi.
3148 4827 3245 4878 Mi-

1708 4915 1827 4968 nori
1866 4929 2129 4967 annorum
2178 4930 2423 4977 numero,
2470 4914 2563 4981 qui
2609 4922 2691 4966 est
2736 4914 2823 4974 85,
2870 4913 3117 4967 addimus
3152 4915 3241 4977 24,

1712 5002 1843 5054 ﬁunt
1872 5001 1970 5055 109
2001 5021 2013 5054 :
2048 5004 2157 5055 hzec
2185 5016 2280 5069 per
2298 5001 2367 5053 28
2399 5001 2711 5059 dividimus,
2745 5001 2925 5066 itaque
2953 5000 3245 5053 ratiocina-

1711 5108 1828 5145 mur
1884 5109 1895 5141 :
1941 5092 2106 5145 vicies
2162 5092 2329 5145 octies
2368 5092 2401 5143 '5
2451 5101 2577 5143 sunt
2626 5091 2712 5142 84.
2764 5090 2985 5142 Restant
3027 5090 3093 5142 ad
3143 5090 3263 5148 109.

1711 5183 2080 5251 complendas,
2132 5182 2223 5245 25,
2266 5182 2358 5251 qui
2407 5192 2491 5235 est
2548 5184 2729 5250 cyclus
2768 5195 3005 5248 praesens
3051 5180 3141 5243 25,
3185 5189 3243 5232 ut

1707 5275 1816 5342 jam
1847 5271 2205 5325 ostendimus.

1711 5385 1873 5454 208
1899 5383 2015 5448 Qua
2052 5384 2254 5435 ratione
2292 5378 2758 5454 proposita-quouis.
2794 5377 2985 5454 mensis
3020 5374 3243 5454 alicuius

1781 5442 1938 5514 HE:
1962 5442 2303 5521 cognoscatur
2344 5442 2509 5517 'quam
2566 5442 2617 5499 iit
2680 5444 3009 5498 hebdomadis
3061 5442 3245 5507 feriam

1783 5524 2034 5573 incurrat.

1779 5632 1863 5684 Ill.
1900 5631 2121 5684 Noveris
2143 5642 2516 5698 quamcunque
2544 5622 2771 5679 diem'in
2798 5619 3080 5675 duodecim
3118 5619 3245 5671 anni
3300 5626 3303 5629 ‘

1714 5723 1988 5779 mensibus
2028 5728 2279 5775 accurate
2307 5720 2430 5788 quis
2463 5729 2788 5787 cognoscere
2814 5712 2963 5777 velit,
3006 5710 3060 5764 in
3088 5722 3248 5783 quam
