4046 6320
718 445 852 500 1319

1687 444 1806 497 ἈΒ
1844 443 2105 498 EUSEBH
2147 443 2534 500 CHRONICON
2581 443 2934 498 APPENDIX.

3781 439 3912 498 {539

717 560 1063 616 hebdomadis
1110 558 1296 615 feriam
1347 559 1568 622 incidat,
1613 561 1679 614 ad
1725 562 1827 616 hoc
1873 563 2246 616 extricandum

2357 543 2430 625 τις
2465 563 2704 632 ἀκριϐῶς
2747 563 3036 614 εἰδέναιὲν
3067 559 3198 630 ποίᾳ
3241 558 3351 612 τῶν
3401 560 3444 623 ζ’
3477 559 3578 628 τῆς
3621 559 3910 629 ἑϐδομάδος

717 651 972 704 utendum
1008 651 1084 704 illi
1124 665 1246 706 esse
1289 651 1442 721 cyclo
1487 653 1636 714 solis,
1671 661 1723 707 et
1759 655 2181 722 congruentibus
2208 659 2257 710 ei

717 744 957 801 bisextis.
1016 758 1222 797 necnon
1268 743 1468 812 epactis
1517 746 1798 798 mensium.
1845 747 2135 802 Sciendum
2176 755 2258 802 est

695 825 881 900 ’igitur
915 831 1192 886 bisextiles
1224 834 1278 886 in
1321 849 1426 888 uno
1471 835 1620 903 cyelo
1667 835 1797 890 solis
1844 853 1964 892 esse
2009 845 2256 906 septem;

719 935 842 982 nam
879 929 1068 988 quater
1107 929 1323 990 septena
1353 922 1552 976 faciunt
1581 924 1668 976 28.
1701 923 1912 978 Etenim
1951 927 2007 980 in
2033 941 2175 978 anno
2209 942 2260 978 tv

719 1007 833 1060 dies
879 1024 1021 1062 unus
1065 1011 1386 1079 colligitur:
1422 1027 1582 1080 porro
1617 1013 1886 1066 mensium
1931 1021 2156 1082 epactm,
2213 1013 2259 1069 si

721 1099 910 1154 dicbus
955 1109 1197 1154 constent
1245 1117 1392 1164 xxxi,
1447 1111 1572 1158 sunt
1620 1103 1699 1166 '5;
1757 1104 1840 1156 sin
1901 1119 2004 1156 xxx
2053 1111 2262 1158 tantum

721 1189 970 1252 habeant,
1001 1201 1124 1244 sunt
1145 1190 1198 1244 2.
1229 1190 1499 1260 Incipiunt
1529 1201 1708 1246 autem
1751 1194 1817 1246 ab
1840 1191 2084 1258 Octobri,
2119 1193 2262 1248 unde

720 1290 775 1334 et
829 1283 1012 1349 cyclus
1068 1282 1198 1335 solis
1249 1283 1557 1338 inchoatur.
1607 1282 1774 1352 Igitur
1823 1294 2042 1353 epactas
2101 1285 2262 1338 habet

701 1370 952 1440 .October
978 1372 1028 1434 5,
1061 1371 1359 1426 November
1390 1373 1444 1438 2,
1481 1373 1778 1426 December
1799 1373 1852 1437 5,
1885 1373 2170 1430 Januarius
2205 1377 2258 1438 3,

723 1459 946 1514 Martius
973 1463 1025 1523 5,
1057 1463 1254 1530 Aprilis
1282 1462 1338 1524 2,
1379 1463 1554 1517 Maius
1601 1463 1653 1526 5,
1699 1461 1892 1518 Junius
1921 1463 1974 1525 2,
2007 1463 2177 1519 Julius
2206 1466 2258 1528 5,

723 1551 994 1620 Augustus
1039 1553 1162 1605 item
1210 1553 1264 1614 5,
1303 1551 1616 1619 September
1655 1552 1710 1604 2.
1752 1549 2032 1622 Proposita
2083 1556 2262 1624 itaque

725 1641 964 1710 qualibet
1013 1641 1214 1694 mensis
1265 1639 1386 1702 die,
1443 1657 1600 1708 quam
1651 1641 1890 1696 invenire
1941 1643 2113 1712 placet
2161 1645 2256 1714 (sit

722 1737 898 1784 autem
927 1729 1152 1797 exempli
1175 1729 1344 1797 gratia
1365 1745 1488 1782 nix
1518 1729 1691 1784 Martii
1717 1731 1831 1786 dies
1851 1733 2013 1802 hujus
2035 1735 2183 1798 anni,
2207 1737 2262 1789 in

723 1836 882 1888 quam
908 1819 1336 1872 Christianorum
1365 1819 1760 1874 sanctissimum
1783 1819 1988 1876 Pascha
2017 1824 2258 1894 incidet),

725 1909 792 1962 ad
823 1909 966 1960 hunc
989 1907 1201 1960 modum
1225 1907 1520 1960 invenietur
1544 1926 1556 1960 :

2357 653 2576 723 ἡμερῶν
2627 651 2896 721 τυγχάνει,
2951 649 3027 720 τῷ
3077 647 3171 702 τοῦ
3217 647 3368 718 ἡλίου
3421 648 3604 718 κύκλῳ
3659 651 3756 702 καὶ
3805 652 3910 710 τάξ

2358 743 2635 812 ἑπομένοις
2670 743 2814 812 αὑτῴ
2853 741 3126 810 βισέξτοις,
3161 741 3240 794 ἔτι
3277 742 3333 793 δὲ
3373 741 3462 792 καὶ
3491 743 3612 802 ταῖς
3645 743 3908 802 saturni;

2357 833 2464 884 τῶν
2499 833 2679 903 μηνῶν
2711 831 2839 902 πρὸς
2871 831 2967 901 τὴν
2997 833 3196 901 ταύτης
3243 831 3452 901 εὕρεσιν
3485 833 3788 900 χρήσεται.
3825 829 3904 878 ss

2358 922 2640 992 γινώσκειν
2673 938 2730 974 σε
2763 921 2888 991 χρὴ,
2935 922 3008 984 ὡς
3055 921 3268 991 βίσεξτα
3301 923 3398 992 μὲν
3429 921 3470 951 ¹¹
3501 922 3590 974 τὸν
3613 919 3702 972 τοῦ
3759 919 3900 986 ἠλέει

2359 1017 2550 1068 κύκλον
2596 1019 2727 1069 εἰσὶν
2759 1015 2836 1078 ζ’·
2881 1015 3127 1085 τετράκις
3173 1015 3280 1084 γὰρ
3323 1014 3390 1066 τὰ
3421 1015 3464 1076 ζ’
3492 1019 3611 1081 κη’·
3643 1011 3788 1064 κατὰ
3825 1027 3902 1062 τε·

2357 1103 2551 1174 τάρτου
2591 1102 2698 1172 γὰρ
2727 1101 2915 1172 χρόνον
2952 1103 3234 1170 συνάγεται
3265 1103 3352 1153 ἓν·
3395 1103 3446 1153 αἱ
3495 1101 3550 1152 δὲ
3583 1100 3694 1151 τῶν
3721 1099 3900 1168 μηνιέν

2360 1193 2588 1245 ὲπακταὶ
2626 1192 2731 1244 τῶν
2781 1191 2874 1261 μὲν
2911 1191 3136 1262 ἐχόντων
3187 1191 3290 1246 ἀνὰ
3337 1191 3414 1242 λα’
3441 1191 3654 1260 ἡμέρας
3699 1191 3808 1242 εἰσὶ
3835 1197 3896 1256 γ’,

2359 1284 2465 1336 τῶν
2509 1283 2563 1336 δὲ
2610 1283 2712 1337 ἀνὰ
2743 1281 2784 1336 λ’
2835 1282 2896 1352 β’.
2935 1267 3220 1354 Ἀρχονται
3257 1282 3385 1350 γοῦν
3419 1283 3524 1333 ἀπὸ
3563 1280 3660 1333 τοῦ
3703 1281 3896 1331 Ὀκτω-

2361 1373 2508 1442 ϐρίου
2552 1375 2734 1444 μηνὸς,
2763 1375 2854 1442 ἀφ’
2885 1367 2944 1428 οὗ
2987 1375 3077 1426 καὶ
3125 1375 3151 1424 ὁ
3195 1371 3287 1424 τοῦ
3332 1372 3478 1441 ἡλίου
3513 1359 3708 1430 κύκλος
3745 1373 3896 1438 ἆρχε-

2358 1483 2466 1518 ται.
2495 1467 2601 1519 Καί
2633 1469 2733 1518 εἰσι
2773 1465 2864 1518 τοῦ
2906 1465 3230 1534 Ὀκτωϐρίου
3265 1469 3333 1531 γ’,
3363 1463 3454 1514 τοὺ
3504 1461 3808 1529 Νοεμϐρίου
3837 1461 3894 1530 ῥ’,

2359 1557 2450 1608 τοῦ
2480 1556 2807 1626 Δεκεμὸρίου
2836 1563 2902 1624 γ’,
2932 1555 3022 1608 τοῦ
3067 1555 3389 1626 Ἰανουαρίου
3419 1561 3487 1622 γ’,
3524 1551 3618 1604 τοῦ
3665 1553 3896 1621 Massica

2361 1653 2431 1714 γ’,
2458 1646 2549 1712 τοῦ
2597 1648 2865 1720 ’Δπριλίου
2897 1646 2960 1716 β’,
2981 1645 3078 1699 τοῦ
3123 1647 3297 1700 Μαΐου
3333 1651 3399 1713 γ’,
3431 1643 3526 1698 τοῦ
3583 1643 3794 1696 Ἰουνίου
3835 1642 3894 1710 β’,

2360 1737 2452 1789 τοῦ
2496 1737 2712 1790 Ἰουλίου
2748 1744 2816 1803 γ’,
2847 1735 3058 1789 καὶτοῦ
3099 1734 3405 1801 Αὐγούστου
3442 1741 3512 1801 γ’,
3549 1733 3644 1786 καὶ
3681 1732 3768 1784 τοῦ
3813 1732 3898 1782 Σε-

2361 1827 2654 1896 πτεμϐρίου
2673 1825 2735 1894 β’.
2755 1827 2816 1878 Εἰ
2843 1823 2934 1880 οὖν
2971 1825 3142 1895 βούλει
3165 1826 3550 1896 ὁποιανδήποτε
3581 1823 3748 1893 μηνὸς
3773 1823 3898 1890 ἠρέ-

2291 1904 2338 1962 Β
2368 1933 2466 1986 ραν
2493 1917 2669 1986 εὑρεῖν
2721 1915 2936 1984 (κείσθω
2979 1915 3034 1967 δὲ
3081 1915 3238 1984 χάριν
3265 1915 3652 1984 ὑποδείγματος
3691 1915 3726 1982 ἡ
3769 1913 3898 1964 mi

725 2003 784 2054 τὸ
826 2001 1164 2070 ἐνιστάμενον
1199 2001 1290 2054 νῦν
1321 2001 1436 2064 ἔτος
1476 2002 1554 2055 κθ⁹
1587 2002 1678 2056 τοῦ
1717 2005 1958 2074 Μαρτίου
1989 2007 2172 2076 μηνὸς,
2204 2009 2260 2062 ὲν
2298 2003 2450 2081 ᾖκαὶ
2477 2011 2536 2062 τὸ
2573 2011 2721 2078 ἅγιον
2764 2009 2915 2080 ἡμῶν
2965 2008 3070 2062 τῶν
3111 2009 3444 2078 Χριστιανῶν
3483 2009 3678 2076 Πάσχα
3729 2005 3896 2074 ἔσται]

727 2093 1067 2165 εὑρεθήσεται
1098 2091 1284 2156 οὑτωςδ

791 2185 952 2238 Sume
981 2185 1242 2238 labentem
1269 2185 1400 2240 solis
1426 2186 1657 2256 cyclum,
1697 2187 1788 2256 qui
1815 2195 1898 2242 est
1915 2191 2005 2252 25,
2041 2205 2264 2260 ejusque

724 2275 1001 2330 bisextiles
1031 2275 1064 2328 6
1091 2293 1104 2340 ;
1137 2289 1259 2326 nam
1287 2284 1476 2342 quater
1517 2292 1612 2329 sex
1641 2277 1877 2330 etIiciunt
1902 2279 1992 2332 24.
2031 2279 2262 2333 Summa:

725 2366 967 2420 omnium
1013 2365 1074 2418 3i
1129 2363 1267 2418 adde
1313 2365 1575 2418 mensium
1615 2375 1852 2434 epactas,
1891 2383 2080 2437 nempe
2107 2367 2268 2422 Octo-

725 2455 860 2515 bris,
901 2448 1240 2518 Novembris,
1267 2453 1572 2507 Decembris
1613 2462 1664 2507 et
1695 2453 1940 2509 Januarii
1971 2475 1986 2524 ;
2019 2457 2134 2512 dies
2162 2476 2266 2512 un-

729 2547 923 2604 decim,
967 2543 1098 2596 liunt
1131 2543 1222 2596 42.
1281 2543 1524 2611 Adjunge
1573 2541 1748 2596 Martii
1791 2546 1860 2599 29
1927 2548 2061 2612 dies,
2113 2550 2270 2618 cujus

731 2635 914 2688 feriam
940 2634 1184 2702 inquiris,
1215 2633 1502 2700 coniiciunt
1537 2633 1622 2698 7|,
1653 2649 1770 2704 qua:
1793 2651 1886 2704 per
1926 2637 1955 2688 7
1983 2639 2268 2692 hebdoma-

729 2729 814 2786 dis
861 2729 1056 2796 partire
1095 2729 1209 2783 dies
1249 2729 1304 2782 in
1354 2729 1495 2782 hunc
1543 2731 1758 2783 modum
1797 2746 1810 2779 :
1847 2729 2030 2784 Decies
2075 2729 2105 2782 7
2145 2737 2269 2784 sunt

729 2819 837 2886 70;
872 2827 1038 2873 restat
1065 2818 1116 2878 1,
1139 2833 1256 2887 quae
1279 2826 1362 2871 est
1393 2817 1746 2872 hebdomadis
1779 2819 1950 2886 prima
1982 2818 2130 2878 feria,
2159 2819 2270 2870 sive

729 2910 1042 2972 Dominica,
1089 2909 1140 2961 in
1183 2923 1342 2976 quam
1397 2900 1570 2960 Martii
1615 2907 1704 2968 29,
1754 2924 1912 2976 quam
1957 2910 2268 2976 qumrimus,

637 3041 642 3050 τ
733 2999 942 3054 incidit.
972 2997 1127 3062 Quod
1163 2997 1206 3049 si
1240 2997 1294 3048 in
1347 2997 1449 3048 alia
1493 2998 1786 3063 quaestione
1825 2997 2260 3064 collectionequc,

733 3097 857 3158 post
905 3089 1224 3156 divisionem
1256 3101 1350 3156 per
1379 3087 1432 3149 7,
1463 3086 1585 3148 duo,
1616 3095 1792 3140 tresve
1833 3088 1968 3146 dies,
2001 3095 2092 3139 aut
2134 3101 2262 3154 qua-

2433 2193 2576 2268 Λέιϐε
2627 2211 2714 2262 μοι
2763 2192 2852 2246 τὸν
2881 2192 3221 2262 ἐνιστάμενον
3270 2191 3465 2242 κύκλον
3509 2190 3602 2241 τοῦ
3641 2191 3792 2259 ἡλίου
3829 2191 3896 2242 κε’

2366 2281 2713 2350 τυγχάνοντα,
2742 2281 2834 2334 καὶ
2864 2279 2930 2332 τὰ
2973 2277 3157 2332 τούτου
3189 2278 3439 2346 τέταρτα,
3473 2277 3638 2344 ῆγουν
3671 2275 3896 2343 βξςινεξτςτειι

2367 2373 2521 2424 ἅτινά
2553 2373 2688 2424 εἰσιν
2719 2379 2790 2436 ς’.
2835 2371 3096 2441 Τετρὰκις
3129 2367 3236 2438 γὰρ
3278 2366 3328 2432 ς’
3359 2364 3434 2419 κδ’
3442 2409 3454 2420 .
3500 2364 3726 2426 Τούτοις
3751 2365 3898 2430 γεγέο

2367 2479 2518 2514 νασιν
2543 2465 2583 2493 ¹²
2614 2463 2692 2515 λα’
2725 2461 2953 2532 πρόσθες
2985 2461 3081 2522 τὰς
3107 2459 3213 2511 τῶν
3239 2457 3420 2528 μηνῶν
3451 2455 3718 2516 ἐπακτὰς,
3749 2455 3896 2522 ἡγονν

2366 2551 2458 2604 τοῦ
2515 2551 2854 2622 Ὀκτωὸρίου,
2903 2547 3224 2619 Νοεμϐρίου,
3275 2546 3606 2616 Δεκεμϐρίου
3653 2544 3750 2597 καὶ
3809 2545 3899 2594 'la-

2366 2642 2610 2712 νουαρίου
2653 2642 2857 2710 ἡμέρας
2898 2646 2961 2692 ια’
2986 2657 3000 2672 ·
3035 2639 3139 2692 ἰδοὺ
3183 2641 3287 2709 μβ’.
3321 2637 3554 2699 Ταύταις
3597 2633 3896 2696 ὲπισύναξον

2368 2731 2460 2784 καὶ
2493 2731 2588 2793 τὰς
2617 2729 2707 2781 τοῦ
2744 2729 2982 2799 Μαρτίου
3017 2729 3097 2781 κθ⁷
3116 2745 3128 2756 ⁸
3165 2727 3344 2795 ἐπειδὴ
3384 2727 3480 2795 τὴν
3511 2725 3594 2777 κθ⁷
3623 2723 3782 2777 αὑτοῦ
3811 2723 3896 2792 ζη-

2367 2825 2476 2881 τεῖς
2521 2820 2705 2889 μαθεῖν
2735 2823 2791 2872 ὲν
2826 2821 2952 2890 ποίᾳ
2976 2803 3074 2887 τῆς
3099 2817 3380 2888 ἑϐδομάδος
3407 2819 3590 2888 ἡμέρᾳ
3617 2820 3858 2888 τυγχάνει
3881 2832 3892 2841 ·

2370 2911 2460 2962 καὶ
2497 2909 2601 2960 ἰδοὺ
2647 2910 2928 2976 γεγόνασιν
2968 2915 3064 2961 οαθ.
3111 2907 3322 2969 Ταύτας
3354 2905 3568 2973 ὑφειλον
3601 2909 3692 2958 ἐπὶ
3719 2905 3822 2956 τῶν
3857 2903 3884 2966 ξ

2365 2999 2460 3068 τῆς
2515 2999 2798 3067 ἑϐδομάδος
2843 2999 3084 3068 ἡμερῶν,
3126 2997 3318 3050 εἰπών·
3369 2998 3602 3058 Δεκάκις
3649 2997 3714 3048 τὰ
3747 2997 3792 3059 ζ’
3829 3005 3890 3047 σ”

2369 3089 2688 3157 κατελείφθη
2719 3089 2807 3140 καὶ
2847 3089 2958 3158 μία,
2985 3087 3106 3157 ἥτις
3141 3087 3254 3138 ἐστὶ
3281 3085 3470 3158 πρώτη
3497 3088 3596 3156 τῆς
3623 3087 3892 3155 ἑϐδομάδος

731 3189 856 3232 tuor
891 3179 1080 3246 reliqui
1127 3177 1254 3238 sint,
1291 3191 1351 3228 ac
1384 3177 1632 3244 deinceps
1673 3193 1842 3246 usque
1877 3177 1941 3230 ad
1973 3177 2020 3238 7,
2051 3178 2264 3230 contin-

2368 3179 2548 3249 ἡμέρα
2595 3179 2901 3249 ἠΚυριακὴ
2946 3180 2978 3248 ἡ
3025 3177 3325 3248 ζητουμένη
3363 3171 3496 3228 οὖσα
3529 3175 3624 3228 τοῦ
3667 3177 3892 3244 Μαρτίου

735 3277 858 3337 gent
883 3270 1134 3322 nimirum
1159 3276 1361 3322 αξιοι-ιε
1393 3263 1736 3323 hebdomadis
1768 3285 1830 3323 ex
1863 3269 2049 3322 ordine
2097 3269 2260 3322 ierim.

669 3427 674 3432 ᾗ
733 3359 845 3414 lloc
888 3360 931 3414 si
988 3357 1043 3412 in
1089 3359 1363 3413 mensibus
1413 3360 1665 3414 omnibus
1726 3358 1945 3420 feceris,
2001 3367 2110 3412 tam
2171 3361 2262 3430 qui

734 3449 983 3504 Martium
1029 3451 1372 3510 antecedunt.
1421 3465 1582 3518 quam
1616 3450 1706 3520 qui
1759 3461 2093 3520 sequuntur;
2142 3468 2260 3505 cer-

734 3540 942 3594 tissime
1008 3554 1070 3593 ac
1137 3541 1254 3594 sine
1309 3553 1490 3592 errore
1554 3541 1852 3608 comperies
1899 3543 2302 3620 cujuscunque

734 3631 955 3684 libuerit
995 3630 1100 3684 diei
1153 3631 1336 3686 feriam
1385 3631 1437 3682 in
1482 3630 1742 3682 duodenis
1793 3631 1919 3682 anni
1968 3631 2261 3684 mensibus.

735 3720 904 3774 Porro
945 3717 1268 3775 Februarius
1307 3721 1441 3774 nihil
1485 3734 1710 3789 prorsus
1765 3721 1820 3773 in
1871 3711 2265 3775 menstruai'uln

736 3820 1040 3882 cpactarum
1070 3811 1348 3865 ratiocinia
1383 3810 1611 3865 confert.
1645 3809 1740 3864 Est
1766 3809 1906 3862 enim
1936 3809 2262 3874 deminutus,

735 3917 798 3958 ac
827 3904 1248 3958 diebus'tantum
1283 3909 1492 3955 constat
1519 3909 1641 3954 octo
1672 3908 1725 3954 et
1755 3886 1958 3970 viginti.
1991 3900 2054 3952 Et
2079 3917 2268 3969 quam-

734 3993 817 4046 vis
859 3993 912 4045 in
961 4007 1101 4044 anno
1151 3990 1388 4045 hisextili
1435 4005 1564 4043 xm
1623 3989 1837 4050 habeat,
1899 4005 2008 4043 uno
2064 3991 2268 4042 scilicet

735 4083 916 4136 addito
957 4083 1084 4148 die;
1144 4083 1232 4134 hic
1276 4080 1522 4133 videlicet
1581 4080 1670 4133 ille
1714 4081 1830 4133 dies
1865 4087 1966 4140 est,
2011 4081 2098 4146 qui
2147 4087 2268 4147 post

738 4187 908 4224 annos
937 4188 986 4224 ιν
1023 4173 1076 4223 ἱιι
1105 4175 1255 4240 cyclo
1285 4172 1416 4226 solis
1456 4171 1659 4223 accedit
1689 4185 1830 4223 anno
1856 4170 2109 4224 bisextili.
2143 4170 2268 4223 Ideo

680 4309 684 4312 _
737 4265 820 4317 bis
855 4263 1124 4314 numerari
1161 4277 1264 4314 non
1291 4263 1470 4315 debet.
1495 4259 1797 4324 Quinetiam
1829 4260 1884 4312 in
1911 4259 2268 4328 computanda

740 4352 866 4404 feria
915 4365 1020 4402 non
1069 4357 1192 4402 ante
1237 4351 1478 4418 procedit
1519 4351 1572 4402 in
1625 4349 1916 4413 summam,
1954 4365 2112 4416 quam
2165 4348 2266 4402 Fe-

739 4439 987 4494 bruarius
1037 4438 1276 4500 desierit,
1317 4439 1416 4493 hoc
1456 4445 1538 4492 est
1567 4438 1632 4492 ab
1675 4439 1892 4493 ineunte
1937 4438 2156 4500 Martio,
2206 4451 2268 4490 ac

737 4529 1006 4597 deinceps.

736 4623 812 4693 τῷ
848 4623 890 4654 ³³
921 4623 1099 4692 πούτῳ
1135 4622 1547 4691 ήμεροευρεσίῳ,
1581 4621 1879 4692 ἀρξαμένου
1907 4621 1998 4673 τοῦ
2024 4619 2256 4690 βισέξτου

739 4717 905 4786 ἀρχῆς
941 4717 1030 4769 τοῦ
1062 4717 1302 4786 Μαρτίου
1335 4716 1426 4766 καὶ
1452 4699 1769 4786 ἔμπροσθεν.

945 4833 1014 4888 De
1047 4834 1242 4886 ratione
1277 4834 1406 4901 συείὶ
1443 4833 1638 4886 lunam
1671 4832 2034 4900 investigandi.

802 4939 889 4994 IV.
951 4942 1144 5012 Cyclus
1194 4944 1332 4997 luna:
1360 4957 1390 4994 a
1434 4943 1682 4998 Kalendis
1733 4943 2006 4998 Ianuariis
2034 4931 2261 5011 incipit,

737 5040 894 5098 atque
937 5033 1002 5084 ad
1051 5047 1219 5086 annos
1261 5049 1352 5085 th
1402 5031 1694 5100 perductus
1737 5048 1934 5086 novum
1992 5033 2134 5100 capit
2173 5047 2266 5084 ex-

735 5121 966 5174 ordium.
999 5121 1149 5174 llunc
1170 5137 1296 5193 ergo
1313 5123 1546 5189 reperire
1566 5121 1612 5172 si
1635 5122 1736 5184 vis,
1761 5137 2024 5176 annorum
2053 5121 2118 5174 ab
2139 5120 2266 5172 orbe

737 5210 950 5264 condito
989 5225 1250 5263 summam
1299 5212 1498 5280 partire
1547 5227 1642 5279 per
1682 5226 1963 5264 numerum
2004 5211 2138 5279 cycli
2186 5210 2268 5262 lu-

737 5301 994 5362 n:1ris,-i:l
1045 5309 1126 5352 est
1173 5317 1284 5365 XIX,
1327 5303 1610 5368 reliquum,
1649 5301 1790 5368 quod
1843 5309 1924 5354 est
1964 5301 2103 5353 infra
2146 5317 2259 5362 χιχ,

684 5403 686 5406 '
738 5399 825 5440 aut
863 5407 946 5440 xix
979 5389 1100 5456 ipsi,
1127 5395 1308 5460 cyclus
1347 5399 1427 5444 est
1456 5393 1629 5444 iniens
1657 5391 1811 5442 lunae.
1853 5391 2130 5453 Ουτοι-διω-
2161 5391 2263 5442 hoc

713 5464 1030 5532 ‘anmftiSSS
1051 5481 1190 5532 inme
1211 5481 1412 5550 cyclus,
1441 5482 1539 5534 hoc
1578 5481 1735 5534 modo
1772 5481 2209 5532 ratiocinabimur
2241 5497 2254 5532 :

737 5557 926 5612 Nnvies
972 5579 1030 5614 ac
1072 5563 1250 5618 decies
1289 5567 1638 5634 multiplicata
1689 5567 1790 5619 500
1847 5565 2046 5642 faciunt
2098 5567 2252 5618 5⁸⁷00.

2367 3271 2466 3322 κθ’.
2499 3271 2558 3322 El
2589 3269 2644 3321 δὲ
2691 3269 2865 3339 συμϐῇ
2905 3269 2962 3321 ἐν
2997 3267 3126 3338 ἄλλῃ
3153 3265 3372 3338 τοιαύτῃ
3409 3266 3632 3335 ζητήσει
3669 3267 3762 3318 καὶ
3787 3267 3894 3316 ἑπι-

2365 3362 2646 3429 συναγωγῇ
2691 3359 2825 3430 μετὰ
2858 3358 2947 3411 τὸν
2985 3357 3028 3422 ζ’
3058 3357 3311 3428 ὑφειλμίδν
3343 3356 3762 3425 καταλειφθῆναι
3791 3356 3889 3416 δύο,

2363 3451 2395 3522 ἢ
2421 3451 2566 3522 τρία,
2595 3451 2629 3520 ἢ
2661 3451 2725 3514 δ’,
2765 3450 2857 3504 καὶ
2899 3449 3128 3520 καθεξῆς
3160 3449 3316 3518 μέχρι
3343 3449 3448 3500 τῶν
3481 3449 3547 3510 ζ’,
3579 3449 3788 3500 ἔσονται
3813 3447 3892 3515 δη-

2362 3541 2530 3594 λονότι
2579 3543 2716 3594 κατὰ
2754 3540 2902 3605 τάξιν
2929 3543 2982 3592 al.
3010 3541 3190 3593 λοιπαὶ
3221 3539 3315 3606 τῆς
3357 3539 3646 3608 ἑϐδομάδος
3685 3539 3888 3608 ἡμέραι.

2364 3633 2464 3684 Τὸν
2489 3632 2668 3700 ὅμοιον
2710 3627 2800 3684 οὖν
2843 3631 3004 3684 ποιῶν
3031 3631 3228 3700 τρόπον
3259 3631 3352 3682 καὶ
3391 3631 3469 3690 εἰς
3509 3631 3636 3690 τοὺς
3665 3629 3768 3700 πρὸ
3807 3627 3890 3680 τοῦ

2362 3722 2602 3792 Μαρτίου
2647 3721 2836 3792 μῆνας,
2884 3721 2976 3773 καὶ
3015 3721 3095 3783 είς
3139 3721 3262 3782 τοὺς
3305 3722 3419 3790 μετ’
3451 3721 3612 3773 αὐτὸν
3641 3722 3890 3782 ἅπαντας,

2364 3811 2614 3880 ἀσφαλῶς
2641 3811 2732 3862 καὶ
2759 3808 3060 3872 ἀπταίστως
3101 3810 3348 3880 εὑρήσεις
3373 3809 3440 3876 ἣν
3477 3807 3544 3860 ἂν
3573 3809 3890 3878 smine-ﬁer;

2365 3903 2570 3973 ἡμέραν
2617 3901 2723 3954 τῶν
2769 3900 2860 3952 τοῦ
2911 3899 3028 3952 ὅλου
3065 3897 3304 3952 ἐνιαυτοῦ
3353 3897 3555 3968 μηνῶν.
3617 3899 3678 3951 '0
3721 3881 3888 3967 μέντοι

2364 3992 2714 4064 Φεϐρουάριος
2739 3991 2797 4042 οὐ
2827 3977 3160 4060 συνεισφέρει
3185 4007 3234 4042 τι
3267 3989 3399 4051 ὅλως
3423 3991 3481 4041 ὲν
3521 3992 3642 4050 ταῖς
3683 3989 3888 4058 εἰρημέ-
3937 4051 3940 4056 ι

2365 4086 2476 4144 ναῖς
2505 4084 2764 4144 ὲτιακταῖς
2791 4081 2897 4134 τῶν
2931 4081 3130 4151 μηνῶν.
3167 4080 3566 4149 Ἠλαττωμὲνος
3599 4081 3708 4150 γάρ
3733 4083 3884 4140 ἐστιν,

2367 4181 2448 4243 κη’
2481 4175 2573 4226 καὶ
2605 4173 2764 4243 μόνας
2787 4173 2993 4244 ἡμέρας
3017 4172 3170 4242 ἔχων.
3209 4172 3272 4224 Εἰ
3291 4171 3355 4223 δὲ
3373 4173 3465 4223 καὶ
3487 4171 3734 4239 βισέξτοο
3752 4171 3886 4232 ὄντος

2367 4261 2444 4313 κθ³
2492 4263 2912 4332 προστιθεμένης
2955 4263 3098 4331 αὑτῷ
3147 4263 3272 4330 μιᾶς
3305 4261 3546 4330 ἡμέρας’
3605 4261 3718 4312 ἀλλ’
3761 4261 3884 4328 αὕτη

2367 4351 2510 4402 ἐστὶν
2543 4353 2576 4419 ἡ
2604 4350 2742 4402 κατὰ
2771 4349 2812 4400 δ’
2849 4350 3067 4419 χρόνους
3096 4349 3482 4419 προστιθεμένη
3517 4351 3574 4400 ὲν
3615 4349 3694 4420 τῷ
3719 4349 3882 4414 κύκλῳ

2369 4440 2458 4492 τοῦ
2489 4441 2659 4510 ἡλίου,
2699 4438 2931 4508 βισέξτου
2978 4439 3124 4502 ὄντος
3144 4455 3157 4467 ”
3197 4441 3291 4492 καὶ
3325 4440 3412 4492 διὰ
3442 4439 3596 4492 τοῦτο
3622 4441 3718 4492 οὐκ
3757 4439 3884 4490 ἐνδέ-

2371 4547 2518 4596 χεται
2565 4530 2932 4599 δισσευθῆναι·
2963 4530 3080 4599 ἥτις
3107 4531 3222 4583 οὐδὲ
3267 4530 3466 4598 ὀφείλει
3499 4531 3798 4597 εἰσάγεσθαι
3831 4531 3882 4596 ἐν

2292 4623 2500 4692 χρόνον,
2569 4625 2634 4694 ἢν
2681 4625 2753 4694 μὴ
2792 4623 3025 4697 παρέλθῃ
3069 4626 3096 4678 ὁ
3143 4624 3528 4696 Φεϐρουάριος,
3583 4625 3743 4692 ἧγουν
3797 4621 3880 4674 ἀπ’

2296 4837 2340 4892 1)
2369 4833 2552 4896 Ὅπως
2597 4829 2690 4883 δεῖ
2727 4831 3023 4897 εὑρίσκειν
3061 4827 3168 4880 τὸν
3211 4828 3438 4880 κύκλον
3475 4825 3582 4894 τῆς
3611 4825 3872 4892 σελήνης.

2431 4945 2499 4994 Δ’.
2553 4943 2608 4994 '0
2640 4941 2736 5010 τῆς
2772 4941 2995 5009 σελήνης
3031 4938 3222 5000 κύκλος
3249 4938 3470 5006 ἄρχεται
3509 4938 3606 5007 μὲν
3654 4938 3752 4990 ἀπὸ
3789 4939 3872 5008 τῆς

2365 5031 2581 5102 πρώτης
2609 5029 2698 5083 τοῦ
2739 5029 3056 5100 Ἰανουαρίου
3103 5029 3288 5098 ιμηνὸς,
3325 5029 3606 5099 ἀνέρχεται
3651 5029 3704 5080 δὲ
3735 5029 3870 5098 μέχρι

2365 5123 2565 5190 χρόνων
2595 5122 2677 5182 ιθθ,
2725 5121 2818 5173 καὶ
2852 5121 3009 5172 πάλιν
3037 5119 3292 5187 λσμὸἀνει
3329 5119 3522 5189 ἀρχήν.
3559 5121 3622 5171 El.
3657 5115 3744 5172 οὖν
3767 5119 3872 5187 post-

2365 5210 2443 5261 λει
2489 5211 2580 5263 καὶ
2621 5211 2801 5264 τοῦτον
2848 5212 3040 5280 εὑρεῖν,
3091 5193 3310 5275 ὕφειλον
3351 5209 3504 5278 παρᾶ
3549 5209 3640 5260 τὸν
3671 5208 3872 5278 ἀριθμδν

2367 5299 2521 5349 αὑτοῦ
2557 5299 2750 5352 κύκλου
2771 5301 2955 5367 αὐτῆς,
2985 5300 3142 5369 ἤγουν
3175 5299 3279 5352 τῶν
3313 5298 3398 5359 ιθ’,
3434 5297 3502 5350 τὰ
3546 5299 3652 5350 ἀπὸ
3672 5299 3869 5357 κτίεεωῖ

2366 5389 2564 5457 κόσμου
2599 5389 2689 5457 ἔτη
2714 5405 2725 5417 ·
2755 5391 2846 5442 καὶ
2883 5387 2952 5439 τὰ
2985 5382 3396 5455 καταλειφθέντα
3427 5387 3496 5438 τὰ
3521 5387 3752 5440 κάτωθεν
3777 5385 3868 5436 τῶν

2365 5477 2447 5537 ιθ’,
2481 5479 2511 5548 ἢ
2547 5481 2636 5530 καὶ
2670 5480 2855 5548 μέχρις
2886 5479 3077 5548 αὑτῶν,
3107 5479 3334 5546 ὑπάρχει
3364 5478 3392 5529 ὁ
3428 5477 3762 5546 ἐνιστάμενος
3788 5474 3866 5526 κύ-

2363 5566 2483 5628 κλος
2517 5569 2613 5638 τῆς
2661 5569 2902 5638 σελήνης.
2939 5569 3112 5622 Ἔστω
3157 5568 3218 5637 δὴ
3249 5566 3425 5636 ζητεῖν
3477 5569 3624 5638 ἡμᾶς
3667 5565 3792 5622 κατὰ
3815 5563 3866 5614 τὺ

808 5707 850 5737 ¹¹
887 5707 1026 5760 Deest
1057 5713 1208 5766 κατά.
1285 5714 1326 5746 ¹¹
1358 5715 1478 5768 Cor.
1511 5717 1803 5780 γεγονόσιν.
1878 5717 1918 5747 ⁸³
1945 5716 2022 5768 An
2055 5732 2145 5782 pro
2179 5716 2482 5786 κομπούτῳ.
