4046 6320
140 458 274 513 ιδὲι

1316 435 1869 515 lSAAClJtiONACHl
1908 448 2292 511 courcrus.

3148 436 3161 443 ”
3180 446 3317 519 ιτ)ίὶ

138 576 314 643 παρὸν
343 568 524 644 ,ςωπεθ
557 572 670 635 ἔτος
714 573 803 625 τὸν
834 559 1027 625 κύκλον
1062 573 1223 641 αὑτῆς
1244 590 1255 600 ·
1303 574 1394 625 καὶ
1426 574 1650 642 λέγομεν
1671 590 1684 603 ·

1815 584 1917 631 tem
1951 575 2194 644 sexagies
2223 572 2588 627 novemdecim
2634 573 2761 628 dant
2791 567 2955 642 illo;
2982 574 3065 630 bis
3094 590 3315 631 novem-

155 650 647 725 Ἐννεακαιδεκάκις
676 663 744 715 τὰ
779 669 822 715 τ’
856 644 980 731 ,εῷί-
1033 662 1490 725 ἐννεακαιδεκὰκις
1530 662 1599 715 τὰ
1641 662 1708 728 ξ’,

142 758 315 820 ,αρμη
355 751 445 802 καὶ
472 750 933 811 ἐννεακαιδεκάκις
964 748 1031 801 τὰ
1060 748 1206 818 β’-λη’
1227 765 1239 778 ’
1279 751 1529 819 γινόμενα
1552 750 1682 818 ὁμοῦ

139 847 346 910 ιτωοηκ
387 839 821 907 Κατελείφθησαν
854 838 1007 908 μέχρι
1044 838 1150 889 τῶν
1181 845 1261 890 πε¹
1292 841 1383 890 καὶ
1415 838 1456 901 ζ’
1484 854 1495 867 ·
1534 837 1688 891 ἅτινά

141 930 280 979 εἰσιν
302 928 639 997 ἐνιστάμενος
664 928 761 997 τῆς
794 927 1017 997 σελήνης
1036 926 1229 989 κύκλος
1259 926 1300 990 ζ’
1329 926 1419 979 ὧν.
1461 928 1567 979 Καὶ
1601 926 1688 978 διὰ

140 1019 243 1087 τῆς
298 1018 458 1087 ἄλλης
504 1018 729 1087 μεθόδου
782 1018 1029 1087 εὑρήσεις
1076 1016 1261 1068 τοῦτον
1315 1018 1697 1087 ἀπονωτέρωςβ

144 1110 274 1171 Τοῖς
338 1110 640 1179 εἰρημένοις
688 1107 884 1175 ὀλίγοις
935 1108 1139 1170 ἐτεσιν,
1194 1107 1356 1174 ήγουν
1415 1109 1523 1169 τοῖς
1583 1115 1687 1170 πε’,

145 1196 383 1268 πρόσθες
410 1200 501 1249 καὶ
532 1196 615 1260 ιζ’,
650 1197 741 1249 καὶ
769 1196 999 1263 γίνονται
1032 1194 1130 1264 ρ6’.
1170 1193 1351 1246 Ταῦτα
1418 1197 1465 1247 εί
1528 1196 1760 1264 ὑφείλεις
1797 1202 1944 1274 παρὰ
1984 1203 2074 1257 τὸν
2130 1204 2214 1268 ιϐ’,
2259 1190 2770 1274 καταλειφθήσονται
2823 1203 2865 1268 ζ’

146 1288 279 1355 γοῦν
311 1289 403 1342 καὶ
434 1286 603 1348 οὕτως
630 1287 674 1350 ζ’
700 1287 994 1356 τυγχάνων.

236 1379 550 1448 Ἀπορήσειε
579 1378 621 1430 δ’
639 1379 701 1432 ἄν
716 1395 798 1439 τις
812 1377 917 1429 τῶν
943 1374 1076 1445 μετὰ
1103 1374 1338 1445 σκέψεως
1362 1379 1479 1438 ταῖς
1495 1377 1696 1448 παρού-

1789 668 1984 731 decim,
2016 669 2103 721 38.
2142 665 2476 733 Colliguntur
2509 664 2635 718 anni
2661 664 2818 719 6878.
2854 665 3049 720 Desunt
3074 668 3140 720 ad
3171 682 3317 722 com-

1792 755 2014 824 plendos
2045 756 2134 816 85,
2177 754 2302 807 anni
2344 754 2393 820 7,
2436 754 2529 823 qui
2570 762 2653 807 est
2680 756 2956 821 praesentis
3002 756 3128 809 anni
3164 756 3319 809 luna-

1790 846 1867 901 ris
1912 846 2115 917 cyclus.
2168 844 2319 899 Licet
2363 845 2465 899 hoc
2502 854 2555 899 et
2598 847 2701 899 alia
2739 846 2987 901 methodo
3028 848 3319 916 periclitari

1791 935 1994 1003 majore
2033 935 2368 1003 compendio.
2412 935 2687 989 Annorum
2721 936 2913 989 minori
2947 952 3188 1000 numero,
3220 938 3323 993 hoc

1790 1032 1876 1078 est
1925 1025 2013 1088 85,
2044 1023 2231 1093 'adjice
2265 1024 2352 1087 17,
2397 1025 2530 1077 tiunt
2560 1022 2690 1077 102.
2732 1024 2806 1079 Ea
2835 1027 2879 1081 si
2921 1042 3014 1096 per
3043 1026 3108 1081 19
3138 1026 3322 1081 distri-

1791 1114 1945 1177 buas,
1978 1115 2349 1184 relinquentur
2374 1113 2424 1177 7,
2453 1114 2635 1169 itidem
2675 1125 2733 1169 ut
2761 1116 2814 1168 in
2849 1117 3027 1183 priore
3052 1118 3321 1171 methodo.

2873 1246 2886 1259 .
2957 1206 3326 1275 ’Δναφαίνεται

1859 1374 2154 1452 ,ῡυὶήιιώἰί
2193 1380 2419 1435 forsitan
2458 1382 2651 1451 aliquis
2696 1383 2785 1452 qui
2826 1371 2984 1453 pauio
3023 1390 3329 1459 accuratius

148 1486 276 1531 σαις
294 1468 527 1537 μεθόδοις
553 1467 994 1537 ἐντυγχανόντων,
1010 1466 1123 1529 πῶς
1142 1468 1197 1519 ἐν
1212 1470 1274 1535 τῇ
1293 1467 1513 1536 δευτέρᾳ
1528 1467 1696 1539 ταύτῃ

1811 1469 1855 1521 in
1903 1469 2000 1524 has
2038 1471 2316 1526 melhodos
2353 1472 2588 1525 animum
2627 1472 2932 1539 intenderit,
2980 1490 3076 1528 cur
3128 1476 3181 1529 in
3230 1478 3333 1533 hac

153 1559 362 1630 μεθόδῳ
386 1558 737 1628 προστίθεμεν
767 1558 823 1609 ἐν
847 1557 942 1627 μὲν
974 1557 1051 1626 τῷ
1072 1557 1168 1625 τῆς
1192 1556 1413 1609 ίνδίκτου
1439 1556 1618 1627 κύκλῳ
1633 1564 1692 1622 ε’,

1811 1554 2117 1633 posteriore,
2179 1574 2305 1613 cum
2353 1561 2560 1630 cyclum
2615 1562 2924 1617 indietionis
2982 1558 3329 1633 inquirimus,

150 1652 213 1701 ἐν
254 1649 308 1701 δὲ
348 1648 422 1718 τῷ
448 1648 539 1699 τοῦ
568 1647 714 1717 ἡλίου
759 1646 858 1709 κδ’,
889 1645 980 1699 καὶ
1008 1646 1065 1696 ἐν
1094 1645 1169 1714 τῷ
1200 1646 1296 1715 τῆς
1324 1644 1547 1714 σελήνης
1575 1645 1654 1710 κζ’
1677 1662 1692 1676 ·

1811 1649 2068 1702 addantur
2094 1632 2159 1715 3;
2198 1648 2254 1701 in
2287 1651 2435 1719 cyclo
2461 1650 2590 1705 solis
2614 1651 2717 1718 24;
2748 1653 2800 1704 in
2831 1652 3000 1706 lunari
3026 1632 3092 1707 27
3124 1673 3138 1719 ;
3172 1664 3335 1725 atque
3364 1651 3371 1659 ’

151 1738 250 1792 καὶ
276 1741 322 1790 εί
350 1737 579 1811 ἀσφαλές
600 1740 744 1790 ἐστιν
777 1738 863 1790 ἀεὶ
891 1735 1259 1807 προσχρῆσθαι
1286 1740 1403 1798 ταῖς
1427 1735 1695 1800 τοιαύταις

1811 1732 1980 1793 utrum
2032 1748 2288 1809 perpetuo
2342 1739 2643 1797 additiones
2706 1742 2821 1797 istae
2878 1742 3133 1802 facienda:
3201 1748 3331 1800 sint.

152 1830 507 1901 προσθήκαις.
538 1830 678 1899 Πρὸς
709 1827 800 1890 οὓς
826 1827 1072 1897 ἐροῦμεν,
1102 1828 1175 1890 ὡς
1211 1828 1308 1879 οὑκ
1332 1828 1416 1879 ἀεὶ
1443 1813 1598 1881 αὑται
1634 1815 1697 1879 τί)

1811 1812 2211 1897 Respondemus
2243 1846 2349 1884 non
2390 1846 2483 1886 eas
2523 1846 2734 1901 semper
2770 1840 2913 1888 tutas
2953 1849 3092 1900 esse,
3137 1836 3230 1889 sed
3266 1837 3335 1890 ad

156 1923 372 1993 βέϐαιον
397 1922 624 1991 ἔχουσιν,
668 1919 801 1972 ἀλλὰ
840 1918 1027 1989 μέχρις
1068 1918 1187 1970 ὅλου
1233 1916 1324 1969 τοῦ
1367 1915 1705 1986 ὲνενηκοστοὺ

1811 1934 2003 1972 annum
2044 1916 2416 1973 tantummodo
2455 1920 2557 1975 900
2597 1923 2883 1990 expletum,
2914 1933 3035 1993 post
3056 1928 3178 1980 eum
3210 1942 3337 1981 vero

154 2014 254 2067 καὶ
288 2013 441 2083 μόνου
483 2011 629 2074 ἔτους
654 2026 665 2039 ·
700 2010 836 2078 μετὰ
877 2009 935 2062 δὲ
973 2009 1147 2071 τοῦτο,
1182 2007 1345 2079 ἄλλης
1392 2007 1701 2079 ἀρξαμένης

1811 2010 1938 2063 alius
1969 2025 2226 2065 numerus
2268 2011 2545 2065 addendus
2579 2012 2703 2075 erit,
2743 2013 2886 2067 velut
2923 2016 2989 2068 ad
3032 2016 3338 2073 indictionis

154 2104 673 2175 ἑκατονταετηρίδος,
710 2102 863 2156 ἄλλαι
892 2104 983 2154 καὶ
1022 2101 1322 2172 προσθῆκαι
1354 2101 1704 2172 παραληφθή-

160 2214 378 2251 σσνται·
437 2198 599 2267 ήγουν
646 2199 702 2249 ὲν
767 2194 863 2265 μὲν
897 2194 975 2263 τῷ
1017 2194 1115 2261 τῆς
1168 2194 1393 2247 ίνδίκτου
1439 2192 1619 2263 κύκλῳ
1669 2180 1703 2263 ή

156 2287 332 2351 οὐδὲν,
375 2286 407 2358 ἢ
442 2294 519 2352 ιε’,
559 2288 616 2339 ὲν
654 2285 708 2337 δὲ
742 2283 817 2354 τῷ
861 2282 953 2335 τοῦ
986 2281 1136 2351 ήλίου
1179 2282 1265 2345 ιϐ’,
1300 2284 1358 2333 ὲν
1400 2281 1455 2334 δὲ
1496 2281 1573 2351 τῷ
1612 2282 1707 2349 τῆς

161 2376 391 2447 σελήνης
417 2383 485 2445 γ’.
513 2375 693 2438 Οὕτως
719 2369 808 2427 οὖν
832 2372 991 2425 πάλιν
1014 2372 1319 2435 ἀπταίστως
1344 2374 1377 2441 ή
1406 2370 1512 2423 τῶν
1538 2370 1710 2423 τοιού-

158 2486 271 2521 των
315 2466 638 2539 προϐήσεται
670 2450 878 2518 κύκλων
923 2449 1152 2533 εὕρεσις.
1185 2446 1433 2524 Πλείονος
1458 2460 1513 2513 δὲ
1549 2461 1709 2513 ἕνεκα

160 2558 413 2626 γνώσεως
439 2558 529 2609 καὶ
557 2556 645 2607 τὸν
669 2556 866 2608 τούτων
897 2554 1051 2623 λόγον
1081 2553 1412 2622 ἀποκαλύψω
1459 2568 1560 2614 σοι,
1592 2553 1710 2614 ταῖς

162 2650 377 2712 πολλοῖς
420 2650 548 2711 ἴσως
592 2647 664 2717 μὴ
708 2645 1118 2716 γινωσκόμενον.
1172 2646 1434 2713 Ἐκάστης
1462 2644 1577 2706 εἴας
1621 2642 1712 2713 δή-

164 2759 297 2794 ποτε
325 2739 699 2809 πληρουμένης
721 2736 1239 2807 ἑκατονταετηρίδοςν
1282 2736 1401 2788 ὅσον
1447 2736 1512 2788 ἂν
1547 2732 1713 2805 eam".

166 2835 229 2884 ὲν
255 2829 331 2900 τῷ
360 2829 669 2899 τελευταίῳ,
703 2829 865 2897 ἢγουν
893 2826 968 2896 τῷ
1027 2833 1067 2896 ρ’
1114 2824 1311 2895 ταύτης
1360 2823 1488 2885 ἔτει,
1528 2822 1618 2875 τόν
1655 2839 1713 2900 τε

166 2895 364 2973 κύκλον
412 2919 502 2973 τοῦ
550 2895 696 2989 ήλίου
727 2895 838 2971 -καὶ
884 2895 980 2986 τῆς
1027 2895 1269 2986 σελήνης,
1306 2914 1399 2967 καὶ
1443 2912 1539 2981 τῆς
1590 2895 1715 2964 ίνδί-

166 3032 321 3077 κτου,
351 3013 516 3081 αὑτὴν
538 3010 733 3081 ταύτην
756 3010 851 3080 τὴν
883 3007 1109 3061 ἑκάστου
1137 3004 1404 3074 ποσότητα
1434 3002 1521 3072 ἔχε
1551 3018 1718 3070 προσ-

168 3106 345 3176 θήκην
378 3107 455 3168 είς
480 3104 546 3157 τὰ
580 3102 732 3169 ὀλίγα
763 3100 856 3172 ἔτη
885 3088 983 3177 τῆς
1011 3098 1310 3169 ἀρχομένης
1338 3084 1716 3177 ἑκατονταετη-

169 3171 347 3265 ρίόος’
405 3194 498 3246 καὶ
558 3192 807 3262 εὑρήσεις
847 3171 929 3239 6t“
983 3187 1213 3253 ἑκάστης
1268 3180 1582 3253 προσθήκης
1630 3171 1720 3232 τὸν

1801 2101 2010 2171 cyclum
2036 2102 2121 2164 15,
2148 2103 2231 2155 ‘vel
2266 2103 2318 2163 0,
2346 2101 2437 2155 'ad
2480 2103 2709 2157 solarem
2762 2104 2848 2169 12,
2884 2106 2951 2159 ad
2996 2099 3234 2161 lunarem
3281 2096 3335 2173 3,

1802 2193 2030 2259 quorirm
2071 2205 2171 2259 Ope
2222 2190 2359 2260 eveli
2404 2195 2591 2253 omnes
2648 2190 2739 2247 isti
2774 2194 2889 2248 sine
2919 2209 3103 2249 errore
3146 2204 3340 2265 prove-

1804 2279 1972 2333 nient.
2018 2276 2124 2332 Sed
2156 2278 2423 2333 uberioris
2461 2278 2720 2333 doctrina:
2754 2292 2921 2334 causa
2960 2281 3122 2351 hujus
3142 2284 3338 2344 νεὶ,ιὶὴὶ

1807 2372 2069 2425 rationem
2129 2372 2439 2439 explicabo,
2489 2387 2648 2441 quam
2705 2388 2813 2427 non
2874 2375 3027 2427 multi
3092 2374 3341 2430 fortassis

1807 2461 2133 2531 intelligunt.
2182 2448 2439 2516 Vertehte
2482 2462 2721 2531 quolibet
2789 2465 3133 2529 centenario,
3186 2468 3343 2535 quid-

1808 2551 1938 2621 quid
1972 2552 2025 2604 in
2056 2552 2350 2606 centesimo
2382 2567 2522 2605 anno
2550 2552 2812 2621 reliquum
2841 2562 2922 2607 est
2953 2553 3018 2608 de
3043 2557 3343 2609 ratiuncula
3434 2582 3467 2588 ν

1810 2632 1962 2707 solis,
2005 2642 2143 2697 lunae
2188 2642 2271 2695 vel
2315 2642 2645 2706 indictionis,
2698 2644 2857 2711 hujus
2895 2660 3177 2698 numerum
3208 2646 3346 2702 adde

1810 2736 2021 2799 Semper
2074 2731 2379 2784 excurrenti
2442 2746 2604 2799 supra
2656 2732 2926 2785 ineuntem
2977 2736 3347 2789 centenarium

1812 2821 2007 2875 minori
2043 2836 2303 2885 summae;
2354 2826 2412 2874 ut
2450 2834 2546 2889 per
2591 2820 2879 2889 cujuslibet
2932 2823 3144 2892 generis
3195 2825 3348 2892 adje-

1813 2903 2048 2965 ctionem
2092 2918 2475 2981 congruentem
2501 2911 2698 2967 habeas
2726 2913 2955 2981 cyclum,
3002 2922 3061 2967 ut
3101 2915 3349 2984 superius
3379 2981 3383 2985 .

1816 3000 2149 3054 ostendimus
2180 3018 2193 3053 :
2226 2999 2328 3053 hoc
2354 3007 2438 3055 est
2465 3000 2696 3054 solarem
2726 3002 2907 3055 addito
2938 3003 3068 3057 solis
3094 3006 3349 3074 proprio:

1816 3087 2059 3143 lunarem
2091 3089 2274 3144 addito
2304 3073 2478 3143 lunari
2503 3109 2517 3156 ;
2553 3098 2604 3145 et
2628 3090 3050 3157 indictionalem,
3076 3073 3140 3147 ex
3169 3109 3233 3149 eo
3257 3095 3349 3165 qui

1817 3180 2132 3235 indictionis
2156 3180 2408 3248 proprius
2436 3187 2539 3234 est.

166 3289 365 3342 οἰκεῖον
414 3285 617 3357 ἑκάστῃ
677 3280 903 3345 κύκλον,
956 3280 1029 3341 ὡς
1086 3276 1336 3357 ᾁνωτέρω
1391 3272 1677 3357 δεδήλωται
1715 3289 1728 3302 ·
1769 3272 1935 3341 ἤγουν
1987 3275 2053 3343 τῇ
2098 3271 2189 3323 τοῦ
2233 3269 2507 3353 ήλίουντὸν
2534 3269 2624 3323 τοῦ
2668 3271 2837 3344 ήλίοϋ,
2875 3274 2940 3342 τῇ
2986 3272 3085 3342 τῆς
3132 3271 3353 3345 σελήνης

167 3374 263 3429 τὸν
285 3376 381 3445 τῆς
414 3354 660 3443 σελήνης,
702 3372 793 3425 καὶ
830 3370 1029 3446 τῇᾔτῆς
1084 3354 1310 3420 ίνδίκτου
1364 3354 1452 3418 τὸν
1496 3366 1593 3434 τῆς
1641 3362 1885 3416 ίνδίκτου.
2392 3389 2423 3423 ρ
2854 3380 2857 3382 -

212 3481 411 3553 Ὅπως
465 3484 560 3538 δεῖ
600 3484 907 3553 εὑρίσκεινΔ
948 3479 1055 3532 τὸν
1101 3475 1371 3548 θεμέλιον
1413 3474 1522 3543 τῆς
1579 3487 1680 3527 σε-
1742 3477 1785 3534 C

834 3548 1048 3617 λήγηςι

245 3666 323 3719 E'.
358 3665 457 3717 Τὸν
480 3662 537 3716 δέ
563 3680 625 3731 γε
653 3661 892 3732 θεμέλιον
922 3660 1019 3729 τῆς
1044 3656 1266 3726 σελήνης
1291 3652 1397 3707 ῐσθι
1425 3651 1718 3723 ἀρχόμενον

174 3756 285 3812 ἀπὸ
322 3755 417 3824 τῆς
452 3760 497 3807 α’
528 3734 621 3807 τοῦ
661 3750 1015 3820 Ἰανουαρίουί
1068 3740 1158 3816 ἀφ’
1186 3740 1245 3800 οὗ
1289 3744 1527 3815 δηλονότι
1574 3743 1666 3795 καὶ
1692 3742 1720 3793 6

172 3850 377 3918 ταύτης
413 3846 610 3908 κύκλος
641 3845 736 3915 τὴν
782 3842 955 3914 ἀρχὴν
993 3827 1279 3909 λαμϐάνει.
1313 3836 1375 3887 Ei
1409 3829 1498 3886 οὖν
1546 3831 1720 3901 βούλει

175 3940 272 3995 καὶ
318 3938 501 3990 τοῦτον
548 3923 847 4006 εὑρίσκειν,
882 3925 1331 3989 ένδεκαπλασίαζε
1382 3925 1471 3976 τὸν
1513 3923 1721 3975 ἐνιστά-

177 4044 341 4101 μενον
387 4027 579 4080 κύκλον
626 4027 718 4078 καὶ
761 4023 838 4093 τῷ
887 4022 993 4074 ἀπὸ
1040 4019 1131 4072 τοῦ
1187 4010 1719 4081 ὲνδεκαπλασιασμοῦ

158 4120 441 4189 γινομένῳ
464 4102 679 4188 ἀριθμῷ
708 4112 981 4185 προστίθει
1003 4116 1050 4179 γ’
1068 4126 1083 4140 ο
1111 4109 1202 4160 καὶ
1224 4106 1312 4158 τὸν
1342 4103 1719 4173 συναγόμενον,

175 4214 229 4263 ει
260 4212 355 4281 μὲν
386 4208 625 4263 κάτωθέν
660 4209 773 4259 ἐστι
804 4202 912 4257 τῶν
950 4201 1016 4263 λ’,
1040 4197 1199 4252 αὑτὸν
1242 4199 1443 4249 ἐκεῖνον
1472 4190 1607 4246 εἶναι
1636 4192 1719 4260 γί-

175 4312 353 4357 νωσκε
390 4299 480 4351 τὸν
520 4282 761 4367 θεμέλιον
782 4307 798 4324 ⁸
831 4294 879 4344 εἰ
922 4291 965 4343 δ’
992 4285 1199 4358 ὑπερϐῇ
1221 4325 1234 4349 ,
1272 4285 1460 4346 ὁσάκις
1494 4282 1725 4352 ἐγχωρεῖ

175 4393 270 4445 τὸν
316 4390 357 4441 λ’
390 4388 589 4442 τούτων
618 4383 862 4453 ἀφελὼν,
912 4382 971 4434 τὸ
1019 4375 1471 4445 καταλειπόμενόν
1516 4375 1660 4425 ἐστιν
1695 4372 1723 4422 6

180 4480 445 4552 θεμέλιος.
486 4478 596 4540 Τὰς
632 4476 807 4546 μέντοι
843 4474 1010 4542 τρεῖς,
1041 4470 1106 4532 ἃς
1138 4468 1344 4537 ἔφημεν
1382 4462 1723 4552 προστιθέναι

175 4551 259 4643 τῷ
282 4570 373 4622 τοῦ
413 4560 939 4631 ένδεκαπλασιασμοῦ
972 4558 1210 4630 ἀριθμῷ,
1249 4553 1572 4643 προσθήσεις
1600 4551 1718 4643 καθ’

96 4656 99 4659 ’
177 4642 404 4714 ἕκαστον
451 4655 686 4711 ἐνιαυτὸν
729 4653 917 4723 μέχρις
956 4648 1077 4702 ὅλου
1132 4645 1226 4699 τοῦ
1274 4651 1346 4707 ις’
1392 4642 1586 4695 κύκλου
1628 4642 1724 4710 τῆς

181 4749 409 4819 σελήνης
429 4765 441 4778 ·
473 4750 528 4801 ὲν
557 4746 610 4799 δέ
638 4762 701 4814 γε
728 4745 837 4804 τοῖς
858 4741 1059 4800 λοιποῖς
1076 4735 1241 4806 τρισὶ,
1268 4733 1344 4802 τῷ
1378 4733 1438 4794 ις’
1467 4729 1722 4799 δηλονότι,

2059 3471 2328 3540 Quomodo
2374 3472 2509 3527 Iunce
2544 3458 2700 3528 radix
2729 3475 3103 3546 investiganda.

1887 3645 1951 3699 ν.
1973 3645 2258 3702 Sciendum
2288 3645 2370 3705 est
2400 3636 2635 3704 radicem
2666 3651 2806 3725 lung
2833 3666 2862 3705 a
2893 3639 3143 3707 Kalendis
3165 3650 3361 3707 Janua’a

1819 3737 1916 3792 riis
1932 3738 2220 3807 auspicari,
2245 3739 2643 3808 aquibusillius
2669 3741 2856 3811 cyclus
2885 3741 3091 3810 incipit.
3107 3740 3277 3806 Quam
3300 3742 3359 3796 ut

1820 3827 2094 3892 invenias,
2133 3828 2239 3883 du’c
2270 3830 2538 3885 ineuntem
2574 3831 2714 3884 lunae
2762 3832 2969 3901 cyclum
3011 3832 3067 3885 in
3123 3848 3197 3895 xi,
3247 3834 3361 3886 col-

1818 3918 2015 3981 lectam
2038 3922 2302 3973 summa‘m
2330 3916 2516 3988 auge?)
2547 3918 2778 3982 additis;
2827 3918 3084 3987 quidquid
3112 3921 3357 3984 exsistet,
3406 3981 3412 3987 _

1819 4007 1875 4061 id
1912 4007 1958 4062 si
1988 4007 2165 4061 minhs
2205 4016 2288 4062 εει
2311 4008 2397 4073 50,
2429 4008 2583 4061 radix
2615 4016 2698 4063 est
2738 4009 2878 4061 luna:
2917 4009 3000 4062 εει
3029 4009 3205 4078 majus
3244 4020 3359 4074 est,

1820 4096 1888 4152 de
1920 4111 1985 4151 eo
2013 4096 2190 4165 quoad
2221 4096 2403 4152 licebit
2429 4096 2652 4152 detrahe
2680 4097 2767 4163 30,
2788 4097 3065 4152 residuum
3098 4107 3181 4153 est
3212 4100 3367 4154 radix

1822 4188 1982 4242 luna}.
2018 4188 2190 4242 Porro
2220 4190 2518 4243 ternarium
2569 4188 2753 4251 illum,
2808 4204 2967 4256 quem
3010 4189 3365 4259 multiplicato

1822 4287 1917 4348 per
1948 4295 2005 4334 χι
2047 4285 2275 4334 nu‘mero
2313 4279 2613 4334 addendum
2655 4294 2775 4333 esse
2805 4277 3109 4343 docuimus,
3146 4279 3367 4349 adjicie-

1823 4384 1943 4423 mus
1984 4368 2039 4422 in
2066 4384 2208 4424 anno
2250 4370 2441 4439 quovis
2479 4382 2649 4437 usque
2686 4366 2751 4422 ad
2794 4376 3087 4423 vertentem
3127 4368 3192 4422 16
3227 4369 3367 4422 luna:

1824 4459 2074 4529 c'yclum;
2116 4460 2170 4513 in
2221 4459 2446 4528 reliquis
2476 4459 2672 4523 tribus,
2706 4466 2764 4512 ut
2797 4459 2853 4513 in
2885 4459 2970 4522 17,
3007 4458 3093 4523 18,
3140 4459 3227 4522 19,
3269 4468 3371 4527 prd

1825 4550 1999 4605 tribus
2041 4549 2206 4604 addes
2233 4548 2288 4604 4.
2332 4549 2423 4603 Sic
2474 4550 2616 4604 enim
2661 4536 2867 4621 absque
2900 4564 3082 4603 errore
3127 4548 3367 4604 lunarem

1826 4640 2064 4694 radicem
2103 4640 2368 4695 invenies.
2398 4639 2561 4695 Potes
2597 4626 2924 4709 expeditiore
2946 4639 3195 4693 metliodo
3223 4654 3369 4693 eam-

1827 4730 1948 4786 dem
1984 4731 2065 4785 sic
2097 4731 2434 4801 investigare.
2470 4721 2550 4784 Ad
2585 4744 2865 4783 numerum
2912 4729 3109 4783 radicis
3148 4743 3372 4782 curren-

179 4839 260 4909 τῷ
290 4817 379 4911 ιη’,
412 4839 505 4893 καὶ
535 4837 610 4907 τῷ
634 4836 717 4899 ιϐ’,
744 4833 862 4889 ἀντὶ
892 4830 998 4883 τῶν
1035 4834 1082 4897 γ’
1129 4823 1455 4896 προσθήσεις
1484 4822 1561 4911 δ”
1590 4820 1715 4873 οὑτιι

1832 4820 1902 4873 tis
1932 4820 2068 4874 adde
2095 4836 2171 4874 χι.
2192 4819 2246 4873 Si
2280 4834 2488 4875 summa
2511 4820 2724 4889 superet
2746 4834 2874 4881 xxx,
2898 4817 3126 4886 demptis
3156 4817 3370 4881 iisdem,

179 4930 290 5000 γάρ
324 4909 403 4983 σοι
424 4927 730 4989 ἀπταίστως
750 4928 783 4995 ή
812 4920 900 4976 τοῦ
930 4919 1176 4990 θεμελίου
1200 4917 1366 4985 αὑτῆς
1397 4909 1725 4985 προϐήσεται

180 5019 415 5090 εὑρεσις.
457 5016 563 5070 Καὶ
611 5014 778 5076 οὕτως
810 5008 1162 5078 ἀπονωτέρως
1207 5005 1455 5074 εὑρήσεις
1501 5000 1591 5053 τὸν
1629 5000 1728 5069 τῆς

182 5088 411 5177 σελήνης
469 5104 732 5175 θεμέλιον.
807 5099 896 5169 Τῷ
971 5096 1063 5149 τοῦ
1123 5092 1409 5152 ἐνεστῶτος
1476 5088 1724 5158 θεμελίου

1833 4912 2099 4981 reliquum
2154 4912 2376 4965 sumito.
2434 4910 2490 4964 Si
2540 4910 2718 4962 minor
2767 4915 2849 4964 est
2896 4914 3172 4973 numerus,
3229 4908 3374 4962 hunc

1834 5000 2011 5071 ipsum
2052 5018 2152 5072 pro
2183 5002 2365 5056 radice
2407 5002 2612 5079 capies.
2638 4992 2773 5056 Cum
2808 5008 2986 5055 autem
3022 5010 3152 5055 xm
3185 5009 3377 5055 occur-

1832 5094 1921 5153 rit,
1954 5092 2195 5147 addenda
2232 5102 2357 5146 sunt
2392 5099 2490 5146 xit.

181 5176 399 5270 ἀριθμῷ
429 5193 698 5267 προστίθει
718 5198 803 5244 ια’.
830 5191 938 5242 Καὶ
968 5192 1014 5241 εἰ
1042 5188 1137 5258 μὲν
1163 5182 1329 5237 πλείω
1352 5182 1460 5233 τῶν
1480 5180 1521 5231 λ’
1545 5179 1717 5270 ἀναὸῇ
1757 5182 1784 5232 6
1816 5181 2064 5252 ἀριθμὸς,
2084 5185 2152 5236 τὰ
2179 5184 2220 5236 λ’
2279 5182 2523 5270 ἐμβαλὼν
2549 5180 2612 5245 ίδ,
2662 5183 2729 5236 τὰ
2762 5176 3187 5270 καταλειπόμενα
3245 5177 3354 5247 κρόί

180 5266 297 5344 τειί
321 5266 382 5342 ἐί
408 5266 729 5343 δὲῗκάτωθεν
757 5283 943 5336 τούτου
976 5280 1139 5345 ἐστὶν,
1172 5273 1332 5329 αὑτὸν
1376 5275 1576 5325 ἐκεῖνον
1605 5266 1741 5324 εἶναι
1802 5276 2032 5341 γίνωσκε
2100 5278 2189 5330 τὸν
2230 5268 2493 5347 θεμέλιον.
2533 5276 2619 5328 Ἐν
2648 5272 2825 5343 μέντοι
2860 5272 2938 5342 τῷ
2967 5268 3069 5336 κθί,
3104 5271 3167 5324 ιϐ’
3208 5270 3285 5320 δεῖ
3320 5276 3405 5318 σἐ.

184 5384 518 5457 προσθεῖναι.

182 5488 373 5561 Ὅπως
403 5496 704 5562 εὑρίσκειν
742 5490 835 5546 δεῖ
861 5490 1066 5623 ﬁeri}ng
1092 5482 1319 5555 ἡμερῶν
1359 5482 1527 5535 ἐστιν
1559 5480 1595 5547 ὴ
1623 5494 1731 5536 σε·

765 5607 773 5610 ,
868 5575 915 5611 ,ι
952 5576 971 5609 ι
1035 5594 1049 5608 .

258 5663 346 5728 ς’.
372 5646 481 5720 Τὰς
499 5655 707 5728 ἡμέρας
735 5653 789 5705 δὲ
815 5575 1044 5714 agriami;
1069 5648 1366 5717 γεννήσεως
1396 5642 1563 5713 αὑτῆς
1596 5639 1735 5695 οὕτω

256 5816 297 5847 ¹⁵
401 5810 658 5865 ἐκϐαλών.

494 5906 758 5965 ΡΑτιιοι.
793 5901 907 5962 Gn.
933 5894 1107 5958 XIX“

594 6124 669 6145 -J'

2080 5481 2348 5546 Quomodo
2384 5480 2599 5534 inveniri
2630 5477 2796 5551 possit
2827 5484 2955 5552 aetas
2978 5474 3133 5528 (una.

1910 5632 1995 5690 Vl.
2027 5631 2259 5689 Aitatem
2288 5632 2428 5687 lunae
2472 5627 2537 5685 ad
2579 5628 2724 5685 hunc
2755 5625 2975 5684 modum
3009 5622 3377 5696 investigatis:

2995 5861 3072 5931 ω
