4112 6314
821 354 960 410 1323
1867 355 1956 410 AD
1997 355 2263 412 EUSEBII
2295 354 2686 413 CHRONICON
2719 357 3079 415 APPENDIX.
3859 361 3961 416 ιδιι

814 454 1014 541 Accipe
1032 477 1338 548 currentem
1377 469 1523 526 illius
1552 469 1811 534 radicem,
1846 479 1899 525 et
1933 471 2087 526 initio
2116 470 2258 547 facto
2289 467 2359 525 ιι)
2388 479 2434 532 Α

2330 467 2359 524 b
2388 479 2434 532 Α
2462 471 2674 542 μαθήσῃ
2695 490 2710 505 ·
2744 474 2947 546 Κράτει
2979 476 3069 526 τὸν
3099 475 3444 544 ἐνιστάμενον
3489 474 3689 544 ταύτης
3717 474 3954 544 θεμέλιον·

803 560 1090 623 Januario,
1141 559 1207 614 de
1241 557 1473 628 singulis
1515 557 1792 612 mensibus
1838 571 2008 623 sume,
2049 560 2096 613 si
2141 559 2358 627 quidem

2333 574 2358 612 ο
2460 564 2552 615 καὶ
2593 562 2888 633 ἀρχόμενος
2913 565 3020 616 ἀπὸ
3069 558 3576 634 τοῷἰανουαρίου,
3621 563 3855 635 λάμϐανε
3893 567 3957 632 ἀφ’

814 649 1006 705 diebus
1023 664 1152 703 xxxi
1175 654 1446 711 constent,
1471 647 1492 700 1
1520 646 1622 717 1/2
1641 687 1656 709 ,
1683 646 1766 701 sin
1785 646 2058 701 tricenarii
2085 648 2213 713 sint,
2232 647 2355 718 1/2.

2457 655 2685 708 ἑκάστου
2715 655 2899 726 μηνὸς,
2950 655 3056 709 ἀπὸ
3106 656 3204 726 μὲν
3243 654 3351 708 τῶν
3392 656 3618 726 ἐχόντων
3650 657 3729 709 λα’
3770 657 3955 728 ἡμέρας,

813 737 982 793 Porro
1007 737 1209 792 mensis
1242 737 1423 801 illius,
1441 738 1496 790 in
1529 752 1637 806 quo
1663 740 1916 802 versaris,
1938 737 2054 793 dies
2085 739 2258 806 adiice
2289 738 2359 792 ab

2455 752 2502 797 α’
2527 747 2617 799 καὶ
2638 744 2722 810 S",
2749 746 2856 798 ἀπὸ
2887 747 2943 799 δὲ
2963 746 3069 797 τῶν
3100 746 3166 809 λ’,
3198 746 3282 800 S".
3303 745 3407 799 Τοῦ
3443 747 3620 816 μέντοι
3649 749 3832 817 μηνὸς,
3861 743 3957 814 ὲ·ιῷ

811 830 931 898 ejus
951 827 1208 882 Kalendis
1245 827 1314 881 ad
1364 828 1694 897 propositum
1739 826 1900 882 diem.
1945 827 2028 881 Ad
2075 829 2355 882 collectam

2331 841 2355 880 ﬂ
2453 834 2550 905 τήν
2583 833 2809 905 ζήτησιν
2836 837 2958 906 ποιῇ
2987 835 3094 888 τῶν
3121 835 3338 906 ἡμερῶν
3369 837 3467 906 τῆς
3498 836 3742 907 σελήνης,
3769 838 3955 903 είσιὶξεις

809 933 1078 974 summam
1125 917 1360 972 radicem
1412 918 1615 972 addito.
1675 915 1870 970 Totum
1925 917 2120 972 deinde
2155 917 2357 986 partire

2330 931 2357 971 8
2452 925 2620 988 αὑτὰς
2638 925 2870 988 ὲκείνας,
2895 926 3023 988 ὅσας
3042 925 3171 995 ἔχει,
3195 925 3491 998 ἀρξάμενος
3515 926 3672 997 μέχρι
3689 928 3788 996 τῆς
3808 928 3954 997 ζητου-

793 1024 907 1080 φει·
931 1007 1001 1062 29
1034 1008 1155 1079 1/2,
1175 1007 1472 1065 residuum.
1506 1008 1620 1062 sive
1641 1007 1711 1061 29
1746 1006 1867 1079 1/2,
1893 1021 1987 1062 seu
2018 1008 2198 1062 minus
2232 1007 2352 1064 I‘ue-
2407 1011 2417 1028 ‘

2329 1036 2352 1048 ·
2407 1009 2620 1086 ’μένης
2652 1015 2882 1088 ἡμέρας.
2921 1017 3017 1079 “Ag
3040 1018 3217 1079 πάσας
3247 1016 3486 1084 συνάψας
3522 1018 3597 1087 τῷ
3625 1017 3866 1087 θεμελίῳ,
3890 1018 3953 1070 τὸν

809 1101 908 1162 rit,
948 1106 1158 1154 aetatem
1209 1099 1427 1154 exhibet
1467 1097 1628 1152 lunae.
1662 1096 1829 1166 Igitur
1882 1099 1928 1154 si
1987 1097 2055 1151 ab
2094 1097 2353 1168 Januario

2452 1105 2711 1174 γεγονότα
2775 1105 3003 1176 ἀριθμὸν
3041 1099 3215 1173 ὕφελε
3260 1106 3350 1156 ἐπὶ
3396 1107 3504 1158 τῶν
3546 1105 3630 1158 κθ¹
3667 1106 3751 1170 S",
3794 1109 3875 1161 καὶ
3906 1109 3956 1159 τὰ

807 1191 1073 1245 calculum
1111 1190 1325 1260 incipis,
1359 1197 1412 1244 et
1449 1189 1742 1245 bissextilis
1785 1189 2101 1254 intercedat,
2141 1189 2352 1260 sesqui-

2455 1193 2680 1263 μένοντα
2711 1192 2912 1247 τούτων
2933 1193 3195 1257 κάτωθεν,
3227 1194 3261 1266 ἢ
3292 1194 3385 1248 καὶ
3415 1195 3608 1266 μέχρις
3636 1197 3829 1262 αὐτῶν,
3851 1199 3954 1250 εἰσιν

805 1281 945 1336 diem
973 1297 1037 1336 ex
1062 1281 1153 1335 illo
1175 1288 1448 1350 sumptum
1474 1278 1696 1350 adjicies
1718 1295 1813 1349 per
1839 1295 2036 1334 annum
2059 1280 2347 1350 integrum,
2393 1291 2403 1307 ν

2332 1318 2347 1343 ,
2393 1291 2403 1307 ’
2448 1283 2630 1337 αίάπὸ
2644 1282 2742 1352 τῆς
2773 1286 3072 1355 γεννήσεως
3088 1285 3258 1355 αὐτῆς
3285 1285 3504 1356 ἡμέραι.
3541 1287 3849 1357 Ἀρχόμενος
3869 1285 3951 1354 οὖν,

804 1373 907 1428 hoc
934 1380 1016 1428 est
1045 1388 1215 1442 usque
1250 1371 1317 1425 ad
1355 1371 1726 1441 insequentem
1765 1369 2098 1425 Ianuarium.
2123 1369 2180 1425 In
2205 1385 2351 1425 anno

2448 1369 2523 1431 ὠς
2548 1369 2780 1440 εἴρηται,
2812 1371 2920 1423 ἀπὺ
2944 1371 3036 1424 τοῦ
3077 1371 3417 1445 Ἰανουαρίου,
3445 1376 3492 1426 εἰ
3524 1374 3619 1443 μὲν
3649 1375 3723 1428 ἔνι
3749 1379 3777 1429 ὁ
3804 1378 3952 1448 χρόνος

791 1462 1072 1518 communi
1102 1463 1347 1517 eumdem
1389 1477 1560 1532 usque
1599 1461 1666 1514 ad
1708 1459 1987 1515 Februarii
2023 1461 2180 1515 linem
2203 1461 2346 1515 dun-

2448 1457 2706 1528 βίσεξτος,
2743 1460 2932 1529 εἴσαγε
2957 1461 3055 1533 τὴν
3080 1462 3137 1528 ἐξ
3201 1459 3363 1516 αὑτοῦ
3396 1463 3802 1536 λαμϐανομένην
3842 1469 3944 1538 μίαν

799 1561 948 1607 taxat
993 1567 1262 1615 assumes,
1308 1567 1482 1622 eoque
1530 1557 1805 1604 transacto
1859 1551 2046 1604 ambos
2104 1550 2343 1605 omittes.

2443 1551 2611 1622 ἥμισυ
2640 1552 2852 1624 ἡμέραν
2883 1552 3005 1607 καθ’
3031 1554 3150 1608 ὅλον
3179 1555 3268 1607 τὸν
3301 1557 3561 1617 ἐνιαυτὸν,
3591 1559 3752 1627 ήγουν
3799 1560 3952 1630 μέχρις

797 1645 1004 1714 Quippe
1032 1642 1299 1697 defectum
1329 1643 1493 1697 unius
1532 1642 1757 1696 alterius
1800 1640 2157 1695 redundantia
2191 1655 2344 1695 com-

2444 1642 2509 1696 ἂν
2535 1643 2744 1715 φθάσῃς
2765 1645 2862 1715 τὴν
2891 1645 3062 1717 ἀρχὴν
3094 1645 3185 1699 τοῦ
3218 1648 3297 1710 εἰς
3324 1647 3384 1700 τὸ
3423 1649 3574 1701 ἐπιὸν
3605 1649 3720 1710 ἔτος
3758 1629 3952 1702 Ἰανουα-

796 1743 1006 1806 pensat.
1037 1733 1304 1813 Deinceps
1327 1747 1454 1802 ergo
1485 1732 1555 1788 ab
1587 1732 1678 1786 illa
1704 1731 2106 1786 contributione
2126 1737 2343 1786 manent
2371 1802 2411 1813 _

2443 1731 2579 1802 ρίου’
2609 1735 2656 1786 εί
2691 1733 2736 1786 δ’
2776 1735 2874 1786 οὐκ
2897 1733 3008 1786 ἔστι
3031 1733 3286 1804 βίσεξτος,
3313 1736 3551 1806 λάμϐανε
3575 1736 3774 1806 ταύτην
3797 1737 3952 1807 μέχρις

794 1802 1060 1880 immunes
1083 1824 1158 1877 illi
1186 1803 1298 1877 duo
1321 1838 1539 1878 menses
1567 1838 1736 1892 usque
1761 1823 1825 1877 ad
1851 1837 2021 1878 annos
2047 1830 2156 1877 tres
2182 1822 2338 1876 abso-
2370 1802 2414 1858 Β

2441 1821 2508 1875 ἂν
2528 1821 2786 1894 πληρώσῃ
2812 1824 2853 1855 ¹³
2886 1825 2914 1874 ὁ
2949 1802 3305 1894 Φεϐρουάριος
3334 1802 3424 1878 καὶ
3452 1826 3627 1900 μόνον,
3660 1802 3749 1878 καί.
3772 1802 3952 1894 μετά-τὺ

793 1917 955 1979 Iulos.
981 1915 1082 1970 hoc
1106 1921 1188 1969 est
1220 1928 1390 1984 usque
1419 1915 1484 1969 ad
1517 1913 1850 1969 bissextilem
1869 1913 2116 1967 alterum.
2143 1911 2338 1978 Quam-

2443 1909 2793 1980 πληρωθῆναι
2837 1909 2994 1962 αὐτὸν
3032 1911 3405 1980 καταλίμπανε
3443 1913 3794 1984 ἀμφοτέρους.
3827 1916 3950 1980 Λαμ-

791 2006 974 2061 obrem
1015 2005 1348 2060 transcensis
1385 2005 1526 2067 istis,
1570 2004 1648 2058 uti
1696 2002 1900 2057 dictum
1938 2008 2041 2064 est,
2074 2001 2264 2071 incipit
2307 2015 2337 2054 a

2443 2001 2592 2054 ϐάνει
2617 2000 2722 2069 γὰρ
2744 2000 2842 2069 τὴν
2869 1999 2962 2052 τοῦ
3004 2001 3120 2064 ἐνὸς
3156 2003 3468 2071 περισσείαν
3507 2005 3540 2072 ἡ
3577 2003 3796 2075 θατέρου
3824 2003 3950 2056 imi-

789 2096 1001 2160 Martio,
1040 2103 1114 2161 et,
1161 2100 1218 2150 u't
1256 2095 1708 2166 praeseripsimus,
1741 2093 1857 2148 dies
1903 2093 2024 2146 illos
2055 2093 2240 2160 accipe
2270 2091 2336 2145 ad

2446 2106 2618 2162 ρησις.
2649 2087 2954 2142 Κάντεῦθεν
2989 2089 3208 2159 μένουσι
3252 2091 3345 2143 καὶ⁵
3376 2094 3424 2144 οἱ
3455 2093 3550 2145 δύο
3592 2094 3882 2156 ἀσυντελεῖς
3909 2095 3952 2146 ὲν

776 2202 911 2243 eum
936 2201 1110 2257 usque
1129 2186 1221 2254 qui
1241 2188 1589 2256 preponitnr.
1622 2215 1638 2222 -

2440 2183 2506 2251 τῇ
2537 2179 2756 2250 τοιαύτῃ
2788 2182 3112 2251 σονεισφορᾷ
3150 2181 3309 2253 μέχρι
3347 2183 3780 2255 συμπληρώσεως
3807 2187 3953 2238 ἐνιαυ-

668 2275 672 2278 ’
771 2277 893 2331 ’τῶν
917 2276 1112 2346 τριῶν·
1145 2277 1309 2347 ἡγουν
1335 2276 1522 2347 μέχρις
1558 2275 1623 2328 ἂν
1645 2274 1866 2345 γένηται
1900 2273 2062 2327 πάλιν
2092 2274 2120 2326 ὁ
2149 2274 2337 2344 χρόνος
2373 2273 2630 2346 βίσεξτος.
2672 2273 2902 2335 Τούτους
2949 2269 3040 2328 οὗν
3064 2275 3424 2344 ὑπερϐαίνων,
3447 2278 3522 2339 ὠς
3549 2278 3777 2350 εἴρηται,
3813 2279 3952 2348 ἄρχου
4052 2269 4053 2326 ἐ

783 2367 891 2421 ἀπὸ
935 2365 1028 2423 τοῦ
1095 2365 1368 2437 Μαρτίου,
1400 2365 1686 2436 λαμϐάνων
1727 2365 1824 2429 τὰς
1882 2364 2264 2436 διαληφθείσας
2327 2366 2537 2436 ἡμέρας
2583 2366 2672 2418 τὸν
2720 2365 3005 2435 εἰρημένον
3052 2366 3287 2437 τρόπον,
3340 2365 3497 2438 ἄχρις
3536 2368 3602 2424 ἃν
3641 2370 3839 2439 eadem
3874 2367 3951 2436 τὴν
4052 2391 4053 2440 1

823 2461 1118 2515 ητουμένην
1144 2463 1174 2515 ἡ
1187 2461 1374 2515 μέσαν.

783 2461 1118 2531 ζητουμένην
1144 2459 1374 2532 ἡμέραν.
1778 2511 1785 2523 _

853 2552 1028 2620 Atque
1067 2562 1126 2607 ut
1155 2567 1244 2607 res
1280 2559 1395 2607 tota
1438 2551 1529 2607 Iiat
1580 2553 2052 2623 exemploaliquo
2101 2553 2330 2618 clarior,

2327 2597 2330 2611 ι
2505 2551 2621 2604 ἰνα
2645 2550 2701 2603 δὲ
2731 2550 2822 2603 καὶ
2857 2549 2923 2601 δι’
2959 2548 3348 2621 ὑποδείγματος
3378 2554 3701 2623 σαφέστερον
3735 2555 3792 2608 τὸ
3821 2556 3951 2624 λεγό-

782 2648 1056 2713 ηιιαιι-ιιιυιο
1086 2644 1187 2699 hoc
1220 2658 1383 2710 anno,
1407 2643 1499 2713 qui
1528 2651 1611 2699 est
1631 2643 1792 2713 6885,
1819 2653 1949 2716 quot
1971 2646 2178 2699 dierum
2207 2644 2330 2697 luna

2434 2659 2592 2713 μενον
2614 2641 2856 2711 γένηται,
2890 2639 3089 2694 κείσθω
3119 2640 3298 2712 ζητεῖν
3337 2643 3485 2712 ,ἡμᾶς
3517 2643 3656 2696 κατὰ
3682 2644 3739 2697 τὺ
3764 2648 3949 2698 ἐνιστά-

779 2736 851 2789 sit
871 2731 995 2788 Maii
1024 2733 1303 2790 vicesimo.
1341 2733 1582 2794 Primum
1625 2735 1860 2792 radicem
1905 2737 2072 2798 illius,
2106 2736 2208 2790 boc
2248 2743 2331 2789 est

2432 2749 2589 2802 μενον
2611 2738 2796 2796 ,ςωπέ
2816 2730 2932 2794 έτος
2956 2732 3135 2784 πόσων
3151 2731 3371 2804 ἡμερῶν
3400 2735 3546 2786 ἐστιν
3570 2736 3598 2803 ή
3627 2735 3814 2805 σελήνη
3833 2737 3952 2788 κατὰ

780 2841 872 2889 xx,
921 2827 1236 2880 sumimus:
1286 2841 1351 2880 ac
1398 2827 1781 2897 prmtermissis
1831 2826 2092 2882 Januario
2135 2835 2188 2880 et
2239 2823 2333 2880 Fe-

2428 2823 2523 2894 τήν
2551 2829 2600 2876 κ’
2630 2822 2721 2875 τοῦ
2754 2822 2949 2877 Μαΐου.
2993 2822 3333 2893 Κρατοῦντες
3359 2819 3450 2876 οὖν
3479 2824 3570 2878 τὸν
3609 2825 3844 2894 θεμέλιον
3873 2828 3951 2879 aii-

777 2916 1018 2982 bruario,
1059 2925 1117 2971 ut
1157 2916 1250 2986 qui
1283 2916 1419 2971 nihil
1453 2918 1674 2973 omnino
1701 2918 2004 2984 conferant,
2038 2917 2328 2987 incipimus

2430 2911 2551 2981 τῆς,
2587 2918 2635 2964 κ’
2687 2911 3028 2981 ὑπάρχοντα,
3061 2909 3468 2982 παρὰτρέχομεν
3517 2913 3609 2964 τόν
3646 2929 3701 2965 τε
3745 2914 3950 2966 Ἰανωάο

765 3022 808 3061 -a
831 3007 1042 3071 Martio,
1075 3007 1143 3062 de
1187 3023 1295 3078 quo
1341 3007 1484 3063 diem
1536 3007 1711 3078 11χὲ
1768 3010 2038 3079 capimus,
2061 3024 2124 3064 ex
2159 3007 2328 3077 Aprili

2435 3019 2546 3073 ριον
2585 3002 2676 3054 καὶ
2705 3001 2796 3055 τὸν
2825 3001 3198 3072 Φεϐρουάριον,
3223 3003 3299 3066 ὼς
3331 3001 3654 3073 μὴ’ἔχοντας
3676 3005 3951 3074 εἰσενέγκαι

776 3097 900 3170 1/2,
923 3098 1014 3166 qui
1050 3096 1166 3152 dies
1198 3112 1321 3152 cum
1355 3097 1503 3153 boris
1533 3099 1601 3152 ad
1631 3114 1699 3152 xx
1729 3099 1966 3154 radicem
2000 3097 2188 3160 additi,
2219 3111 2324 3149 una
2352 3113 2393 3169 ο

2429 3110 2502 3144 τι.
2550 3091 2862 3162 Ἀρχόμενοι
2919 3091 2976 3142 δὲ
3025 3092 3132 3144 ἀπὸ
3185 3091 3277 3144 τοῦ
3329 3093 3574 3165 Μαρτίου
3634 3095 3951 3166 λαμϐάνομεν

774 3203 896 3242 cum
931 3204 1000 3242 xx
1048 3187 1238 3243 diebus
1271 3185 1417 3253 Maii,
1448 3187 1745 3242 coniiciunt
1799 3188 1937 3243 duos
1974 3196 2028 3242 et
2085 3184 2320 3256 quadra-

2428 3180 2611 3234 τούτου
2667 3180 2791 3251 μίαν
2819 3180 3021 3250 ἥμισυ,
3075 3180 3168 3232 καὶ
3193 3179 3283 3233 τοῦ
3321 3182 3591 3252 Ἀπριλίου
3633 3183 3829 3254 ἥμισυ,
3871 3185 3948 3239 αἳ.

761 3279 940 3350 ginta.
973 3278 1229 3334 Deductis
1259 3294 1389 3350 ergo
1411 3296 1538 3334 xxrx
1567 3280 1689 3352 1/2,
1710 3281 2092 3351 relinquuntur
2117 3293 2190 3334 xu
2216 3276 2319 3348 1/2

2428 3271 2563 3342 μετά
2585 3271 2688 3324 τῶν
2713 3277 2760 3323 κ’
2789 3270 2882 3323 τοῦ
2906 3270 3152 3341 θεμελίου
3180 3271 3616 3343 προστιθέμεναι,
3658 3275 3830 3327 καὶαι
3869 3273 3949 3326 τοῦ

770 3369 906 3424 dies.
940 3367 1105 3439 Igitur
1127 3370 1384 3424 vicesimo
1413 3369 1499 3425 die
1517 3369 1638 3424 Maii
1669 3378 1881 3426 aetatem
1910 3371 2053 3425 lunae
2081 3369 2316 3424 dicimus

2428 3365 2596 3416 Μαΐου
2626 3367 2695 3424 κ’,
2735 3363 2970 3429 γίνονται
3015 3362 3121 3432 μϐ’.
3153 3362 3595 3434 Ἐκϐεϐλημένων
3623 3363 3710 3418 οὖν
3741 3367 3849 3419 τῶν
3881 3367 3950 3420 κθν

757 3473 890 3515 esse
919 3460 1125 3514 dierum
1163 3476 1237 3514 ιιι
1262 3459 1384 3530 1/2.
1517 3531 1525 3535 _

2421 3453 2486 3508 S"
2517 3453 2769 3524 ἡμερῶν,
2815 3452 3242 3524 κατελείφθησαν
3277 3455 3371 3507 καὶ
3409 3456 3475 3507 ιϐ’
3511 3455 3576 3509 S"
3610 3458 3827 3528 ἡμέραι.
3863 3458 3948 3510 Λέ-

766 3570 932 3626 γομεν
988 3549 1080 3607 οὖν
1120 3550 1255 3608 εἶναι
1301 3556 1398 3626 τὴν
1446 3554 1671 3626 σελήνην
1696 3553 1835 3609 κατὰ
1876 3554 1975 3626 τὴν
2028 3555 2322 3628 εἰρημένην
2349 3548 2395 3606 δέ
2425 3548 2517 3602 τοῦ
2551 3548 2723 3600 Μαΐου
2765 3547 2931 3617 μηνὸς
2964 3546 3029 3598 ιϐ’
3056 3549 3225 3617 ἥμισυ
3252 3544 3492 3619 ἡμερῶν.

764 3682 906 3747 Quot
944 3679 1101 3738 horas
1132 3682 1257 3734 (una
1303 3680 1533 3753 singulis
1567 3682 1803 3753 noctibus
1832 3682 2030 3748 luceat,
2057 3681 2312 3753 quomodo

2419 3679 2605 3743 Ὅπως
2636 3675 2730 3730 δεῖ
2755 3677 3227 3753 εὑρίσκεινξκαί.
3251 3678 3445 3753 πόσας
3476 3677 3631 3753 ὥρας
3659 3681 3694 3746 ή
3727 3681 3945 3747 σελήνη

1321 3745 1486 3820 ροξςδίι
1518 3752 1754 3804 inveniri.
2018 3745 2025 3748 ’
2069 3745 2080 3753 ’
2677 3749 2945 3815 φαίνεται

2069 3745 2080 3753 ’
2677 3749 2946 3815 φαίνεται
2971 3748 3096 3798 καθ’
3122 3745 3387 3813 ἑκάστην
3419 3745 3693 3816 ἑσπέραν.

834 3839 944 3895 VII.
977 3837 1131 3895 Scire
1174 3839 1400 3895 forsitan
1430 3841 1664 3911 cupienti
1693 3839 1789 3895 tibi
1817 3843 1951 3911 'qu0t
1977 3840 2140 3897 horas
2179 3841 2308 3896 luna

2483 3837 2553 3892 Z'.
2600 3836 2854 3890 Ποθοῦντί
2920 3853 2999 3888 σοι
3071 3835 3114 3888 δ’
3184 3835 3310 3898 ι’σως
3377 3837 3573 3891 εἰδέναι
3621 3839 3708 3891 καὶ
3795 3840 3945 3899 πόσας

763 3939 886 4000 post
911 3945 1165 4000 vesperas
1203 3930 1446 3999 singulas
1489 3945 1764 3994 crescens.
1802 3931 2192 3987 decrescensve
2224 3933 2304 3987 lu-

2428 3928 2560 4001 ὒρας
2595 3930 2629 3998 ή
2664 3927 2856 3998 σελήνη
2884 3927 3060 3996 φαίνει
3086 3927 3223 3981 καθ’
3263 3921 3499 3999 ἑκάστην
3545 3930 3778 4001 ἑσπέραν
3807 3932 3944 3998 αὐξο-

761 4027 902 4084 ceat,
937 4019 1037 4074 hoc
1059 4019 1302 4090 impigre,
1333 4033 1434 4074 nec
1458 4018 1762 4088 importune
1795 4021 1889 4074 tibi
1916 4028 2064 4075 certa
2097 4021 2308 4077 ratione

2414 4022 2563 4090 μένη-
2582 4037 2639 4072 τε
2666 4020 2757 4072 καὶ
2784 4019 3096 4090 μειουμένη,
3127 4021 3224 4074 οὑκ
3257 4022 3440 4092 ἀργῶς
3475 4023 3582 4075 οὐδ’
3607 4023 3848 4094 ἀκαίρως
3876 4041 3941 4075 σοι

760 4111 1272 4165 demonstrabimus.
1311 4107 1483 4175 Luna,
1514 4120 1798 4179 postquam
1834 4120 1958 4164 nata
1982 4124 2086 4176 est,
2111 4114 2308 4168 crescit
2346 4143 2351 4148 -

2346 4143 2351 4148 -
2404 4110 2606 4164 καὶτὸν
2631 4111 2755 4181 περὶ
2778 4109 2966 4163 τούτου
2991 4109 3145 4177 λόγον
3179 4111 3499 4181 ἐπιθήσομεν.
3519 4113 3578 4164 Ἠ
3600 4111 3795 4184 σελήνη
3824 4115 3943 4182 μετὰ

759 4201 826 4255 ad
873 4217 942 4255 xv
993 4199 1143 4265 dies;
1195 4214 1260 4254 ac
1301 4200 1524 4255 totidem
1566 4201 1690 4271 plus
1752 4201 1932 4257 minus
1974 4203 2136 4271 pleno
2176 4202 2310 4256 orbe

2401 4201 2463 4253 τδ
2490 4201 2811 4272 γεννηθῆναι
2843 4201 3058 4266 αὐξάνει
3096 4200 3193 4270 μὲν
3226 4201 3383 4270 μέχρι
3410 4204 3508 4272 τῆς
3532 4202 3592 4255 ιε’
3888 4200 3943 4273 ἧς

758 4293 918 4346 lucet.
954 4289 1082 4346 Inde
1122 4292 1380 4362 paulatim
1422 4293 1490 4346 ad
1533 4292 1870 4346 tricesimum
1903 4308 2074 4362 usque
2120 4292 2308 4348 decre-

2432 4291 2551 4354 ντδς
2571 4292 2661 4344 ὲπί
2678 4309 2735 4344 τε
2759 4290 2821 4344 τὸ
2835 4291 2994 4344 πλέον
3017 4290 3182 4344 καὶτὸ
3197 4290 3413 4343 ἔλαττον
3435 4293 3638 4358 γίνεται
3663 4297 3761 4347 καὶ
3784 4297 3818 4366 ἡ
3837 4296 3942 4349 ταὺ-

755 4384 878 4444 scit,
910 4398 1021 4453 quo
1049 4383 1136 4436 dic
1167 4383 1381 4451 penitus
1409 4383 1530 4438 luce
1557 4383 1768 4438 defecta
1795 4399 1988 4439 rursus
2025 4384 2177 4439 nasci
2205 4398 2303 4438 no—
2332 4444 2369 4455 ἢ

2332 4444 2369 4455 λ
2402 4399 2500 4449 της
2517 4381 2796 4451 άπόχυσις.
2815 4380 2944 4433 Ἀπὸ
2964 4379 3164 4450 ταύτης
3183 4380 3226 4433 δ’
3246 4380 3471 4452 ἄρχεται
3498 4383 3778 4452 μειοῦσθαι
3801 4385 3940 4455 μέχρι

752 4488 817 4526 vn
861 4475 1068 4544 incipit.
1094 4473 1272 4544 Igitur
1326 4473 1631 4543 quindecim
1695 4474 1805 4529 illis
1856 4474 2174 4528 incrementi
2215 4473 2298 4529 sui
2332 4444 2376 4498 Β

2332 4444 2376 4498 D
2406 4444 2506 4541 της
2537 4470 2599 4535 λ’,
2627 4444 2749 4523 καθ’
2778 4472 2842 4542 ἢν
2873 4444 3197 4524 ἐκλείπουσα
3225 4444 3462 4538 τελείως,
3498 4444 3774 4542 άρχομένη

752 4565 964 4629 diebus,
1009 4565 1115 4620 sub
1152 4565 1384 4634 primam
1417 4578 1696 4633 vesperam
1748 4563 2021 4633 scrupulis
2066 4571 2303 4632 quatuor

2407 4565 2659 4630 γεννᾶται
2704 4563 2817 4616 νέα.
2871 4563 2959 4615 Ἐν
2998 4564 3116 4624 ταῖς
3141 4562 3460 4633 εἰρημέναις
3501 4559 3593 4617 αὖ*
3620 4564 3678 4616 ιε’
3720 4565 3938 4634 ἡμέρας

753 4656 896 4709 lucet
955 4672 969 4710 :
1027 4655 1130 4709 sub
1185 4649 1501 4718 secundam,
1558 4668 1688 4717 vm;
1741 4653 1846 4708 sub
1890 4652 2130 4717 tertiam,
2166 4669 2296 4709 xit:

2404 4655 2503 4724 τῆς
2530 4653 2806 4723 αὐξήσεως
2837 4653 3005 4723 αὐτῆς
3037 4653 3236 4724 λάμπει
3275 4654 3374 4724 τὴν
3402 4655 3500 4724 μὲν
3546 4653 3768 4725 πρώτην
3799 4655 3939 4709 έσπέ.

751 4756 912 4817 atque
939 4747 1014 4801 ita
1042 4734 1299 4816 deinceps
1322 4761 1497 4815 usque
1523 4733 1591 4800 ad
1625 4744 1766 4801 diem
1797 4761 1887 4811 xv,
1917 4744 1992 4799 ita
2022 4752 2079 4798 ut
2108 4745 2294 4815 singu-

2407 4761 2506 4817 ραν
2535 4743 2706 4798 λεπτὰ
2731 4743 2795 4809 δ’,
2824 4743 2919 4814 τὴν
2951 4744 3006 4798 δὲ
3036 4744 3291 4816 δευτέραν
3321 4744 3394 4814 η’,
3419 4740 3517 4814 τὴν
3553 4745 3608 4797 δὲ
3637 4746 3827 4816 τρίτην
3849 4745 3935 4798 t6"

752 4836 814 4889 lac
846 4844 1034 4890 noctes
1059 4852 1112 4888 IV
1141 4835 1340 4890 addant
1369 4836 1645 4905 scrupula,
1676 4834 1984 4905 cujusmodi
2025 4835 2079 4889 in
2099 4835 2294 4899 horam

2404 4840 2497 4891 καὶ
2512 4838 2738 4909 καθεξῆς
2755 4838 2950 4910 ὁμοίως
2967 4837 3125 4908 μέχρι
3140 4836 3247 4889 τῶν
3271 4835 3350 4900 ιε’,
3365 4836 3805 4908 προστιθεμένων
3817 4839 3936 4904 αξιτῇ

747 4923 1042 4993 quamlibet
1067 4923 1404 4993 imputantur
1430 4940 1482 4978 v.
1515 4925 1700 4994 Itaque
1725 4940 1848 4979 cum
1895 4924 1964 4979 ad
2004 4941 2072 4978 xv
2100 4940 2297 4999 vespe-

2403 4929 2526 4984 καθ’
2575 4929 2810 4999 ἑκάστην
2838 4929 3074 4998 ἑσπέραν
3116 4925 3318 4980 λεπτῶι
3353 4927 3396 4980 δ’
3403 4967 3417 4990 ,
3457 4927 3493 4982 ἃ
3531 4927 3594 4999 δὴ
3623 4929 3797 4982 λεπτὰ
3844 4931 3939 4982 ela-

748 5030 861 5069 ram
894 5016 1227 5085 pervenerit,
1262 5023 1319 5068 ut
1361 5015 1516 5085 plena
1548 5017 1778 5081 dicatur,
1807 5016 1951 5086 quod
1986 5025 2116 5075 tunc
2163 5017 2297 5073 solis

2403 5021 2620 5088 άγονται
2653 5022 2711 5072 ὲν
2740 5020 2838 5090 μιᾷ
2866 5019 3066 5088 ἑκάστη
3088 5017 3206 5089 ὥρα
3233 5017 3294 5073 ε’.
3321 5017 3574 5071 Nicaea
3601 5019 3732 5087 γοῦν
3767 5019 3863 5090 τὴν
3887 5016 3935 5070 ιε’

734 5106 912 5161 radiis
957 5114 1067 5162 tota
1116 5107 1498 5169 collustrctur,
1532 5108 1784 5183 scrppula
1825 5091 1892 5161 u'
1926 5122 1990 5162 ea
2023 5115 2182 5163 nocte
2212 5107 2298 5160 lu-

2400 5110 2656 5180 έσπέραν.
2673 5110 2791 5179 ἥτις
2820 5109 2914 5160 καὶ
2945 5105 3271 5176 πανσέληνος
3295 5108 3556 5169 καλεῖται,
3576 5109 3665 5161 διὰ
3689 5111 3754 5162 τὸ
3780 5111 3937 5162 πᾶσαν

744 5203 846 5260 cet,
885 5212 1004 5267 qua:
1056 5207 1184 5252 sunt
1219 5198 1365 5253 horae
1409 5213 1506 5254 xu.
1563 5197 1696 5252 Nam
1739 5207 1931 5271 quater
1982 5198 2291 5268 quindecim

2402 5202 2529 5271 παρ’
2557 5201 2723 5270 αὐτῆς
2754 5197 3099 5266 φωτίζεσθαι,
3128 5198 3332 5269 λάμπει
3377 5199 3516 5253 κατὰ
3546 5199 3754 5271 ταύτην
3786 5198 3935 5254 λεπτὰ

744 5294 870 5339 sunt
891 5302 980 5352 ιι,
1026 5293 1080 5341 et
1115 5287 1405 5359 quinquies
1453 5286 1735 5341 duodecim
1767 5287 1952 5342 itidem
1987 5302 2077 5340 ιι.
2114 5288 2294 5365 Quare

2395 5290 2460 5357 ξ’,
2488 5292 2654 5362 ἡγουν
2690 5290 2836 5360 ὧρας
2868 5287 2956 5343 ιϐ’.
2988 5289 3252 5360 Τετράκις
3273 5289 3380 5359 γάρ
3422 5288 3492 5342 τὰ
3529 5289 3590 5341 ιε’
3618 5289 3663 5354 ξ’
3690 5292 3933 5358 γίνονται.

743 5377 788 5431 si
851 5393 1014 5448 nosse
1064 5380 1218 5447 cupis
1263 5387 1395 5450 quot
1438 5380 1600 5433 horas
1636 5378 1864 5449 singulis
1892 5380 2144 5435 noctibus
2169 5395 2292 5434 cre-

2395 5381 2488 5435 xal.
2514 5381 2777 5444 πεντάκις
2796 5379 2864 5433 τὰ
2893 5378 2960 5432 ιϐ’
2990 5379 3150 5434 πάλιν
3169 5379 3233 5446 ξ’.
3257 5381 3318 5432 Ei
3343 5375 3435 5431 οὖν
3459 5379 3638 5448 βούλει
3664 5383 3935 5449 γινώσκειν

740 5472 1036 5526 sccnsluna
1063 5463 1397 5537 luceat.vide
1419 5480 1550 5532 auot
1579 5472 1694 5528 dies
1722 5479 1854 5529 aetas
1874 5472 2019 5530 illius
2053 5473 2286 5540 habeat;

2391 5473 2564 5537 πόσας
2580 5472 2727 5544 ὥρας
2752 5471 2930 5542 φαίνει
2947 5469 3068 5525 καθ’
3091 5471 3323 5526 ἕκαστον
3338 5469 3574 5541 ἑσπέραν
3592 5471 3934 5545 αὐξανομένη,

813 5691 853 5722 ⁸⁸
880 5691 919 5759 f.
950 5688 1230 5762 πληρωθῇ.
