4046 6320
186 417 320 471 1325

1298 424 1515 479 ISAACI
1541 425 1854 481 MONACHI
1889 427 2281 486 COMPUTUS.

3227 424 3358 478 I326

180 531 401 603 εὖρισκε
440 544 613 591 πόσων
639 537 855 607 ἡμερῶν
893 539 1163 608 τυγχάνει,
1188 542 1279 594 καὶ
1303 542 1522 605 ταύταις
1547 543 1721 606 διδοὺς

1825 559 1918 613 pro
1937 560 2262 615 unoquoque
2286 544 2373 601 die
2387 542 2637 613 scrupula
2665 556 2716 596 tv
2741 538 2923 611 accipe
2958 555 2971 591 :
3005 553 3268 595 summam
3300 556 3363 592 ex

180 623 285 677 ἀνὰ
324 624 490 677 λεπτὰ
536 626 598 689 δ’,
642 630 708 679 τα
748 628 1080 696 συναγόμενα
1129 631 1299 684 λεπτὰ
1350 631 1533 703 μέριζε
1572 634 1723 703 παρὰ

178 714 272 765 τὸν
324 713 383 777 ε’,
414 714 727 784 μεταϐαλὼν
772 718 850 779 εἰς
885 716 1064 788 ὥρας·
1109 721 1202 772 καὶ
1247 721 1384 786 ἔξεις
1429 722 1486 774 τὺ
1530 721 1721 793 ζητού-

183 820 363 871 μενον.
396 805 660 869 Ὡσαύτως
693 808 784 859 καὶ
818 807 953 875 μετὰ
975 808 1070 878 τὴν
1095 811 1373 880 άπόχυσιν,
1396 813 1555 882 ἦγουν
1585 813 1721 881 μετὰ

178 892 278 961 τὴν
307 892 367 944 ιε’
388 893 557 962 αὐτῆς
593 896 821 964 ἡμέραν,
857 898 903 948 εἰ
926 896 1107 967 βούλει
1139 900 1409 970 εὑρίσκειν
1445 902 1541 964 τὰς
1574 902 1722 973 ὧρας

178 984 278 1053 τῆς
301 984 511 1050 φάσεως
532 985 718 1054 αὐτῆς,
746 987 905 1054 ἄφελε
937 989 1042 1041 ἀπὸ
1065 990 1175 1043 τῶν
1205 990 1269 1043 ιϐ’
1293 992 1447 1063 ὡρῶν
1476 994 1573 1063 τῆς
1596 994 1721 1065 ὅλης

179 1081 372 1136 νυκτὸς
435 1074 553 1126 καθ’
601 1077 833 1147 ἑκάστην
892 1080 1128 1152 ἑσπέραν
1171 1083 1277 1135 τῶν
1343 1085 1755 1155 παρελθουσῶνι

179 1162 351 1216 λεπτὰ
380 1165 443 1227 δ’,
473 1166 562 1218 καὶ
600 1168 656 1219 αἱ
689 1165 1137 1241 καταλειπόμεναι
1173 1168 1335 1245 ὧραι,
1364 1177 1395 1246 ἢ
1428 1178 1518 1229 καὶ
1554 1178 1724 1232 λεπτά

182 1257 302 1323 μετ’
329 1256 523 1320 αὐτῶν,
555 1257 705 1311 ἔσται
738 1262 769 1329 ἡ
798 1260 992 1328 φαῦσις
1022 1263 1208 1333 αὐτῆς.
1237 1267 1305 1318 Ἦ
1337 1269 1428 1319 καὶ
1462 1268 1650 1331 άλλως.

251 1343 484 1433 Εὖρισκε
536 1347 713 1399 πόσων
755 1350 971 1433 ἡμερῶν
1010 1353 1239 1423 ὑπάρχει
1276 1356 1380 1408 άπὸ
1410 1359 1507 1427 τῆς
1539 1361 1723 1431 γεννή-

181 1449 319 1521 σεως
357 1436 522 1505 αὐτῆς
556 1437 712 1505 μέχρι
738 1438 831 1506 τῆς
881 1442 1019 1521 μετὰ
1058 1443 1157 1513 τὴν
1203 1444 1462 1513 ἁπόχυσιν
1488 1449 1721 1520 ἡμέρας,

180 1520 304 1625 κμθ⁹
330 1524 394 1592 ἣν
424 1524 599 1593 ζητεῖς
627 1528 722 1588 τὰς
766 1528 911 1598 ὥρας
942 1531 1033 1582 τοῦ
1078 1535 1351 1604 φωτισμοῦ
1392 1538 1579 1606 αὐτῆς.
1613 1540 1722 1602 Τὰς

178 1612 276 1662 οὖν
306 1612 555 1675 τοιαύτας
601 1616 807 1686 ἡμέρας
859 1620 1105 1691 ἀφαιρῶν
1147 1624 1253 1677 ἀπὸ
1292 1626 1399 1677 τῶν
1436 1628 1500 1692 λ’,
1536 1631 1721 1699 κράτει

177 1703 280 1763 τὰς
313 1704 753 1773 καταλειφθείσας
800 1710 989 1780 μέχρις
1036 1713 1202 1782 αὐτῆς
1242 1716 1367 1786 ὅλης
1411 1719 1507 1787 τῆς
1534 1720 1599 1784 λ’,
1636 1718 1723 1786 αἷς

176 1790 353 1855 διδοὺς
386 1796 485 1847 ἀνὰ
516 1795 682 1848 λεπτά
711 1798 771 1861 δ’,
802 1801 867 1852 τὰ
895 1802 1001 1854 ἀπὸ
1030 1805 1230 1858 τούτων
1257 1792 1512 1879 γινόμενα
1546 1812 1721 1866 πάντα

1824 637 2076 693 omnibus
2105 638 2386 692 collectam
2410 636 2626 706 partire
2653 648 2748 709 per
2780 649 2834 696 ν,
2874 640 2927 687 et
2958 646 3053 701 pro
3083 630 3149 685 iis
3175 631 3363 699 singu-

1825 727 1907 781 las
1934 727 2096 781 horas
2122 742 2345 803 numera
2380 746 2393 781 :
2423 728 2645 782 habebis
2678 727 2781 780 hoc
2812 723 2971 778 modo
3000 721 3141 790 quod
3167 720 3365 790 quaeri-

1825 827 1933 871 tur.
1977 818 2237 872 Similiter
2274 826 2394 887 post
2432 816 2807 887 plenilunium,
2858 813 2960 866 hoc
2998 818 3083 865 est
3127 817 3250 880 post
3297 823 3363 861 xv

1826 906 1967 961 diem
2006 908 2165 989 Ιιιηαδ,
2193 914 2249 961 ut
2278 908 2461 973 horas,
2509 906 2709 977 quibus
2741 905 2904 967 lucet,
2933 915 3239 970 assequare,
3270 897 3379 957 de-i

1826 997 1981 1051 trahe
2034 988 2102 1051 de
2142 997 2293 1052 horis
2347 1012 2421 1050 xu
2473 997 2696 1063 integra:
2747 994 2941 1059 noctis,
2984 1006 3081 1062 pro
3130 988 3365 1059 qualibet

1825 1094 2015 1139 exacta
2059 1097 2216 1142 nocte
2246 1087 2499 1156 scrupula
2533 1102 2584 1141 tv
2622 1104 2635 1139 :
2673 1084 2816 1153 quod
2856 1083 3125 1152 reliquum
3156 1077 3240 1134 est
3265 1077 3365 1131 lio-

1824 1190 2032 1239 rarum,
2082 1177 2164 1231 vel
2212 1178 2622 1246 scrupulorum,
2674 1182 2887 1242 tempus
2926 1177 3009 1227 est
3048 1183 3157 1240 quo
3202 1167 3361 1221 lucet.

1826 1262 1955 1319 item
1981 1266 2087 1319 alio
2106 1248 2287 1321 modo.

1899 1354 2047 1409 Scito
2076 1365 2207 1425 quot
2259 1357 2375 1411 dies
2412 1353 2681 1422 interjecti
2714 1352 2840 1406 'sint
2892 1364 2923 1403 a
2972 1362 3108 1403 nova
3143 1347 3268 1400 luna
3298 1343 3365 1398 ad

1819 1444 2159 1515 'propositum
2193 1448 2336 1501 diem
2389 1446 2682 1515 plenilunio
2724 1441 3105 1512 posteriorem,
3142 1449 3249 1505 quo
3279 1435 3369 1489 die

1827 1540 2088 1611 quaeritur
2107 1544 2239 1607 quot
2268 1533 2415 1590 horis
2448 1535 2643 1588 luceat.
2678 1531 2951 1586 Summam
2976 1531 3185 1584 dierum
3215 1528 3368 1583 aufer

1830 1632 1899 1685 de
1930 1646 2072 1683 xxx:
2106 1628 2246 1698 quod
2264 1633 2507 1696 superest
2535 1624 2602 1677 ad
2631 1622 2957 1677 tricesimam
2987 1635 3157 1689 usque
3182 1620 3364 1673 lunam

1828 1723 2039 1791 accipe;
2088 1737 2187 1790 pro
2228 1719 2456 1788 singulis
2504 1715 2694 1770 diebus
2735 1713 2965 1767 residuis
3022 1710 3277 1779 scrupula
3311 1723 3366 1761 tv

1828 1820 2078 1881 computa
2102 1830 2113 1864 :
2135 1810 2414 1864 collectam
2437 1822 2501 1861 ex
2529 1805 2779 1860 omnibus
2802 1816 3064 1875 summam
3084 1801 3367 1870 scrupulo-

179 1882 353 1935 λεπτὰ
389 1885 572 1955 μέριζε
616 1890 763 1961 παρὰ
814 1892 919 1944 τῶν
960 1893 1033 1945 ε’·
1080 1898 1171 1948 καὶ
1223 1897 1441 1973 μαθήσῃ
1486 1901 1721 1973 ἀκριϐῶς

1825 1919 1942 1956 rum
1988 1901 2189 1971 partire
2225 1915 2321 1969 per
2350 1916 2381 1950 v
2406 1916 2420 1950 :
2446 1899 2517 1951 ita
2551 1904 2698 1951 certo
2725 1893 3021 1963 comperies
3050 1900 3179 1963 quot
3202 1890 3367 1945 horas

180 1974 355 2036 πόσας
383 1976 526 2044 ὥρας
557 1980 648 2031 καὶ
673 1980 841 2034 λεπτὰ
876 1984 1309 2061 μέλλειλάμψαι.

248 2064 401 2162 ’Ἀλλ’
430 2068 723 2162 ἐπείπερ--ἡ
765 2073 984 2162 τοιαύτη
1024 2076 1243 2143 μέθοδος
1275 2080 1331 2130 ὲν
1371 2081 1571 2143 πάσαις
1608 2085 1725 2146 ταῖς

180 2155 280 2203 τοῦ
313 2155 551 2206 ἐνιαυτοῦ
586 2158 704 2221 νυξὶ
733 2160 808 2227 τῷ
833 2160 1048 2231 ἀριθμῴ
1078 2163 1185 2215 τῶν
1213 2164 1279 2215 t6’
1306 2166 1500 2236 χρῆται
1536 2169 1721 2239 ὡρῶν·

181 2244 315 2309 ἡμῖν
340 2242 382 2293 δ’
412 2246 463 2295 αἰ
505 2245 692 2309 νύκτες
730 2248 867 2300 κατὰ
919 2251 1013 2319 μὲν
1059 2251 1155 2321 τὴν
1206 2254 1424 2326 ἐαρινὴν
1466 2259 1557 2309 καὶ
1603 2260 1724 2327 φθι-

182 2334 483 2405 νοπωρινὴν
507 2336 807 2407 ἰσημερίαν,
826 2338 987 2407 ῆγουν
1004 2341 1140 2393 κατὰ
1158 2342 1245 2394 τὸν
1259 2344 1620 2416 Σεπτὲμὸριον
1636 2351 1727 2402 καὶ

182 2422 328 2472 κατὰ
346 2423 433 2474 τὸν
470 2425 705 2494 Μάρτιον
738 2427 891 2495 μόνον
929 2428 1137 2498 ἔχουσιν
1171 2433 1273 2485 ἀνὰ
1300 2434 1364 2485 ιϐ’
1393 2435 1570 2505 ὡρῶν,
1607 2438 1726 2489 καθ’

182 2510 244 2561 ὃν
274 2513 456 2581 καιρὸν
489 2516 578 2565 καὶ
614 2517 645 2585 ή
677 2515 897 2584 ρηθείσα
936 2519 1153 2586 μέθοδος
1181 2522 1422 2593 ἀσφαλής
1446 2526 1558 2575 ἐστι
1590 2527 1728 2579 κατὰ

182 2615 213 2649 τ
238 2615 283 2695 .5
316 2600 458 2695 ὧρας
480 2601 778 2695 ¹ἰσάζουσοι·
814 2606 948 2674 μετὰ
984 2607 1040 2659 δὲ
1080 2609 1168 2662 τὸν
1198 2611 1579 2683 Σεπτέμόριον,
1616 2633 1727 2685 χει-

188 2688 361 2755 μῶνος
393 2688 697 2753 φθάνοντος,
736 2691 833 2753 τὰς
871 2692 935 2743 ιϐ’
969 2693 1112 2764 ὥρας
1146 2697 1535 2768 ὑπερσαίνουσα
1567 2704 1598 2773 ή
1633 2705 1727 2768 νὺξ

187 2777 326 2829 κατὰ
362 2780 551 2850 μικρὸν
591 2782 865 2852 προϐαίνει
904 2786 1030 2856 ἄχρι
1064 2787 1171 2839 τῶν
1205 2796 1291 2841 ιε”
1336 2792 1592 2857 ὡσαύτως
1635 2798 1727 2848 καὶ

187 2868 324 2936 μετὰ
357 2870 443 2921 τὸν
471 2870 705 2939 Μάρτιον
738 2872 863 2943 ἄχρι
897 2874 991 2926 τοῦ
1019 2875 1204 2947 Θέρους
1234 2880 1493 2949 προϊοῦσα
1528 2885 1725 2954 κατέρ-

184 2975 337 3028 χεται
379 2962 456 3023 εἰς
483 2961 628 3030 ὥρας
657 2962 732 3014 θ”
786 2966 893 3019 κὰκ
939 2967 1124 3019 τούτου
1166 2971 1533 3038 ἀναφαίνεται,
1563 2973 1636 3036 ὡς
1667 2976 1725 3027 αἰ

185 3052 333 3119 παρὰ
356 3051 453 3121 τῆς
480 3055 767 3125 εἰρημένης
793 3056 970 3127 ψήφου
1001 3060 1399 3131 λαμϐανόμεναι
1427 3056 1561 3133 ὧραι
1582 3066 1727 3119 κατὰ

1824 2003 1879 2049 et
1904 1991 2159 2061 scrupula
2186 1991 2365 2044 lucere
2388 1987 2601 2041 debeat.

1896 2082 2001 2136 Sed
2047 2081 2300 2150 quoniam
2346 2077 2626 2132 methodus
2658 2075 2760 2129 ista
2795 2082 2982 2128 noctes
3028 2084 3215 2125 omnes
3266 2083 3365 2141 per

1826 2190 2025 2229 annum
2074 2179 2244 2226 totum
2295 2170 2461 2225 sumit
2510 2169 2763 2222 horarum
2805 2181 2902 2228 xu,
2940 2162 3079 2232 apud
3123 2177 3223 2216 nos
3274 2176 3365 2214 au-

1825 2272 1932 2317 tem
1974 2262 2077 2319 sub
2115 2276 2339 2315 vernum
2386 2266 2441 2314 et
2494 2256 2802 2311 autumnale
2841 2254 3099 2307 duntaxat
3125 2251 3377 2320 :equino-'

1826 2354 2017 2415 otium,
2042 2352 2142 2405 hoc
2158 2360 2238 2405 est
2263 2348 2564 2420 Septembri
2592 2355 2645 2401 et
2671 2345 2879 2406 Martio,
2913 2350 3094 2396 noctes
3108 2343 3363 2394 horarum

1827 2453 1951 2499 sunt
1971 2459 2042 2495 xu
2064 2460 2079 2508 ;
2105 2456 2212 2511 quo
2246 2450 2482 2508 tempore
2518 2436 2801 2490 methodus
2829 2444 3170 2501 nostra,qua:
3201 2431 3363 2483 hora-

1827 2550 1945 2587 rum
1983 2534 2339 2603 aaqualitatem
2362 2529 2625 2600 postulat,
2653 2541 2837 2580 errore
2868 2532 3051 2595 vacat:
3083 2529 3202 2592 post
3230 2520 3365 2589 Sep-

1833 2624 2092 2678 tembrem
2115 2662 2129 2684 ,
2180 2622 2504 2676 succedente
2545 2618 2740 2681 hieme,
2768 2631 2871 2670 nox
2908 2630 2982 2668 xu
3016 2615 3177 2668 horas
3205 2622 3362 2666 eme-‘-

1829 2713 1963 2767 dens
1995 2711 2253 2780 paulatim
2285 2708 2351 2762 ad
2384 2724 2451 2761 xv
2484 2720 2655 2774 usque
2686 2704 3058 2774 progreditur;
3084 2710 3204 2771 post
3224 2702 3364 2754 Mar-

1825 2803 1957 2855 tium
1986 2816 2198 2869 quoque
2224 2813 2393 2867 usque
2423 2795 2487 2849 ad
2522 2796 2763 2850 aestivum
2790 2792 3077 2847 solstitium
3107 2806 3362 2860 progres-

1827 2908 1945 2949 sum
1997 2893 2219 2955 faciens,
2260 2889 2324 2943 ad
2374 2889 2545 2943 horas»
2586 2902 2639 2939 Ix
2667 2882 2962 2949 decrescit;
2999 2898 3062 2935 ex
3093 2881 3361 2950 quoillud

1827 2990 2067 3054 apparet,
2107 2983 2267 3037 horas
2290 2980 2497 3034 calculo
2518 2978 2620 3033 isto
2647 2984 2882 3045 putatas,
2905 2974 2981 3027 uti
3017 2975 3071 3027 in
3100 2973 3362 3027 ambobus

1826 3072 2162 3141 atquinoctiis
2208 3068 2411 3123 similes
2458 3066 2795 3134 aqualesque
2832 3070 2982 3125 sunt,
3032 3062 3110 3117 sic
3152 3062 3205 3118 in
3240 3061 3365 3115 reli-

188 3141 286 3257 μὲν
326 3144 425 3207 τὰς
462 3144 850 3257 ὶδιὲληφθείσας
905 3150 1186 3221 ἰσημερίας
1228 3154 1361 3205 εἰσὶν
1407 3156 1586 3224 ὅμοιαι
1634 3158 1723 3208 καὶ

1829 3163 1951 3232 quis
1984 3160 2318 3230 temporibus
2348 3158 2478 3211 alias
2503 3156 2757 3222 majores,
2801 3154 2935 3208 alias
2960 3154 3195 3205 minores
3220 3165 3362 3211 esse.

187 3233 320 3295 ἴσαι,
352 3236 487 3288 κατὰ
517 3237 572 3288 δὲ
606 3237 762 3291 λοιπὰ
795 3240 886 3291 τοῦ
920 3243 1109 3310 χρόνου
1136 3244 1275 3313 μέρη
1306 3246 1432 3297 ποτὲ
1470 3246 1570 3315 μὲν
1608 3248 1723 3315 μεί-

183 3324 339 3387 ζονές
388 3328 523 3388 εἰσι,
584 3329 710 3381 ποτὲ
760 3330 813 3381 δὲ
853 3331 1159 3395 ἐλάττονες,
1208 3335 1263 3387 αἶ
1310 3338 1403 3387 καὶ
1444 3337 1726 3390 καλοῦνται

184 3415 429 3482 καιρικαί
453 3432 466 3446 ·
494 3419 621 3487 ἡμῖν
645 3419 699 3470 δὲ
720 3421 747 3471 ὁ
774 3421 967 3483 σκοπός
997 3424 1109 3474 ἐστι
1134 3423 1219 3476 διὰ
1240 3425 1344 3475 τῶν
1365 3425 1483 3478 καθ’
1500 3426 1725 3479 ἕκαστον

187 3506 330 3574 μῆνα
380 3508 737 3576 ἐνισταμένων
791 3509 916 3563 ἴσων
944 3511 1098 3582 ὡρῶν
1127 3553 1141 3576 ,
1189 3513 1486 3585 αὐξομένης
1523 3533 1583 3568 τε
1633 3518 1726 3569 καὶ

186 3598 512 3668 μειουμένης
542 3600 641 3669 τῆς
670 3599 887 3665 νυκτὸς,
918 3602 1188 3673 εὑρίσκειν
1214 3604 1311 3667 τὰς
1342 3605 1459 3657 καθ’
1494 3605 1725 3676 ἑκάστην

182 3686 423 3755 ἑσπέραν
451 3687 595 3756 ὧρας
627 3688 719 3741 τοῦ
744 3690 1019 3760 φωτισμοῦ
1050 3693 1215 3761 αὐτῆς
1235 3709 1247 3721 ·
1286 3694 1723 3764 ὑποδειχθήσεται

179 3778 382 3847 τρόπον
405 3779 465 3843 ¹⁶,
500 3780 644 3842 ὅπως
675 3781 924 3849 ἀσφαλῶς
966 3784 1058 3835 καὶ
1094 3784 1249 3836 τοῦτο
1278 3786 1581 3854 γενήσεται,
1632 3803 1726 3856 με·

182 3867 557 3938 ταόαλαμένων
584 3871 690 3923 τῶν
725 3872 1020 3941 εἰρημένων
1045 3875 1240 3926 άνίσων
1272 3874 1532 3943 καιρικῶν
1569 3874 1724 3947 ὡρῶν

183 3962 267 4021 εἰς
295 3961 390 4022 τὰς
421 3964 544 4031 παρ’
573 3964 699 4033 ἡμῖν
735 3964 872 4026 ἴσας,
901 3965 999 4027 τὰς
1026 3965 1357 4035 καλουμένας
1385 3967 1721 4036 ἰσημερινάςι

185 4050 344 4102 Ἔστι
374 4051 417 4102 δ’
439 4050 632 4113 οὕτως.

253 4139 485 4210 Εύρισκε
508 4143 717 4213 πρῶτον
740 4144 915 4198 πόσων
943 4146 1160 4216 ἡμερῶν
1188 4146 1416 4217 ὑπάρχει
1448 4148 1480 4215 ἡ
1509 4146 1721 4216 σελήνη,

180 4230 281 4283 καὶ
319 4234 485 4297 πόσας
516 4233 662 4304 ὥρας
707 4238 957 4306 καιρικὰς
1008 4238 1183 4307 μέλλει
1220 4239 1447 4307 λάμψαι,
1491 4238 1564 4300 ὡς
1589 4240 1726 4290 ἀνω-

1824 3267 1943 3321 qua:
1965 3260 2020 3305 et
2049 3248 2313 3320 καιρικαί,
2342 3246 2394 3299 id
2422 3255 2504 3299 est
2525 3244 2850 3309 temporaria:
2880 3243 3151 3295 dicuntur.
3180 3241 3247 3291 At
3277 3240 3364 3292 hic

1824 3344 1981 3397 nobis
2017 3339 2327 3409 propositus
2360 3342 2441 3390 est
2472 3349 2689 3401 scopus,
2709 3341 2767 3386 ut
2791 3328 2884 3401 per
2915 3329 3149 3399 aaquales
3179 3344 3373 3383 menso

1825 3431 2018 3500 quovis
2068 3428 2255 3487 horas,
2300 3416 2577 3478 crescente
2606 3422 2687 3475 vel
2717 3422 3059 3475 decrescente
3099 3416 3245 3477 luna,
3275 3430 3362 3467 re-

1823 3519 2095 3588 periamus
2119 3521 2321 3585 quanto
2347 3519 2470 3581 post
2514 3525 2791 3580 vesperam
2821 3524 3089 3578 quamque
3125 3517 3361 3575 tempore

1823 3610 1998 3664 luceat
2025 3626 2038 3661 :
2072 3608 2191 3662 Ideo
2220 3608 2357 3659 ratio
2384 3605 2626 3673 quaedam
2651 3604 2892 3657 tradetur
2918 3618 2946 3655 a
2971 3601 3145 3665 nobis,
3176 3615 3279 3669 qua
3308 3598 3363 3652 id

1823 3707 1971 3756 certo
2025 3698 2281 3767 consequi
2330 3697 2617 3765 possimus,
2661 3695 2739 3748 uti
2777 3694 3029 3747 nimirum
3075 3690 3364 3760 inaequales

1822 3789 1970 3843 hora:
2020 3788 2126 3842 illae
2166 3802 2231 3841 ac
2276 3786 2613 3856 temporariae
2657 3785 2711 3838 in
2760 3800 2873 3847 eas,
2927 3798 3061 3852 quas
3111 3794 3363 3835 vocamus

1821 3879 2243 3951 aquinoctiales,
2274 3886 2570 3933 mutentur.
2596 3876 2689 3929 Est
2718 3882 2895 3930 autem
2937 3872 3222 3943 ejusmodi.

1892 4148 2160 4218 Imprimis
2200 4153 2331 4217 quot
2359 4144 2567 4217 dierum
2613 4152 2745 4197 mtas
2789 4122 2930 4195 luna:
2969 4141 3039 4195 sit
3079 4140 3360 4210 investiga,

1823 4249 2058 4310 quotque
2103 4236 2456 4306 temporarias
2480 4235 2641 4287 horas
2664 4232 2843 4285 lucere
2865 4245 2983 4285 eam
3014 4238 3273 4301 oporteat,
3304 4240 3364 4286 ut

178 4320 328 4390 τέρω
373 4325 631 4392 ἀκήκοας.
694 4327 903 4390 Ταύτας
944 4324 1034 4381 οὖν
1081 4328 1539 4381 πολλαπλασίασω
1588 4329 1724 4397 μετὶι

1825 4333 1878 4385 in
1911 4330 2281 4399 superioribus
2304 4314 2639 4383 intellexisti.
2660 4322 2770 4378 llas
2795 4338 2915 4377 cum
2940 4322 3087 4378 horis
3108 4322 3363 4390 multipli-

178 4413 293 4463 τῶν
336 4413 511 4482 ὡρῶν,
546 4415 610 4477 ἂς
636 4416 742 4486 ἕχει
770 4420 896 4488 παρ’
935 4421 1062 4489 ἡμῖν
1084 4422 1117 4489 ἡ
1141 4420 1233 4485 νὺξ
1256 4420 1348 4471 τοῦ
1378 4420 1724 4488 ἐνισταμένου

1825 4436 1909 4485 ca,
1942 4435 2078 4489 quas
2115 4419 2253 4489 apud
2284 4432 2384 4470 nos
2414 4414 2674 4484 prOpositi
2705 4413 2907 4468 mensis
2937 4430 3042 4467 nox
3074 4413 3251 4475 habet,
3296 4414 3363 4466 de

184 4501 375 4570 μηνὸς,
400 4504 517 4556 καθ’
546 4505 603 4557 ὃν
630 4506 866 4577 δηλονότι
896 4513 927 4579 ὴ
964 4510 1187 4581 ζήτησις
1226 4512 1449 4580 γίνεται.
1476 4514 1591 4567 ’Καὶ
1628 4516 1719 4567 τὸν

1830 4527 1935 4581 quo
1960 4508 2208 4563 videlicet
2236 4505 2514 4575 quaaritur.
2558 4502 2832 4577 Summam
2851 4500 3126 4554 collectam
3157 4514 3221 4551 ex
3245 4514 3365 4568 per-

181 4592 542 4661 συναγόμενον
570 4595 676 4647 ἀπὸ
712 4597 895 4649 τούτου
930 4599 1157 4669 ἀριθμὸν
1210 4599 1395 4671 μέριζε
1438 4601 1526 4655 ἀεὶ
1572 4602 1723 4674 παρὰ

179 4680 277 4732 τὸν
306 4682 391 4744 ιϐ’,
422 4685 582 4753 ἦγουν
610 4688 699 4740 τὸν
736 4688 856 4757 ἀριο
866 4690 960 4758 μὸν
985 4690 1091 4742 τῶν
1119 4692 1378 4762 καιρικῶν
1402 4691 1586 4761 ὡρῶν⁹
1622 4692 1717 4745 καὶ

178 4770 355 4836 οὕτως
384 4774 520 4839 ἔξεις
550 4775 646 4847 τὴν
669 4777 776 4830 τῶν
799 4780 1047 4833 τοιούτων
1076 4782 1230 4849 ὡρῶν
1256 4783 1572 4854 μεταϐολήν.
1600 4780 1723 4837 Οἴον

180 4862 325 4915 ἔστω
360 4864 583 4935 δοκιμῆς
609 4868 796 4939 χάριν,
858 4870 1109 4942 πέμπτης
1140 4873 1305 4942 οὔσης
1353 4875 1450 4943 τῆς
1494 4876 1721 4945 σελήνης

180 4951 326 5005 κατὰ
351 4953 441 5005 τὸν
481 4957 820 5028 Ἰανουάριον,
852 4960 971 5013 καθ’
999 4961 1056 5014 ὃν
1091 4961 1200 5032 ἔχει
1248 4962 1375 5032 παρ’
1402 4964 1534 5033 ἡμῖν
1564 4965 1597 5033 ἠ
1626 4963 1722 5027 νὺξ

180 5045 336 5115 ὥρας
369 5045 448 5105 ιδ’,
481 5045 658 5115 ζητεῖν
701 5052 847 5117 ἡμᾶς
879 5051 1047 5113 πόσας
1074 5051 1220 5122 ὥρας
1264 5051 1443 5121 μέλλει
1490 5052 1719 5121 λάμψαι,

180 5139 279 5191 καί
337 5138 654 5209 εὑρίσκομεν
698 5142 836 5193 κατὰ
872 5144 967 5211 τὴν
1015 5143 1497 5215 ἀναγεγραμμένην
1542 5144 1723 5211 ἔφοδον

178 5228 356 5282 λεπτὰ
382 5227 449 5294 κ’,
473 5229 632 5300 ἤγουν
656 5229 801 5301 ὥρας
826 5232 1076 5302 καιρικὰς
1100 5234 1142 5285 δ’
1159 5250 1174 5264 ·
1199 5234 1264 5295 ἃς
1292 5234 1530 5296 θέλοντες
1560 5251 1723 5304 μετα·

182 5322 368 5374 ϐαλεῖν
396 5324 473 5385 εἰς
508 5324 837 5395 ἰσημερινάς,
873 5326 1403 5398 πολλαπλασιάςομεν
1439 5329 1638 5392 ταύτας
1660 5330 1723 5401 δὴ

180 5411 282 5473 τὰς
308 5411 352 5464 δ’
382 5413 529 5485 ὧρας
554 5416 688 5484 μετὰ
720 5414 825 5467 τῶν
870 5415 929 5468 ιδ’
948 5416 1125 5486 ὡρῶν,
1166 5418 1232 5480 ἃς
1272 5418 1381 5487 ἔχει
1421 5420 1453 5487 ἢ
1488 5418 1611 5483 νὺξ,
1652 5420 1725 5482 ὡς

182 5503 419 5573 εἴρηται,
462 5504 599 5557 κατὰ
652 5504 739 5558 τὸν
789 5507 1109 5577 Ἰανουάριον
1133 5526 1144 5537 ·
1176 5509 1432 5578 λέγομεν*
1462 5509 1725 5578 Τετράκις

180 5594 250 5649 τά
285 5593 347 5647 ιδ’
348 5634 366 5663 ,
388 5595 492 5658 νς’.
525 5597 705 5650 Ταῦτα
733 5598 786 5652 δὲ
806 5598 874 5652 τά
898 5599 983 5663 νς’
1010 5600 1301 5679 μερίζομεν
1328 5602 1475 5670 παρὰ
1507 5602 1597 5655 τὸν
1637 5601 1722 5667 ιϐ’,

259 5783 301 5815 ⁸⁸
328 5778 369 5847 Ῑ.
400 5778 613 5848 τρόπος.

1825 4609 1984 4672 petua
2015 4598 2197 4668 regula
2226 4596 2426 4666 partire
2456 4609 2549 4663 per
2580 4609 2676 4655 xn,
2707 4591 2897 4661 quiest
2917 4589 3360 4658 temporariarum

1826 4704 2084 4745 numerus
2126 4688 2400 4741 horarum.
2426 4682 2539 4738 Hoc
2567 4680 2725 4735 modo
2749 4680 3155 4735 conversionem
3195 4680 3358 4733 hora-

1826 4796 1946 4836 rum
1979 4776 2301 4848 assequeris.
2338 4773 2577 4841 Exempli
2616 4784 2799 4833 causa,
2834 4776 2893 4822 ut
2922 4768 3231 4823 methodum
3269 4784 3360 4837 pe-

1826 4874 2162 4928 riclitemur:
2204 4867 2363 4921 Sexta
2408 4865 2477 4919 sit
2518 4865 2644 4915 luna
2692 4876 2875 4915 mense
2919 4857 3197 4924 Januario,
3255 4875 3385 4933 quo.

1829 4965 2003 5019 noctis
2059 4962 2207 5015 hora:
2274 4964 2400 5012 sunt
2449 4950 2854 5023 quatuordecim
2906 4968 2918 5004 :
2965 4958 3017 5004 et
3061 4949 3367 5019 inquiratur

1828 5062 1958 5125 quot
2014 5054 2174 5106 horas
2220 5051 2344 5102 luna
2400 5054 2559 5101 nocte
2618 5045 2814 5097 luceat.
2868 5040 2944 5095 Ex
2987 5040 3077 5093 illa
3131 5040 3360 5101 ratione,

1828 5158 1985 5217 quam
2024 5142 2270 5212 superius
2312 5138 2693 5208 exposuimus,
2742 5136 2876 5188 ﬁunt
2918 5131 3123 5184 minuta
3173 5130 3361 5197 vigintl

1816 5253 1946 5309 quae
1978 5243 2104 5290 sunt
2150 5234 2297 5287 horae
2332 5230 2667 5300 temporaria:
2712 5234 2975 5295 quatuor;
3024 5238 3160 5293 quas
3204 5229 3271 5281 ut
3308 5221 3363 5274 in

1828 5326 2116 5396 aequabiles
2162 5328 2573 5386 convertamus,
2615 5318 2711 5373 has
2754 5316 2900 5384 ipsas
2936 5321 3168 5384 quatuor
3203 5312 3364 5367 horas

1830 5423 1882 5474 in
1914 5414 2350 5487 quatuordccim,
2387 5425 2521 5479 quas
2565 5423 2667 5461 nox
2716 5405 2899 5459 habet.
2929 5411 2989 5459 ut
3028 5403 3231 5457 dictum
3259 5410 3364 5464 est,

1828 5509 2085 5565 Januario
2125 5520 2346 5565 mense.
2384 5502 2675 5559 ducentes;
2725 5499 2799 5552 ita
2844 5496 3067 5552 dicimus
3109 5511 3123 5545 :
3165 5490 3369 5557 Quater

1829 5597 2233 5672 quatuordecim
2260 5593 2492 5651 emciunt
2522 5606 2617 5648 sex
2645 5607 2700 5645 et
2738 5586 3139 5659 quinquaginta.
3170 5582 3243 5638 Ea
3274 5597 3369 5655 per
