4112 6314
774 351 913 421 I327

1740 345 1825 399 AD
1863 342 2129 401 EUSEBII
2166 339 2558 413 CHRONICON
2596 339 2817 394 APPEN
2834 317 2963 396 [ΠΧ.

3826 341 3944 397 1328

772 466 1054 523 duodecim
1099 464 1387 535 partimur.
1426 462 1639 533 quoties
1684 468 1766 515 est
1804 460 1838 513 4
1884 460 2007 530 ὅμ.
2058 456 2302 512 Totidem

2428 456 2501 508 ιαὶ
2532 456 2721 526 ἀνήκει
2770 457 2950 518 αὐτοῖς
2993 456 3034 508 δ’
3078 458 3167 509 καὶ
3221 456 3491 526 δίμοιρον’
3539 456 3682 526 άπερ
3731 422 3864 509 εἰσὶν
3900 460 3943 508 at

773 544 1104 616 Iunt'hora!
1148 562 1379 625 quatuor
1428 566 1724 635 conversas.
1781 548 1888 605 Sed
1930 549 1996 603 de
2050 547 2135 604 his
2190 547 2320 601 bac-

772 658 952 709 tenus.

941 761 1213 828 Quomodo
1245 758 1601 813 inveniendum
1631 760 1697 811 sit
1726 756 1886 828 legale
1908 755 2137 810 Pascha.

846 869 979 925 VIII.
1047 867 1512 939 Camisprivium,
1564 868 1737 937 legale
1786 865 2033 928 Pascha,
2072 870 2318 938 sanctum

749 1055 952 1109 lorum
989 1052 1090 1105 hoc
1132 1051 1289 1105 modo
1320 1051 1575 1121 reperies.
1601 1049 1764 1103 Lunae
1797 1048 2063 1113 radicem,
2100 1046 2204 1100 hoc
2240 1055 2323 1101 est

776 1151 1043 1214 epactam,
1064 1158 1180 1214 qua:
1205 1144 1257 1197 in
1281 1158 1447 1197 cursu
1475 1148 1579 1206 est,
1602 1156 1695 1210 per
1717 1139 1968 1194 undecim
1990 1136 2319 1206 multiplica;

776 1250 1000 1293 summa:
1018 1235 1153 1289 adde
1187 1249 1281 1289 sex
1313 1234 1449 1295 dies,
1480 1231 1736 1287 nimirum
1766 1238 2035 1299 tres,quze
2049 1244 2114 1283 ex
2135 1236 2322 1298 postea

777 1335 1073 1383 memorato
1138 1325 1605 1396 sesquiscrupuli.
1676 1340 1739 1379 ac
1796 1327 1997 1378 triente
2044 1322 2321 1385 conﬁunt,

778 1434 897 1489 quae
927 1433 1088 1489 supra
1118 1417 1235 1473 dies
1262 1416 1331 1471 29
1365 1417 1465 1487 1/2
1496 1425 1831 1481 menstruum
1866 1416 2005 1469 lunae
2036 1414 2322 1468 circuitum

776 1510 976 1565 habere
1016 1508 1541 1574 demonstravimus;
1578 1514 1690 1562 tres
1719 1506 1844 1561 item
1880 1506 2013 1561 alias
2056 1506 2121 1559 ad
2166 1505 2325 1574 quin-

776 1602 1165 1671 quagenarium
1222 1598 1544 1669 explendum
1599 1609 1904 1649 numerum.
1958 1594 2002 1647 Α
2054 1607 2203 1657 xvu,
2262 1607 2325 1647 ac

756 1692 1034 1761 deinceps
1069 1705 1167 1760 pro
1214 1689 1390 1744 tribus
1440 1687 1576 1742 adde
1626 1692 1891 1756 quatuor;
1949 1682 2092 1753 quod
2148 1682 2325 1751 major

2420 546 2835 617 μεταϐληθεῖσαι
2870 541 3007 617 ὧραι
3055 546 3118 611 δ’,
3166 549 3435 615 γεγονυῖαι
3483 546 3525 599 δ’
3562 549 3653 599 καὶ
3697 547 3941 617 δίμοιρον.

2417 636 2676 709 Καιπερὶ
2708 639 2803 708 μὲν
2830 637 3031 691 τούτων
3053 637 3145 689 ἐπὶ
3166 636 3435 690 τοσοῦτον.

2547 749 2743 813 Ὅπως
2778 748 2871 802 δεῖ
2891 750 3192 817 εὑρίσκειν
3220 747 3283 802 τὸ
3316 750 3561 817 νομικὸν
3587 750 3824 818 Πάσχα.

2486 861 2569 915 H'.
2585 859 2694 932 Τὴν
2717 861 2773 915 δέ
2798 878 2858 929 γε
2887 862 3181 933 Ἀπόκρεω,
3203 862 3263 914 τὸ
3286 862 3505 932 νομικὸν
3534 864 3745 934 Πάσχα,
3767 863 3828 915 τὸ
3856 862 3945 914 τῶν
4050 882 4051 934 ξ

772 962 982 1018 Pascha
1022 960 1476 1029 Christianorum,
1510 959 1715 1028 jejunia
1748 966 2059 1013 sanctorum
2100 963 2318 1025 aposto-

2428 953 2756 1025 Χριστιανῶν
2781 952 2933 1020 ἀγιον
2962 954 3172 1021 Πάσχα,
3208 954 3304 1006 καὶ
3333 954 3428 1016 τάς
3458 954 3555 1024 τῆς
3580 955 3829 1025 νηστείας
3855 957 3945 1007 τῶν

2421 1040 2587 1111 ἁγίων
2622 1042 2929 1096 ἀποστόλων
2958 1044 3168 1115 ἡμέρας
3196 1046 3444 1115 εὑρήσεις
3471 1046 3637 1109 οὕτως
3656 1063 3671 1075 ·
3718 1047 3944 1099 Ἕνδεκα·
4050 1042 4051 1087 Ῑ

2421 1138 2680 1202 πλασίαζε
2715 1138 2806 1189 τὸν
2839 1136 3105 1189 ἐνεστῶτα
3148 1138 3242 1207 τῆς
3265 1137 3509 1207 ,σελήνης
3556 1139 3802 1209 θεμέλιον
3824 1157 3836 1169 ·
3868 1140 3944 1191 καὶ
4050 1136 4051 1197 ἶ

2421 1229 2495 1298 τῷ
2525 1228 2765 1297 γεγονότι
2799 1227 3012 1299 ἀριθμῷ
3057 1228 3331 1299 προστίθει
3376 1228 3586 1299 ἡμέρας
3618 1229 3691 1293 ς’,
3726 1231 3822 1293 τὰς
3865 1232 3944 1299 μὲν
4050 1294 4051 1305 γ

2420 1321 2469 1387 γ’
2494 1320 2589 1383 τὰς
2617 1320 3005 1389 συνισταμένας
3032 1320 3093 1373 ὲκ
3113 1319 3205 1372 τοῦ
3229 1319 3445 1372 ὄπισθεν
3467 1320 3752 1390 εἰρημένου
3772 1320 3943 1374 λεπτοῦ

2423 1411 2539 1474 ἑνὸς
2564 1412 2654 1463 καὶ
2685 1411 2925 1482 ἡμίσεος,
2954 1412 3047 1464 καὶ
3078 1402 3287 1482 τρίτου,
3322 1410 3459 1482 ἅπερ
3485 1411 3837 1464 κατεπέκεινα
3858 1412 3945 1463 τῶν
4050 1448 4051 1451 η

2423 1500 2505 1554 κθ¹
2528 1500 2593 1554 S"
2616 1500 2837 1571 ἡμερῶν
2868 1500 3005 1570 ἔχων
3032 1500 3340 1553 δέδεικταιὸ
3359 1500 3457 1570 τῆς
3478 1500 3702 1569 σελήνης
3727 1505 3944 1571 μηνιαῖος

2423 1591 2619 1654 κύκλος
2641 1609 2653 1621 ·
2690 1590 2786 1653 τὰς
2821 1591 2878 1644 δὲ
2905 1592 3094 1661 ἑτέρας
3120 1592 3171 1660 γ’
3202 1593 3280 1656 είς
3311 1592 3689 1662 ἀναπλήρωσιν
3720 1592 3811 1644 τοῦ
3840 1610 3943 1643 πεν-

2422 1682 2684 1755 τηκοστοῦ
2708 1682 2959 1754 ἀριθμοῦ.
2992 1683 3121 1735 Ἀπὸ
3136 1682 3193 1737 δὲ
3208 1683 3300 1737 τοῦ
3319 1682 3382 1746 ιζ’
3404 1686 3496 1736 καὶ
3516 1684 3639 1754 ἑξῆς
3656 1686 3777 1737 ἀντὶ
3795 1683 3890 1735 τῶν
3907 1684 3946 1751 γ
4050 1722 4051 1753 1

779 1783 994 1837 Illorum
1025 1781 1217 1835 modus
1241 1781 1296 1834 in
1324 1780 1392 1834 iis
1418 1780 1668 1833 exsistat.
1719 1775 1827 1830 Has
1856 1775 1973 1831 dies
2003 1775 2263 1843 adjunges
2294 1788 2323 1826 a

2428 1774 2799 1847 προστίθενται
2827 1775 2895 1827 δ’·
2930 1773 3115 1844 ἐπειδὴ
3139 1774 3335 1827 πλείων
3360 1777 3392 1845 ἡ
3415 1778 3634 1835 ἐκείνων
3658 1778 3881 1844 ποσότης
3900 1778 3946 1826 ὲν
4050 1836 4051 1847 γ

768 1875 954 1946 primo
974 1874 1125 1944 cyclo
1146 1872 1210 1927 ad
1232 1874 1497 1941 integrum
1521 1869 1788 1924 decimum
1809 1875 2040 1923 sextum.
2070 1867 2128 1920 In
2150 1866 2325 1921 tribus

2428 1866 2629 1930 τούτοις
2671 1865 2973 1933 συνάγεται.
3023 1866 3233 1928 Ταύτας
3268 1866 3323 1918 δὲ
3358 1866 3676 1938 προσθήσεις
3724 1868 3827 1920 ἀπὸ
3869 1869 3943 1920 τοῦ

779 1964 1003 2034 reliquis
1041 1979 1137 2033 pro
1161 1962 1334 2017 tribus
1362 1961 1528 2016 addes
1556 1970 1781 2030 septem.
1804 1958 1879 2013 De
1908 1972 2120 2013 summa
2151 1957 2322 2020 aufer,

778 2053 956 2127 quoad
990 2062 1164 2127 potes,
1195 2054 1438 2124 triginta.
1474 2051 1734 2114 Residuo,
1778 2049 1921 2120 quod
1950 2054 2033 2103 est
2063 2047 2202 2101 infra
2231 2048 2327 2101 tri-

780 2148 951 2219 ginta,
990 2145 1155 2200 ducto
1185 2144 1340 2199 initio
1369 2142 1448 2197 ab‘
1476 2141 1667 2196 Martio
1688 2180 1702 2203 ,
1750 2139 1883 2195 adde
1913 2146 2041 2210 quot
2079 2139 2183 2193 erit
2234 2153 2319 2191 ηε-

781 2252 936 2293 cesse
957 2236 1096 2300 dies,
1136 2234 1308 2289 donec
1335 2233 1725 2304 quinquaginta
1759 2230 2052 2297 compleas.
2096 2226 2154 2282 Si
2188 2225 2328 2280 Mar-

778 2323 891 2385 tius
922 2341 1032 2383 non
1080 2324 1340 2390 suiliciat,
1384 2322 1618 2392 reliquas
1655 2320 1771 2375 dies
1814 2335 1877 2373 ex
1909 2318 2077 2388 Aprili
2112 2317 2326 2381 sullice;

780 2418 954 2473 donec
995 2428 1293 2477 summam,
1326 2426 1487 2483 quam
1520 2410 1667 2471 dixi.
1700 2408 2089 2479 quinquaginta
2118 2405 2327 2460 dierum

781 2507 1002 2566 emcias.
1048 2504 1124 2560 Ea
1162 2504 1469 2575 ubicunque
1521 2503 1772 2567 desierit;
1812 2508 1937 2571 puta
1979 2500 2034 2551 in
2067 2499 2207 2551 hanc
2240 2503 2332 2550 aut

784 2599 934 2655 illam
972 2596 1171 2658 Martii,
1205 2594 1288 2649 vel
1332 2592 1535 2664 Aprilis
1579 2591 1745 2653 diem,
1781 2590 1835 2643 in
1869 2604 1986 2645 eam
2009 2586 2329 2650 Iudaicum,

784 2688 953 2759 legale
988 2687 1126 2744 scito
1168 2685 1377 2742 Pascha
1406 2684 1715 2741 convenire.
1745 2681 1915 2754 Cujus
1943 2681 2129 2738 feriam
2161 2699 2227 2738 ex
2268 2696 2331 2738 ea

785 2779 1058 2848 methodo,
1084 2792 1245 2849 quam
1293 2792 1457 2848 supra
1500 2776 1903 2846 proposuimus,
1934 2775 2024 2829 ubi
2072 2776 2329 2845 reperies,

785 2870 1032 2942 proxime
1077 2874 1334 2939 sequente
1378 2850 1654 2921 Dominica
1695 2865 1937 2936 ejusdem
1987 2865 2334 2943 hebdomadas

786 2965 1003 3018 noveris
1026 2969 1279 3029 sanctum
1325 2957 1761 3013 Christianorum
1801 2955 2010 3012 Pascha
2050 2946 2330 3012 celebrari.

770 3236 937 3291 ‘vium
967 3234 1211 3290 habebis.
1248 3232 1305 3287 Si
1343 3232 1414 3287 sit
1457 3247 1633 3287 annus
1675 3231 1991 3294 bissextilis,
2026 3244 2124 3300 pro
2164 3231 2339 3285 tribus

786 3326 926 3381 adde
977 3333 1227 3395 quatuor.
1273 3324 1443 3378 Porro
1491 3322 1536 3379 si
1581 3323 1719 3377 citra
1751 3337 1921 3377 xxvm
1964 3322 2103 3380 diem
2141 3321 2337 3387 Martii,

786 3412 1222 3470 Christianorum
1252 3425 1497 3469 sanetum
1527 3412 1737 3469 Pascha
1768 3412 1992 3475 incidat,
2022 3412 2339 3468 Januarium

788 3504 1140 3573 Carnisprivii
1171 3504 1289 3559 dies
1324 3504 1609 3558 obtinebit.
1652 3501 1765 3557 'Sin
1812 3503 1952 3557 ultra
1997 3519 2166 3558 xxvm
2200 3504 2341 3559 diem

790 3601 1069 3667 incurrat,
1099 3597 1393 3654 Februario
1431 3597 1716 3667 contingit.
1750 3597 1806 3652 Si
1842 3596 2047 3652 Pascha
2077 3599 2133 3652 in
2164 3600 2339 3669 ipsum

790 3690 950 3747 cadat
991 3704 1161 3744 xxvm
1211 3688 1388 3754 diem;
1441 3686 1488 3742 si
1525 3688 1740 3757 quidem
1775 3686 2072 3742 bissextilis
2096 3703 2203 3742 non
2240 3691 2343 3743 erit

790 3794 992 3844 annus,
1037 3776 1280 3833 Januarii
1315 3792 1443 3831 χιιι
1486 3775 1572 3832 die
1612 3775 2041 3848 Carnisprivjum
2083 3780 2205 3834 erit.
2245 3778 2341 3835 Et-

788 3871 935 3927 enim
980 3880 1105 3927 octo
1143 3878 1197 3925 et
1234 3869 1425 3941 viginti
1460 3884 1582 3925 rum
1630 3870 1801 3925 tribus
1843 3871 2242 3929 faciunt‘unum
2292 3884 2343 3928 et

790 3963 1033 4033 triginta.
1072 3961 1166 4017 Sin
1206 3962 1503 4018 bissextilis
1540 3962 1723 4027 fuerit,
1758 3962 2012 4019 Kalendis
2035 3963 2343 4019 Februariis

793 4050 1033 4119 incidet;
1074 4068 1196 4106 nam
1239 4053 1430 4123 viginti
1467 4060 1591 4106 octo
1644 4068 1767 4106 cum
1827 4062 2063 4123 quatuor
2108 4053 2245 4110 duos
2289 4065 2344 4110 et

791 4142 1013 4213 triginta
1038 4142 1333 4197 coniiciunt
1362 4162 1376 4197 :
1412 4143 1478 4199 de
1505 4144 1703 4219 quibus
1732 4144 1935 4199 relictis
1950 4142 2210 4200 Januario
2238 4160 2343 4199 uno

790 4243 849 4290 et
884 4234 1128 4303 triginta,
1164 4234 1405 4303 reliquus
1450 4244 1534 4289 est
1586 4251 1749 4311 unus,
1784 4234 1874 4305 qui
1906 4244 1989 4291 est
2030 4236 2202 4306 prima
2243 4234 2344 4292 Fe-

792 4325 997 4384 h‘uarii
1029 4323 1165 4379 dies.
1193 4324 1345 4398 Idem.
1369 4323 1535 4381 facies
1568 4337 1621 4382 et
1656 4327 1711 4381 in
1745 4327 1923 4382 Martii
1954 4343 2183 4391 xxtx,ac
2211 4344 2340 4393 xxx,

794 4415 879 4471 vel
910 4430 1059 4478 xxxi,
1092 4420 1148 4465 ut
1171 4414 1225 4467 in
1253 4413 1481 4483 reliquis
1511 4416 1668 4469 annis
1697 4414 1864 4471 addas
1892 4418 1996 4469 tria
2034 4436 2046 4471 :
2075 4417 2340 4472 bissextili

794 4497 932 4569 solo,
966 4511 1214 4573 quatuor,
1254 4512 1365 4556 tum
1413 4502 1680 4569 deductis,
1734 4511 1793 4557 ut
1844 4505 2047 4559 dictum
2078 4514 2161 4561 est
2190 4524 2339 4571 xm,

795 4609 861 4648 ac
900 4593 1172 4648 Jauuario’
1199 4594 1437 4659 tributis,
1469 4593 1610 4664 quod
1660 4595 1927 4664 reliquum
1969 4602 2073 4659 est,
2098 4598 2342 4667 assignes

795 4680 1121 4749 Februario;
1152 4699 1381 4753 quorum
1417 4685 1885 4741 dierum‘ultimus
1918 4693 2002 4741 est
2028 4686 2341 4758 Carnispri-

2428 1956 2643 2026 πρώτου
2677 1956 2873 2008 κύκλου
2911 1954 3100 2039 μέχρις
3129 1957 3249 2009 ὅλου
3296 1957 3387 2009 τοῦ
3425 1959 3526 2021 Lg"
3562 1960 3620 2012 ὲν
3645 1961 3700 2012 δὲ
3729 1963 3837 2023 τοῖς
3861 1961 3947 2011 λοι-

2426 2049 2546 2109 ποῖς
2576 2046 2751 2117 τρισὶν
2779 2048 2895 2100 ἀντὶ
2918 2034 3024 2101 τῶν
3050 2047 3214 2119 τριῶν
3243 2049 3567 2121 προσθήσεις
3586 2051 3629 2115 ζ’
3653 2054 3714 2105 ¹⁷.
3749 2055 3855 2107 Καὶ
3876 2055 3945 2105 τὸν
4050 2034 4051 2089 Ῐ

2428 2139 2785 2222 συναγόμενον
2816 2137 2975 2208 ὖφελε
3008 2139 3156 2211 παρά
3186 2136 3275 2193 τὸν
3302 2140 3365 2206 λ’,
3391 2141 3577 2205 ὁσάκις
3620 2144 3867 2215 ἐγχωρεῖ·
3893 2145 3947 2196 τά
4050 2178 4051 2222 ξ

2426 2228 2483 2281 δὲ
2528 2216 2960 2301 καταλειπόμενα
3013 2231 3253 2285 κάτωθεν
3299 2232 3407 2285 τῶν
3436 2233 3480 2285 λ’
3529 2236 3772 2305 κρατῶν,
3805 2238 3946 2305 ἄρχου

2378 2358 2388 2364 -
2429 2320 2535 2372 ἀπὸ
2564 2319 2657 2372 τοῦ
2713 2319 2988 2391 Μαρτίου,
3034 2322 3332 2377 ἐπιϐάλλων
3366 2324 3545 2387 αὐτοῖς
3594 2325 3800 2396 ἡμέρας
3844 2328 3947 2385 ὅστις
4050 2350 4051 2353 η

2428 2406 2612 2480 δεήσῃ,
2649 2410 2733 2463 ἵνα
2795 2407 2972 2484 σώσῃς
2996 2412 3060 2467 ν’.
3108 2411 3214 2465 Καὶ
3260 2414 3359 2467 οὐκ
3400 2414 3443 2447 ¹⁸
3496 2415 3713 2485 ἀρκέσει
3754 2416 3949 2486 μόνοςό
4050 2454 4051 2459 η

2429 2500 2690 2571 Μάρτιος,
2719 2502 2958 2573 λάμϐανε
2992 2504 3090 2566 τὰς
3134 2504 3457 2576 λειπομένας
3490 2508 3569 2570 είς
3612 2508 3949 2576 ίκανοποίησιν

2433 2591 2542 2645 τῶν
2576 2593 2878 2664 εἰρημένων
2904 2593 2945 2647 ν’
2978 2595 3085 2647 άπὸ
3120 2595 3213 2649 τοῦ
3262 2596 3555 2669 Ἀπριλίου.
3602 2599 3765 2652 Ἔνθα
3801 2601 3951 2653 τοίνυν

2431 2685 2706 2760 καταλήξῃ
2744 2687 2778 2757 ή
2817 2686 3035 2758 τοιαύτη
3074 2688 3289 2759 ἡμέρα,
3335 2691 3560 2763 ήγουνή
3604 2695 3949 2764 πεντηκοστήσ

2431 2782 2595 2853 ήγουν
2630 2779 2739 2833 εἴτε
2769 2781 2852 2843 είς
2880 2780 2977 2843 τὰς
3007 2781 3169 2845 τόσας
3197 2781 3288 2835 τοῦ
3337 2784 3600 2853 Μαρτίου,
3628 2785 3735 2836 εἴτε
3772 2786 3849 2848 είς
3873 2786 3949 2847 τὰς
4050 2834 4051 2861 ᾖ

2409 2874 2591 2942 ⁴τόσας
2635 2872 2729 2925 τοῦ
2768 2872 3076 2945 Ἀπριλίουο
3127 2872 3247 2927 κατ’
3279 2873 3442 2946 αὐτὴν
3483 2874 3695 2947 ἐκείνην
3728 2871 3860 2929 εἶναι
3887 2874 3952 2943 γίι
4050 2890 4051 2903 π

2433 2981 2608 3019 νωσκε
2640 2965 2701 3018 τὸ
2734 2965 3018 3018 Ἰουδαϊκὸν
3057 2965 3266 3036 Πάσχα,
3300 2969 3462 3036 ήγουν
3493 2967 3553 3019 τὸ
3586 2970 3817 3038 νομικόν.
3839 2968 3951 3020 Ἤν-
4050 2994 4051 3027 ξ

782 3054 907 3122 Qua
943 3068 1003 3109 re
1058 3059 1361 3123 comperta,
1419 3049 1522 3104 tria
1573 3049 1865 3130 quotannis
1904 3048 2108 3105 addens
2158 3060 2333 3120 quota:

2433 3073 2556 3110 τινα
2588 3056 2681 3109 καὶ
2733 3056 2999 3128 εὑρίσκων
3039 3058 3097 3111 ὲν
3148 3057 3276 3128 ποίᾳ
3318 3058 3417 3127 τῆς
3466 3058 3753 3128 ἑϐδομάδος
3797 3060 3953 3130 ἡμέρα
4050 3062 4051 3081 ‘

789 3146 1014 3211 mensis,
1063 3145 1119 3200 in
1152 3159 1259 3214 qua
1307 3141 1515 3197 Pascha
1550 3140 1983 3213 deprehendisti,
2026 3139 2333 3209 Carnispri-

2434 3148 2687 3227 τυγχάνει
2715 3146 2801 3202 διά
2836 3149 2933 3219 τῆς
2961 3132 3442 3220 ἀναγεγραμμένης
3476 3150 3691 3219 μεθόδου
3723 3150 3813 3202 τοῦ
3838 3153 3951 3219 ήμε-
4050 3190 4051 3193 η

2441 3238 2745 3310 ροευρεσίου
2768 3276 2783 3301 ,
2818 3238 2915 3309 τὴν
2948 3232 3202 3292 ἐπιοῦσαν
3242 3238 3546 3309 ἔμπροσθεν
3591 3240 3847 3311 κυριακήν
3871 3238 3952 3305 τῆς

2436 3331 2603 3399 αὐτῆς
2635 3330 2925 3401 ἑϐδομάδος
2962 3330 3069 3383 ίσθι
3097 3330 3380 3400 τυγχάνειν
3404 3330 3466 3384 τὸ
3499 3332 3608 3385 τῶν
3642 3332 3952 3404 Χριστιανῶν

2438 3422 2590 3489 ἅγιον
2634 3422 2843 3492 Πάσχα.
2892 3422 3090 3475 Τούτου
3140 3422 3198 3475 δέ
3240 3439 3319 3475 σοι
3367 3424 3639 3494 γνωρίμου
3680 3425 3952 3492 γεγονότος.

2438 3506 2486 3574 γ’
2516 3508 2634 3560 κατ’
2681 3507 2798 3571 ἔτος
2828 3508 3135 3578 προστιθεὶς
3181 3511 3245 3579 τῇ
3293 3510 3462 3580 πόστῃ
3493 3511 3584 3563 τοῦ
3623 3512 3814 3581 μηνὸς,
3848 3506 3952 3582 ὲνή

2438 3598 2632 3669 εὑρέθη
2655 3597 2714 3651 τὸ
2739 3599 2946 3669 Πάσχα,
2967 3590 3106 3661 ἔξεις
3129 3599 3225 3669 τὴν
3248 3598 3540 3669 Ἀπόκρεω.
3562 3601 3622 3653 EI
3650 3602 3703 3653 δὲ
3729 3603 3953 3670 τυγχάνει

2438 3689 2466 3739 ὁ
2494 3688 2681 3760 χρόνος
2712 3676 2967 3758 βίσεξτος,
2997 3690 3114 3743 ἀντὶ
3165 3688 3274 3743 τῶν
3299 3697 3345 3756 γ’
3380 3689 3657 3763 προσθήσῃ
3682 3690 3723 3742 δ’
3730 3731 3745 3744 .
3775 3690 3947 3743 um:

2444 3782 2539 3851 μὲν
2569 3781 2673 3834 ἀπὸ
2703 3781 2801 3850 τῆς
2829 3780 2915 3851 κη’
2943 3780 3035 3834 τοῦ
3070 3780 3312 3851 Μαρτίου
3347 3782 3439 3835 καὶ
3473 3782 3710 3836 κάτωθεν
3743 3783 3881 3853 τύχοι
3908 3782 3953 3832 τὸ
4050 3792 4051 3837 ξ

2442 3870 2551 3922 τῶν
2581 3871 2915 3942 Χριστιανῶν
2942 3870 3093 3939 ἆγιον
3121 3870 3331 3949 Πάσχα.
3367 3872 3507 3926 κατά
3542 3873 3632 3927 τὸν
3664 3874 3953 3945 Ἰανουάριον

2442 3962 2648 4032 ἐσταιή
2695 3963 3029 4033 Ἀπόκρεως·
3065 3965 3111 4015 εί
3141 3962 3197 4015 δὲ
3246 3961 3352 4015 ἀπὸ
3379 3964 3479 4033 τῆς
3519 3965 3605 4034 κη’
3635 3966 3724 4019 καὶ
3757 3964 3950 4025 ἀνωθεν,

2441 4052 2581 4107 κατὰ
2622 4054 2712 4107 τὸν
2748 4054 3122 4126 Φεϐρουάριον.
3160 4056 3246 4109 Ἐν
3286 4056 3421 4125 αὐτῇ
3465 4055 3642 4126 μέντοι
3672 4059 3736 4126 τῇ
3768 4056 3849 4126 κη’
3881 4054 3951 4107 τοῦ

2438 4144 2703 4215 Μαρτίου,
2734 4147 2782 4197 εἰ
2807 4145 2903 4215 μὲν
2919 4147 3016 4198 οὑκ
3039 4146 3181 4198 ἐστιν
3211 4149 3239 4199 ό
3265 4147 3451 4217 χρόνος
3479 4145 3730 4215 βίσεξτος,
3773 4146 3849 4208 είς
3878 4144 3952 4213 τὴν

2442 4228 2521 4281 λα’
2549 4229 2698 4283 ἔσται
2737 4232 2829 4283 τοῦ
2868 4232 3187 4303 Ἰανουαρίου
3206 4250 3219 4263 ι
3251 4232 3335 4304 κη’
3358 4233 3465 4303 γὰρ
3496 4235 3589 4287 καὶ
3615 4233 3664 4302 γ’
3686 4234 3767 4288 λα’
3790 4252 3804 4268 ⁸
3836 4236 3879 4286 εί
3912 4233 3953 4284 δὲ

2442 4316 2520 4369 ἔνι
2550 4316 2817 4386 βίσεξτος,
2847 4321 2926 4381 είς
2962 4319 3058 4390 τὴν
3101 4319 3150 4373 α’
3189 4319 3289 4374 τοῦ
3341 4320 3733 4393 Φεϐρουαρίου⁸
3770 4320 3849 4392 κη’
3870 4320 3954 4387 γὰρ

2443 4411 2535 4463 καὶ
2564 4410 2605 4463 δ’
2649 4409 2761 4462 λϐ¹’
2813 4412 2905 4481 ἀφ’
2935 4405 3009 4465 ὧν
3041 4413 3205 4477 ἐάσας
3240 4412 3318 4483 τῷ
3353 4414 3659 4484 Ἰανουαρίῳ
3697 4413 3799 4476 λα’.
3848 4428 3952 4464 κατ·

2445 4500 2661 4572 ελείφθη
2694 4486 2818 4573 μία’
2858 4506 2952 4558 καὶ
2982 4504 3059 4557 ενι
3079 4505 3170 4558 τοῦ
3212 4505 3571 4576 Φεϐρουαρίου
3603 4506 3668 4558 α’.
3702 4506 3804 4558 Τὸν
3828 4503 3958 4557 αὑτὸν

2446 4594 2501 4647 δὲ
2532 4594 2730 4664 τρόπον
2757 4597 2997 4665 ποιήσεις
3028 4596 3123 4648 καὶ
3151 4597 3290 4649 κατὰ
3320 4596 3417 4669 τὴν
3444 4595 3545 4659 κθ’,
3577 4595 3667 4647 καὶ
3692 4594 3761 4660 λ’,
3782 4595 3865 4647 καὶ
3894 4590 3953 4642 ὶα⁸

2445 4682 2539 4735 τοῦ
2586 4685 2851 4755 Μαρτίου,
2882 4685 3189 4756 προστιθεὶς
3227 4685 3327 4739 ἀνά
3369 4686 3565 4757 τριῶν·
3599 4686 3640 4738 δ’
3665 4685 3718 4738 δὲ
3750 4685 3878 4756 μόνῳ
3896 4681 3953 4749 τῷ

784 4774 963 4827 vium.
1007 4775 1076 4827 At
1116 4784 1426 4831 sanctorum
1452 4777 1819 4848 apostolorum
1854 4777 2064 4849 jejunio
2094 4781 2333 4835 attributi

2450 4774 2672 4845 βισέξτῳ
2691 4792 2702 4804 ·
2728 4773 2844 4861 εἶτα
2884 4770 3145 4841 ἐκϐαλὼν,
3170 4777 3244 4839 ὡς
3268 4776 3500 4855 εἴρηται,
3532 4776 3612 4829 λα’
3638 4775 3729 4831 τοῦ
3767 4777 3953 4829 Ἰανουαυ

796 4864 915 4922 dies
941 4865 1014 4919 ita
1044 4869 1399 4936 reperientur.

794 4959 830 5030 ή
860 4958 1133 5013 τελευταία
1157 4960 1300 5015 ἐστὶν
1333 4964 1365 5031 ή
1412 4962 1705 5033 Ἀπόκρεω.
1738 4963 1801 5017 Ἡ
1832 4963 1888 5018 δὲ
1927 4964 2034 5047 τῶν
2068 4968 2286 5045 ήμερῶν
2340 4972 2571 5041 ποσότης
2624 4970 2723 5040 τῆς
2767 4969 3015 5040 νηστείας
3050 4965 3157 5018 τῶν
3192 4965 3359 5034 ἀῖίων
3405 4964 3711 5019 ἀποπδλων
3749 4964 3873 5016 οὕτω
3896 4975 3953 5010 πί

799 5050 933 5123 δήλη
961 5052 1267 5131 γενήσεται.

796 5166 912 5233 Qua
943 5168 1142 5223 ratione
1172 5169 1365 5239 jejunii
1410 5180 1709 5225 sanctorum
1744 5175 2101 5232 apostolorum
2129 5177 2239 5233 dies
2269 5181 2349 5234 in-

1348 5241 1507 5293 veniri
1554 5241 1788 5295 debeant.

866 5346 955 5402 IX.
990 5349 1070 5404 Ab
1112 5347 1227 5416 ipso
1260 5350 1606 5411 sanctissimo
1649 5350 1930 5408 Paschatis
1960 5354 2067 5417 die,
2116 5356 2347 5426 ipsomet

796 5439 1039 5502 excluso,
1072 5454 1242 5507 usque
1265 5438 1576 5519 δάιοι-Πρω
1606 5440 1726 5495 Maii
1753 5450 1883 5511 quot
1910 5443 2017 5496 sint
2052 5444 2168 5500 dies
2197 5461 2345 5500 com--

796 5536 962 5603 puta;
1009 5530 1205 5600 quibus
1243 5527 1519 5596 collectis,
1567 5533 1680 5587 sive
1729 5531 1956 5600 Martio,
2000 5535 2114 5589 sive
2172 5537 2342 5606 Aprili

871 5706 912 5737 ’ν
940 5705 1195 5763 Ροειιιίιιι⁵
1211 5711 1444 5776 superior
1476 5710 1612 5763 ratio
1641 5711 1681 5764 δ’
1718 5726 1815 5764 non
1857 5711 1922 5775 ζ’.

1966 5778 1997 5786 ..ρ

2452 4873 2587 4947 ρίου,
2613 4872 2711 4935 τὰς
2748 4857 3213 4940 καταλειπομένας
3243 4861 3382 4921 δίδου
3419 4868 3495 4938 τῷ
3522 4867 3878 4939 Φεϐρουαρίῳ·
3900 4857 3954 4915 ὧν

2453 5177 2641 5243 Ὅπως
2670 5177 2762 5230 δεῖ
2801 5148 3101 5242 εὑρίσκειν
3140 5171 3245 5243 τὰς
3269 5171 3491 5240 ἡμέρας
3529 5169 3641 5238 τῆς
3668 5166 3783 5223 τῶν
3814 5164 3953 5234 ἁγίων

2867 5244 3222 5299 ἀποστόλων
3243 5245 3545 5310 νηστείας.
3612 5260 3615 5261 ν

2520 5356 2595 5409 Θ¹.
2628 5356 2859 5428 Εύρισκε
2894 5356 3002 5408 ἀπὸ
3027 5354 3126 5424 τῆς
3150 5356 3358 5426 ἡμέρας
3388 5352 3483 5406 τοῦ
3518 5352 3673 5420 ἁγίου
3707 5350 3847 5422 ἡμῶν
3872 5344 3952 5398 [ιὰ-

2453 5438 2556 5519 σχα
2582 5488 2596 5511 ,
2630 5450 2750 5520 δίχα
2791 5448 3020 5519 ταύτης,
3073 5447 3233 5500 πόσαι
3276 5445 3414 5497 εἰσιν
3462 5442 3670 5513 ήμὲραι
3701 5443 3846 5513 μέχρι
3885 5434 3950 5488 καί

2452 5540 2621 5610 αὐτῆς
2647 5540 2746 5610 τῆς
2770 5546 2816 5609 γ’
2836 5539 2931 5593 τοῦ
2959 5536 3132 5595 Μαΐου
3153 5556 3167 5568 ο
3200 5538 3291 5593 καὶ
3306 5534 3509 5599 ταύτας
3534 5534 3855 5605 συναγαγὼν,
3874 5528 3951 5580 εἴτε

2002 5712 2044 5745 ⁸³
2078 5710 2199 5782 Leg.
2232 5712 2321 5766 καὶ⁵
2350 5714 2395 5767 εί
2420 5714 2538 5771 οὐκ.
