4046 6320
137 532 276 585 13-29
345 584 348 587 λ

779 527 836 582 s.
879 526 1182 587 manu
1219 524 1599 597 CRLTENSIS
1638 523 1692 579 Di

1796 521 1985 578 LYCLO
2015 517 2266 577 SOLARI
2292 515 2381 577 ΕΤ
2414 511 2693 570 ιυΝΑιιι.

3196 514 3331 577 1530

132 656 211 715 εἰς
231 652 320 705 τὸν
344 652 602 722 Μάρτιον,
632 653 738 705 εἴτε
765 652 843 714 είς
868 652 955 704 τὸν
981 650 1253 723 Ἀπρίλιον
1274 650 1331 703 εὑ
1342 650 1468 722 ρεθῇ
1494 650 1553 701 τὸ
1573 648 1685 703 Πά-

1796 648 1997 704 Pascha
2038 647 2347 716 contingat,
2380 643 2601 697 totidem
2648 641 2785 695 scito
2814 639 2930 695 dies
2956 653 3076 695 esse
3112 648 3329 695 sancto-

135 760 236 814 σχα
257 784 272 809 ,
307 743 570 807 τοσαύτας
601 739 737 796 εἶναι
766 743 995 811 γίνωσκε
1029 744 1122 796 καὶ
1164 743 1259 811 τὰς
1298 744 1394 814 τῆς
1428 740 1677 813 νηστείας

134 833 241 886 τῶν
273 834 441 902 ἁγίων
474 834 783 887 ἀποστόλων
816 834 1044 905 ἡμέρας.

1782 756 1902 794 rum
1925 738 2287 810 apostolorum
2315 736 2522 806 jejunio
2548 734 2777 788 dicatos.

142 978 3302 1010 Mm

688 1141 912 1229 ΤΟΥ
945 1066 1803 1228 ΜΑῘΚΑΡΙΩΤΑΤΟΥ
1854 1136 2351 1230 ΑΝΔΡΕΟΥ
2410 1136 2847 1222 ΚΡΗΤΗΣ

1373 1318 1508 1374 Tor
1538 1319 2125 1389 ιΕΡοΣοΑΥΜη-οη

138 1472 501 1540 111390402,
538 1477 684 1535 11m:
718 1475 835 1535 AEI
868 1476 1149 1533 εγρειλν
1185 1478 1326 1532 τοΝ
1355 1436 1680 1601 ιξγῆιιὶειέι

1677 1572 1692 1599 ι

1796 1476 2111 1599 ἔΑὲῖὸὶᾶοΥ,
2149 1476 2732 1531 ΦΙΛΟΠΟΝΗΘΕΙΣΑ
2764 1473 3076 1559 ΑΚΡΙΒΩΣ
3107 1474 3344 1533 ΧΑΡΙΝ,

624 1786 1035 1878 SANCTI
1110 1785 1620 1877 ANDREzE
1688 1784 2857 1913 HIEROSOLYMITANI,

1350 1972 1656 2031 EPlSCOPI
1689 1973 2086 2043 CRETENSIS,

133 2115 474 2179 Methodus
515 2116 937 2200 investigandi
967 2115 1129 2199 cycli
1162 2090 1415 2193 solaris,
1447 2123 1510 2181 et
1562 2116 2105 2255 lqnggis,tneCnon
2140 2119 2476 2195 Paschalis,
2510 2120 2574 2181 in
2607 2121 3033 2183 studiosorum
3065 2123 3325 2201 gratiam

1569 2212 1603 2254 e
1631 2211 1662 2255 δ
1756 2211 1818 2255 ra
1846 2212 1903 2255 a.

1569 2211 1903 2258 elaborata.

201 2432 409 2503 Κράτει
441 2432 508 2489 τά
540 2432 687 2488 κάτω
713 2432 820 2487 τῶν
843 2432 1181 2503 χιλιοντάδων
1205 2434 1298 2487 καὶ
1323 2434 1690 2490 ὲκατοντάδων

1868 2438 2031 2494 Sume
2058 2452 2232 2493 annos
2273 2435 2413 2490 infra
2448 2433 2777 2489 millenarios
2806 2440 2858 2489 et
2890 2435 3227 2489 centenarion
3260 2433 3327 2488 ab

127 2524 244 2576 τῶν
269 2524 375 2577 ἀπὸ
392 2525 618 2589 κτίσεως
637 2524 839 2595 κόσμου
859 2540 872 2551 ⁸
896 2524 989 2577 καὶ
1021 2523 1309 2595 πρόσθεττε
1342 2525 1383 2557 ¹⁹
1405 2526 1498 2579 καὶ
1527 2526 1685 2597 ἱτερα

128 2614 212 2666 κδ
238 2630 253 2644 ·
310 2614 402 2668 καὶ
458 2615 679 2685 ποίησον
723 2614 989 2685 σταθμόνο
1046 2614 1140 2667 καὶ
1177 2614 1335 2685 ὖφελε
1393 2616 1527 2669 αὐτὰ
1587 2618 1690 2671 ὑπὸ

127 2704 243 2756 τῶν
283 2712 367 2775 κη’
395 2723 407 2737 ο
456 2706 549 2759 καὶ
593 2705 663 2758 τὰ
707 2705 1132 2775 ὲναπομείναντα
1178 2708 1235 2757 ὲν
1282 2708 1347 2776 τῇ
1399 2708 1540 2777 χειρί
1594 2723 1689 2759 σου

130 2796 302 2859 αὑτός
346 2798 491 2850 ἐστιν
525 2798 553 2851 ό
602 2797 799 2860 κύκλος
840 2794 935 2849 τοῦ
973 2796 1145 2866 ἡλίου.
1186 2794 1296 2853 Καὶ
1334 2796 1503 2861 οὕτως
1548 2798 1688 2851 ποίει

132 2888 262 2940 κατ’
290 2885 429 2949 ἔπος.

430 2996 662 3065 Ὁμοίως
700 2995 796 3049 καὶ
826 2995 954 3063 περὶ
996 2997 1099 3065 τῆς
1126 2997 1412 3065 σελήνης.

211 3108 416 3179 Κράτει
446 3110 513 3163 τὰ
545 3108 682 3164 αὐτὰ
717 3110 1009 3181 κούντουρα
1059 3110 1166 3163 τῶν
1215 3110 1554 3182 χιλιοντάδων
1598 3112 1689 3167 καὶ

133 3201 524 3265 ἑκατοντάδων,
556 3200 664 3254 τῶν
691 3201 797 3254 ἀπὸ
826 3202 1054 3264 κτίσεως
1084 3201 1282 3270 κόσμου
1300 3221 1313 3235 ·
1348 3203 1578 3275 πρόσθες
1599 3206 1690 3257 καὶ

130 3291 318 3364 ἔτερα,
348 3291 444 3356 ιζ”
494 3292 585 3344 καὶ
625 3293 845 3362 ποίησον
889 3292 1026 3345 αὐτὰ
1072 3293 1340 3363 σταθμόνο
1390 3296 1483 3347 καὶ
1528 3293 1688 3363 ὖφελε

132 3381 249 3433 ὑπὸ
276 3380 383 3433 τῶν
416 3379 477 3433 ιϐ’
502 3397 515 3409 ·
549 3380 642 3434 καὶ
672 3381 741 3435 τὰ
772 3381 1215 3450 ἑναπολειιρθέντα
1242 3384 1300 3437 ὲν
1336 3386 1401 3454 τῇ
1434 3384 1573 3454 χειρί
1597 3402 1688 3439 σου

131 3468 306 3529 αὑτός
326 3470 470 3521 ἐστιν
493 3470 521 3521 ό
551 3467 743 3529 κύκλος
773 3469 871 3538 τῆς
897 3470 1143 3540 σελήνης.

145 3580 389 3649 Ὁμοίως
437 3579 537 3635 καὶ
573 3580 610 3649 ἠ
649 3578 1345 3715 ινδικτιὲςέοὲναϐιὸάζεται
1392 3580 1519 3649 ἦτοι
1564 3576 1689 3637 κάτ’

1788 2530 1923 2585 orbe
1974 2528 2243 2595 condito;
2287 2527 2461 2597 iisque
2491 2526 2625 2581 alios
2674 2524 2807 2580 adde
2838 2540 2985 2583 xxiv.
3022 2540 3087 2579 ex
3131 2525 3326 2594 quibus

1787 2618 2032 2673 confecta
2078 2631 2286 2671 summa
2318 2631 2414 2686 per
2447 2631 2611 2670 xxvm
2656 2615 2847 2678 divisa,
2882 2617 3025 2685 quod
3062 2617 3328 2674 relicuum

1788 2716 1892 2773 est.
1915 2708 2019 2764 erit
2045 2707 2230 2778 cyclus
2261 2707 2412 2763 solis.
2441 2704 2522 2760 lta-
2546 2707 2834 2777 quotannis
2866 2705 3051 2762 facies.

2040 2986 2240 3042 Eodem
2274 2987 2423 3042 modo
2452 2998 2499 3041 et
2519 2988 2576 3040 ‘in
2608 2987 2732 3040 luna
2765 2985 3078 3055 proceditur.

1858 3102 2056 3173 Accipe
2117 3104 2365 3159 similiter
2404 3108 2751 3158 excurrentes
2790 3115 2952 3170 supra
2998 3099 3328 3153 millenarios

1790 3202 1843 3251 et
1874 3196 2213 3251 centenarios
2259 3195 2328 3250 ab
2364 3194 2494 3249 orbe
2525 3193 2772 3250 condito:
2805 3192 3000 3261 quibus
3031 3188 3165 3245 adde
3192 3206 3325 3252 xvn,

1788 3297 1843 3342 et
1886 3288 2113 3343 collecta
2147 3303 2354 3344 summa
2396 3303 2491 3359 per
2544 3302 2635 3341 xix
2674 3286 2906 3357 partita,
2930 3282 3201 3338 residuum
3245 3290 3329 3337 est

1791 3379 1976 3467 cyclus
2008 3380 2166 3435 lunae.

1793 3580 1992 3636 Eadem
2030 3580 2269 3637 methodo
2301 3591 2350 3637 et
2382 3598 2471 3652 per
2502 3598 2664 3663 annos
2694 3582 2922 3652 singulos
2949 3576 3163 3635 ἱηᾶἱοιὶο
3194 3596 3326 3634 νεοκ-

2352 3682 2365 3701 ;
2466 3662 2651 3726 surgit.

213 3757 421 3829 Κράτει
450 3759 518 3811 τὰ
537 3758 643 3814 ἀπὸ
671 3760 895 3824 κτίσεως
922 3760 1124 3831 κόσμου
1143 3777 1157 3791 ⁸
1194 3761 1406 3816 ἅπαντα
1431 3763 1657 3836 πρόσθες
1674 3806 1689 3830 ,

1866 3760 2069 3831 Collige
2116 3775 2305 3816 annos
2337 3761 2404 3815 ab
2458 3760 2589 3817 orbe
2655 3760 2905 3826 condito,
2961 3766 3015 3814 et
3062 3772 3326 3813 summam

134 3849 240 3901 καὶ
275 3848 433 3917 ὖφελε
461 3848 596 3903 αὐτὰ
630 3851 731 3903 ὑπὸ
758 3850 864 3902 τῶν
904 3857 992 3902 te"
1026 3853 1118 3906 καὶ
1142 3852 1212 3904 τὰ
1238 3853 1692 3922 ἑναπολειφθέντα

1796 3850 1997 3922 partire
2026 3864 2120 3921 per
2148 3865 2217 3907 xv
2242 3867 2255 3903 :
2288 3849 2549 3921 reliquum
2575 3851 2678 3906 erit
2711 3849 2951 3904 indictio.

134 3939 200 3988 ὲν
233 3940 303 4007 τῇ
336 3938 472 4009 χειρί
498 3955 587 3991 σου
614 3936 747 4009 αὕτη
778 3940 921 3992 ἐστὶν
942 3941 1189 4006 ῐνδικτος.

216 4027 456 4079 Γίνωσκε
480 4029 537 4080 δὲ
581 4030 671 4081 καὶ
703 4028 877 4093 τοῦτο,
922 4032 1002 4084 ὅτι
1032 4033 1178 4101 ἥλιος
1211 4035 1430 4105 ἄρχεται
1468 4035 1573 4087 ἀπὸ
1596 4036 1694 4106 τῆς

134 4124 191 4170 α’
232 4117 328 4169 τοῦ
358 4119 721 4189 ὐκτωμδρίου
764 4122 926 4191 μηνός
950 4125 1022 4193 ’ἡ
1053 4122 1109 4175 δὲ
1135 4124 1327 4195 σελήνη
1359 4123 1464 4176 άπὸ
1506 4128 1603 4196 τῆς
1647 4140 1696 4179 αθ

135 4207 242 4261 τοῦ
283 4209 602 4278 Ἰανουαρίου
644 4212 833 4280 μηνός·
878 4212 969 4265 καὶ
1018 4215 1051 4283 ἡ
1096 4212 1317 4276 ῐνδικτος
1362 4214 1466 4267 ἀπὸ
1503 4216 1600 4287 τῆς
1645 4218 1696 4275 α’

135 4301 242 4354 τοῦ
272 4302 439 4353 Σεπτε
447 4301 518 4371 μϐ
523 4303 635 4373 ρίου
662 4302 844 4373 μηνός.

218 4392 318 4454 Εἰς
348 4391 408 4443 τὸ
439 4392 613 4461 εὑρεῖν
650 4409 706 4443 σε
740 4393 796 4444 τὸ
824 4395 1038 4463 νομικὸν
1067 4394 1272 4466 Πάσχα,
1304 4396 1567 4469 κράτησον
1600 4398 1693 4453 τοῦ

135 4481 571 4552 ὲπιζητουμένου
600 4482 745 4545 ἔτους
774 4484 860 4537 τὸν
889 4484 1081 4538 κύκλον
1109 4487 1207 4555 τῆς
1240 4488 1482 4559 σελήνης,
1507 4491 1697 4553 ὁπόσος

134 4571 291 4633 ἐστὶ,
326 4572 417 4622 καὶ
467 4572 947 4627 ὲνδεκαπλασίασον
990 4576 1182 4629 αὐτόν’
1231 4578 1458 4649 πρόσθες
1498 4580 1552 4631 δὲ
1605 4583 1698 4632 καὶ

136 4660 367 4730 ἑτέρας’
391 4666 443 4723 ς’
476 4660 581 4712 τῶν
616 4662 713 4713 ἀπ’
738 4662 991 4713 αἰώνωνο
1038 4665 1209 4723 ἰστέον
1248 4666 1323 4728 δὲ,
1371 4667 1450 4718 ὅτι
1491 4668 1567 4728 είς
1608 4666 1696 4719 τὸν

140 4752 215 4813 ιζ’
247 4748 461 4813 κύκλον,
494 4751 583 4802 καὶ
623 4757 709 4821 ιη’,
738 4751 829 4803 καὶ
873 4749 935 4803 ιθ¹
969 4752 1027 4803 ού
1067 4754 1359 4823 προστίθης
1386 4761 1438 4817 ς’
1464 4754 1568 4813 τῶν
1604 4756 1695 4806 ἀπ’

136 4839 386 4902 αἰώνων,
415 4841 546 4895 ἄλλα
582 4841 655 4905 ζὀ
689 4844 746 4894 ὲν
784 4843 838 4894 δὲ
871 4846 979 4904 τοῖς
1016 4843 1188 4905 ἄλλοις
1231 4846 1371 4907 ὅλοις
1400 4845 1611 4909 κύκλοις
1644 4854 1705 4919 ς’,

138 4931 250 4986 καὶ
296 4932 479 5000 μόνας,
519 4932 591 4994 ὡς
632 4931 857 5003 ἔφημεν.
900 4932 1012 4984 Εἶθ’
1058 4932 1227 4995 οὓτως
1266 4933 1521 4986 άνάλυσον
1562 4934 1696 4991 αὐτὰ

135 5023 243 5077 διὰ
269 5022 376 5073 τῶν
407 5021 447 5073 λ’
468 5039 481 5050 ·
510 5023 599 5075 καὶ
634 5023 700 5075 τὰ
728 5024 964 5077 κάτωθεν
993 5022 1098 5075 τῶν
1133 5023 1173 5075 λ’
1206 5024 1469 5093 κράτησον
1489 5042 1503 5054 ·
1535 5024 1697 5095 ἀρξά-

1812 4060 1819 4067 -
1870 4034 2156 4093 Sciendum
2196 4041 2287 4089 est
2326 4040 2503 4087 autem
2547 4033 2712 4086 solem
2765 4032 2997 4100 incipere
3022 4029 3327 4084 aKalendis
3419 4066 3423 4075 -

1793 4118 2043 4178 Octobris
2082 4135 2096 4171 :
2149 4120 2329 4173 lunam
2361 4136 2389 4172 a
2431 4118 2551 4172 Kal.
2590 4117 2879 4183 Ianuariis,
2923 4118 3265 4173 indictionem
3298 4132 3329 4170 a

1796 4210 2065 4305 Kalendis
2076 4210 2421 4282 Septembris.

1862 4387 1939 4442 Ad
1970 4377 2342 4444 inveniendum
2373 4390 2539 4459 legale
2592 4387 2818 4453 Pascha,
2862 4390 3041 4459 accipe
3089 4389 3329 4443 lunarem

1793 4480 2002 4549 cyclum
2051 4482 2176 4532 anni
2217 4480 2499 4548 propositi,
2529 4495 2756 4549 eumque
2793 4496 2884 4548 per
2913 4479 3157 4533 undecim
3190 4480 3328 4532 mul-

1797 4572 2000 4640 tiplica,
2052 4571 2117 4623 ad
2161 4586 2423 4625 summam
2468 4572 2641 4640 adjice
2687 4587 2813 4634 sex,
2860 4585 2981 4639 quae.
3040 4587 3073 4623 α
3125 4571 3329 4624 saeculis

1805 4662 2095 4731 appellant.
2130 4661 2327 4716 Verum
2374 4663 2427 4715 in
2473 4663 2624 4732 cyclo
2670 4677 2800 4725 xvu,
2843 4668 2896 4714 et
2928 4676 3076 4723 xvut,
3127 4668 3180 4715 et
3216 4676 3331 4725 ιιι,

1795 4768 1906 4807 non
1943 4768 2058 4817 sex,
2104 4754 2197 4808 sed
2237 4760 2439 4822 septem
2485 4752 2727 4806 addenda
2764 4759 2927 4817 sunt;
2956 4754 3012 4805 in
3034 4739 3162 4805 aliis
3184 4766 3332 4815 vero.

1796 4861 1915 4900 sex.
1952 4845 2141 4902 Postea
2192 4846 2470 4900 collectam
2512 4859 2774 4898 summam
2826 4843 3025 4913 partire
3067 4858 3162 4911 per
3204 4858 3332 4905 xxx,

1799 4937 1947 5005 quod
1980 4936 2242 5005 reliquum
2274 4934 2397 4997 erit,
2429 4950 2457 4987 a
2484 4933 2745 4990 Kalendis
2778 4934 2982 4988 Martiis
3022 4942 3210 5003 putare
3251 4934 3333 4987 in-

1797 5025 1952 5093 cipe,
1993 5024 2163 5080 donec
2211 5024 2597 5093 quinquaginta
2637 5024 2753 5077 dies
2794 5022 3089 5091 expleveris
3125 5040 3138 5077 :
3173 5038 3330 5091 quem

140 5130 320 5185 μενος
343 5112 448 5164 ἀπὸ
467 5112 559 5164 τοῦ
588 5114 822 5184 Μαρτίου
848 5114 1032 5184 μηνὸς,
1058 5108 1274 5183 ἀρίθμει
1299 5114 1479 5166 ἐπάνω
1502 5116 1692 5179 αὐτῶν,

1800 5130 2079 5174 numerum
2132 5115 2177 5169 si
2222 5114 2361 5167 intra
2404 5112 2650 5166 Martium
2694 5111 2900 5166 eﬂicere
2952 5112 3147 5180 possis,
3199 5112 3334 5164 bene

135 5207 259 5266 ἕως
292 5204 411 5256 ὅτου
442 5201 704 5271 ἱκανώσῃς
728 5209 769 5254 ν’
808 5203 1014 5273 ἡμέρας
1038 5219 1050 5232 ·
1092 5201 1182 5254 καὶ
1214 5202 1261 5253 εί
1297 5200 1393 5271 μὲν
1428 5202 1696 5255 ἱκανωθῶ-

139 5315 242 5351 σιν
269 5296 326 5348 αἱ
359 5301 400 5345 ν’
427 5295 622 5364 ἡμέραι
647 5294 793 5357 ἐντὸς
828 5293 932 5345 τῶν
958 5294 1218 5363 Μαρτίου,
1244 5291 1429 5362 χάρις’
1466 5294 1513 5345 εί
1540 5293 1583 5345 δ’
1608 5292 1689 5355 οὒ,

136 5386 398 5456 λάμϐανε
425 5387 516 5438 καὶ
546 5383 649 5437 ἀπὸ
672 5384 763 5436 τοῦ
796 5374 1061 5455 Ἀπριλίου
1089 5382 1272 5453 μηνὸς,
1301 5382 1403 5445 ἓως
1433 5383 1552 5436 ὅτου
1580 5384 1696 5435 ἱκα-

140 5479 336 5547 νώσῃς
378 5476 565 5538 αύτάςτ
604 5477 689 5528 Ἐν
812 5476 852 5527 δ’
884 5478 946 5528 ἂν
986 5475 1164 5543 ἡμέρᾳ
1211 5473 1534 5526 ἱκανωθῶσιν
1566 5476 1619 5526 αἱ
1654 5482 1694 5526 ν’

137 5568 386 5640 ἡμέραι,
428 5570 485 5618 ὲν
522 5554 653 5636 αὐτῇ
691 5569 756 5634 τῇ
798 5565 976 5635 ἡμέρᾳ
1008 5565 1143 5621 κατὰ
1188 5564 1247 5616 τὸ
1285 5564 1695 5635 ἐπιζητούμενον

137 5666 276 5723 ἔτος
304 5659 509 5727 γίνεται
539 5660 596 5710 τὸ
624 5659 837 5729 νομικὸν
866 5659 1068 5725 Πάσχα.

197 5815 250 5847 ¹¹³
277 5813 319 5881 Ῑ.
355 5810 579 5881 πρόσθες
599 5829 671 5865 τε.

1801 5202 1981 5259 habet.
2011 5203 2104 5258 Sin
2130 5204 2326 5267 minus,
2366 5218 2517 5257 sume
2539 5201 2811 5255 residuum
2840 5216 2869 5254 e
2894 5200 3083 5254 diebus
3114 5200 3331 5268 Aprilis,

1798 5294 1968 5349 donec
1991 5296 2397 5364 quinquagenos
2421 5292 2688 5347 absolvas.
2721 5290 3055 5359 Quocunque
3075 5289 3159 5343 die
3180 5289 3333 5357 quin-

1800 5389 2056 5457 quaginta
2101 5388 2347 5463 completi
2399 5385 2616 5444 fuerint.
2667 5385 2721 5439 in
2767 5400 2888 5439 eum
2920 5382 3123 5469 Pascha
3167 5382 3332 5452 legale

1802 5484 1925 5536 anni
1962 5476 2219 5553 propbsiti
2246 5479 2546 5539 conveniet.
