4112 6314
758 457 885 510 1351

1733 455 1824 509 AD
1865 454 2127 516 EUSEBH
2167 456 2555 514 CHRONICON
2592 458 2949 515 APPENDII.

3800 453 3919 506 1531

706 554 711 559 ’
759 576 876 643 Qua
908 577 1113 631 ratione
1140 574 1272 645 feria
1313 574 1497 645 legalis
1543 572 1822 626 Paschatis
1865 572 2163 644 indaganda
2200 574 2287 628 sit.

2395 578 2498 641 Εἰς
2529 576 2592 628 τό
2635 575 2830 642 εὑρεῖν
2866 592 2939 629 σε
2975 575 3046 627 ἐν
3083 572 3219 645 ποίᾳ
3250 570 3432 640 ἡμέρᾳ
3473 568 3552 638 ἦν
3582 566 3649 620 τὸ
3694 570 3917 633 νομικὸν

826 722 1019 793 Accipe
1047 724 1275 778 solarem
1306 723 1538 793 cyclum.
1568 730 1621 778 et
1642 724 1949 780 bissextiles
1971 724 2085 779 dies
2120 740 2291 779 anno-

759 828 876 865 rum
927 814 1253 883 elapsorum.
1299 814 1446 868 Adde
1497 814 1611 869 dies
1648 816 1848 870 mensis
1895 815 1948 868 in
1995 831 2153 883 quem
2182 814 2286 867 Pa-

760 904 889 957 scha
942 903 1110 973 legale
1154 904 1361 968 incidit,
1400 904 1465 957 ad
1514 906 1686 972 ipsum
1744 920 1916 974 usque
1960 904 2184 959 Pascha.
2230 903 2290 957 Si

762 992 951 1047 Martio
995 1008 1180 1048 mense
1230 994 1393 1064 legale
1436 992 1639 1049 Pascha
1686 998 1982 1064 contingat,
2033 994 2099 1047 ad
2142 1007 2293 1047 sum-

762 1099 903 1137 mam
937 1083 1107 1152 adiice
1141 1085 1406 1148 undecim,
1439 1095 1655 1155 propter
1700 1100 1914 1140 menses
1943 1092 2193 1153 quatuor,
2218 1083 2291 1137 ab

761 1172 980 1226 Octobri
1061 1174 1262 1228 scilicet
1338 1174 1402 1228 ad
1478 1164 1789 1227 Januarium
1858 1191 1872 1226 :
1932 1172 2003 1224 ita
2064 1180 2121 1225 ut
2192 1184 2291 1238 pro

760 1276 827 1316 eo
863 1276 1046 1317 mense
1081 1262 1169 1331 qui
1222 1278 1325 1316 ιιι
1364 1262 1481 1317 dies
1524 1262 1701 1315 habet.
1752 1260 1857 1315 duo
1902 1259 2083 1327 capias
2128 1273 2141 1308 :
2193 1271 2292 1325 pro

761 1366 827 1405 eo
879 1364 1024 1415 vero,
1065 1350 1157 1419 qui
1207 1366 1328 1404 ιιιι
1385 1358 1624 1413 c’onstat,
1664 1349 1801 1410 ,tria.
1841 1348 1994 1414 Quod
2041 1348 2084 1403 si
2134 1347 2291 1415 Apri-

762 1441 865 1493 lem
927 1439 980 1494 in
1044 1455 1279 1496 mensem
1333 1441 1496 1509 legale
1557 1439 1762 1493 Pascha
1808 1446 2093 1507 competat.
2155 1438 2292 1492 adde

763 1535 979 1597 propter
1032 1527 1279 1581 Martium
1326 1529 1461 1581 tria.
1506 1528 1836 1597 Colligentur
1905 1542 2016 1581 ιιν.
2084 1526 2291 1591 Quibus

764 1618 1010 1673 omnibus
1050 1618 1103 1671 in
1150 1632 1309 1671 unam
1354 1632 1616 1673 summam
1653 1615 1906 1675 redactis.
1942 1630 2059 1670 eam
2092 1618 2297 1683 partire

764 1722 859 1777 per
916 1715 1168 1777 septem;
1217 1707 1491 1761 residuum
1532 1706 1679 1759 dabit
1734 1705 1919 1759 feriam
1968 1706 2151 1774 legalis
2191 1704 2293 1757 Pa-

764 1798 983 1851 schatis.
1040 1797 1155 1861 Qua
1214 1806 1417 1865 reperta
1465 1795 1785 1865 progredere
1853 1809 2024 1863 usque
2077 1793 2142 1847 ad
2200 1793 2294 1848 Do.

3048 642 3276 710 Πάσχα.

2464 735 2749 806 Κράτησον
2776 726 2868 786 τὸν
2899 733 3092 787 κύκλον
3125 732 3218 785 τοῦ
3246 732 3414 803 ἡλίου,
3477 732 3570 784 καὶ
3600 731 3666 785 τά
3702 728 3913 800 βίσεξτσ,

2394 828 2565 880 ὁπόσα
2596 812 2721 881 εἰσί,
2762 824 3003 895 Πρόσθες
3033 824 3089 876 δὲ
3113 823 3204 876 καὶ⁵
3231 821 3327 884 τὰς
3363 823 3570 892 ἡμέρας
3593 821 3682 873 τοῦ
3714 817 3913 889 νομικοΰ

2391 916 2600 985 Πάσχα,
2633 914 2745 966 οἵου
2787 913 2949 982 μηνὸς
2984 906 3071 981 ἦν,
3107 912 3200 964 καὶ
3228 911 3414 964 όπόσαι
3451 913 3573 963 εἰσί.
3606 911 3713 963 Καὶ
3748 912 3794 961 εί
3832 911 3912 978 μὲν

2391 1006 2505 1058 ἔστι
2535 1006 2595 1057 τὸ
2624 1004 2842 1073 νομικὸν
2865 1004 3051 1071 Πάσχα
3082 1003 3160 1077 είς
3181 1001 3269 1055 τὸν
3307 1002 3542 1072 Μάρτιον
3570 1001 3732 1071 μῆνα,
3768 1002 3911 1069 πρόσο

2394 1096 2484 1159 θες
2507 1096 2598 1150 καὶ
2645 1102 2713 1149 ια’
2739 1095 2875 1165 ὑπὲρ
2903 1093 3007 1147 τῶν
3043 1094 3256 1163 μηνῶνο
3295 1092 3485 1153 οἵτινές
3516 1094 3649 1143 εἰσιν
3689 1090 3796 1143 ἀπὸ
3832 1090 3909 1141 τοῦ

2405 1188 2769 1259 Ὀκτωμὸρίου
2801 1184 2964 1257 μηνὸς
2991 1187 3113 1255 ἄχρι
3149 1183 3240 1236 τοῦ
3276 1184 3593 1252 Ἰανουαρίου
3624 1184 3715 1234 καὶ
3736 1181 3907 1233 αὐτοῦ·

2390 1274 2497 1326 ἀπὸ
2526 1276 2620 1344 μὲν
2655 1275 2746 1327 τοῦ
2784 1273 2946 1344 μηνὸς
2978 1271 3071 1325 τοῦ
3113 1271 3319 1339 ἔχοντος
3348 1270 3555 1339 ἡμέρας
3573 1269 3615 1321 λ’
3642 1268 3910 1337 λαμϐάνεις

2391 1364 2597 1434 ἡμέρας
2627 1362 2720 1415 δύο
2738 1379 2751 1392 ·
2800 1362 2906 1415 ἀπὸ
2928 1362 2983 1414 δὲ
3018 1360 3111 1413 τοῦ
3137 1360 3345 1429 ἔχοντος
3373 1360 3449 1411 λα’
3477 1360 3684 1429 ἡμέρας
3720 1358 3909 1426 λαμϐά-

2391 1469 2499 1513 νεις
2532 1458 2577 1519 γ’
2603 1468 2616 1480 ·
2668 1454 2717 1504 εί
2757 1452 2801 1503 δ’
2846 1451 2993 1503 ἐστὶν
3037 1451 3115 1511 είς
3160 1449 3251 1500 τὸν
3302 1449 3569 1518 Ἀπρίλιον
3616 1449 3672 1499 τὸ
3716 1446 3909 1515 νομικὸν

2391 1544 2601 1613 Πάσχα,
2649 1542 2879 1611 πρόσθες
2917 1543 3010 1599 καὶ
3051 1543 3189 1613 ὑπὲρ
3220 1541 3310 1595 τοῦ
3351 1540 3589 1610 Μαρτίου
3620 1540 3817 1609 ἡμέρας
3849 1546 3907 1602 γ’.

2392 1634 2501 1685 Καὶ
2534 1633 2641 1685 ἰδοὺ
2666 1634 2899 1700 γίνονται
2932 1632 3009 1685 ιδ’.
3028 1634 3136 1684 Καὶ
3161 1633 3328 1694 οὕτως
3349 1630 3553 1692 ὲνώσας
3580 1630 3769 1689 πάντα,
3798 1630 3909 1680 ἀνά-

2392 1723 2547 1775 λυσον
2585 1721 2672 1775 διὰ
2722 1722 2829 1775 τῶν
2858 1720 2903 1784 ζ’
2922 1740 2935 1753 ο
2967 1725 3059 1775 καὶ
3107 1724 3207 1776 ὅσα
3236 1722 3472 1775 κάτωθεν
3499 1721 3606 1774 τῶν
3636 1719 3676 1783 ζ
3728 1721 3911 1771 ἐναπο-

2397 1813 2657 1880 μείνουσι,
2698 1812 2914 1882 δηλοῦσι
2950 1813 3050 1884 τὴν
3089 1814 3297 1882 ἡμέραν
3342 1811 3431 1863 τοῦ
3461 1810 3679 1881 νομικοῦ
3721 1809 3907 1877 Πάσχα.

762 1887 1052 1949 minicam,
1112 1885 1559 1955 quemadmodum
1618 1885 1876 1941 didicisti.
1944 1883 2021 1937 Ita
2088 1883 2293 1939 Pascha

2404 1901 2570 1955 Ἐπάν
2595 1902 2651 1954 δὲ
2681 1899 2847 1973 εὕρῃς
2880 1902 3065 1972 αὐτὴν,
3096 1902 3280 1957 ἄνελθε
3323 1903 3479 1971 άχρις
3506 1903 3602 1971 τῆς
3631 1901 3908 1969 Κυριακῆς.

763 1976 1125 2032 Christianum
1156 1976 1414 2031 invenies.

914 2172 1183 2251 Methodua
1211 2174 1496 2229 Christiani
1523 2173 1794 2229 Paschalis
1826 2175 2130 2229 inveniendi.

834 2263 996 2319 Sume
1039 2267 1244 2334 cyclum
1293 2265 1423 2319 solis
1462 2265 1586 2317 anni
1628 2266 1887 2333 propositi
1919 2282 1931 2316 :
1968 2265 2091 2318 huic
2121 2264 2295 2331 adjice

763 2353 1067 2408 bissextiles
1090 2355 1417 2424 prmteritas;
1451 2355 1530 2408 sic
1556 2362 1613 2419 ut
1640 2354 1780 2407 diem
1816 2370 1979 2406 unum
2016 2370 2111 2421 pro
2136 2353 2293 2407 annis

764 2452 993 2509 quatuor
1053 2442 1312 2510 accipias.
1372 2439 1507 2493 Tum
1559 2442 1602 2495 si
1658 2440 1846 2493 Martio
1894 2456 2077 2494 mense
2128 2440 2296 2509 legale

762 2530 967 2586 Pascha
1000 2532 1293 2599 contingat,
1328 2530 1463 2584 adde
1500 2539 1716 2599 epactas
1744 2532 1862 2599 ejus
1898 2533 2152 2599 quinque.
2198 2530 2294 2583 Sin

757 2622 920 2676 cadat
959 2624 1012 2675 in
1045 2622 1303 2690 Aprilem,
1342 2623 1458 2690 ejus
1504 2631 1743 2690 epactau
1802 2636 1816 2674 ι
1866 2622 2054 2689 adjice.
2099 2620 2294 2676 Confe~

765 2722 905 2767 ctam
953 2730 1215 2768 summam
1253 2714 1429 2769 divide
1468 2710 1562 2785 per
1606 2716 1656 2779 7,
1688 2714 1829 2784 quod
1884 2715 2149 2782 reliquum
2188 2719 2290 2775 est,

764 2804 1017 2860 Kalendis
1072 2807 1273 2860 mensis
1315 2806 1459 2860 illius
1517 2803 1703 2859 feriam
1761 2804 1997 2867 exhibet,
2042 2804 2095 2855 in
2135 2816 2293 2871 quem

766 2897 930 2957 legale
966 2896 1170 2950 Pascha
1205 2896 1478 2965 competit.
1525 2895 1789 2963 Deinceps
1821 2910 1948 2963 ergo
1980 2894 2289 2948 numerabis

764 2998 796 3037 ι
824 2982 1072 3037 Kalendis
1093 2983 1245 3052 ipsis,
1275 2992 1334 3036 ut
1364 2983 1603 3036 invenias
1626 2997 1784 3050 quam
1816 2982 1869 3033 in
1895 2982 2082 3035 feriam
2113 2982 2293 3034 incur-

713 3062 716 3065 ’
764 3081 849 3126 rat
876 3074 1035 3142 legale
1067 3072 1295 3126 Pascha.
1326 3070 1381 3123 ld
1416 3071 1505 3125 ubi
1531 3073 1639 3125 eris
1668 3080 1969 3133 assecutus,
2004 3071 2048 3124 si
2079 3071 2294 3139 quidem

765 3162 1041 3217 Dominica
1085 3163 1176 3225 sit,
1224 3161 1545 3231 progredere
1590 3176 1759 3229 usque
1799 3159 1865 3213 ad
1922 3160 2293 3230 insequentem

2392 1992 2532 2047 καθά
2577 1992 2875 2065 ἐδιδάχθης,
2925 1995 3019 2047 καὶ
3062 1994 3311 2065 εὑρήσεις
3347 1994 3408 2046 τὸ
3453 1992 3562 2045 τῶν
3600 1990 3909 2063 Χριστιανῶν

2388 2083 2578 2151 Πάσχα
2589 2122 2604 2134 .

2563 2176 2668 2237 Εῑς
2709 2174 2775 2226 τὸ
2813 2152 3008 2241 εὑρεῖν
3045 2173 3110 2225 τὸ
3144 2172 3493 2240 Χριστιανὸν
3528 2171 3755 2240 Πάσχα.

2458 2264 2741 2335 Κράτησον
2766 2265 2856 2317 τοῦ
2885 2264 3303 2335 ὲπιξητουμένου
3332 2264 3480 2327 ἔτους
3506 2263 3596 2316 τὸν
3626 2263 3812 2315 κύκλον
3829 2260 3908 2313 τοῦ

2391 2356 2539 2425 ἡλίου
2560 2372 2576 2388 ο
2610 2338 2842 2425 πρόσθες
2869 2356 2927 2407 δὲ
2950 2356 3043 2409 καλ.
3073 2356 3139 2407 τὰ
3165 2355 3494 2426 παρελθόντα
3516 2354 3750 2423 βίσεξτα·
3774 2369 3906 2405 τουτο

2392 2449 2504 2498 ἐστι
2544 2446 2680 2498 κατὰ
2718 2448 2759 2498 δ’
2797 2448 3023 2508 κύκλους
3054 2447 3263 2517 ἡμέραν
3303 2442 3505 2499 α¹.Εἷθ’
3534 2445 3717 2505 οὕτως,
3748 2446 3795 2495 εἰ
3828 2444 3910 2511 μέν

2393 2536 2507 2587 ὲστι
2530 2536 2589 2587 τὸ
2609 2535 2824 2604 νομικὸν
2856 2535 3043 2604 Πάσχα
3078 2537 3157 2597 είς
3185 2536 3276 2587 τὸν
3306 2535 3544 2604 Μάρτιον
3576 2535 3731 2603 μῆνα,
3760 2535 3911 2601 πρόσ-

2392 2624 2479 2689 θες
2511 2627 2607 2688 τὰς
2640 2616 2877 2689 ἐπακτὸς
2908 2625 3068 2679 αὑτοῦ
3093 2633 3132 2678 ε’
3153 2644 3164 2656 ·
3192 2628 3239 2678 εί
3270 2626 3328 2678 δέ
3358 2627 3499 2677 ἐστιν
3528 2627 3604 2687 είς
3637 2625 3721 2675 τὸν
3754 2624 3909 2693 Ἀπρίο

2391 2716 2522 2779 λιον,
2573 2717 2803 2786 πρόσθες
2848 2722 2896 2768 α’
2941 2715 3037 2785 τὴν
3092 2714 3252 2767 αὑτοῦ
3304 2714 3562 2782 ὲπακτὴν.
3602 2712 3823 2773 Ἐνώσας
3861 2710 3907 2761 δὲ

2345 2870 2353 2879 1
2394 2809 2588 2869 πάντα,
2622 2807 2883 2859 ἀνάλυσον
2916 2805 3002 2857 διὰ
3034 2804 3139 2857 τῶν
3172 2804 3216 2866 ζ’
3236 2820 3248 2833 ⁸
3283 2805 3374 2856 καὶ
3414 2804 3482 2856 τὰ
3505 2804 3739 2856 κάτωθεν
3761 2805 3855 2855 τῶν
3870 2802 3905 2862 ζ’

2391 2896 2603 2966 δηλοῦσι
2634 2896 2729 2964 τὴν
2774 2895 3096 2965 άρχιμηνίαν
3123 2892 3213 2945 τοῦ
3263 2892 3445 2962 μηνὸς,
3475 2894 3529 2944 ὲν
3572 2887 3615 2957 ᾧ
3646 2895 3838 2959 γίνεται
3858 2889 3907 2941 τὸ

2393 2984 2609 3053 νομικὸν
2637 2985 2845 3053 Πάσχα.
2870 2981 2981 3035 Εἶθ’
3008 2982 3176 3045 οὕτως
3209 2981 3503 3052 ἁρίθμησον
3528 2983 3619 3033 ἀπ’
3640 2984 3797 3049 αὐτῆς
3824 2981 3907 3048 τῆς

2392 3073 2730 3143 άρχιμηνίας,
2774 3076 2919 3136 ὅπως
2961 3072 3124 3145 εὕρῃς
3166 3074 3223 3124 ὲν
3259 3072 3385 3142 ποίᾳ
3420 3074 3597 3142 ἡμέρᾳ
3633 3074 3825 3139 γίνεται
3857 3070 3908 3121 τὺ

2392 3162 2606 3230 νομικὸν
2645 3162 2848 3230 Πάσχα.
2889 3161 3051 3214 Ἐπάν
3090 3161 3143 3213 δὲ
3169 3160 3330 3230 εὕρῃς
3365 3162 3547 3230 αὐτὴν,
3591 3162 3640 3212 εί
3687 3162 3779 3229 μὲν
3811 3161 3906 3212 Κυ-

766 3256 989 3307 alteram
1036 3250 1386 3306 Dominicam.
1432 3250 1490 3304 in
1555 3266 1619 3305 ea
1667 3249 2034 3304 Christianum
2088 3248 2294 3303 accidet

2382 3221 2557 3323 ’ριακὴ
2602 3252 2708 3321 εἴη,
2737 3221 2919 3305 άνελθε
2963 3254 3040 3314 είς
3082 3252 3179 3322 τὴν
3222 3221 3588 3322 ἐπερχομένῃν
3614 3221 3901 3320 Κύριακήν·

766 3342 971 3399 Pascba
1043 3342 1099 3419 Si
1149 3345 1280 3399 feria
1333 3360 1371 3398 ιι
1416 3344 1526 3409 sit,
1575 3360 1682 3397 non
1730 3345 1907 3397 minus
1947 3344 2050 3398 erit
2090 3342 2296 3397 Pascha

767 3434 1007 3502 proxima
1035 3431 1331 3497 Dominiea,
1374 3442 1534 3502 atque
1568 3434 1639 3485 ita
1673 3447 1834 3500 porro
1859 3447 2027 3501 usque
2058 3432 2124 3485 ad
2156 3429 2295 3484 Sab-

766 3524 968 3576 balum.
998 3522 1203 3577 Etenim
1231 3525 1286 3576 in
1310 3521 1550 3576 eamdem
1578 3521 1965 3576 hebdomadem
1996 3520 2155 3574 ambo
2190 3519 2292 3572 Pa-

767 3613 955 3679 schata
992 3620 1343 3680 concurrunt,
1380 3626 1484 3665 non
1511 3619 1689 3665 tamen
1717 3614 1962 3664 eumdem
1993 3610 2153 3663 diem.

836 3700 944 3757 Sed
990 3702 1121 3756 illud
1165 3700 1439 3757 sciendum
1477 3704 1579 3773 est;
1619 3698 2065 3769 quemadmodum
2097 3706 2297 3766 epacta:

768 3799 1055 3847 menstruae
1097 3790 1350 3845 eonﬁant.
1396 3789 1583 3843 Annus
1613 3788 1801 3843 diebus
1840 3794 2051 3841 constat
2075 3800 2293 3840 cccuv.

766 3883 873 3948 Em,
907 3898 1003 3953 per
1038 3899 1113 3936 vn
1152 3882 1357 3946 divisae,
1390 3896 1548 3955 unam
1593 3866 1732 3933 diem
1771 3879 2101 3948 relinquunt.
2144 3876 2296 3932 llanc

766 3980 930 4047 igitur
974 3976 1174 4044 addito,
1222 3991 1427 4031 necnon
1468 3991 1536 4029 ex
1579 3974 1797 4029 Octobri
1833 3980 1975 4036 tres,
2027 3972 2162 4027 ﬁunt
2220 3988 2293 4028 tv.

769 4067 879 4122 llas
920 4066 1200 4123 Novembri
1226 4067 1417 4136 adiice.
1450 4066 1674 4121 Easdem
1704 4080 1892 4119 rursus
1919 4080 2051 4134 auge
2088 4064 2297 4118 duabus

766 4172 796 4208 e
842 4154 1127 4211 Novembri
1179 4157 1371 4224 captis,
1445 4154 1572 4209 ﬁent
1619 4169 1673 4207 νι
1716 4162 1917 4222 epacta:
1967 4150 2292 4207 Decembris.

766 4243 975 4309 Quibus
1010 4243 1266 4298 accedant
1298 4251 1455 4297 trese
1476 4241 1776 4305 Decembri,
1806 4251 1858 4295 et
1891 4257 1953 4295 ex
1985 4252 2190 4294 summa
2221 4256 2294 4304 ιι,

766 4333 939 4402 abjice
969 4349 1064 4394 vn,
1102 4340 1307 4386 restant
1335 4332 1462 4394 duo,
1496 4342 1695 4400 cpacta:
1722 4329 1982 4383 Januarii.
2018 4330 2165 4384 Adde
2192 4330 2295 4383 tria

765 4422 836 4475 ob
876 4420 1209 4483 Ianuarium,
1254 4420 1514 4475 exsislent
1556 4437 1589 4473 ν
1618 4428 1815 4486 epactae
1842 4418 2137 4481 Februarii,
2176 4435 2294 4489 quae

2395 3344 2611 3395 κάκεῖσε
2657 3339 2723 3412 ἦν
2759 3344 2819 3396 τὸ
2878 3344 3211 3413 Χριστιανῶν
3262 3345 3483 3413 Πάσχα·
3530 3345 3577 3395 εί
3616 3342 3670 3393 δὲ
3705 3340 3907 3407 δευτέρα
3957 3382 3967 3391 .

2392 3436 2556 3495 ἐστὶν,
2582 3432 2838 3496 ὡσαύτως
2866 3437 2929 3502 τῇ
2964 3434 3229 3504 ἐρχομένῃ
3273 3434 3541 3503 κυριακῇ,
3573 3432 3665 3483 καὶ
3699 3429 3906 3496 καθεξῆς

2392 3526 2517 3593 ἄχρι
2548 3524 2639 3576 τοῦ
2689 3523 2982 3575 σαϐϐάτου·
3030 3524 3087 3575 ὲν
3126 3523 3233 3592 γάρ
3276 3524 3371 3591 μιᾷ
3413 3522 3657 3589 ὲόδομάδι
3690 3520 3905 3588 γίνονται

2313 3613 2316 3617 ’
2392 3615 2555 3683 ἄμφω
2585 3613 2653 3665 τὰ
2680 3613 2885 3682 Πάσχα,
2919 3614 2977 3663 ἐν
3018 3614 3115 3682 μιᾷ
3141 3612 3195 3663 δὲ
3221 3613 3399 3682 ἡμέρα
3424 3611 3687 3678 οὐδαμῶς.

2463 3704 2552 3753 Δεῖ
2577 3700 2859 3767 γινώσκειν
2890 3700 3004 3764 πῶς
3048 3701 3284 3767 γίνονται
3315 3701 3369 3751 αἱ
3406 3700 3633 3751 ὲπακταὶ
3672 3698 3773 3750 τῶν
3813 3713 3901 3763 μη-

2391 3791 2515 3843 νῶν.
2560 3791 2617 3843 Ὀ
2646 3792 2882 3855 ἐνιαυτὸς
2906 3790 3014 3859 ἔχει
3046 3792 3253 3861 ἡμέρας
3280 3790 3401 3854 τξε’.
3426 3790 3636 3859 Ταύτας
3663 3786 3905 3847 ἀναλύσας

2392 3882 2477 3936 διὰ
2501 3882 2606 3934 τῶν
2638 3883 2701 3946 ζ’,
2732 3883 2987 3953 ἀπομένει
3018 3884 3133 3953 μία.
3176 3882 3390 3953 Ταύτην
3434 3882 3530 3952 τὴν
3560 3881 3682 3951 μίαν
3712 3876 3903 3949 προστί-

2393 3973 2534 4043 θητι,
2568 3974 2658 4026 καὶ
2687 3974 2794 4028 ἀπὸ
2828 3974 2931 4026 τοῦ
2962 3972 3329 4044 Ὀκτωμϐρίου
3357 3980 3405 4040 γ’
3422 3987 3435 4001 ·
3465 3974 3560 4025 καὶ
3596 3970 3818 4039 γίνονται
3849 3968 3902 4019 δ’.

2393 4064 2603 4128 Ταύτας
2660 4065 2888 4135 πρόσθες
2927 4064 3002 4133 τῷ
3046 4063 3353 4133 Νοεμϐρίῳ.
3401 4063 3601 4132 Κράτει
3642 4062 3794 4114 πάλιν
3821 4057 3905 4119 τὰς

2391 4156 2454 4215 δ’,
2486 4156 2713 4225 πρόσθες
2740 4156 2830 4208 καὶ
2873 4154 2980 4207 ἀπὸ
3013 4153 3104 4207 τοῦ
3145 4154 3441 4224 Νοεμϐρίου
3473 4152 3533 4221 ﬁ”
3571 4151 3659 4204 καὶ
3692 4152 3904 4218 γίνονται

2396 4249 2448 4307 ς’
2492 4246 2569 4304 εἰς
2596 4243 2683 4295 τὸν
2710 4245 3068 4313 -Δεκέμῦριον,
3113 4243 3274 4295 Πάλιν
3313 4242 3580 4310 κράτησον
3618 4240 3714 4302 τάς
3759 4238 3905 4298 αὐτὸς

2395 4342 2468 4398 ς’,
2497 4333 2587 4385 καὶ
2621 4319 2849 4403 πρόσθες
2871 4333 2963 4384 καὶ
2994 4334 3098 4385 άττὺ
3120 4332 3212 4384 τοῦ
3240 4332 3561 4403 Δεκεμϐρίου
3593 4338 3640 4399 γ’
3664 4346 3677 4359 ·
3716 4330 3802 4381 καὶ
3835 4329 3905 4395 τί·

2394 4440 2572 4476 νονται
2604 4423 2667 4475 θ’.
2702 4422 3022 4493 Ἀπόρριψον
3045 4424 3141 4485 τὰς
3171 4423 3212 4486 ζ’
3232 4440 3244 4453 ’
3280 4423 3371 4475 καὶ
3397 4422 3717 4491 ἀπομένουσι
3738 4420 3821 4473 δύο
3840 4420 3904 4479 εἰς

765 4520 819 4566 et
842 4511 1032 4566 Martio
1075 4518 1396 4582 congruunt.
1443 4508 1557 4563 Jam
1598 4508 1664 4561 ad
1697 4525 1729 4562 ν
1767 4511 1897 4563 istas
1941 4509 2113 4563 Martii
2161 4511 2294 4564 adde

2393 4515 2484 4567 τὸν
2525 4515 2861 4583 Ἰανουάριον.
2913 4514 3149 4583 Πρόσθες
3188 4514 3279 4567 καὶ
3316 4520 3363 4581 γ’
3407 4513 3513 4567 ἀπὸ
3557 4512 3648 4565 τοῦ
3699 4513 3903 4563 Ἰανουα-

768 4608 896 4654 tres.
919 4599 1251 4667 Colliguntur
1275 4614 1394 4662 vm,
1425 4614 1455 4652 e
1488 4592 1683 4666 quibus
1723 4593 1976 4651 detractis
2002 4612 2099 4658 vn,
2134 4597 2295 4650 relin-

770 4687 953 4753 quitur
998 4701 1013 4739 ι
1061 4687 1274 4754 Aprilis
1303 4694 1505 4754 epacta.
1555 4686 1636 4740 0b
1686 4686 1920 4757 Aprilem
1976 4684 2109 4739 adde
2144 4685 2293 4748 duo,

772 4778 897 4830 ticnt
919 4777 1040 4837 tria,
1066 4783 1267 4845 epactae
1302 4775 1424 4828 Maii
1460 4794 1473 4829 :
1516 4778 1605 4845 qui
1634 4776 1835 4829 additis
1858 4776 2051 4836 tribus,
2077 4784 2293 4843 epactas

769 4864 896 4918 facit
916 4863 1058 4919 Junii
1102 4881 1174 4919 νι.
1202 4864 1423 4920 Accedit
1452 4866 1671 4919 biduum
1702 4876 1918 4935 propter
1953 4865 2196 4928 Junium,
2241 4875 2294 4919 et

765 4971 831 5008 ex
885 4969 1091 5009 summa
1132 4971 1225 5009 νιιι
1266 4953 1496 5023 demptis
1529 4971 1625 5017 vn,
1655 4964 1822 5009 restat
1862 4972 1878 5008 ι
1911 4953 2037 5007 Julii
2082 4963 2293 5023 epacta.

768 5042 902 5096 Tum
962 5052 1178 5112 propter
1233 5043 1431 5098 Julium
1500 5043 1771 5111 adjunctis
1821 5046 2035 5105 tribus,
2096 5054 2297 5113 epactaa

769 5134 902 5187 [lunt
924 5134 1145 5202 Augusti
1178 5150 1248 5187 Iv.
1280 5135 1552 5203 Augustus
1578 5135 1761 5201 adjicit
1785 5136 1905 5196 tria,
1939 5151 2110 5203 eoque
2140 5135 2298 5188 modo

766 5238 841 5276 vn
862 5232 1195 5293 consurgunt
1216 5233 1414 5292 epactae
1442 5224 1787 5295 Septembris.
1822 5224 1974 5279 Hunc
2003 5226 2056 5277 in
2083 5227 2298 5278 modum

766 5312 1063 5378 erplieatur
1105 5322 1411 5379 epactarum
1452 5314 1801 5383 propagatio;
1835 5329 1953 5383 quae
1984 5314 2299 5383 compendio

768 5399 843 5452 ita
870 5403 1206 5469 proponitur.

2405 4606 2538 4675 ρίου,
2573 4605 2665 4657 καὶ
2703 4604 2935 4671 γίνονται
2964 4611 3003 4655 ε’
3032 4607 3110 4666 είς
3140 4604 3228 4656 τὸν
3253 4603 3623 4673 Φεϐρουάριον.
3656 4603 3718 4653 Δί
3748 4602 3791 4652 δ’
3824 4599 3904 4650 αύ-

2396 4689 2482 4740 ταί
2514 4692 2619 4741 εἰσι
2658 4690 2752 4741 καὶ
2796 4692 2875 4753 είς
2908 4691 2994 4742 τὸν
3036 4690 3292 4758 Μάρτιον.
3328 4690 3495 4742 Πάλιν
3537 4690 3795 4759 κράτησον
3824 4687 3903 4746 τὰς

2397 4779 2576 4839 πέντε,
2608 4780 2698 4831 καὶ
2726 4779 2953 4850 πρόσθες
2979 4779 3072 4831 καὶ
3105 4780 3213 4832 ἀπὸ
3246 4779 3336 4831 τοῦ
3360 4778 3598 4849 Μαρτίου
3627 4784 3693 4844 γλ
3719 4776 3803 4829 καὶ.
3834 4772 3903 4841 γί-

2396 4885 2571 4921 νονται
2611 4875 2683 4937 η’.
2724 4870 3041 4940 Ἀπόρῤιψον
3084 4870 3181 4939 τὰς
3212 4870 3275 4933 ζ’,
3302 4869 3614 4937 ἐναπομένει
3661 4868 3752 4921 καὶ
3777 4872 3819 4917 α’
3840 4865 3902 4924 εἰς

2398 4958 2485 5010 τὸν
2512 4959 2794 5027 Ἀπρίλιον.
2821 4957 3274 5028 Κράτησονπὰλιν
3298 4957 3461 5027 αὐτὴν
3481 4956 3577 5026 τὴν
3599 4964 3645 5009 α’
3664 4973 3676 4985 ·
3706 4952 3903 5024 πρόσθες

2400 5048 2491 5099 καὶ
2532 5048 2623 5099 δύο
2661 5049 2769 5101 άπὸ
2800 5048 2891 5100 τοῦ
2924 5050 3214 5119 Ἀπριλίου,
3246 5048 3337 5101 καὶ
3379 5049 3609 5112 γίνονται
3644 5054 3690 5113 γ’
3730 5049 3803 5106 είς
3831 5041 3902 5093 τὸν

2396 5138 2585 5190 Μάῖον.
2619 5139 2784 5191 Πάλιν
2818 5140 3085 5209 κράτησον
3115 5138 3279 5201 αὑτὰς
3310 5139 3406 5201 τὰς
3447 5144 3493 5205 γ’
3518 5156 3530 5167 ·
3580 5134 3803 5206 πρόσθες
3828 5130 3902 5181 καὶ

2397 5226 2503 5278 άπὸ
2544 5226 2636 5279 τοῦ
2668 5230 2842 5281 Μαΐου
2872 5236 2941 5295 γ’,
2981 5228 3073 5281 καὶ
3100 5229 3335 5295 γίνονται
3376 5234 3429 5292 ς’
3453 5228 3531 5288 εἰς
3571 5227 3658 5278 τον
3698 5223 3897 5276 Ἰούνιον.

2397 5316 2561 5368 Πάλιν
2591 5317 2860 5387 κράτησον
2889 5318 3052 5381 αὐτὰς
3097 5318 3192 5379 τὰς
3220 5325 3289 5381 ς·’.
3322 5320 3412 5369 καὶ
3443 5316 3672 5385 πρόσθες
3705 5312 3802 5366 ἀπὸ
3828 5305 3899 5361 τοῦ

2410 5405 2622 5457 Ἰοινίου
2657 5407 2719 5475 β’,
2756 5408 2989 5473 γίνονται
3025 5414 3093 5474 η’.
3138 5407 3453 5477 Ἀπόρμψον
3476 5405 3572 5466 τὰς
3588 5404 3652 5467 ζ’,
3678 5402 3900 5469 ἀπομένει

770 5496 817 5541 α’
854 5491 933 5551 εις
965 5491 1054 5543 τὸν
1090 5491 1321 5545 Ἰούλιον.
1351 5490 1516 5545 Πάλιν
1547 5492 1815 5561 κράτησον
1842 5493 1938 5563 τὴν
1960 5499 2007 5545 α’
2027 5512 2040 5523 ·
2073 5494 2300 5563 πρόσθες
2330 5494 2424 5546 καὶ
2451 5495 2555 5547 ἀπὸ
2576 5498 2666 5548 τοῦ
2703 5499 2916 5551 Ἰουλίου
2944 5502 3107 5569 τρεῖς,
3137 5498 3368 5565 γίνονται
3411 5498 3452 5550 δ’
3482 5498 3558 5558 είς
3600 5497 3686 5549 τὸν
3738 5494 3900 5558 Αὔγου-

771 5597 910 5634 στον.
953 5582 1117 5636 Πάλιν
1153 5586 1623 5656 κράτησονάύτάς
1664 5587 1762 5651 τὰς
1804 5589 1844 5641 δ’
1868 5602 1881 5618 ’
1928 5588 2157 5658 πρόσθες
2196 5590 2302 5641 ἀπὸ
2328 5590 2420 5641 τοῦ
2454 5592 2754 5659 Αὐγούστου
2794 5601 2862 5661 γ’,
2925 5596 3016 5647 καὶ
3059 5596 3290 5662 γίνονται
3348 5593 3390 5655 ζ’
3426 5594 3504 5655 είς
3544 5591 3635 5643 τὸν
3690 5587 3899 5652 Σεπτίμ-

768 5669 936 5833 6ριοέ.
978 5674 1086 5728 Καὶ
1116 5676 1284 5729 ταῦτα
1326 5678 1421 5747 μὲν
1458 5678 1717 5750 ἐντέχνως
1762 5680 2124 5765 κατέστρωται
2160 5684 2285 5753 περὶ
2323 5685 2562 5738 πάντων·
2592 5686 2727 5739 ἔστω
2748 5705 2825 5740 σοι
2848 5688 2902 5741 δὲ
2928 5686 3095 5741 ταῦτα
3149 5687 3215 5742 τὰ
3260 5687 3557 5757 δηλωθέντα
3607 5684 3681 5747 ὡς
3729 5685 3779 5735 ὲν
3808 5682 3898 5730 iactv

770 5778 871 5831 τομ
912 5803 925 5816 .
2535 5786 2545 5795 ο

770 5778 925 5831 τομῃ.
2535 5786 2545 5795 ο
