  <div class='ocr_page' id='page_1' title='image "/cluster/home/n/w/nwhite01/storage/ocr_20150623/19/pst.000005712045/682.png"; bbox 0 0 4046 6320; ppageno 0'>
   <div class='ocr_carea' id='block_1_1' title="bbox 153 485 1751 551">
    <p class='ocr_par' dir='ltr' id='par_1_1' title="bbox 153 486 1751 543">
     <span class='ocr_line' id='line_1_1' title="bbox 153 486 1751 543; baseline -0.001 -2"><span class='ocrx_word' id='word_1_1' title='bbox 153 486 298 542; x_wconf 71' lang='grc'><strong>1353</strong></span> <span class='ocrx_word' id='word_1_2' title='bbox 1027 487 1208 542; x_wconf 78' lang='grc' dir='ltr'><strong>ΑΕΤῙΙ</strong></span> <span class='ocrx_word' id='word_1_3' title='bbox 1237 486 1329 540; x_wconf 86' lang='lat' dir='ltr'><strong>DE</strong></span> <span class='ocrx_word' id='word_1_4' title='bbox 1357 486 1751 543; x_wconf 79' lang='lat' dir='ltr'><strong>SIGNIFICATI</strong></span> 
     </span>
    </p>
   </div>
   <div class='ocr_carea' id='block_1_2' title="bbox 1743 485 3341 551">
    <p class='ocr_par' dir='ltr' id='par_1_2' title="bbox 1743 485 3341 551">
     <span class='ocr_line' id='line_1_2' title="bbox 1743 485 3341 551; baseline 0.006 -11"><span class='ocrx_word' id='word_1_5' title='bbox 1743 485 2007 544; x_wconf 79' lang='lat' dir='ltr'><strong>IONIBUS</strong></span> <span class='ocrx_word' id='word_1_6' title='bbox 2045 488 2475 546; x_wconf 74' lang='lat' dir='ltr'><strong>STELLARUM.</strong></span> <span class='ocrx_word' id='word_1_7' title='bbox 3207 493 3341 551; x_wconf 68' lang='grc'><strong>1538</strong></span> 
     </span>
    </p>
   </div>
   <div class='ocr_carea' id='block_1_3' title="bbox 499 595 2097 667">
    <p class='ocr_par' dir='ltr' id='par_1_3' title="bbox 499 595 1770 665">
     <span class='ocr_line' id='line_1_3' title="bbox 499 595 1770 665; baseline 0.007 -16"><span class='ocrx_word' id='word_1_8' title='bbox 499 598 565 650; x_wconf 78' lang='lat' dir='ltr'><strong>Al</strong></span> <span class='ocrx_word' id='word_1_9' title='bbox 592 595 837 649; x_wconf 77' lang='grc' dir='ltr'><strong>ἐπακταί</strong></span> <span class='ocrx_word' id='word_1_10' title='bbox 861 595 1115 648; x_wconf 67' lang='grc' dir='ltr'><strong>ἑκάστου</strong></span> <span class='ocrx_word' id='word_1_11' title='bbox 1139 596 1350 665; x_wconf 80' lang='grc' dir='ltr'><strong>μηνός,</strong></span> <span class='ocrx_word' id='word_1_12' title='bbox 1721 601 1770 657; x_wconf 75' lang='grc' dir='ltr'>Α</span> 
     </span>
    </p>
   </div>
   <div class='ocr_carea' id='block_1_4' title="bbox 1360 595 2958 667">
    <p class='ocr_par' dir='ltr' id='par_1_4' title="bbox 1721 595 2958 667">
     <span class='ocr_line' id='line_1_4' title="bbox 1721 595 2958 667; baseline 0.003 -16"><span class='ocrx_word' id='word_1_13' title='bbox 1721 601 1770 657; x_wconf 74' lang='grc' dir='ltr'>Α</span> <span class='ocrx_word' id='word_1_14' title='bbox 2187 595 2401 667; x_wconf 75' lang='grc' dir='ltr'><strong>Εραειιε</strong></span> <span class='ocrx_word' id='word_1_15' title='bbox 2432 615 2682 654; x_wconf 73' lang='lat' dir='ltr'><strong>mensium</strong></span> <span class='ocrx_word' id='word_1_16' title='bbox 2711 599 2958 654; x_wconf 71' lang='lat' dir='ltr'><strong>omnium.</strong></span> 
     </span>
    </p>
   </div>
   <div class='ocr_carea' id='block_1_5' title="bbox 149 724 1747 805">
    <p class='ocr_par' dir='ltr' id='par_1_5' title="bbox 149 724 1695 797">
     <span class='ocr_line' id='line_1_5' title="bbox 149 724 1695 797; baseline 0.003 -19"><span class='ocrx_word' id='word_1_17' title='bbox 149 725 273 795; x_wconf 91' lang='grc' dir='ltr'><strong>Μὴν</strong></span> <span class='ocrx_word' id='word_1_18' title='bbox 316 724 676 794; x_wconf 81' lang='grc' dir='ltr'><strong>Ὀκτώμσριος</strong></span> <span class='ocrx_word' id='word_1_19' title='bbox 806 733 853 778; x_wconf 82' lang='grc' dir='ltr'><strong>α’</strong></span> <span class='ocrx_word' id='word_1_20' title='bbox 992 727 1116 796; x_wconf 85' lang='grc' dir='ltr'>Μὴν</span> <span class='ocrx_word' id='word_1_21' title='bbox 1150 729 1204 779; x_wconf 79' lang='grc' dir='ltr'><strong>Ἀ</strong></span> <span class='ocrx_word' id='word_1_22' title='bbox 1212 728 1418 797; x_wconf 90' lang='grc' dir='ltr'><strong>πρίλιος</strong></span> <span class='ocrx_word' id='word_1_23' title='bbox 1646 737 1695 782; x_wconf 84' lang='grc' dir='ltr'><strong>α’</strong></span> 
     </span>
    </p>
   </div>
   <div class='ocr_carea' id='block_1_6' title="bbox 1734 724 3332 805">
    <p class='ocr_par' dir='ltr' id='par_1_6' title="bbox 1796 730 3332 805">
     <span class='ocr_line' id='line_1_6' title="bbox 1796 730 3332 805; baseline 0.003 -17"><span class='ocrx_word' id='word_1_24' title='bbox 1796 730 2027 789; x_wconf 79' lang='lat' dir='ltr'><strong>October</strong></span> <span class='ocrx_word' id='word_1_25' title='bbox 2463 751 2477 788; x_wconf 88' lang='grc' dir='ltr'><strong>ι</strong></span> <span class='ocrx_word' id='word_1_26' title='bbox 2655 737 2856 805; x_wconf 85' lang='lat' dir='ltr'><strong>Aprilis</strong></span> <span class='ocrx_word' id='word_1_27' title='bbox 2931 731 2933 735; x_wconf 75' lang='grc'><strong>’</strong></span> <span class='ocrx_word' id='word_1_28' title='bbox 3219 758 3222 762; x_wconf 72' lang='grc'><strong>’</strong></span> <span class='ocrx_word' id='word_1_29' title='bbox 3318 757 3332 793; x_wconf 91' lang='grc' dir='ltr'><strong>ι</strong></span> 
     </span>
    </p>
   </div>
   <div class='ocr_carea' id='block_1_7' title="bbox 149 813 1747 886">
    <p class='ocr_par' dir='ltr' id='par_1_7' title="bbox 149 813 1694 886">
     <span class='ocr_line' id='line_1_7' title="bbox 149 813 1694 886; baseline 0.006 -21"><span class='ocrx_word' id='word_1_30' title='bbox 149 813 275 882; x_wconf 81' lang='grc' dir='ltr'><strong>Μὴν</strong></span> <span class='ocrx_word' id='word_1_31' title='bbox 312 813 608 883; x_wconf 81' lang='grc' dir='ltr'><strong>Νοέμὸριος</strong></span> <span class='ocrx_word' id='word_1_32' title='bbox 813 815 856 868; x_wconf 79' lang='grc' dir='ltr'><strong>δ’</strong></span> <span class='ocrx_word' id='word_1_33' title='bbox 995 816 1117 885; x_wconf 89' lang='grc' dir='ltr'><strong>Μὴν</strong></span> <span class='ocrx_word' id='word_1_34' title='bbox 1148 817 1319 880; x_wconf 87' lang='grc' dir='ltr'><strong>Μάῖος</strong></span> <span class='ocrx_word' id='word_1_35' title='bbox 1647 825 1694 886; x_wconf 85' lang='grc' dir='ltr'><strong>γ’</strong></span> 
     </span>
    </p>
   </div>
   <div class='ocr_carea' id='block_1_8' title="bbox 1733 813 3331 886">
    <p class='ocr_par' dir='ltr' id='par_1_8' title="bbox 1794 824 3331 883">
     <span class='ocr_line' id='line_1_8' title="bbox 1794 824 3331 883; baseline 0.003 -5"><span class='ocrx_word' id='word_1_36' title='bbox 1794 824 2090 880; x_wconf 81' lang='lat' dir='ltr'><strong>November</strong></span> <span class='ocrx_word' id='word_1_37' title='bbox 2430 841 2483 880; x_wconf 75' lang='lat' dir='ltr'><strong>tv</strong></span> <span class='ocrx_word' id='word_1_38' title='bbox 2663 827 2833 881; x_wconf 82' lang='lat' dir='ltr'><strong>Maius</strong></span> <span class='ocrx_word' id='word_1_39' title='bbox 3272 843 3331 883; x_wconf 86' lang='grc' dir='ltr'>ιιι</span> 
     </span>
    </p>
   </div>
   <div class='ocr_carea' id='block_1_9' title="bbox 150 903 1748 987">
    <p class='ocr_par' dir='ltr' id='par_1_9' title="bbox 150 903 1693 974">
     <span class='ocr_line' id='line_1_9' title="bbox 150 903 1693 974; baseline 0.005 -20"><span class='ocrx_word' id='word_1_40' title='bbox 150 903 272 969; x_wconf 84' lang='grc' dir='ltr'><strong>Μὴν</strong></span> <span class='ocrx_word' id='word_1_41' title='bbox 303 905 365 953; x_wconf 88' lang='grc' dir='ltr'><strong>Δε</strong></span> <span class='ocrx_word' id='word_1_42' title='bbox 375 903 624 973; x_wconf 78' lang='grc' dir='ltr'><strong>κέμδριος</strong></span> <span class='ocrx_word' id='word_1_43' title='bbox 810 911 850 957; x_wconf 87' lang='grc' dir='ltr'><strong>ε’</strong></span> <span class='ocrx_word' id='word_1_44' title='bbox 991 905 1112 974; x_wconf 84' lang='grc' dir='ltr'><strong>Μὴν</strong></span> <span class='ocrx_word' id='word_1_45' title='bbox 1149 907 1363 969; x_wconf 78' lang='grc' dir='ltr'><strong>Ἰούνιος</strong></span> <span class='ocrx_word' id='word_1_46' title='bbox 1640 914 1693 972; x_wconf 81' lang='grc' dir='ltr'><strong>ς’</strong></span> 
     </span>
    </p>
   </div>
   <div class='ocr_carea' id='block_1_10' title="bbox 1731 903 3329 987">
    <p class='ocr_par' dir='ltr' id='par_1_10' title="bbox 1793 916 3329 987">
     <span class='ocr_line' id='line_1_10' title="bbox 1793 916 3329 987; baseline 0.002 -17"><span class='ocrx_word' id='word_1_47' title='bbox 1793 916 2084 972; x_wconf 85' lang='lat' dir='ltr'><strong>December</strong></span> <span class='ocrx_word' id='word_1_48' title='bbox 2149 983 2155 987; x_wconf 31' lang='grc'>,</span> <span class='ocrx_word' id='word_1_49' title='bbox 2449 934 2481 970; x_wconf 85' lang='lat' dir='ltr'><strong>v</strong></span> <span class='ocrx_word' id='word_1_50' title='bbox 2657 916 2850 974; x_wconf 83' lang='lat' dir='ltr'><strong>Junius</strong></span> <span class='ocrx_word' id='word_1_51' title='bbox 3277 937 3329 973; x_wconf 74' lang='lat' dir='ltr'><strong>vn</strong></span> 
     </span>
    </p>
   </div>
   <div class='ocr_carea' id='block_1_11' title="bbox 149 992 1747 1066">
    <p class='ocr_par' dir='ltr' id='par_1_11' title="bbox 149 992 1692 1066">
     <span class='ocr_line' id='line_1_11' title="bbox 149 992 1692 1066; baseline 0.004 -22"><span class='ocrx_word' id='word_1_52' title='bbox 149 995 276 1061; x_wconf 83' lang='grc' dir='ltr'><strong>Μὴν</strong></span> <span class='ocrx_word' id='word_1_53' title='bbox 319 992 630 1062; x_wconf 82' lang='grc' dir='ltr'><strong>Ἰανουάριος</strong></span> <span class='ocrx_word' id='word_1_54' title='bbox 806 996 851 1065; x_wconf 84' lang='grc' dir='ltr'><strong>β’</strong></span> <span class='ocrx_word' id='word_1_55' title='bbox 991 998 1112 1066; x_wconf 85' lang='grc' dir='ltr'><strong>Μὴν</strong></span> <span class='ocrx_word' id='word_1_56' title='bbox 1149 997 1362 1060; x_wconf 80' lang='grc' dir='ltr'><strong>Ἰούλιος</strong></span> <span class='ocrx_word' id='word_1_57' title='bbox 1644 1005 1692 1050; x_wconf 85' lang='grc' dir='ltr'><strong>α’</strong></span> 
     </span>
    </p>
   </div>
   <div class='ocr_carea' id='block_1_12' title="bbox 1727 992 3325 1066">
    <p class='ocr_par' dir='ltr' id='par_1_12' title="bbox 1790 1005 3325 1064">
     <span class='ocr_line' id='line_1_12' title="bbox 1790 1005 3325 1064; baseline 0.004 -6"><span class='ocrx_word' id='word_1_58' title='bbox 1790 1005 2079 1059; x_wconf 74' lang='lat' dir='ltr'><strong>Ianuarius</strong></span> <span class='ocrx_word' id='word_1_59' title='bbox 2440 1020 2479 1056; x_wconf 81' lang='grc' dir='ltr'>ιι</span> <span class='ocrx_word' id='word_1_60' title='bbox 2655 1005 2831 1060; x_wconf 80' lang='lat' dir='ltr'><strong>Julius</strong></span> <span class='ocrx_word' id='word_1_61' title='bbox 3312 1026 3325 1064; x_wconf 85' lang='grc' dir='ltr'><strong>ι</strong></span> 
     </span>
    </p>
   </div>
   <div class='ocr_carea' id='block_1_13' title="bbox 152 1083 1750 1162">
    <p class='ocr_par' dir='ltr' id='par_1_13' title="bbox 152 1083 1693 1155">
     <span class='ocr_line' id='line_1_13' title="bbox 152 1083 1693 1155; baseline 0.005 -22"><span class='ocrx_word' id='word_1_62' title='bbox 152 1084 278 1151; x_wconf 83' lang='grc' dir='ltr'><strong>Μὴν</strong></span> <span class='ocrx_word' id='word_1_63' title='bbox 306 1083 660 1154; x_wconf 75' lang='grc' dir='ltr'><strong>Φεϐρουάριος</strong></span> <span class='ocrx_word' id='word_1_64' title='bbox 808 1092 849 1138; x_wconf 83' lang='grc' dir='ltr'><strong>ε’</strong></span> <span class='ocrx_word' id='word_1_65' title='bbox 990 1087 1112 1155; x_wconf 90' lang='grc' dir='ltr'>Μὴν</span> <span class='ocrx_word' id='word_1_66' title='bbox 1140 1085 1443 1154; x_wconf 76' lang='grc' dir='ltr'><strong>Αὔγουστος</strong></span> <span class='ocrx_word' id='word_1_67' title='bbox 1649 1089 1693 1140; x_wconf 84' lang='grc' dir='ltr'><strong>δ’</strong></span> 
     </span>
    </p>
   </div>
   <div class='ocr_carea' id='block_1_14' title="bbox 1732 1083 3330 1162">
    <p class='ocr_par' dir='ltr' id='par_1_14' title="bbox 1791 1095 3330 1162">
     <span class='ocr_line' id='line_1_14' title="bbox 1791 1095 3330 1162; baseline 0.001 -13"><span class='ocrx_word' id='word_1_68' title='bbox 1791 1095 2117 1151; x_wconf 87' lang='lat' dir='ltr'><strong>Februarius</strong></span> <span class='ocrx_word' id='word_1_69' title='bbox 2452 1111 2485 1148; x_wconf 89' lang='lat' dir='ltr'><strong>v</strong></span> <span class='ocrx_word' id='word_1_70' title='bbox 2654 1095 2930 1162; x_wconf 75' lang='lat' dir='ltr'><strong>Augustus</strong></span> <span class='ocrx_word' id='word_1_71' title='bbox 3276 1115 3330 1151; x_wconf 75' lang='lat' dir='ltr'><strong>tv</strong></span> 
     </span>
    </p>
   </div>
   <div class='ocr_carea' id='block_1_15' title="bbox 149 1173 1747 1254">
    <p class='ocr_par' dir='ltr' id='par_1_15' title="bbox 149 1173 1692 1249">
     <span class='ocr_line' id='line_1_15' title="bbox 149 1173 1692 1249; baseline 0.006 -25"><span class='ocrx_word' id='word_1_72' title='bbox 149 1173 273 1242; x_wconf 82' lang='grc' dir='ltr'><strong>Μὴν</strong></span> <span class='ocrx_word' id='word_1_73' title='bbox 302 1175 538 1244; x_wconf 86' lang='grc' dir='ltr'>Μάρτιος</span> <span class='ocrx_word' id='word_1_74' title='bbox 809 1182 847 1228; x_wconf 87' lang='grc' dir='ltr'><strong>ε’</strong></span> <span class='ocrx_word' id='word_1_75' title='bbox 988 1177 1109 1249; x_wconf 87' lang='grc' dir='ltr'><strong>Μὴν</strong></span> <span class='ocrx_word' id='word_1_76' title='bbox 1145 1179 1509 1249; x_wconf 77' lang='grc' dir='ltr'><strong>Σεπτέμσριος</strong></span> <span class='ocrx_word' id='word_1_77' title='bbox 1649 1181 1692 1243; x_wconf 70' lang='grc' dir='ltr'><strong>ζ’</strong></span> 
     </span>
    </p>
   </div>
   <div class='ocr_carea' id='block_1_16' title="bbox 1729 1173 3327 1254">
    <p class='ocr_par' dir='ltr' id='par_1_16' title="bbox 1790 1184 3327 1254">
     <span class='ocr_line' id='line_1_16' title="bbox 1790 1184 3327 1254; baseline 0.002 -16"><span class='ocrx_word' id='word_1_78' title='bbox 1790 1184 2013 1240; x_wconf 84' lang='lat' dir='ltr'><strong>Martius</strong></span> <span class='ocrx_word' id='word_1_79' title='bbox 2451 1202 2484 1240; x_wconf 88' lang='lat' dir='ltr'><strong>v</strong></span> <span class='ocrx_word' id='word_1_80' title='bbox 2660 1185 2971 1254; x_wconf 76' lang='lat' dir='ltr'><strong>September</strong></span> <span class='ocrx_word' id='word_1_81' title='bbox 3253 1203 3327 1242; x_wconf 84' lang='lat' dir='ltr'><strong>vn</strong></span> 
     </span>
    </p>
   </div>
   <div class='ocr_carea' id='block_1_17' title="bbox 221 1285 1819 1365">
    <p class='ocr_par' dir='ltr' id='par_1_17' title="bbox 221 1285 1690 1361">
     <span class='ocr_line' id='line_1_17' title="bbox 221 1285 1690 1361; baseline 0.005 -24"><span class='ocrx_word' id='word_1_82' title='bbox 221 1286 283 1338; x_wconf 73' lang='lat' dir='ltr'><strong>Et</strong></span> <span class='ocrx_word' id='word_1_83' title='bbox 335 1285 492 1357; x_wconf 80' lang='grc' dir='ltr'><strong>βούλῃ</strong></span> <span class='ocrx_word' id='word_1_84' title='bbox 547 1290 724 1358; x_wconf 81' lang='grc' dir='ltr'>εὑρεῖν</span> <span class='ocrx_word' id='word_1_85' title='bbox 758 1305 817 1341; x_wconf 86' lang='grc' dir='ltr'><strong>σε</strong></span> <span class='ocrx_word' id='word_1_86' title='bbox 863 1295 922 1342; x_wconf 83' lang='grc' dir='ltr'><strong>τὸ</strong></span> <span class='ocrx_word' id='word_1_87' title='bbox 970 1289 1212 1360; x_wconf 86' lang='grc' dir='ltr'><strong>Θεμέλιον</strong></span> <span class='ocrx_word' id='word_1_88' title='bbox 1255 1291 1346 1343; x_wconf 79' lang='grc' dir='ltr'><strong>τοῦ</strong></span> <span class='ocrx_word' id='word_1_89' title='bbox 1376 1293 1690 1361; x_wconf 84' lang='grc' dir='ltr'><strong>φεγγαρίου,</strong></span> 
     </span>
    </p>
   </div>
   <div class='ocr_carea' id='block_1_18' title="bbox 1727 1285 3325 1365">
    <p class='ocr_par' dir='ltr' id='par_1_18' title="bbox 1865 1295 3325 1365">
     <span class='ocr_line' id='line_1_18' title="bbox 1865 1295 3325 1365; baseline 0.003 -17"><span class='ocrx_word' id='word_1_90' title='bbox 1865 1295 1920 1349; x_wconf 90' lang='lat' dir='ltr'><strong>Si</strong></span> <span class='ocrx_word' id='word_1_91' title='bbox 1978 1297 2118 1350; x_wconf 70' lang='lat' dir='ltr'><strong>luna</strong></span> <span class='ocrx_word' id='word_1_92' title='bbox 2166 1295 2573 1351; x_wconf 78' lang='lat' dir='ltr'><strong>fundamentum</strong></span> <span class='ocrx_word' id='word_1_93' title='bbox 2615 1297 2914 1365; x_wconf 88' lang='lat' dir='ltr'><strong>cujusmodi</strong></span> <span class='ocrx_word' id='word_1_94' title='bbox 2963 1305 3063 1362; x_wconf 72' lang='lat' dir='ltr'><strong>snt,</strong></span> <span class='ocrx_word' id='word_1_95' title='bbox 3106 1298 3325 1361; x_wconf 84' lang='lat' dir='ltr'><strong>oblitus,</strong></span> 
     </span>
    </p>
   </div>
   <div class='ocr_carea' id='block_1_19' title="bbox 146 1377 1744 1457">
    <p class='ocr_par' dir='ltr' id='par_1_19' title="bbox 146 1377 1689 1452">
     <span class='ocr_line' id='line_1_19' title="bbox 146 1377 1689 1452; baseline 0.006 -27"><span class='ocrx_word' id='word_1_96' title='bbox 146 1377 308 1428; x_wconf 86' lang='grc' dir='ltr'><strong>ὁπότε</strong></span> <span class='ocrx_word' id='word_1_97' title='bbox 357 1377 489 1447; x_wconf 74' lang='grc' dir='ltr'><strong>λήθη</strong></span> <span class='ocrx_word' id='word_1_98' title='bbox 532 1378 769 1445; x_wconf 86' lang='grc' dir='ltr'><strong>γίνεται·</strong></span> <span class='ocrx_word' id='word_1_99' title='bbox 814 1382 1080 1450; x_wconf 74' lang='grc' dir='ltr'><strong>κράτησον</strong></span> <span class='ocrx_word' id='word_1_100' title='bbox 1125 1380 1220 1434; x_wconf 78' lang='grc' dir='ltr'><strong>τοῦ</strong></span> <span class='ocrx_word' id='word_1_101' title='bbox 1271 1382 1689 1452; x_wconf 80' lang='grc' dir='ltr'><strong>ὲπιζητουμένου</strong></span> 
     </span>
    </p>
   </div>
   <div class='ocr_carea' id='block_1_20' title="bbox 1729 1377 3327 1457">
    <p class='ocr_par' dir='ltr' id='par_1_20' title="bbox 1792 1386 3327 1457">
     <span class='ocr_line' id='line_1_20' title="bbox 1792 1386 3327 1457; baseline 0.002 -18"><span class='ocrx_word' id='word_1_102' title='bbox 1792 1387 2112 1457; x_wconf 79' lang='lat' dir='ltr'><strong>investigare</strong></span> <span class='ocrx_word' id='word_1_103' title='bbox 2140 1388 2309 1440; x_wconf 88' lang='lat' dir='ltr'><strong>velis:</strong></span> <span class='ocrx_word' id='word_1_104' title='bbox 2344 1387 2527 1454; x_wconf 80' lang='lat' dir='ltr'><strong>accipe</strong></span> <span class='ocrx_word' id='word_1_105' title='bbox 2557 1388 2795 1442; x_wconf 86' lang='lat' dir='ltr'><strong>lunarem</strong></span> <span class='ocrx_word' id='word_1_106' title='bbox 2834 1386 3041 1457; x_wconf 84' lang='lat' dir='ltr'><strong>cyclum</strong></span> <span class='ocrx_word' id='word_1_107' title='bbox 3076 1389 3200 1442; x_wconf 78' lang='lat' dir='ltr'><strong>anni</strong></span> <span class='ocrx_word' id='word_1_108' title='bbox 3233 1405 3327 1444; x_wconf 84' lang='lat' dir='ltr'><strong>cu-</strong></span> 
     </span>
    </p>
   </div>
   <div class='ocr_carea' id='block_1_21' title="bbox 146 1463 1744 1547">
    <p class='ocr_par' dir='ltr' id='par_1_21' title="bbox 146 1463 1691 1542">
     <span class='ocr_line' id='line_1_21' title="bbox 146 1463 1691 1542; baseline 0.007 -28"><span class='ocrx_word' id='word_1_109' title='bbox 146 1463 302 1526; x_wconf 77' lang='grc' dir='ltr'><strong>ἔτυυς</strong></span> <span class='ocrx_word' id='word_1_110' title='bbox 326 1466 415 1517; x_wconf 79' lang='grc' dir='ltr'><strong>τὸν</strong></span> <span class='ocrx_word' id='word_1_111' title='bbox 447 1467 637 1520; x_wconf 78' lang='grc' dir='ltr'>κύκλον</span> <span class='ocrx_word' id='word_1_112' title='bbox 658 1469 756 1536; x_wconf 86' lang='grc' dir='ltr'><strong>τῆς</strong></span> <span class='ocrx_word' id='word_1_113' title='bbox 784 1470 1008 1541; x_wconf 80' lang='grc' dir='ltr'><strong>σελήνης</strong></span> <span class='ocrx_word' id='word_1_114' title='bbox 1028 1471 1220 1533; x_wconf 84' lang='grc' dir='ltr'><strong>ὁπόσος</strong></span> <span class='ocrx_word' id='word_1_115' title='bbox 1252 1472 1343 1526; x_wconf 88' lang='grc' dir='ltr'><strong>καὶ</strong></span> <span class='ocrx_word' id='word_1_116' title='bbox 1370 1468 1436 1542; x_wconf 80' lang='grc' dir='ltr'><strong>ἦν</strong></span> <span class='ocrx_word' id='word_1_117' title='bbox 1454 1487 1466 1499; x_wconf 94' lang='grc'><strong>·</strong></span> <span class='ocrx_word' id='word_1_118' title='bbox 1501 1473 1588 1524; x_wconf 84' lang='grc' dir='ltr'><strong>καὶ</strong></span> <span class='ocrx_word' id='word_1_119' title='bbox 1614 1474 1691 1525; x_wconf 83' lang='grc' dir='ltr'><strong>ἑν-</strong></span> 
     </span>
    </p>
   </div>
   <div class='ocr_carea' id='block_1_22' title="bbox 1727 1463 3325 1547">
    <p class='ocr_par' dir='ltr' id='par_1_22' title="bbox 1788 1476 3325 1547">
     <span class='ocr_line' id='line_1_22' title="bbox 1788 1476 3325 1547; baseline 0.003 -18"><span class='ocrx_word' id='word_1_120' title='bbox 1788 1477 2029 1545; x_wconf 84' lang='lat' dir='ltr'><strong>juslibet,</strong></span> <span class='ocrx_word' id='word_1_121' title='bbox 2055 1491 2292 1545; x_wconf 88' lang='lat' dir='ltr'><strong>eumque</strong></span> <span class='ocrx_word' id='word_1_122' title='bbox 2322 1491 2416 1544; x_wconf 88' lang='lat' dir='ltr'><strong>per</strong></span> <span class='ocrx_word' id='word_1_123' title='bbox 2451 1476 2702 1530; x_wconf 85' lang='lat' dir='ltr'><strong>undecim</strong></span> <span class='ocrx_word' id='word_1_124' title='bbox 2732 1477 3024 1547; x_wconf 90' lang='lat' dir='ltr'><strong>multiplica</strong></span> <span class='ocrx_word' id='word_1_125' title='bbox 3056 1494 3072 1532; x_wconf 91' lang='lat'><strong>:</strong></span> <span class='ocrx_word' id='word_1_126' title='bbox 3104 1494 3325 1533; x_wconf 70' lang='lat' dir='ltr'><strong>summa</strong></span> 
     </span>
    </p>
   </div>
   <div class='ocr_carea' id='block_1_23' title="bbox 143 1552 1741 1636">
    <p class='ocr_par' dir='ltr' id='par_1_23' title="bbox 143 1552 1687 1629">
     <span class='ocr_line' id='line_1_23' title="bbox 143 1552 1687 1629; baseline 0.008 -26"><span class='ocrx_word' id='word_1_127' title='bbox 143 1552 570 1608; x_wconf 81' lang='grc' dir='ltr'><strong>δεκαπλασίασον</strong></span> <span class='ocrx_word' id='word_1_128' title='bbox 618 1559 814 1611; x_wconf 77' lang='grc' dir='ltr'><strong>αὐτόν’</strong></span> <span class='ocrx_word' id='word_1_129' title='bbox 871 1563 964 1612; x_wconf 84' lang='grc' dir='ltr'><strong>καὶ</strong></span> <span class='ocrx_word' id='word_1_130' title='bbox 1015 1560 1246 1629; x_wconf 83' lang='grc' dir='ltr'><strong>πρόσθες</strong></span> <span class='ocrx_word' id='word_1_131' title='bbox 1292 1562 1475 1614; x_wconf 84' lang='grc' dir='ltr'><strong>ὲπάνω</strong></span> <span class='ocrx_word' id='word_1_132' title='bbox 1526 1563 1687 1616; x_wconf 83' lang='grc' dir='ltr'><strong>αὑτοῦ</strong></span> 
     </span>
    </p>
   </div>
   <div class='ocr_carea' id='block_1_24' title="bbox 1720 1552 3318 1636">
    <p class='ocr_par' dir='ltr' id='par_1_24' title="bbox 1786 1566 3318 1636">
     <span class='ocr_line' id='line_1_24' title="bbox 1786 1566 3318 1636; baseline 0.001 -15"><span class='ocrx_word' id='word_1_133' title='bbox 1786 1567 1924 1621; x_wconf 86' lang='lat' dir='ltr'><strong>adde</strong></span> <span class='ocrx_word' id='word_1_134' title='bbox 1951 1568 2075 1619; x_wconf 86' lang='lat' dir='ltr'><strong>tria.</strong></span> <span class='ocrx_word' id='word_1_135' title='bbox 2110 1566 2380 1636; x_wconf 81' lang='lat' dir='ltr'><strong>Quidquid</strong></span> <span class='ocrx_word' id='word_1_136' title='bbox 2410 1566 2511 1620; x_wconf 92' lang='lat' dir='ltr'><strong>erit</strong></span> <span class='ocrx_word' id='word_1_137' title='bbox 2540 1567 2821 1620; x_wconf 89' lang='lat' dir='ltr'><strong>collectum</strong></span> <span class='ocrx_word' id='word_1_138' title='bbox 2857 1583 2949 1636; x_wconf 90' lang='lat' dir='ltr'><strong>per</strong></span> <span class='ocrx_word' id='word_1_139' title='bbox 2973 1583 3076 1622; x_wconf 86' lang='grc' dir='ltr'><strong>ιιι</strong></span> <span class='ocrx_word' id='word_1_140' title='bbox 3105 1568 3278 1622; x_wconf 86' lang='lat' dir='ltr'><strong>divide</strong></span> <span class='ocrx_word' id='word_1_141' title='bbox 3304 1587 3318 1622; x_wconf 87' lang='lat'><strong>:</strong></span> 
     </span>
    </p>
   </div>
   <div class='ocr_carea' id='block_1_25' title="bbox 143 1642 1741 1723">
    <p class='ocr_par' dir='ltr' id='par_1_25' title="bbox 143 1642 1686 1713">
     <span class='ocr_line' id='line_1_25' title="bbox 143 1642 1686 1713; baseline 0.009 -21"><span class='ocrx_word' id='word_1_142' title='bbox 143 1642 304 1713; x_wconf 69' lang='grc' dir='ltr'><strong>ἔτερα</strong></span> <span class='ocrx_word' id='word_1_143' title='bbox 341 1652 406 1712; x_wconf 87' lang='grc' dir='ltr'><strong>γ’.</strong></span> <span class='ocrx_word' id='word_1_144' title='bbox 455 1644 562 1700; x_wconf 77' lang='grc' dir='ltr'><strong>Εἶθ’</strong></span> <span class='ocrx_word' id='word_1_145' title='bbox 587 1649 754 1712; x_wconf 74' lang='grc' dir='ltr'><strong>οὕτως</strong></span> <span class='ocrx_word' id='word_1_146' title='bbox 783 1650 1044 1703; x_wconf 81' lang='grc' dir='ltr'><strong>ἀνάλυσον</strong></span> <span class='ocrx_word' id='word_1_147' title='bbox 1069 1651 1207 1704; x_wconf 81' lang='grc' dir='ltr'><strong>αὐτὰ</strong></span> <span class='ocrx_word' id='word_1_148' title='bbox 1235 1652 1322 1704; x_wconf 85' lang='grc' dir='ltr'><strong>διὰ</strong></span> <span class='ocrx_word' id='word_1_149' title='bbox 1355 1654 1462 1705; x_wconf 86' lang='grc' dir='ltr'><strong>τῶν</strong></span> <span class='ocrx_word' id='word_1_150' title='bbox 1490 1653 1532 1704; x_wconf 82' lang='grc' dir='ltr'><strong>λ’</strong></span> <span class='ocrx_word' id='word_1_151' title='bbox 1552 1672 1566 1685; x_wconf 88' lang='grc'>·</span> <span class='ocrx_word' id='word_1_152' title='bbox 1595 1654 1686 1706; x_wconf 83' lang='grc' dir='ltr'><strong>καὶ</strong></span> 
     </span>
    </p>
   </div>
   <div class='ocr_carea' id='block_1_26' title="bbox 1724 1642 3322 1723">
    <p class='ocr_par' dir='ltr' id='par_1_26' title="bbox 1786 1652 3322 1723">
     <span class='ocr_line' id='line_1_26' title="bbox 1786 1652 3322 1723; baseline 0 -15"><span class='ocrx_word' id='word_1_153' title='bbox 1786 1655 2059 1709; x_wconf 88' lang='lat' dir='ltr'><strong>residuum</strong></span> <span class='ocrx_word' id='word_1_154' title='bbox 2110 1654 2155 1708; x_wconf 88' lang='lat' dir='ltr'><strong>si</strong></span> <span class='ocrx_word' id='word_1_155' title='bbox 2206 1655 2277 1708; x_wconf 89' lang='lat' dir='ltr'><strong>sit</strong></span> <span class='ocrx_word' id='word_1_156' title='bbox 2313 1652 2454 1707; x_wconf 79' lang='lat' dir='ltr'><strong>infra</strong></span> <span class='ocrx_word' id='word_1_157' title='bbox 2494 1669 2621 1718; x_wconf 86' lang='grc' dir='ltr'>ιιι,</span> <span class='ocrx_word' id='word_1_158' title='bbox 2644 1655 2924 1723; x_wconf 66' lang='lat' dir='ltr'><strong>quaesitum</strong></span> <span class='ocrx_word' id='word_1_159' title='bbox 2953 1655 3091 1709; x_wconf 70' lang='lat' dir='ltr'><strong>luna:</strong></span> <span class='ocrx_word' id='word_1_160' title='bbox 3129 1654 3322 1709; x_wconf 83' lang='lat' dir='ltr'><strong>funda-</strong></span> 
     </span>
    </p>
   </div>
   <div class='ocr_carea' id='block_1_27' title="bbox 141 1731 1739 1812">
    <p class='ocr_par' dir='ltr' id='par_1_27' title="bbox 141 1731 1687 1812">
     <span class='ocr_line' id='line_1_27' title="bbox 141 1731 1687 1812; baseline 0.01 -32"><span class='ocrx_word' id='word_1_161' title='bbox 141 1731 211 1782; x_wconf 77' lang='grc' dir='ltr'><strong>τὰ</strong></span> <span class='ocrx_word' id='word_1_162' title='bbox 255 1734 490 1788; x_wconf 83' lang='grc' dir='ltr'><strong>κάτωθεν</strong></span> <span class='ocrx_word' id='word_1_163' title='bbox 529 1738 633 1790; x_wconf 84' lang='grc' dir='ltr'><strong>τῶν</strong></span> <span class='ocrx_word' id='word_1_164' title='bbox 666 1739 707 1791; x_wconf 86' lang='grc' dir='ltr'><strong>λ’</strong></span> <span class='ocrx_word' id='word_1_165' title='bbox 739 1738 952 1810; x_wconf 80' lang='grc' dir='ltr'><strong>δηλοῦσι</strong></span> <span class='ocrx_word' id='word_1_166' title='bbox 981 1741 1042 1792; x_wconf 86' lang='grc' dir='ltr'><strong>τὸ</strong></span> <span class='ocrx_word' id='word_1_167' title='bbox 1076 1741 1319 1810; x_wconf 81' lang='grc' dir='ltr'><strong>Θεμέλιον</strong></span> <span class='ocrx_word' id='word_1_168' title='bbox 1350 1742 1442 1795; x_wconf 78' lang='grc' dir='ltr'><strong>τοῦ</strong></span> <span class='ocrx_word' id='word_1_169' title='bbox 1487 1760 1687 1812; x_wconf 79' lang='grc' dir='ltr'><strong>φεγγα-</strong></span> 
     </span>
    </p>
   </div>
   <div class='ocr_carea' id='block_1_28' title="bbox 681 1731 2279 1812">
    <p class='ocr_par' dir='ltr' id='par_1_28' title="bbox 681 1738 2279 1812">
     <span class='ocr_line' id='line_1_28' title="bbox 681 1738 2279 1812; baseline 0.005 -21"><span class='ocrx_word' id='word_1_170' title='bbox 681 1746 707 1791; x_wconf 71' lang='lat' dir='ltr'><strong>t&#39;</strong></span> <span class='ocrx_word' id='word_1_171' title='bbox 739 1738 952 1810; x_wconf 82' lang='grc' dir='ltr'><strong>δηλοῦσι</strong></span> <span class='ocrx_word' id='word_1_172' title='bbox 981 1741 1042 1792; x_wconf 86' lang='grc' dir='ltr'><strong>τὸ</strong></span> <span class='ocrx_word' id='word_1_173' title='bbox 1076 1741 1319 1810; x_wconf 83' lang='grc' dir='ltr'><strong>Θεμέλιον</strong></span> <span class='ocrx_word' id='word_1_174' title='bbox 1350 1742 1442 1795; x_wconf 78' lang='grc' dir='ltr'><strong>τοῦ</strong></span> <span class='ocrx_word' id='word_1_175' title='bbox 1487 1760 1687 1812; x_wconf 80' lang='grc' dir='ltr'><strong>φεγγα-</strong></span> <span class='ocrx_word' id='word_1_176' title='bbox 1785 1754 2023 1799; x_wconf 88' lang='lat' dir='ltr'><strong>mentum</strong></span> <span class='ocrx_word' id='word_1_177' title='bbox 2048 1744 2279 1799; x_wconf 78' lang='lat' dir='ltr'><strong>exhibet.</strong></span> 
     </span>
    </p>
   </div>
   <div class='ocr_carea' id='block_1_29' title="bbox 147 1840 265 1889">
    <p class='ocr_par' dir='ltr' id='par_1_29' title="bbox 147 1840 265 1889">
     <span class='ocr_line' id='line_1_29' title="bbox 147 1840 265 1889; baseline 0.017 -17"><span class='ocrx_word' id='word_1_178' title='bbox 147 1840 265 1889; x_wconf 67' lang='grc' dir='ltr'><strong>ρίου</strong></span> 
     </span>
    </p>
   </div>
   <div class='ocr_carea' id='block_1_30' title="bbox 157 1970 467 1989">
    <p class='ocr_par' dir='ltr' id='par_1_30' title="bbox 157 1970 467 1989">
     <span class='ocr_line' id='line_1_30' title="bbox 157 1970 467 1989; baseline 0.019 -6"><span class='ocrx_word' id='word_1_179' title='bbox 157 1970 467 1989; x_wconf 49' lang='grc' dir='ltr'>Ἢ</span> 
     </span>
    </p>
   </div>
   <div class='ocr_carea' id='block_1_31' title="bbox 1585 2289 1890 2343">
    <p class='ocr_par' dir='ltr' id='par_1_31' title="bbox 1585 2289 1890 2343">
     <span class='ocr_line' id='line_1_31' title="bbox 1585 2289 1890 2343; baseline 0.003 -1"><span class='ocrx_word' id='word_1_180' title='bbox 1585 2289 1890 2343; x_wconf 71' lang='grc' dir='ltr'><strong>ΑΣΤΕΡΩΝ</strong></span> 
     </span>
    </p>
   </div>
   <div class='ocr_carea' id='block_1_32' title="bbox 935 2429 2548 2503">
    <p class='ocr_par' dir='ltr' id='par_1_32' title="bbox 935 2429 2548 2503">
     <span class='ocr_line' id='line_1_32' title="bbox 935 2429 2548 2503; baseline 0.002 -19"><span class='ocrx_word' id='word_1_181' title='bbox 935 2431 1030 2484; x_wconf 84' lang='grc' dir='ltr'><strong>Ἐκ</strong></span> <span class='ocrx_word' id='word_1_182' title='bbox 1063 2429 1152 2484; x_wconf 80' lang='grc' dir='ltr'><strong>τοῦ</strong></span> <span class='ocrx_word' id='word_1_183' title='bbox 1186 2431 1365 2503; x_wconf 78' lang='grc' dir='ltr'>τρίτου</span> <span class='ocrx_word' id='word_1_184' title='bbox 1395 2431 1679 2502; x_wconf 81' lang='grc' dir='ltr'><strong>τμήματος</strong></span> <span class='ocrx_word' id='word_1_185' title='bbox 1707 2431 1912 2484; x_wconf 81' lang='grc' dir='ltr'><strong>Ἀετίου</strong></span> <span class='ocrx_word' id='word_1_186' title='bbox 1938 2429 2384 2501; x_wconf 78' lang='grc' dir='ltr'><strong>Ἀμιδηνοῦ,κεφ.</strong></span> <span class='ocrx_word' id='word_1_187' title='bbox 2425 2431 2548 2503; x_wconf 58' lang='grc' dir='ltr'><strong>ρξδη</strong></span> 
     </span>
    </p>
   </div>
   <div class='ocr_carea' id='block_1_33' title="bbox 644 2673 2798 2766">
    <p class='ocr_par' dir='ltr' id='par_1_33' title="bbox 644 2673 2798 2766">
     <span class='ocr_line' id='line_1_33' title="bbox 644 2673 2798 2766; baseline 0 -6"><span class='ocrx_word' id='word_1_188' title='bbox 644 2674 790 2762; x_wconf 88' lang='lat' dir='ltr'><strong>DE</strong></span> <span class='ocrx_word' id='word_1_189' title='bbox 865 2674 2041 2766; x_wconf 81' lang='lat' dir='ltr'><strong>SIGNIFICATIONIBUS</strong></span> <span class='ocrx_word' id='word_1_190' title='bbox 2108 2673 2798 2762; x_wconf 81' lang='lat' dir='ltr'><strong>STELLARUM</strong></span> 
     </span>
    </p>
   </div>
   <div class='ocr_carea' id='block_1_34' title="bbox 961 2836 2527 2931">
    <p class='ocr_par' dir='ltr' id='par_1_34' title="bbox 961 2836 2527 2931">
     <span class='ocr_line' id='line_1_34' title="bbox 961 2836 2527 2931; baseline 0.001 -16"><span class='ocrx_word' id='word_1_191' title='bbox 961 2860 1045 2916; x_wconf 76' lang='lat' dir='ltr'><strong>Ea:</strong></span> <span class='ocrx_word' id='word_1_192' title='bbox 1071 2861 1313 2917; x_wconf 78' lang='lat' dir='ltr'><strong>Sermone</strong></span> <span class='ocrx_word' id='word_1_193' title='bbox 1342 2861 1438 2916; x_wconf 85' lang='grc' dir='ltr'><strong>ιιι</strong></span> <span class='ocrx_word' id='word_1_194' title='bbox 1471 2861 1761 2919; x_wconf 84' lang='lat' dir='ltr'><strong>Tetrabibli</strong></span> <span class='ocrx_word' id='word_1_195' title='bbox 1780 2862 1918 2918; x_wconf 81' lang='lat' dir='ltr'><strong>Aetii</strong></span> <span class='ocrx_word' id='word_1_196' title='bbox 1943 2861 2200 2928; x_wconf 80' lang='lat' dir='ltr'><strong>Amidem&#39;,</strong></span> <span class='ocrx_word' id='word_1_197' title='bbox 2225 2836 2373 2931; x_wconf 64' lang='lat' dir='ltr'><strong>caput</strong></span> <span class='ocrx_word' id='word_1_198' title='bbox 2407 2863 2527 2917; x_wconf 72' lang='lat' dir='ltr'><strong>let.</strong></span> 
     </span>
    </p>
   </div>
   <div class='ocr_carea' id='block_1_35' title="bbox 1379 3003 1980 3075">
    <p class='ocr_par' dir='ltr' id='par_1_35' title="bbox 1379 3003 1980 3075">
     <span class='ocr_line' id='line_1_35' title="bbox 1379 3003 1980 3075; baseline 0.005 -16"><span class='ocrx_word' id='word_1_199' title='bbox 1379 3005 1674 3075; x_wconf 79' lang='lat' dir='ltr'><strong>interprete</strong></span> <span class='ocrx_word' id='word_1_200' title='bbox 1699 3003 1980 3062; x_wconf 85' lang='lat' dir='ltr'><strong>Comario.</strong></span> 
     </span>
    </p>
   </div>
   <div class='ocr_carea' id='block_1_36' title="bbox 222 3216 1820 3294">
    <p class='ocr_par' dir='ltr' id='par_1_36' title="bbox 222 3216 1749 3294">
     <span class='ocr_line' id='line_1_36' title="bbox 222 3216 1749 3294; baseline 0.009 -27"><span class='ocrx_word' id='word_1_201' title='bbox 222 3216 434 3288; x_wconf 83' lang='grc' dir='ltr'><strong>Ἐπειδὴ</strong></span> <span class='ocrx_word' id='word_1_202' title='bbox 450 3217 504 3268; x_wconf 77' lang='grc' dir='ltr'><strong>δὲ</strong></span> <span class='ocrx_word' id='word_1_203' title='bbox 521 3217 611 3270; x_wconf 80' lang='grc' dir='ltr'><strong>καὶ</strong></span> <span class='ocrx_word' id='word_1_204' title='bbox 631 3219 676 3270; x_wconf 76' lang='lat' dir='ltr'><strong>oi</strong></span> <span class='ocrx_word' id='word_1_205' title='bbox 699 3221 818 3271; x_wconf 81' lang='grc' dir='ltr'><strong>κατ’</strong></span> <span class='ocrx_word' id='word_1_206' title='bbox 833 3220 1052 3292; x_wconf 76' lang='grc' dir='ltr'><strong>οὐρανὸν</strong></span> <span class='ocrx_word' id='word_1_207' title='bbox 1069 3222 1292 3294; x_wconf 85' lang='grc' dir='ltr'><strong>ἀστέρες</strong></span> <span class='ocrx_word' id='word_1_208' title='bbox 1308 3223 1678 3289; x_wconf 80' lang='grc' dir='ltr'><strong>ἀνατέλλοντες</strong></span> <span class='ocrx_word' id='word_1_209' title='bbox 1710 3236 1749 3288; x_wconf 84' lang='grc' dir='ltr'>Β</span> 
     </span>
    </p>
   </div>
   <div class='ocr_carea' id='block_1_37' title="bbox 1717 3216 3315 3294">
    <p class='ocr_par' dir='ltr' id='par_1_37' title="bbox 1717 3219 3315 3290">
     <span class='ocr_line' id='line_1_37' title="bbox 1717 3219 3315 3290; baseline 0.003 -15"><span class='ocrx_word' id='word_1_210' title='bbox 1717 3236 1749 3288; x_wconf 79' lang='grc' dir='ltr'>Β</span> <span class='ocrx_word' id='word_1_211' title='bbox 1847 3219 2290 3290; x_wconf 85' lang='lat' dir='ltr'><strong>Quandoquidem</strong></span> <span class='ocrx_word' id='word_1_212' title='bbox 2344 3220 2504 3272; x_wconf 87' lang='lat' dir='ltr'><strong>etiam</strong></span> <span class='ocrx_word' id='word_1_213' title='bbox 2568 3219 2735 3273; x_wconf 80' lang='lat' dir='ltr'><strong>stellae</strong></span> <span class='ocrx_word' id='word_1_214' title='bbox 2792 3219 2845 3274; x_wconf 86' lang='lat' dir='ltr'><strong>in</strong></span> <span class='ocrx_word' id='word_1_215' title='bbox 2903 3220 3042 3274; x_wconf 65' lang='lat' dir='ltr'><strong>caelo</strong></span> <span class='ocrx_word' id='word_1_216' title='bbox 3080 3220 3315 3279; x_wconf 69' lang='lat' dir='ltr'><strong>oriente:</strong></span> 
     </span>
    </p>
   </div>
   <div class='ocr_carea' id='block_1_38' title="bbox 139 3304 1737 3384">
    <p class='ocr_par' dir='ltr' id='par_1_38' title="bbox 139 3304 1676 3384">
     <span class='ocr_line' id='line_1_38' title="bbox 139 3304 1676 3384; baseline 0.007 -29"><span class='ocrx_word' id='word_1_217' title='bbox 139 3304 282 3356; x_wconf 81' lang='grc' dir='ltr'><strong>κατά</strong></span> <span class='ocrx_word' id='word_1_218' title='bbox 299 3307 421 3366; x_wconf 80' lang='grc' dir='ltr'><strong>τοὺς</strong></span> <span class='ocrx_word' id='word_1_219' title='bbox 451 3306 806 3374; x_wconf 82' lang='grc' dir='ltr'><strong>τεταγμένους</strong></span> <span class='ocrx_word' id='word_1_220' title='bbox 831 3309 1011 3371; x_wconf 83' lang='grc' dir='ltr'><strong>αὐτοῖς</strong></span> <span class='ocrx_word' id='word_1_221' title='bbox 1033 3310 1138 3361; x_wconf 84' lang='grc' dir='ltr'><strong>ὑπὸ</strong></span> <span class='ocrx_word' id='word_1_222' title='bbox 1160 3311 1253 3363; x_wconf 82' lang='grc' dir='ltr'><strong>τοῦ</strong></span> <span class='ocrx_word' id='word_1_223' title='bbox 1283 3312 1415 3364; x_wconf 86' lang='grc' dir='ltr'><strong>Θεοῦ</strong></span> <span class='ocrx_word' id='word_1_224' title='bbox 1438 3315 1676 3384; x_wconf 82' lang='grc' dir='ltr'><strong>καιροὺς,</strong></span> 
     </span>
    </p>
   </div>
   <div class='ocr_carea' id='block_1_39' title="bbox 1715 3304 3313 3384">
    <p class='ocr_par' dir='ltr' id='par_1_39' title="bbox 1775 3306 3313 3382">
     <span class='ocr_line' id='line_1_39' title="bbox 1775 3306 3313 3382; baseline 0 -18"><span class='ocrx_word' id='word_1_225' title='bbox 1775 3311 1930 3382; x_wconf 79' lang='lat' dir='ltr'><strong>juxta</strong></span> <span class='ocrx_word' id='word_1_226' title='bbox 1959 3315 2199 3376; x_wconf 91' lang='lat' dir='ltr'><strong>tempora</strong></span> <span class='ocrx_word' id='word_1_227' title='bbox 2251 3323 2282 3360; x_wconf 69' lang='grc' dir='ltr'><em>δ</em></span> <span class='ocrx_word' id='word_1_228' title='bbox 2338 3306 2448 3362; x_wconf 87' lang='lat' dir='ltr'><strong>Deo</strong></span> <span class='ocrx_word' id='word_1_229' title='bbox 2495 3307 2628 3375; x_wconf 86' lang='lat' dir='ltr'><strong>ipsis</strong></span> <span class='ocrx_word' id='word_1_230' title='bbox 2659 3308 2931 3372; x_wconf 86' lang='lat' dir='ltr'><strong>ordinata,</strong></span> <span class='ocrx_word' id='word_1_231' title='bbox 2982 3317 3035 3362; x_wconf 90' lang='lat' dir='ltr'><strong>et</strong></span> <span class='ocrx_word' id='word_1_232' title='bbox 3064 3310 3313 3366; x_wconf 84' lang='lat' dir='ltr'><strong>similiter</strong></span> 
     </span>
    </p>
   </div>
   <div class='ocr_carea' id='block_1_40' title="bbox 137 3395 1735 3469">
    <p class='ocr_par' dir='ltr' id='par_1_40' title="bbox 137 3395 1680 3469">
     <span class='ocr_line' id='line_1_40' title="bbox 137 3395 1680 3469; baseline 0.005 -22"><span class='ocrx_word' id='word_1_233' title='bbox 137 3397 235 3447; x_wconf 81' lang='grc' dir='ltr'><strong>καὶ</strong></span> <span class='ocrx_word' id='word_1_234' title='bbox 266 3396 508 3458; x_wconf 76' lang='grc' dir='ltr'><strong>δύνοντες</strong></span> <span class='ocrx_word' id='word_1_235' title='bbox 550 3395 747 3465; x_wconf 85' lang='grc' dir='ltr'><strong>ὁμοίως</strong></span> <span class='ocrx_word' id='word_1_236' title='bbox 787 3398 876 3450; x_wconf 82' lang='grc' dir='ltr'><strong>τὸν</strong></span> <span class='ocrx_word' id='word_1_237' title='bbox 903 3399 1038 3469; x_wconf 87' lang='grc' dir='ltr'><strong>ἀέρα</strong></span> <span class='ocrx_word' id='word_1_238' title='bbox 1083 3400 1398 3463; x_wconf 80' lang='grc' dir='ltr'><strong>ἀλλοιοῦσιν,</strong></span> <span class='ocrx_word' id='word_1_239' title='bbox 1439 3403 1512 3465; x_wconf 86' lang='grc' dir='ltr'><strong>ὡς</strong></span> <span class='ocrx_word' id='word_1_240' title='bbox 1546 3420 1680 3466; x_wconf 86' lang='grc' dir='ltr'><strong>συμ-</strong></span> 
     </span>
    </p>
   </div>
   <div class='ocr_carea' id='block_1_41' title="bbox 1715 3395 3313 3469">
    <p class='ocr_par' dir='ltr' id='par_1_41' title="bbox 1780 3398 3313 3466">
     <span class='ocr_line' id='line_1_41' title="bbox 1780 3398 3313 3466; baseline 0 -12"><span class='ocrx_word' id='word_1_241' title='bbox 1780 3398 2088 3456; x_wconf 89' lang='lat' dir='ltr'><strong>occidentes</strong></span> <span class='ocrx_word' id='word_1_242' title='bbox 2111 3412 2232 3451; x_wconf 89' lang='lat' dir='ltr'><strong>aera</strong></span> <span class='ocrx_word' id='word_1_243' title='bbox 2272 3403 2504 3459; x_wconf 83' lang='lat' dir='ltr'><strong>mutant.</strong></span> <span class='ocrx_word' id='word_1_244' title='bbox 2543 3405 2602 3449; x_wconf 93' lang='lat' dir='ltr'><strong>ut</strong></span> <span class='ocrx_word' id='word_1_245' title='bbox 2626 3399 2902 3466; x_wconf 77' lang='lat' dir='ltr'><strong>contingat</strong></span> <span class='ocrx_word' id='word_1_246' title='bbox 2928 3414 2992 3452; x_wconf 81' lang='lat' dir='ltr'><strong>ex</strong></span> <span class='ocrx_word' id='word_1_247' title='bbox 3027 3399 3126 3453; x_wconf 88' lang='lat' dir='ltr'><strong>hoc</strong></span> <span class='ocrx_word' id='word_1_248' title='bbox 3152 3402 3313 3454; x_wconf 84' lang='lat' dir='ltr'><strong>etiam</strong></span> 
     </span>
    </p>
   </div>
   <div class='ocr_carea' id='block_1_42' title="bbox 136 3469 1734 3555">
    <p class='ocr_par' dir='ltr' id='par_1_42' title="bbox 136 3469 1675 3555">
     <span class='ocr_line' id='line_1_42' title="bbox 136 3469 1675 3555; baseline 0.008 -22"><span class='ocrx_word' id='word_1_249' title='bbox 136 3482 341 3535; x_wconf 70' lang='grc' dir='ltr'><strong>ϐαίνειν</strong></span> <span class='ocrx_word' id='word_1_250' title='bbox 367 3485 428 3535; x_wconf 82' lang='grc' dir='ltr'><strong>ὲκ</strong></span> <span class='ocrx_word' id='word_1_251' title='bbox 456 3485 639 3536; x_wconf 87' lang='grc' dir='ltr'><strong>τούτου</strong></span> <span class='ocrx_word' id='word_1_252' title='bbox 679 3485 771 3537; x_wconf 84' lang='grc' dir='ltr'><strong>καὶ</strong></span> <span class='ocrx_word' id='word_1_253' title='bbox 803 3469 1031 3555; x_wconf 82' lang='grc' dir='ltr'><strong>ἀνέμους</strong></span> <span class='ocrx_word' id='word_1_254' title='bbox 1067 3488 1248 3541; x_wconf 81' lang='grc' dir='ltr'><strong>ἄλλοτε</strong></span> <span class='ocrx_word' id='word_1_255' title='bbox 1291 3491 1462 3553; x_wconf 77' lang='grc' dir='ltr'><strong>ἄλλως</strong></span> <span class='ocrx_word' id='word_1_256' title='bbox 1494 3497 1643 3545; x_wconf 86' lang='grc' dir='ltr'>πνεῖν</span> <span class='ocrx_word' id='word_1_257' title='bbox 1662 3510 1675 3524; x_wconf 87' lang='grc'><strong>·</strong></span> 
     </span>
    </p>
   </div>
   <div class='ocr_carea' id='block_1_43' title="bbox 1715 3469 3313 3555">
    <p class='ocr_par' dir='ltr' id='par_1_43' title="bbox 1779 3485 3313 3554">
     <span class='ocr_line' id='line_1_43' title="bbox 1779 3485 3313 3554; baseline 0 -12"><span class='ocrx_word' id='word_1_258' title='bbox 1779 3495 1973 3542; x_wconf 82' lang='lat' dir='ltr'><strong>ventos</strong></span> <span class='ocrx_word' id='word_1_259' title='bbox 2000 3487 2136 3540; x_wconf 87' lang='lat' dir='ltr'><strong>alias</strong></span> <span class='ocrx_word' id='word_1_260' title='bbox 2164 3486 2318 3539; x_wconf 86' lang='lat' dir='ltr'><strong>aliter</strong></span> <span class='ocrx_word' id='word_1_261' title='bbox 2356 3485 2583 3554; x_wconf 86' lang='lat' dir='ltr'><strong>spirare,</strong></span> <span class='ocrx_word' id='word_1_262' title='bbox 2631 3487 2997 3541; x_wconf 86' lang='lat' dir='ltr'><strong>necessarium</strong></span> <span class='ocrx_word' id='word_1_263' title='bbox 3049 3486 3175 3541; x_wconf 84' lang='lat' dir='ltr'><strong>duxi</strong></span> <span class='ocrx_word' id='word_1_264' title='bbox 3228 3488 3313 3542; x_wconf 83' lang='lat' dir='ltr'><strong>hic</strong></span> 
     </span>
    </p>
   </div>
   <div class='ocr_carea' id='block_1_44' title="bbox 136 3573 1734 3648">
    <p class='ocr_par' dir='ltr' id='par_1_44' title="bbox 136 3573 1681 3648">
     <span class='ocr_line' id='line_1_44' title="bbox 136 3573 1681 3648; baseline 0.005 -24"><span class='ocrx_word' id='word_1_265' title='bbox 136 3575 432 3638; x_wconf 85' lang='grc' dir='ltr'><strong>ἀναγκαῖον</strong></span> <span class='ocrx_word' id='word_1_266' title='bbox 460 3573 681 3643; x_wconf 79' lang='grc' dir='ltr'><strong>ἐνόμισα</strong></span> <span class='ocrx_word' id='word_1_267' title='bbox 712 3574 940 3626; x_wconf 78' lang='grc' dir='ltr'><strong>ἐνταῦθα</strong></span> <span class='ocrx_word' id='word_1_268' title='bbox 975 3575 1206 3644; x_wconf 81' lang='grc' dir='ltr'><strong>δηλῶσαι</strong></span> <span class='ocrx_word' id='word_1_269' title='bbox 1241 3580 1478 3648; x_wconf 79' lang='grc' dir='ltr'><strong>καιροὺς,</strong></span> <span class='ocrx_word' id='word_1_270' title='bbox 1518 3581 1574 3630; x_wconf 86' lang='grc' dir='ltr'><strong>ὲν</strong></span> <span class='ocrx_word' id='word_1_271' title='bbox 1601 3575 1681 3643; x_wconf 76' lang='grc' dir='ltr'><strong>οἷς</strong></span> 
     </span>
    </p>
   </div>
   <div class='ocr_carea' id='block_1_45' title="bbox 1716 3573 3314 3648">
    <p class='ocr_par' dir='ltr' id='par_1_45' title="bbox 1778 3575 3314 3647">
     <span class='ocr_line' id='line_1_45' title="bbox 1778 3575 3314 3647; baseline 0 -15"><span class='ocrx_word' id='word_1_272' title='bbox 1778 3585 2016 3647; x_wconf 83' lang='lat' dir='ltr'><strong>tempora</strong></span> <span class='ocrx_word' id='word_1_273' title='bbox 2049 3575 2388 3640; x_wconf 47' lang='lat' dir='ltr'><strong>indicare,‘in</strong></span> <span class='ocrx_word' id='word_1_274' title='bbox 2421 3575 2614 3646; x_wconf 88' lang='lat' dir='ltr'><strong>quibus</strong></span> <span class='ocrx_word' id='word_1_275' title='bbox 2638 3592 2842 3638; x_wconf 85' lang='lat' dir='ltr'><strong>earum,</strong></span> <span class='ocrx_word' id='word_1_276' title='bbox 2878 3592 2996 3646; x_wconf 63' lang='lat' dir='ltr'><strong>qua:</strong></span> <span class='ocrx_word' id='word_1_277' title='bbox 3023 3578 3314 3647; x_wconf 69' lang='lat' dir='ltr'><strong>palam&#39;ae-</strong></span> 
     </span>
    </p>
   </div>
   <div class='ocr_carea' id='block_1_46' title="bbox 138 3663 1736 3738">
    <p class='ocr_par' dir='ltr' id='par_1_46' title="bbox 138 3663 1681 3738">
     <span class='ocr_line' id='line_1_46' title="bbox 138 3663 1681 3738; baseline 0.006 -23"><span class='ocrx_word' id='word_1_278' title='bbox 138 3663 336 3727; x_wconf 81' lang='grc' dir='ltr'><strong>αὐτῶν,</strong></span> <span class='ocrx_word' id='word_1_279' title='bbox 378 3664 558 3732; x_wconf 86' lang='grc' dir='ltr'><strong>σαφῶς</strong></span> <span class='ocrx_word' id='word_1_280' title='bbox 598 3665 941 3719; x_wconf 84' lang='grc' dir='ltr'><strong>ἀλλοιούντων</strong></span> <span class='ocrx_word' id='word_1_281' title='bbox 978 3667 1067 3719; x_wconf 80' lang='grc' dir='ltr'><strong>τὸν</strong></span> <span class='ocrx_word' id='word_1_282' title='bbox 1115 3669 1267 3738; x_wconf 88' lang='grc' dir='ltr'><strong>ἀέρα,</strong></span> <span class='ocrx_word' id='word_1_283' title='bbox 1309 3669 1557 3723; x_wconf 80' lang='grc' dir='ltr'><strong>ἀνατολαὶ</strong></span> <span class='ocrx_word' id='word_1_284' title='bbox 1589 3673 1681 3724; x_wconf 87' lang='grc' dir='ltr'><strong>καὶ</strong></span> 
     </span>
    </p>
   </div>
   <div class='ocr_carea' id='block_1_47' title="bbox 1714 3663 3312 3738">
    <p class='ocr_par' dir='ltr' id='par_1_47' title="bbox 1778 3666 3312 3731">
     <span class='ocr_line' id='line_1_47' title="bbox 1778 3666 3312 3731; baseline -0.001 -8"><span class='ocrx_word' id='word_1_285' title='bbox 1778 3683 1889 3723; x_wconf 87' lang='lat' dir='ltr'><strong>rem</strong></span> <span class='ocrx_word' id='word_1_286' title='bbox 1914 3669 2163 3731; x_wconf 88' lang='lat' dir='ltr'><strong>alterant,</strong></span> <span class='ocrx_word' id='word_1_287' title='bbox 2187 3676 2335 3722; x_wconf 92' lang='lat' dir='ltr'><strong>ortus</strong></span> <span class='ocrx_word' id='word_1_288' title='bbox 2370 3673 2423 3720; x_wconf 90' lang='lat' dir='ltr'><strong>et</strong></span> <span class='ocrx_word' id='word_1_289' title='bbox 2462 3681 2688 3721; x_wconf 86' lang='lat' dir='ltr'><strong>occasus</strong></span> <span class='ocrx_word' id='word_1_290' title='bbox 2713 3666 2864 3720; x_wconf 73' lang='lat' dir='ltr'><strong>fiunt.</strong></span> <span class='ocrx_word' id='word_1_291' title='bbox 2889 3667 3019 3721; x_wconf 86' lang='lat' dir='ltr'><strong>Nam</strong></span> <span class='ocrx_word' id='word_1_292' title='bbox 3060 3682 3312 3723; x_wconf 85' lang='lat' dir='ltr'><strong>sanorum</strong></span> 
     </span>
    </p>
   </div>
   <div class='ocr_carea' id='block_1_48' title="bbox 134 3742 1732 3827">
    <p class='ocr_par' dir='ltr' id='par_1_48' title="bbox 134 3751 1679 3824">
     <span class='ocr_line' id='line_1_48' title="bbox 134 3751 1679 3824; baseline 0.005 -20"><span class='ocrx_word' id='word_1_293' title='bbox 134 3751 317 3813; x_wconf 71' lang='grc' dir='ltr'><strong>δύσεις</strong></span> <span class='ocrx_word' id='word_1_294' title='bbox 362 3754 612 3819; x_wconf 86' lang='grc' dir='ltr'><strong>γίνονται.</strong></span> <span class='ocrx_word' id='word_1_295' title='bbox 644 3755 752 3806; x_wconf 85' lang='grc' dir='ltr'><strong>Καὶ</strong></span> <span class='ocrx_word' id='word_1_296' title='bbox 804 3755 914 3824; x_wconf 84' lang='grc' dir='ltr'><strong>γὰρ</strong></span> <span class='ocrx_word' id='word_1_297' title='bbox 957 3755 1061 3807; x_wconf 87' lang='grc' dir='ltr'><strong>τῶν</strong></span> <span class='ocrx_word' id='word_1_298' title='bbox 1098 3757 1442 3823; x_wconf 76' lang='grc' dir='ltr'><strong>ὑγιαινόντων</strong></span> <span class='ocrx_word' id='word_1_299' title='bbox 1472 3757 1538 3810; x_wconf 82' lang='grc' dir='ltr'><strong>τὰ</strong></span> <span class='ocrx_word' id='word_1_300' title='bbox 1575 3757 1679 3809; x_wconf 83' lang='grc' dir='ltr'><strong>σώ-</strong></span> 
     </span>
    </p>
   </div>
   <div class='ocr_carea' id='block_1_49' title="bbox 1715 3742 3313 3827">
    <p class='ocr_par' dir='ltr' id='par_1_49' title="bbox 1779 3742 3313 3827">
     <span class='ocr_line' id='line_1_49' title="bbox 1779 3742 3313 3827; baseline 0 -15"><span class='ocrx_word' id='word_1_301' title='bbox 1779 3772 2029 3826; x_wconf 86' lang='lat' dir='ltr'><strong>corpora,</strong></span> <span class='ocrx_word' id='word_1_302' title='bbox 2072 3763 2126 3811; x_wconf 90' lang='lat' dir='ltr'><strong>et</strong></span> <span class='ocrx_word' id='word_1_303' title='bbox 2174 3756 2340 3809; x_wconf 90' lang='lat' dir='ltr'><strong>multo</strong></span> <span class='ocrx_word' id='word_1_304' title='bbox 2384 3742 2554 3826; x_wconf 77' lang='lat' dir='ltr'><strong>magis</strong></span> <span class='ocrx_word' id='word_1_305' title='bbox 2596 3765 2937 3827; x_wconf 67' lang='lat' dir='ltr'><strong>aegrotorum,</strong></span> <span class='ocrx_word' id='word_1_306' title='bbox 2968 3758 3122 3826; x_wconf 82' lang='lat' dir='ltr'><strong>juxta</strong></span> <span class='ocrx_word' id='word_1_307' title='bbox 3174 3757 3313 3812; x_wconf 75' lang='lat' dir='ltr'><strong>aeris</strong></span> 
     </span>
    </p>
   </div>
   <div class='ocr_carea' id='block_1_50' title="bbox 141 3841 1739 3912">
    <p class='ocr_par' dir='ltr' id='par_1_50' title="bbox 141 3841 1681 3912">
     <span class='ocr_line' id='line_1_50' title="bbox 141 3841 1681 3912; baseline 0.006 -21"><span class='ocrx_word' id='word_1_308' title='bbox 141 3858 305 3909; x_wconf 84' lang='grc' dir='ltr'><strong>ματα,</strong></span> <span class='ocrx_word' id='word_1_309' title='bbox 337 3841 430 3893; x_wconf 85' lang='grc' dir='ltr'><strong>καὶ</strong></span> <span class='ocrx_word' id='word_1_310' title='bbox 457 3842 636 3912; x_wconf 87' lang='grc' dir='ltr'><strong>πολλῷ</strong></span> <span class='ocrx_word' id='word_1_311' title='bbox 669 3844 863 3912; x_wconf 84' lang='grc' dir='ltr'><strong>μᾶλλον</strong></span> <span class='ocrx_word' id='word_1_312' title='bbox 899 3845 1004 3896; x_wconf 79' lang='grc' dir='ltr'><strong>τῶν</strong></span> <span class='ocrx_word' id='word_1_313' title='bbox 1042 3847 1354 3911; x_wconf 86' lang='grc' dir='ltr'><strong>νοσούντων,</strong></span> <span class='ocrx_word' id='word_1_314' title='bbox 1385 3848 1681 3902; x_wconf 84' lang='grc' dir='ltr'><strong>ἀλλοιοῦται</strong></span> 
     </span>
    </p>
   </div>
   <div class='ocr_carea' id='block_1_51' title="bbox 733 3841 2331 3912">
    <p class='ocr_par' dir='ltr' id='par_1_51' title="bbox 733 3844 2331 3911">
     <span class='ocr_line' id='line_1_51' title="bbox 733 3844 2331 3911; baseline 0.003 -17"><span class='ocrx_word' id='word_1_315' title='bbox 733 3844 863 3896; x_wconf 89' lang='grc' dir='ltr'><strong>ἰλλον</strong></span> <span class='ocrx_word' id='word_1_316' title='bbox 899 3845 1004 3896; x_wconf 79' lang='grc' dir='ltr'><strong>τῶν</strong></span> <span class='ocrx_word' id='word_1_317' title='bbox 1042 3847 1354 3911; x_wconf 86' lang='grc' dir='ltr'><strong>νοσούντων,</strong></span> <span class='ocrx_word' id='word_1_318' title='bbox 1385 3848 1681 3902; x_wconf 84' lang='grc' dir='ltr'><strong>ἀλλοιοῦται</strong></span> <span class='ocrx_word' id='word_1_319' title='bbox 1780 3854 1981 3901; x_wconf 88' lang='lat' dir='ltr'><strong>statum</strong></span> <span class='ocrx_word' id='word_1_320' title='bbox 2016 3846 2331 3899; x_wconf 81' lang='lat' dir='ltr'><strong>alterantur.</strong></span> 
     </span>
    </p>
   </div>
   <div class='ocr_carea' id='block_1_52' title="bbox 139 3931 2147 4006">
    <p class='ocr_par' dir='ltr' id='par_1_52' title="bbox 139 3931 2147 4006">
     <span class='ocr_line' id='line_1_52' title="bbox 139 3931 2147 4006; baseline 0.004 -24"><span class='ocrx_word' id='word_1_321' title='bbox 139 3932 274 4000; x_wconf 80' lang='grc' dir='ltr'><strong>πρὸς</strong></span> <span class='ocrx_word' id='word_1_322' title='bbox 302 3932 399 4001; x_wconf 92' lang='grc' dir='ltr'><strong>τὴν</strong></span> <span class='ocrx_word' id='word_1_323' title='bbox 425 3931 516 3984; x_wconf 81' lang='grc' dir='ltr'><strong>τοῦ</strong></span> <span class='ocrx_word' id='word_1_324' title='bbox 544 3933 699 4003; x_wconf 80' lang='grc' dir='ltr'><strong>ἀέρος</strong></span> <span class='ocrx_word' id='word_1_325' title='bbox 723 3934 1082 4006; x_wconf 30' lang='grc' dir='ltr'><strong>κατάστασιν..</strong></span> <span class='ocrx_word' id='word_1_326' title='bbox 2145 3932 2147 3934; x_wconf 52' lang='grc'><em>’</em></span> 
     </span>
    </p>
   </div>
   <div class='ocr_carea' id='block_1_53' title="bbox 207 4020 1805 4096">
    <p class='ocr_par' dir='ltr' id='par_1_53' title="bbox 207 4021 1721 4096">
     <span class='ocr_line' id='line_1_53' title="bbox 207 4021 1721 4096; baseline 0.006 -23"><span class='ocrx_word' id='word_1_327' title='bbox 207 4021 354 4089; x_wconf 85' lang='grc' dir='ltr'>Μηνὶ</span> <span class='ocrx_word' id='word_1_328' title='bbox 385 4022 619 4091; x_wconf 85' lang='grc' dir='ltr'><strong>Δύστρῳ,</strong></span> <span class='ocrx_word' id='word_1_329' title='bbox 670 4024 697 4076; x_wconf 85' lang='grc' dir='ltr'>ὅ</span> <span class='ocrx_word' id='word_1_330' title='bbox 753 4027 866 4076; x_wconf 83' lang='grc' dir='ltr'><strong>ἐστι</strong></span> <span class='ocrx_word' id='word_1_331' title='bbox 908 4023 1132 4094; x_wconf 80' lang='grc' dir='ltr'><strong>Μαρτίῳ</strong></span> <span class='ocrx_word' id='word_1_332' title='bbox 1179 4024 1263 4088; x_wconf 85' lang='grc' dir='ltr'><strong>ιθ’,</strong></span> <span class='ocrx_word' id='word_1_333' title='bbox 1313 4026 1342 4076; x_wconf 90' lang='grc' dir='ltr'><strong>ό</strong></span> <span class='ocrx_word' id='word_1_334' title='bbox 1399 4024 1680 4096; x_wconf 86' lang='grc' dir='ltr'><strong>λεγόμενος</strong></span> <span class='ocrx_word' id='word_1_335' title='bbox 1718 4079 1721 4082; x_wconf 84' lang='grc'>.</span> 
     </span>
    </p>
   </div>
   <div class='ocr_carea' id='block_1_54' title="bbox 1709 4020 3307 4096">
    <p class='ocr_par' dir='ltr' id='par_1_54' title="bbox 1718 4020 3307 4093">
     <span class='ocr_line' id='line_1_54' title="bbox 1718 4020 3307 4093; baseline 0 -17"><span class='ocrx_word' id='word_1_336' title='bbox 1718 4079 1721 4082; x_wconf 94' lang='lat'><strong><em>_</em></strong></span> <span class='ocrx_word' id='word_1_337' title='bbox 1849 4022 2030 4078; x_wconf 78' lang='lat' dir='ltr'><strong>Mense</strong></span> <span class='ocrx_word' id='word_1_338' title='bbox 2065 4022 2280 4093; x_wconf 87' lang='lat' dir='ltr'><strong>Dystro,</strong></span> <span class='ocrx_word' id='word_1_339' title='bbox 2316 4021 2410 4091; x_wconf 91' lang='lat' dir='ltr'><strong>qui</strong></span> <span class='ocrx_word' id='word_1_340' title='bbox 2438 4020 2661 4077; x_wconf 82' lang='lat' dir='ltr'><strong>Martius</strong></span> <span class='ocrx_word' id='word_1_341' title='bbox 2687 4029 2790 4087; x_wconf 86' lang='lat' dir='ltr'><strong>est,</strong></span> <span class='ocrx_word' id='word_1_342' title='bbox 2817 4021 2998 4090; x_wconf 85' lang='lat' dir='ltr'><strong>Equus</strong></span> <span class='ocrx_word' id='word_1_343' title='bbox 3020 4036 3178 4078; x_wconf 86' lang='lat' dir='ltr'><strong>mane</strong></span> <span class='ocrx_word' id='word_1_344' title='bbox 3207 4023 3307 4077; x_wconf 82' lang='lat' dir='ltr'><strong>orl-</strong></span> 
     </span>
    </p>
   </div>
   <div class='ocr_carea' id='block_1_55' title="bbox 141 4109 1739 4171">
    <p class='ocr_par' dir='ltr' id='par_1_55' title="bbox 141 4111 650 4171">
     <span class='ocr_line' id='line_1_55' title="bbox 141 4111 650 4171; baseline 0.004 -10"><span class='ocrx_word' id='word_1_345' title='bbox 141 4111 336 4171; x_wconf 81' lang='grc' dir='ltr'><strong>Ἵππος</strong></span> <span class='ocrx_word' id='word_1_346' title='bbox 361 4112 650 4163; x_wconf 79' lang='grc' dir='ltr'><strong>ἀνατέλλει.</strong></span> 
     </span>
    </p>
   </div>
   <div class='ocr_carea' id='block_1_56' title="bbox 806 4109 2404 4171">
    <p class='ocr_par' dir='ltr' id='par_1_56' title="bbox 1779 4109 2404 4166">
     <span class='ocr_line' id='line_1_56' title="bbox 1779 4109 2404 4166; baseline -0.003 -2"><span class='ocrx_word' id='word_1_347' title='bbox 1779 4119 1868 4166; x_wconf 87' lang='lat' dir='ltr'><strong>tur</strong></span> <span class='ocrx_word' id='word_1_348' title='bbox 1892 4111 2098 4165; x_wconf 88' lang='lat' dir='ltr'><strong>decima</strong></span> <span class='ocrx_word' id='word_1_349' title='bbox 2122 4125 2261 4164; x_wconf 89' lang='lat' dir='ltr'><strong>nona</strong></span> <span class='ocrx_word' id='word_1_350' title='bbox 2297 4109 2404 4163; x_wconf 83' lang='lat' dir='ltr'><strong>die.</strong></span> 
     </span>
    </p>
   </div>
   <div class='ocr_carea' id='block_1_57' title="bbox 207 4198 1805 4276">
    <p class='ocr_par' dir='ltr' id='par_1_57' title="bbox 207 4198 1683 4276">
     <span class='ocr_line' id='line_1_57' title="bbox 207 4198 1683 4276; baseline 0.004 -25"><span class='ocrx_word' id='word_1_351' title='bbox 207 4198 354 4268; x_wconf 82' lang='grc' dir='ltr'>Μηνὶ</span> <span class='ocrx_word' id='word_1_352' title='bbox 383 4199 458 4269; x_wconf 81' lang='grc' dir='ltr'><strong>τῷ</strong></span> <span class='ocrx_word' id='word_1_353' title='bbox 491 4200 637 4270; x_wconf 77' lang='grc' dir='ltr'><strong>αὐτῷ</strong></span> <span class='ocrx_word' id='word_1_354' title='bbox 673 4206 756 4268; x_wconf 82' lang='grc' dir='ltr'><strong>κγ’</strong></span> <span class='ocrx_word' id='word_1_355' title='bbox 787 4201 1039 4272; x_wconf 85' lang='grc' dir='ltr'><strong>ίσημερία</strong></span> <span class='ocrx_word' id='word_1_356' title='bbox 1067 4203 1282 4273; x_wconf 81' lang='grc' dir='ltr'><strong>ὲαρινή·</strong></span> <span class='ocrx_word' id='word_1_357' title='bbox 1313 4204 1406 4256; x_wconf 81' lang='grc' dir='ltr'><strong>καί</strong></span> <span class='ocrx_word' id='word_1_358' title='bbox 1442 4205 1555 4257; x_wconf 79' lang='grc' dir='ltr'><strong>ἐστι</strong></span> <span class='ocrx_word' id='word_1_359' title='bbox 1587 4222 1683 4276; x_wconf 83' lang='grc' dir='ltr'><strong>με-</strong></span> 
     </span>
    </p>
   </div>
   <div class='ocr_carea' id='block_1_58' title="bbox 1718 4198 3316 4276">
    <p class='ocr_par' dir='ltr' id='par_1_58' title="bbox 1847 4199 3316 4269">
     <span class='ocr_line' id='line_1_58' title="bbox 1847 4199 3316 4269; baseline 0.003 -16"><span class='ocrx_word' id='word_1_360' title='bbox 1847 4199 2028 4254; x_wconf 80' lang='lat' dir='ltr'><strong>Mense</strong></span> <span class='ocrx_word' id='word_1_361' title='bbox 2074 4199 2282 4267; x_wconf 87' lang='lat' dir='ltr'><strong>eodem,</strong></span> <span class='ocrx_word' id='word_1_362' title='bbox 2335 4199 2421 4254; x_wconf 80' lang='lat' dir='ltr'><strong>die</strong></span> <span class='ocrx_word' id='word_1_363' title='bbox 2465 4214 2619 4263; x_wconf 84' lang='grc' dir='ltr'>ιιιιι,</span> <span class='ocrx_word' id='word_1_364' title='bbox 2658 4200 3039 4269; x_wconf 65' lang='lat' dir='ltr'><strong>aequinoctium</strong></span> <span class='ocrx_word' id='word_1_365' title='bbox 3089 4217 3316 4257; x_wconf 83' lang='lat' dir='ltr'><strong>vernum</strong></span> 
     </span>
    </p>
   </div>
   <div class='ocr_carea' id='block_1_59' title="bbox 140 4289 1738 4365">
    <p class='ocr_par' dir='ltr' id='par_1_59' title="bbox 140 4289 851 4361">
     <span class='ocr_line' id='line_1_59' title="bbox 140 4289 851 4361; baseline 0.01 -23"><span class='ocrx_word' id='word_1_366' title='bbox 140 4289 298 4359; x_wconf 83' lang='grc' dir='ltr'><strong>γίστη</strong></span> <span class='ocrx_word' id='word_1_367' title='bbox 322 4290 528 4360; x_wconf 83' lang='grc' dir='ltr'><strong>ταραχὴ</strong></span> <span class='ocrx_word' id='word_1_368' title='bbox 556 4289 649 4342; x_wconf 82' lang='grc' dir='ltr'><strong>τοῦ</strong></span> <span class='ocrx_word' id='word_1_369' title='bbox 676 4291 851 4361; x_wconf 81' lang='grc' dir='ltr'><strong>ἀέρος.</strong></span> 
     </span>
    </p>
   </div>
   <div class='ocr_carea' id='block_1_60' title="bbox 1156 4289 2754 4365">
    <p class='ocr_par' dir='ltr' id='par_1_60' title="bbox 1778 4290 2754 4365">
     <span class='ocr_line' id='line_1_60' title="bbox 1778 4290 2754 4365; baseline 0.001 -20"><span class='ocrx_word' id='word_1_370' title='bbox 1778 4299 1882 4352; x_wconf 88' lang='lat' dir='ltr'><strong>est,</strong></span> <span class='ocrx_word' id='word_1_371' title='bbox 1914 4298 1967 4344; x_wconf 91' lang='lat' dir='ltr'><strong>et</strong></span> <span class='ocrx_word' id='word_1_372' title='bbox 1985 4290 2216 4343; x_wconf 83' lang='lat' dir='ltr'><strong>maxima</strong></span> <span class='ocrx_word' id='word_1_373' title='bbox 2240 4291 2380 4346; x_wconf 88' lang='lat' dir='ltr'><strong>aeris</strong></span> <span class='ocrx_word' id='word_1_374' title='bbox 2406 4291 2662 4346; x_wconf 85' lang='lat' dir='ltr'><strong>turbatio.</strong></span> <span class='ocrx_word' id='word_1_375' title='bbox 2752 4363 2754 4365; x_wconf 17' lang='grc' dir='ltr'><strong><em>ι</em></strong></span> 
     </span>
    </p>
   </div>
   <div class='ocr_carea' id='block_1_61' title="bbox 209 4376 1807 4452">
    <p class='ocr_par' dir='ltr' id='par_1_61' title="bbox 209 4377 1682 4452">
     <span class='ocr_line' id='line_1_61' title="bbox 209 4377 1682 4452; baseline 0.005 -24"><span class='ocrx_word' id='word_1_376' title='bbox 209 4378 357 4445; x_wconf 88' lang='grc' dir='ltr'>Μηνὶ</span> <span class='ocrx_word' id='word_1_377' title='bbox 403 4377 663 4448; x_wconf 84' lang='grc' dir='ltr'><strong>Ξανθικῷ,</strong></span> <span class='ocrx_word' id='word_1_378' title='bbox 707 4381 979 4434; x_wconf 86' lang='grc' dir='ltr'><strong>τουτέστιν</strong></span> <span class='ocrx_word' id='word_1_379' title='bbox 1020 4381 1273 4452; x_wconf 78' lang='grc' dir='ltr'><strong>’Δπριλίῳ</strong></span> <span class='ocrx_word' id='word_1_380' title='bbox 1309 4388 1380 4446; x_wconf 82' lang='grc' dir='ltr'><strong>α’,</strong></span> <span class='ocrx_word' id='word_1_381' title='bbox 1422 4381 1682 4452; x_wconf 84' lang='grc' dir='ltr'><strong>Πληῖἀδες</strong></span> 
     </span>
    </p>
   </div>
   <div class='ocr_carea' id='block_1_62' title="bbox 1718 4376 3316 4452">
    <p class='ocr_par' dir='ltr' id='par_1_62' title="bbox 1849 4376 3316 4448">
     <span class='ocr_line' id='line_1_62' title="bbox 1849 4376 3316 4448; baseline 0.003 -17"><span class='ocrx_word' id='word_1_382' title='bbox 1849 4378 2028 4431; x_wconf 83' lang='lat' dir='ltr'><strong>Mense</strong></span> <span class='ocrx_word' id='word_1_383' title='bbox 2044 4377 2331 4442; x_wconf 81' lang='lat' dir='ltr'><strong>Xanthico,</strong></span> <span class='ocrx_word' id='word_1_384' title='bbox 2356 4378 2447 4447; x_wconf 90' lang='lat' dir='ltr'><strong>qui</strong></span> <span class='ocrx_word' id='word_1_385' title='bbox 2469 4385 2554 4431; x_wconf 89' lang='lat' dir='ltr'><strong>est</strong></span> <span class='ocrx_word' id='word_1_386' title='bbox 2572 4378 2978 4448; x_wconf 86' lang='lat' dir='ltr'><strong>Aprilis,prima</strong></span> <span class='ocrx_word' id='word_1_387' title='bbox 3000 4376 3316 4436; x_wconf 72' lang='lat' dir='ltr'><strong>dieineunta</strong></span> 
     </span>
    </p>
   </div>
   <div class='ocr_carea' id='block_1_63' title="bbox 140 4463 1738 4535">
    <p class='ocr_par' dir='ltr' id='par_1_63' title="bbox 140 4463 748 4532">
     <span class='ocr_line' id='line_1_63' title="bbox 140 4463 748 4532; baseline 0.008 -18"><span class='ocrx_word' id='word_1_388' title='bbox 140 4463 424 4532; x_wconf 81' lang='grc' dir='ltr'><strong>ἀκρόνυχοι</strong></span> <span class='ocrx_word' id='word_1_389' title='bbox 456 4466 748 4530; x_wconf 88' lang='grc' dir='ltr'><strong>φαίνονται.</strong></span> 
     </span>
    </p>
   </div>
   <div class='ocr_carea' id='block_1_64' title="bbox 979 4463 2577 4535">
    <p class='ocr_par' dir='ltr' id='par_1_64' title="bbox 1779 4466 2577 4535">
     <span class='ocr_line' id='line_1_64' title="bbox 1779 4466 2577 4535; baseline 0.001 -15"><span class='ocrx_word' id='word_1_390' title='bbox 1779 4477 1935 4520; x_wconf 87' lang='lat' dir='ltr'><strong>nocte</strong></span> <span class='ocrx_word' id='word_1_391' title='bbox 1961 4468 2006 4498; x_wconf 80' lang='lat'><strong>&#39;°</strong></span> <span class='ocrx_word' id='word_1_392' title='bbox 2036 4466 2277 4522; x_wconf 81' lang='lat' dir='ltr'><strong>Pleiades</strong></span> <span class='ocrx_word' id='word_1_393' title='bbox 2301 4475 2577 4535; x_wconf 85' lang='lat' dir='ltr'><strong>apparent.</strong></span> 
     </span>
    </p>
   </div>
   <div class='ocr_carea' id='block_1_65' title="bbox 206 4544 1804 4628">
    <p class='ocr_par' dir='ltr' id='par_1_65' title="bbox 206 4544 1750 4628">
     <span class='ocr_line' id='line_1_65' title="bbox 206 4544 1750 4628; baseline 0.003 -22"><span class='ocrx_word' id='word_1_394' title='bbox 206 4550 449 4622; x_wconf 83' lang='grc' dir='ltr'>Μηνὶτῷ</span> <span class='ocrx_word' id='word_1_395' title='bbox 477 4553 622 4621; x_wconf 82' lang='grc' dir='ltr'><strong>αὐτῷ</strong></span> <span class='ocrx_word' id='word_1_396' title='bbox 652 4553 713 4606; x_wconf 80' lang='grc' dir='ltr'><strong>ιϐ’</strong></span> <span class='ocrx_word' id='word_1_397' title='bbox 737 4555 996 4624; x_wconf 78' lang='grc' dir='ltr'><strong>Πληῖάδες</strong></span> <span class='ocrx_word' id='word_1_398' title='bbox 1026 4557 1260 4628; x_wconf 81' lang='grc' dir='ltr'><strong>ἑσπέριοι</strong></span> <span class='ocrx_word' id='word_1_399' title='bbox 1283 4557 1629 4626; x_wconf 87' lang='grc' dir='ltr'><strong>κρύπτονται.</strong></span> <span class='ocrx_word' id='word_1_400' title='bbox 1706 4544 1750 4600; x_wconf 78' lang='lat' dir='ltr'><strong><em>C</em></strong></span> 
     </span>
    </p>
   </div>
   <div class='ocr_carea' id='block_1_66' title="bbox 1714 4544 3312 4628">
    <p class='ocr_par' dir='ltr' id='par_1_66' title="bbox 1714 4544 3312 4625">
     <span class='ocr_line' id='line_1_66' title="bbox 1714 4544 3312 4625; baseline 0 -17"><span class='ocrx_word' id='word_1_401' title='bbox 1714 4544 1750 4600; x_wconf 75' lang='grc' dir='ltr'><strong>Β</strong></span> <span class='ocrx_word' id='word_1_402' title='bbox 1848 4555 2030 4610; x_wconf 83' lang='lat' dir='ltr'><strong>Mense</strong></span> <span class='ocrx_word' id='word_1_403' title='bbox 2069 4555 2279 4616; x_wconf 85' lang='lat' dir='ltr'><strong>eodem,</strong></span> <span class='ocrx_word' id='word_1_404' title='bbox 2322 4555 2408 4608; x_wconf 88' lang='lat' dir='ltr'><strong>die</strong></span> <span class='ocrx_word' id='word_1_405' title='bbox 2441 4570 2552 4620; x_wconf 88' lang='grc' dir='ltr'>ιιι,</span> <span class='ocrx_word' id='word_1_406' title='bbox 2603 4554 2848 4610; x_wconf 83' lang='lat' dir='ltr'><strong>Pleiades</strong></span> <span class='ocrx_word' id='word_1_407' title='bbox 2889 4559 3096 4625; x_wconf 85' lang='lat' dir='ltr'><strong>vesperi</strong></span> <span class='ocrx_word' id='word_1_408' title='bbox 3130 4556 3312 4611; x_wconf 82' lang='lat' dir='ltr'><strong>eccul-</strong></span> 
     </span>
    </p>
   </div>
   <div class='ocr_carea' id='block_1_67' title="bbox 206 4642 1981 4719">
    <p class='ocr_par' dir='ltr' id='par_1_67' title="bbox 206 4642 1981 4719">
     <span class='ocr_line' id='line_1_67' title="bbox 206 4642 1981 4719; baseline 0.003 -25"><span class='ocrx_word' id='word_1_409' title='bbox 206 4642 356 4710; x_wconf 86' lang='grc' dir='ltr'>Μηνὶ</span> <span class='ocrx_word' id='word_1_410' title='bbox 384 4642 460 4712; x_wconf 81' lang='grc' dir='ltr'><strong>τῷ</strong></span> <span class='ocrx_word' id='word_1_411' title='bbox 501 4643 648 4713; x_wconf 77' lang='grc' dir='ltr'><strong>αὐτῷ</strong></span> <span class='ocrx_word' id='word_1_412' title='bbox 675 4651 758 4697; x_wconf 85' lang='grc' dir='ltr'><strong>κα¹</strong></span> <span class='ocrx_word' id='word_1_413' title='bbox 799 4646 1056 4713; x_wconf 79' lang='grc' dir='ltr'><strong>Πληῖὰδες</strong></span> <span class='ocrx_word' id='word_1_414' title='bbox 1098 4648 1212 4716; x_wconf 71' lang='grc' dir='ltr'><strong>ἅμα</strong></span> <span class='ocrx_word' id='word_1_415' title='bbox 1260 4647 1408 4717; x_wconf 86' lang='grc' dir='ltr'><strong>ὴλίου</strong></span> <span class='ocrx_word' id='word_1_416' title='bbox 1451 4648 1673 4719; x_wconf 81' lang='grc' dir='ltr'><strong>ἀνατολῇ</strong></span> <span class='ocrx_word' id='word_1_417' title='bbox 1782 4655 1981 4701; x_wconf 88' lang='lat' dir='ltr'><strong>tantur.</strong></span> 
     </span>
    </p>
   </div>
   <div class='ocr_carea' id='block_1_68' title="bbox 141 4731 1739 4809">
    <p class='ocr_par' dir='ltr' id='par_1_68' title="bbox 141 4731 1677 4809">
     <span class='ocr_line' id='line_1_68' title="bbox 141 4731 1677 4809; baseline 0.004 -25"><span class='ocrx_word' id='word_1_418' title='bbox 141 4731 502 4787; x_wconf 71' lang='grc' dir='ltr'><strong>ιπιτέλλουσι·</strong></span> <span class='ocrx_word' id='word_1_419' title='bbox 533 4736 622 4790; x_wconf 86' lang='grc' dir='ltr'><strong>καί</strong></span> <span class='ocrx_word' id='word_1_420' title='bbox 654 4737 765 4788; x_wconf 74' lang='grc' dir='ltr'><strong>ἐστι</strong></span> <span class='ocrx_word' id='word_1_421' title='bbox 801 4737 1025 4806; x_wconf 80' lang='grc' dir='ltr'><strong>μεγίστη</strong></span> <span class='ocrx_word' id='word_1_422' title='bbox 1051 4739 1084 4806; x_wconf 83' lang='grc' dir='ltr'><strong>ὴ</strong></span> <span class='ocrx_word' id='word_1_423' title='bbox 1128 4738 1252 4806; x_wconf 89' lang='grc' dir='ltr'><strong>περὶ</strong></span> <span class='ocrx_word' id='word_1_424' title='bbox 1285 4738 1374 4790; x_wconf 89' lang='grc' dir='ltr'><strong>τὸν</strong></span> <span class='ocrx_word' id='word_1_425' title='bbox 1417 4740 1554 4809; x_wconf 87' lang='grc' dir='ltr'><strong>ἀέρα</strong></span> <span class='ocrx_word' id='word_1_426' title='bbox 1585 4756 1677 4792; x_wconf 81' lang='grc' dir='ltr'><strong>τα-</strong></span> 
     </span>
    </p>
   </div>
   <div class='ocr_carea' id='block_1_69' title="bbox 1717 4731 3315 4809">
    <p class='ocr_par' dir='ltr' id='par_1_69' title="bbox 1849 4735 3315 4803">
     <span class='ocr_line' id='line_1_69' title="bbox 1849 4735 3315 4803; baseline 0.001 -15"><span class='ocrx_word' id='word_1_427' title='bbox 1849 4735 2029 4793; x_wconf 81' lang='lat' dir='ltr'><strong>Mense</strong></span> <span class='ocrx_word' id='word_1_428' title='bbox 2056 4737 2262 4801; x_wconf 88' lang='lat' dir='ltr'><strong>eodem,</strong></span> <span class='ocrx_word' id='word_1_429' title='bbox 2292 4754 2402 4803; x_wconf 87' lang='grc' dir='ltr'>ιιι,</span> <span class='ocrx_word' id='word_1_430' title='bbox 2421 4737 2661 4791; x_wconf 85' lang='lat' dir='ltr'><strong>Pleiades</strong></span> <span class='ocrx_word' id='word_1_431' title='bbox 2682 4749 2803 4789; x_wconf 90' lang='lat' dir='ltr'><strong>cum</strong></span> <span class='ocrx_word' id='word_1_432' title='bbox 2832 4736 2962 4791; x_wconf 87' lang='lat' dir='ltr'><strong>solis</strong></span> <span class='ocrx_word' id='word_1_433' title='bbox 2989 4743 3112 4790; x_wconf 89' lang='lat' dir='ltr'><strong>ortu</strong></span> <span class='ocrx_word' id='word_1_434' title='bbox 3141 4739 3315 4791; x_wconf 80' lang='lat' dir='ltr'><strong>oriun-</strong></span> 
     </span>
    </p>
   </div>
   <div class='ocr_carea' id='block_1_70' title="bbox 143 4824 3035 4892">
    <p class='ocr_par' dir='ltr' id='par_1_70' title="bbox 143 4824 3035 4892">
     <span class='ocr_line' id='line_1_70' title="bbox 143 4824 3035 4892; baseline -0.006 0"><span class='ocrx_word' id='word_1_435' title='bbox 143 4824 299 4892; x_wconf 76' lang='grc' dir='ltr'><strong>ρακὴ-</strong></span> <span class='ocrx_word' id='word_1_436' title='bbox 1779 4833 1904 4880; x_wconf 89' lang='lat' dir='ltr'><strong>tur:</strong></span> <span class='ocrx_word' id='word_1_437' title='bbox 1942 4839 1995 4882; x_wconf 88' lang='lat' dir='ltr'><strong>et</strong></span> <span class='ocrx_word' id='word_1_438' title='bbox 2025 4835 2108 4881; x_wconf 89' lang='lat' dir='ltr'><strong>est</strong></span> <span class='ocrx_word' id='word_1_439' title='bbox 2132 4828 2366 4881; x_wconf 78' lang='lat' dir='ltr'><strong>maxima</strong></span> <span class='ocrx_word' id='word_1_440' title='bbox 2391 4829 2535 4880; x_wconf 89' lang='lat' dir='ltr'><strong>circa</strong></span> <span class='ocrx_word' id='word_1_441' title='bbox 2570 4840 2746 4879; x_wconf 86' lang='lat' dir='ltr'><strong>aerem</strong></span> <span class='ocrx_word' id='word_1_442' title='bbox 2781 4825 3035 4878; x_wconf 79' lang='lat' dir='ltr'><strong>turbatio.</strong></span> 
     </span>
    </p>
   </div>
   <div class='ocr_carea' id='block_1_71' title="bbox 204 4912 1802 4987">
    <p class='ocr_par' dir='ltr' id='par_1_71' title="bbox 204 4913 1544 4987">
     <span class='ocr_line' id='line_1_71' title="bbox 204 4913 1544 4987; baseline 0.003 -21"><span class='ocrx_word' id='word_1_443' title='bbox 204 4913 354 4981; x_wconf 83' lang='grc' dir='ltr'>Μηνὶ</span> <span class='ocrx_word' id='word_1_444' title='bbox 376 4913 451 4982; x_wconf 83' lang='grc' dir='ltr'><strong>τῷ</strong></span> <span class='ocrx_word' id='word_1_445' title='bbox 478 4913 622 4984; x_wconf 85' lang='grc' dir='ltr'><strong>αὑτῷ</strong></span> <span class='ocrx_word' id='word_1_446' title='bbox 645 4914 723 4978; x_wconf 75' lang='grc' dir='ltr'><strong>κζ’</strong></span> <span class='ocrx_word' id='word_1_447' title='bbox 756 4914 941 4985; x_wconf 88' lang='grc' dir='ltr'><strong>Ὠρίων</strong></span> <span class='ocrx_word' id='word_1_448' title='bbox 967 4916 1210 4986; x_wconf 82' lang='grc' dir='ltr'><strong>ἑσπέριος</strong></span> <span class='ocrx_word' id='word_1_449' title='bbox 1232 4917 1544 4987; x_wconf 76' lang='grc' dir='ltr'><strong>κρύπτεται.</strong></span> 
     </span>
    </p>
   </div>
   <div class='ocr_carea' id='block_1_72' title="bbox 1644 4912 3242 4987">
    <p class='ocr_par' dir='ltr' id='par_1_72' title="bbox 1828 4912 3242 4982">
     <span class='ocr_line' id='line_1_72' title="bbox 1828 4912 3242 4982; baseline 0.001 -15"><span class='ocrx_word' id='word_1_450' title='bbox 1828 4915 2029 4970; x_wconf 73' lang='lat' dir='ltr'><strong>Mense</strong></span> <span class='ocrx_word' id='word_1_451' title='bbox 2051 4915 2261 4979; x_wconf 88' lang='lat' dir='ltr'><strong>eodem,</strong></span> <span class='ocrx_word' id='word_1_452' title='bbox 2289 4931 2457 4978; x_wconf 79' lang='lat' dir='ltr'><strong>xxvn,</strong></span> <span class='ocrx_word' id='word_1_453' title='bbox 2485 4914 2651 4968; x_wconf 90' lang='lat' dir='ltr'><strong>Orion</strong></span> <span class='ocrx_word' id='word_1_454' title='bbox 2682 4914 2892 4982; x_wconf 78' lang='lat' dir='ltr'><strong>vesperi</strong></span> <span class='ocrx_word' id='word_1_455' title='bbox 2925 4912 3242 4968; x_wconf 76' lang='lat' dir='ltr'><strong>occultatur.</strong></span> 
     </span>
    </p>
   </div>
   <div class='ocr_carea' id='block_1_73' title="bbox 203 5001 1801 5077">
    <p class='ocr_par' dir='ltr' id='par_1_73' title="bbox 203 5004 1676 5077">
     <span class='ocr_line' id='line_1_73' title="bbox 203 5004 1676 5077; baseline 0.003 -19"><span class='ocrx_word' id='word_1_456' title='bbox 203 5004 351 5073; x_wconf 85' lang='grc' dir='ltr'>Μηνὶ</span> <span class='ocrx_word' id='word_1_457' title='bbox 399 5005 739 5074; x_wconf 81' lang='grc' dir='ltr'><strong>Ἀρτεμισίῳ,</strong></span> <span class='ocrx_word' id='word_1_458' title='bbox 789 5007 817 5058; x_wconf 83' lang='grc' dir='ltr'><strong>ὃ</strong></span> <span class='ocrx_word' id='word_1_459' title='bbox 858 5009 969 5058; x_wconf 76' lang='grc' dir='ltr'><strong>ἐστι</strong></span> <span class='ocrx_word' id='word_1_460' title='bbox 1007 5009 1165 5076; x_wconf 79' lang='grc' dir='ltr'><strong>Μαῖῳ</strong></span> <span class='ocrx_word' id='word_1_461' title='bbox 1211 5014 1278 5068; x_wconf 80' lang='grc' dir='ltr'><strong>α’,</strong></span> <span class='ocrx_word' id='word_1_462' title='bbox 1327 5008 1512 5071; x_wconf 81' lang='grc' dir='ltr'><strong>Ὑάδες</strong></span> <span class='ocrx_word' id='word_1_463' title='bbox 1561 5009 1676 5077; x_wconf 76' lang='grc' dir='ltr'><strong>ἅμα</strong></span> 
     </span>
    </p>
   </div>
   <div class='ocr_carea' id='block_1_74' title="bbox 1713 5001 3311 5077">
    <p class='ocr_par' dir='ltr' id='par_1_74' title="bbox 1848 5001 3311 5072">
     <span class='ocr_line' id='line_1_74' title="bbox 1848 5001 3311 5072; baseline -0.001 -16"><span class='ocrx_word' id='word_1_464' title='bbox 1848 5004 2028 5058; x_wconf 79' lang='lat' dir='ltr'><strong>Mense</strong></span> <span class='ocrx_word' id='word_1_465' title='bbox 2046 5004 2356 5069; x_wconf 84' lang='lat' dir='ltr'><strong>Artemisio,</strong></span> <span class='ocrx_word' id='word_1_466' title='bbox 2386 5005 2487 5058; x_wconf 86' lang='lat' dir='ltr'><strong>hoc</strong></span> <span class='ocrx_word' id='word_1_467' title='bbox 2507 5013 2590 5059; x_wconf 89' lang='lat' dir='ltr'><strong>est</strong></span> <span class='ocrx_word' id='word_1_468' title='bbox 2618 5004 2776 5065; x_wconf 85' lang='lat' dir='ltr'><strong>Maio,</strong></span> <span class='ocrx_word' id='word_1_469' title='bbox 2802 5003 2971 5071; x_wconf 89' lang='lat' dir='ltr'><strong>prima</strong></span> <span class='ocrx_word' id='word_1_470' title='bbox 2997 5001 3083 5056; x_wconf 91' lang='lat' dir='ltr'><strong>die</strong></span> <span class='ocrx_word' id='word_1_471' title='bbox 3103 5001 3311 5072; x_wconf 66' lang='lat' dir='ltr'><strong>Hyades</strong></span> 
     </span>
    </p>
   </div>
   <div class='ocr_carea' id='block_1_75' title="bbox 142 5092 1740 5161">
    <p class='ocr_par' dir='ltr' id='par_1_75' title="bbox 142 5092 926 5161">
     <span class='ocr_line' id='line_1_75' title="bbox 142 5092 926 5161; baseline 0.005 -19"><span class='ocrx_word' id='word_1_472' title='bbox 142 5092 289 5161; x_wconf 81' lang='grc' dir='ltr'><strong>ὴλίου</strong></span> <span class='ocrx_word' id='word_1_473' title='bbox 321 5093 547 5161; x_wconf 78' lang='grc' dir='ltr'><strong>ἀνατολῇ</strong></span> <span class='ocrx_word' id='word_1_474' title='bbox 579 5093 926 5146; x_wconf 79' lang='grc' dir='ltr'><strong>ὲπιτέλλουσι.</strong></span> 
     </span>
    </p>
   </div>
   <div class='ocr_carea' id='block_1_76' title="bbox 900 5092 2498 5161">
    <p class='ocr_par' dir='ltr' id='par_1_76' title="bbox 900 5095 2498 5150">
     <span class='ocr_line' id='line_1_76' title="bbox 900 5095 2498 5150; baseline 0 -4"><span class='ocrx_word' id='word_1_475' title='bbox 900 5113 926 5146; x_wconf 72' lang='grc' dir='ltr'><strong>ι.</strong></span> <span class='ocrx_word' id='word_1_476' title='bbox 1779 5109 1902 5148; x_wconf 89' lang='lat' dir='ltr'><strong>cum</strong></span> <span class='ocrx_word' id='word_1_477' title='bbox 1936 5096 2064 5150; x_wconf 83' lang='lat' dir='ltr'><strong>solis</strong></span> <span class='ocrx_word' id='word_1_478' title='bbox 2090 5106 2208 5149; x_wconf 87' lang='lat' dir='ltr'><strong>ortu</strong></span> <span class='ocrx_word' id='word_1_479' title='bbox 2232 5095 2498 5148; x_wconf 90' lang='lat' dir='ltr'><strong>oriuntur.</strong></span> 
     </span>
    </p>
   </div>
   <div class='ocr_carea' id='block_1_77' title="bbox 205 5179 1803 5252">
    <p class='ocr_par' dir='ltr' id='par_1_77' title="bbox 205 5180 1678 5252">
     <span class='ocr_line' id='line_1_77' title="bbox 205 5180 1678 5252; baseline 0.001 -18"><span class='ocrx_word' id='word_1_480' title='bbox 205 5182 353 5250; x_wconf 85' lang='grc' dir='ltr'>Μηνὶ</span> <span class='ocrx_word' id='word_1_481' title='bbox 372 5181 447 5249; x_wconf 81' lang='grc' dir='ltr'><strong>τῷ</strong></span> <span class='ocrx_word' id='word_1_482' title='bbox 467 5180 612 5249; x_wconf 81' lang='grc' dir='ltr'><strong>αύτῴ</strong></span> <span class='ocrx_word' id='word_1_483' title='bbox 641 5181 703 5244; x_wconf 83' lang='grc' dir='ltr'><strong>δ’,</strong></span> <span class='ocrx_word' id='word_1_484' title='bbox 737 5182 886 5252; x_wconf 89' lang='grc' dir='ltr'><strong>Λύρα</strong></span> <span class='ocrx_word' id='word_1_485' title='bbox 905 5183 1152 5252; x_wconf 77' lang='grc' dir='ltr'><strong>ἑσπέριος</strong></span> <span class='ocrx_word' id='word_1_486' title='bbox 1174 5182 1455 5246; x_wconf 80' lang='grc' dir='ltr'><strong>ἐπιτέλλει,</strong></span> <span class='ocrx_word' id='word_1_487' title='bbox 1484 5186 1573 5236; x_wconf 86' lang='grc' dir='ltr'><strong>καὶ</strong></span> <span class='ocrx_word' id='word_1_488' title='bbox 1593 5185 1678 5237; x_wconf 84' lang='grc' dir='ltr'><strong>ἀλ-</strong></span> 
     </span>
    </p>
   </div>
   <div class='ocr_carea' id='block_1_78' title="bbox 1716 5179 3314 5252">
    <p class='ocr_par' dir='ltr' id='par_1_78' title="bbox 1851 5179 3314 5251">
     <span class='ocr_line' id='line_1_78' title="bbox 1851 5179 3314 5251; baseline 0 -18"><span class='ocrx_word' id='word_1_489' title='bbox 1851 5181 2031 5236; x_wconf 73' lang='lat' dir='ltr'><strong>Mense</strong></span> <span class='ocrx_word' id='word_1_490' title='bbox 2056 5183 2264 5244; x_wconf 88' lang='lat' dir='ltr'><strong>eodem,</strong></span> <span class='ocrx_word' id='word_1_491' title='bbox 2301 5198 2353 5236; x_wconf 78' lang='lat' dir='ltr'><strong>iv</strong></span> <span class='ocrx_word' id='word_1_492' title='bbox 2384 5184 2492 5245; x_wconf 90' lang='lat' dir='ltr'><strong>die,</strong></span> <span class='ocrx_word' id='word_1_493' title='bbox 2513 5179 2649 5251; x_wconf 78' lang='lat' dir='ltr'><strong>Lyra</strong></span> <span class='ocrx_word' id='word_1_494' title='bbox 2680 5179 2886 5248; x_wconf 85' lang='lat' dir='ltr'><strong>vesperi</strong></span> <span class='ocrx_word' id='word_1_495' title='bbox 2921 5180 3112 5246; x_wconf 86' lang='lat' dir='ltr'><strong>oritur,</strong></span> <span class='ocrx_word' id='word_1_496' title='bbox 3146 5188 3200 5234; x_wconf 91' lang='lat' dir='ltr'><strong>et</strong></span> <span class='ocrx_word' id='word_1_497' title='bbox 3223 5195 3314 5233; x_wconf 65' lang='lat' dir='ltr'><strong>aer</strong></span> 
     </span>
    </p>
   </div>
   <div class='ocr_carea' id='block_1_79' title="bbox 145 5267 1743 5339">
    <p class='ocr_par' dir='ltr' id='par_1_79' title="bbox 145 5267 741 5339">
     <span class='ocr_line' id='line_1_79' title="bbox 145 5267 741 5339; baseline 0 -19"><span class='ocrx_word' id='word_1_498' title='bbox 145 5267 371 5321; x_wconf 78' lang='grc' dir='ltr'><strong>λοιοῦται</strong></span> <span class='ocrx_word' id='word_1_499' title='bbox 392 5269 459 5331; x_wconf 78' lang='grc' dir='ltr'>ἀὴ</span> <span class='ocrx_word' id='word_1_500' title='bbox 465 5287 496 5339; x_wconf 88' lang='grc' dir='ltr'><strong>ρ</strong></span> <span class='ocrx_word' id='word_1_501' title='bbox 531 5269 741 5330; x_wconf 79' lang='grc' dir='ltr'><strong>ἱκανῶς.</strong></span> 
     </span>
    </p>
   </div>
   <div class='ocr_carea' id='block_1_80' title="bbox 717 5267 2315 5339">
    <p class='ocr_par' dir='ltr' id='par_1_80' title="bbox 717 5274 2315 5327">
     <span class='ocr_line' id='line_1_80' title="bbox 717 5274 2315 5327; baseline 0.003 -7"><span class='ocrx_word' id='word_1_502' title='bbox 717 5287 741 5327; x_wconf 67' lang='grc' dir='ltr'><em>ζ.</em></span> <span class='ocrx_word' id='word_1_503' title='bbox 1781 5274 2010 5326; x_wconf 86' lang='lat' dir='ltr'><strong>multum</strong></span> <span class='ocrx_word' id='word_1_504' title='bbox 2042 5274 2315 5327; x_wconf 87' lang='lat' dir='ltr'><strong>alteratur.</strong></span> 
     </span>
    </p>
   </div>
   <div class='ocr_carea' id='block_1_81' title="bbox 206 5357 1804 5430">
    <p class='ocr_par' dir='ltr' id='par_1_81' title="bbox 206 5358 1675 5430">
     <span class='ocr_line' id='line_1_81' title="bbox 206 5358 1675 5430; baseline 0.001 -18"><span class='ocrx_word' id='word_1_505' title='bbox 206 5360 352 5427; x_wconf 88' lang='grc' dir='ltr'>Μηνὶ</span> <span class='ocrx_word' id='word_1_506' title='bbox 382 5360 456 5428; x_wconf 77' lang='grc' dir='ltr'><strong>τῷ</strong></span> <span class='ocrx_word' id='word_1_507' title='bbox 493 5358 635 5429; x_wconf 84' lang='grc' dir='ltr'><strong>αύτῷ</strong></span> <span class='ocrx_word' id='word_1_508' title='bbox 663 5365 715 5422; x_wconf 85' lang='grc' dir='ltr'><strong>ς’</strong></span> <span class='ocrx_word' id='word_1_509' title='bbox 746 5359 842 5423; x_wconf 77' lang='grc' dir='ltr'><strong>Αἲξ</strong></span> <span class='ocrx_word' id='word_1_510' title='bbox 881 5361 988 5429; x_wconf 80' lang='grc' dir='ltr'><strong>ἑῴα</strong></span> <span class='ocrx_word' id='word_1_511' title='bbox 1033 5361 1311 5425; x_wconf 77' lang='grc' dir='ltr'><strong>ἐπιτέλλει,</strong></span> <span class='ocrx_word' id='word_1_512' title='bbox 1356 5363 1445 5413; x_wconf 71' lang='grc' dir='ltr'><strong>,ιαὶ</strong></span> <span class='ocrx_word' id='word_1_513' title='bbox 1476 5361 1675 5430; x_wconf 84' lang='grc' dir='ltr'><strong>σφόδρα</strong></span> 
     </span>
    </p>
   </div>
   <div class='ocr_carea' id='block_1_82' title="bbox 1718 5357 3316 5430">
    <p class='ocr_par' dir='ltr' id='par_1_82' title="bbox 1849 5357 3316 5429">
     <span class='ocr_line' id='line_1_82' title="bbox 1849 5357 3316 5429; baseline 0 -17"><span class='ocrx_word' id='word_1_514' title='bbox 1849 5359 2029 5415; x_wconf 80' lang='lat' dir='ltr'><strong>Mense</strong></span> <span class='ocrx_word' id='word_1_515' title='bbox 2048 5361 2255 5424; x_wconf 84' lang='lat' dir='ltr'><strong>eodem,</strong></span> <span class='ocrx_word' id='word_1_516' title='bbox 2282 5377 2356 5426; x_wconf 74' lang='lat' dir='ltr'><strong>vn,</strong></span> <span class='ocrx_word' id='word_1_517' title='bbox 2380 5362 2547 5429; x_wconf 78' lang='lat' dir='ltr'><strong>Capra</strong></span> <span class='ocrx_word' id='word_1_518' title='bbox 2571 5374 2728 5413; x_wconf 88' lang='lat' dir='ltr'><strong>mane</strong></span> <span class='ocrx_word' id='word_1_519' title='bbox 2747 5359 2938 5422; x_wconf 87' lang='lat' dir='ltr'><strong>oritur,</strong></span> <span class='ocrx_word' id='word_1_520' title='bbox 2960 5369 3005 5412; x_wconf 83' lang='lat' dir='ltr'><strong>et</strong></span> <span class='ocrx_word' id='word_1_521' title='bbox 3021 5357 3172 5410; x_wconf 83' lang='lat' dir='ltr'><strong>valde</strong></span> <span class='ocrx_word' id='word_1_522' title='bbox 3193 5359 3316 5412; x_wconf 84' lang='lat' dir='ltr'><strong>alte-</strong></span> 
     </span>
    </p>
   </div>
   <div class='ocr_carea' id='block_1_83' title="bbox 145 5438 1743 5519">
    <p class='ocr_par' dir='ltr' id='par_1_83' title="bbox 145 5447 1116 5519">
     <span class='ocr_line' id='line_1_83' title="bbox 145 5447 1116 5519; baseline 0 -18"><span class='ocrx_word' id='word_1_523' title='bbox 145 5447 436 5501; x_wconf 83' lang='grc' dir='ltr'><strong>ἀλλοιοῧται</strong></span> <span class='ocrx_word' id='word_1_524' title='bbox 459 5450 486 5500; x_wconf 89' lang='grc' dir='ltr'><strong>ό</strong></span> <span class='ocrx_word' id='word_1_525' title='bbox 510 5450 617 5518; x_wconf 88' lang='grc' dir='ltr'><strong>ἀὴρ</strong></span> <span class='ocrx_word' id='word_1_526' title='bbox 650 5449 752 5518; x_wconf 82' lang='grc' dir='ltr'><strong>πρὸ</strong></span> <span class='ocrx_word' id='word_1_527' title='bbox 793 5452 917 5518; x_wconf 82' lang='grc' dir='ltr'><strong>μιᾶς</strong></span> <span class='ocrx_word' id='word_1_528' title='bbox 947 5451 978 5519; x_wconf 82' lang='grc' dir='ltr'>ἢ</span> <span class='ocrx_word' id='word_1_529' title='bbox 1007 5450 1116 5502; x_wconf 87' lang='grc' dir='ltr'><strong>δύο.</strong></span> 
     </span>
    </p>
   </div>
   <div class='ocr_carea' id='block_1_84' title="bbox 473 5438 2071 5519">
    <p class='ocr_par' dir='ltr' id='par_1_84' title="bbox 473 5438 2071 5519">
     <span class='ocr_line' id='line_1_84' title="bbox 473 5438 2071 5519; baseline 0.003 -19"><span class='ocrx_word' id='word_1_530' title='bbox 473 5450 617 5518; x_wconf 80' lang='grc' dir='ltr'><strong>5ἀὴρ</strong></span> <span class='ocrx_word' id='word_1_531' title='bbox 650 5449 752 5518; x_wconf 82' lang='grc' dir='ltr'><strong>πρὸ</strong></span> <span class='ocrx_word' id='word_1_532' title='bbox 793 5452 917 5518; x_wconf 81' lang='grc' dir='ltr'><strong>μιᾶς</strong></span> <span class='ocrx_word' id='word_1_533' title='bbox 947 5451 978 5519; x_wconf 82' lang='grc' dir='ltr'>ἢ</span> <span class='ocrx_word' id='word_1_534' title='bbox 1007 5450 1116 5502; x_wconf 86' lang='grc' dir='ltr'><strong>δύο.</strong></span> <span class='ocrx_word' id='word_1_535' title='bbox 1779 5458 1930 5504; x_wconf 89' lang='lat' dir='ltr'><strong>ratur</strong></span> <span class='ocrx_word' id='word_1_536' title='bbox 1962 5438 2071 5504; x_wconf 72' lang='lat' dir='ltr'><strong>aer.</strong></span> 
     </span>
    </p>
   </div>
   <div class='ocr_carea' id='block_1_85' title="bbox 204 5531 1802 5611">
    <p class='ocr_par' dir='ltr' id='par_1_85' title="bbox 204 5537 1674 5611">
     <span class='ocr_line' id='line_1_85' title="bbox 204 5537 1674 5611; baseline 0.001 -21"><span class='ocrx_word' id='word_1_537' title='bbox 204 5538 352 5605; x_wconf 74' lang='grc' dir='ltr'>Μηνὶ</span> <span class='ocrx_word' id='word_1_538' title='bbox 374 5538 532 5606; x_wconf 77' lang='grc' dir='ltr'><strong>Μαΐῳ</strong></span> <span class='ocrx_word' id='word_1_539' title='bbox 557 5537 601 5600; x_wconf 77' lang='grc' dir='ltr'><strong>ζ’</strong></span> <span class='ocrx_word' id='word_1_540' title='bbox 625 5538 880 5607; x_wconf 76' lang='grc' dir='ltr'><strong>Πληϊάδες</strong></span> <span class='ocrx_word' id='word_1_541' title='bbox 899 5540 1028 5608; x_wconf 79' lang='grc' dir='ltr'><strong>έῷαι</strong></span> <span class='ocrx_word' id='word_1_542' title='bbox 1058 5540 1350 5607; x_wconf 81' lang='grc' dir='ltr'><strong>φαίνονται,</strong></span> <span class='ocrx_word' id='word_1_543' title='bbox 1391 5540 1483 5592; x_wconf 83' lang='grc' dir='ltr'>καὶ</span> <span class='ocrx_word' id='word_1_544' title='bbox 1516 5540 1674 5611; x_wconf 79' lang='grc' dir='ltr'><strong>ἀρχε-</strong></span> 
     </span>
    </p>
   </div>
   <div class='ocr_carea' id='block_1_86' title="bbox 1714 5531 3312 5611">
    <p class='ocr_par' dir='ltr' id='par_1_86' title="bbox 1850 5531 3312 5610">
     <span class='ocr_line' id='line_1_86' title="bbox 1850 5531 3312 5610; baseline -0.003 -18"><span class='ocrx_word' id='word_1_545' title='bbox 1850 5538 1972 5594; x_wconf 83' lang='lat' dir='ltr'><strong>Ilaii</strong></span> <span class='ocrx_word' id='word_1_546' title='bbox 2001 5556 2073 5595; x_wconf 80' lang='lat' dir='ltr'><strong>vu</strong></span> <span class='ocrx_word' id='word_1_547' title='bbox 2093 5539 2333 5596; x_wconf 85' lang='lat' dir='ltr'><strong>Pleiades</strong></span> <span class='ocrx_word' id='word_1_548' title='bbox 2362 5554 2516 5595; x_wconf 89' lang='lat' dir='ltr'><strong>mane</strong></span> <span class='ocrx_word' id='word_1_549' title='bbox 2543 5548 2818 5610; x_wconf 74' lang='lat' dir='ltr'><strong>apparent.</strong></span> <span class='ocrx_word' id='word_1_550' title='bbox 2842 5547 2893 5592; x_wconf 91' lang='lat' dir='ltr'><strong>et</strong></span> <span class='ocrx_word' id='word_1_551' title='bbox 2916 5551 3008 5592; x_wconf 85' lang='lat' dir='ltr'><strong>aer</strong></span> <span class='ocrx_word' id='word_1_552' title='bbox 3028 5531 3179 5592; x_wconf 65' lang='lat' dir='ltr'><strong>sedat</strong></span> <span class='ocrx_word' id='word_1_553' title='bbox 3255 5551 3312 5576; x_wconf 66' lang='grc' dir='ltr'><strong>ἰ-</strong></span> 
     </span>
    </p>
   </div>
   <div class='ocr_carea' id='block_1_87' title="bbox 151 5623 1924 5698">
    <p class='ocr_par' dir='ltr' id='par_1_87' title="bbox 151 5623 1924 5698">
     <span class='ocr_line' id='line_1_87' title="bbox 151 5623 1924 5698; baseline 0.003 -22"><span class='ocrx_word' id='word_1_554' title='bbox 151 5637 226 5676; x_wconf 70' lang='grc' dir='ltr'><strong>υιι</strong></span> <span class='ocrx_word' id='word_1_555' title='bbox 255 5625 284 5677; x_wconf 91' lang='grc' dir='ltr'><strong>ό</strong></span> <span class='ocrx_word' id='word_1_556' title='bbox 307 5624 414 5693; x_wconf 82' lang='grc' dir='ltr'><strong>ἀὴρ</strong></span> <span class='ocrx_word' id='word_1_557' title='bbox 446 5623 812 5679; x_wconf 78' lang='grc' dir='ltr'><strong>καθίστασθαι.</strong></span> <span class='ocrx_word' id='word_1_558' title='bbox 1774 5628 1924 5698; x_wconf 92' lang='lat' dir='ltr'><strong>cipit.</strong></span> 
     </span>
    </p>
   </div>
   <div class='ocr_carea' id='block_1_88' title="bbox 212 5772 1316 5846">
    <p class='ocr_par' dir='ltr' id='par_1_88' title="bbox 212 5772 1316 5846">
     <span class='ocr_line' id='line_1_88' title="bbox 212 5772 1316 5846; baseline 0.003 -16"><span class='ocrx_word' id='word_1_559' title='bbox 212 5776 254 5807; x_wconf 84' lang='lat'><strong>’°</strong></span> <span class='ocrx_word' id='word_1_560' title='bbox 281 5772 570 5830; x_wconf 74' lang='lat' dir='ltr'><strong>Coman‘u</strong></span> <span class='ocrx_word' id='word_1_561' title='bbox 607 5775 756 5842; x_wconf 83' lang='lat' dir='ltr'><strong>male,</strong></span> <span class='ocrx_word' id='word_1_562' title='bbox 788 5778 1100 5846; x_wconf 78' lang='lat' dir='ltr'><strong>intempesta</strong></span> <span class='ocrx_word' id='word_1_563' title='bbox 1141 5788 1316 5833; x_wconf 82' lang='lat' dir='ltr'><strong>nocte.</strong></span> 
     </span>
    </p>
   </div>
  </div>
