4046 6320
70 432 201 484 13ὗῖ

133 543 278 611 Μηνὶ
305 544 379 613 τῷ
416 544 559 614 αὐτῳ
588 553 671 613 κγ’
705 547 747 577 ⁸⁷
773 548 968 618 τροπαὶ
997 550 1316 619 χειμερινᾳί.

132 634 282 703 Μηνὶ
322 636 629 706 Ἰανουαρίῳ
656 636 694 688 ἃ
729 637 919 703 Δελφὶς
954 638 1236 692 ἐπιτέλλει.

131 725 280 795 Μηνὶ
310 724 385 795 τῷ
427 725 574 794 αὐτῷ
607 733 646 777 ε’
673 727 716 758 ’⁸
744 729 770 779 ὁ
812 728 987 789 Ἀετὸς
1029 729 1277 798 ἑτπέριος
1317 728 1491 780 δύνει·
1530 747 1621 781 τα-

70 815 206 884 ραχὴ
233 816 286 868 δὲ
310 816 512 887 σςροδρὰ
544 816 748 884 γίνεται
778 818 909 886 μετὰ
932 819 1022 869 δύο
1047 819 1277 888 ἡμέρας.

132 904 279 971 Μηνὶ
314 903 388 973 τῷ
417 904 563 973 αὑτῷ
609 912 684 957 κε’
713 909 740 957 ὁ
766 906 1010 975 λαμπρὸς
1045 906 1213 981 ἀστὴρ
1242 910 1296 958 ἑν
1322 905 1398 977 τῷ
1434 907 1617 962 Λέοντι

64 992 208 1044 δύνει
231 1008 243 1019 ·
274 997 409 1045 κινεί
432 1011 488 1045 τε
522 996 623 1062 πρὸ
650 995 813 1064 τριῶν
845 997 1063 1067 ἡμερῶν
1086 998 1174 1049 τὸν
1204 996 1358 1067 ἀέρα.

132 1082 282 1150 Μηνὶ
304 1081 379 1151 τῷ
409 1082 554 1153 αὐτῷ
582 1090 665 1152 κη’
688 1085 878 1153 Δελφὶς
913 1086 1160 1150 ἑσπέριος
1191 1086 1352 1140 δύνει.

130 1172 281 1239 Μηνὶ
313 1172 388 1241 τῷ
421 1155 567 1241 αὑτῷ
595 1173 672 1225 κθ⁹
706 1173 854 1243 Λύρα
885 1175 1132 1245 ἑσπέριος
1153 1176 1318 1231 δύνει.

129 1260 280 1329 Μηνὶ
310 1261 650 1331 Φεϐρουαρίῳ
683 1269 733 1325 ς’
762 1265 803 1292 ³⁵³
836 1263 1070 1331 Ζέφυρος
1094 1265 1231 1315 πνεῖ.

130 1348 279 1416 Μηνὶ
298 1348 373 1417 τῷ
402 1349 545 1418 αὑτῷ
575 1350 655 1400 κδ’
682 1354 709 1403 ὁ
735 1351 898 1414 Ἰστὸς
918 1352 1057 1405 δύνει
1092 1353 1360 1423 ἑσπέριος,
1391 1371 1478 1406 και
1507 1354 1619 1406 ἑστι

62 1456 124 1490 τα
135 1440 274 1508 ραχὴ
299 1439 392 1491 τοῦ
416 1440 593 1510 ἀέρος.

131 1530 280 1597 Μηνὶ
305 1530 381 1600 τῷ
402 1531 547 1601 αὑτῷ
575 1539 651 1585 κε’
700 1533 1016 1606 ίΑρκτοῧρος
1039 1533 1321 1586 ἐπιτέλλει.

131 1621 281 1690 Μηνὶ
296 1620 371 1690 τῷ
382 1621 527 1691 αὐτῷ
542 1629 629 1687 κς¹
646 1622 909 1693 χελιδόνες
924 1624 1191 1687 πέτονται,
1214 1628 1306 1678 καὶ
1318 1626 1613 1694 φαίνονται.

134 1775 175 1804 ⁸⁷
213 1773 392 1827 αι.κδ’.
469 1775 513 1807 ’⁸
546 1774 621 1830 αι.
653 1782 735 1829 ιε’.
833 1777 877 1807 ²⁹
906 1774 980 1829 al.
1019 1774 1102 1837 ιζ’.

71 1929 407 1952 ,_____

921 430 1376 493 DISSERTATIO
1416 431 1501 485 DE
1537 428 1721 487 ORTU
1762 429 1848 482 ET
1889 426 2155 484 OCCASU
2198 426 2519 483 SlDERUM.

1644 556 1689 607 Α
1788 545 2059 600 Vicesima
2081 546 2237 600 tertia
2268 545 2559 601 solstitium
2585 552 2667 599 est
2695 544 2999 605 hibernum.

3102 414 3105 415 ί
3140 424 3277 487 ιδδδ

1793 634 1993 690 Mensis
2026 635 2267 689 Januarii
2302 646 2493 704 quarta
2526 634 2749 702 Delphin
2774 632 2965 687 oritur.

1792 724 2012 789 Quinta,
2046 725 2239 793 Aquila
2265 725 2475 793 vesperi
2505 724 2734 788 occidit;
2760 730 2813 776 et
2839 722 2894 774 ﬁt
2926 719 3158 774 turbatio
3187 732 3276 773 ve-

1720 816 1946 869 hemens
1976 826 2097 884 post
2131 816 2266 869 duos
2298 816 2434 868 dies.

1792 906 2009 973 Quinta,
2041 908 2265 961 illustris
2295 908 2449 960 stella
2491 907 2545 959 in
2584 904 2762 960 Leone
2808 902 3039 969 occidit;
3070 910 3273 955 movet-

1719 1015 1824 1069 que
1854 1007 1977 1053 ante
2009 998 2247 1052 triduum
2278 1014 2479 1053 aerem.

1794 1088 2059 1143 Vicesima
2087 1096 2278 1142 octava
2315 1088 2538 1157 Delphin
2574 1087 2783 1156 vesperi
2817 1088 3032 1141 Occidit.

1790 1178 2056 1233 Vicesima
2084 1195 2246 1244 nona,
2285 1178 2423 1249 Lyra
2446 1179 2652 1246 vesperi
2683 1177 2897 1231 occidit.

1790 1268 1995 1324 Mensis
2025 1268 2304 1323 Februarii
2340 1277 2493 1324 sexta
2528 1267 2797 1322 Favonius
2822 1268 3013 1337 spirat.

1791 1357 2059 1413 Vieesima
2098 1357 2355 1423 secunda,
2402 1360 2579 1413 malus
2606 1358 2769 1415 Navis
2804 1360 3013 1428 vesperi
3051 1358 3272 1423 occidit,
3337 1426 3347 1437 .

1723 1457 1776 1501 et
1802 1457 1884 1501 est
1918 1447 2161 1500 turbatio
2186 1447 2326 1502 aeris
2360 1463 2570 1517 magna.

1792 1536 2059 1591 Vicesima
2090 1540 2301 1606 quinta,
2335 1538 2599 1593 Arcturus
2635 1538 2846 1607 vesperi
2868 1538 3059 1599 oritur.

1792 1626 2063 1683 Vicesima
2098 1639 2271 1693 sexta,
2309 1629 2625 1685 hirundines
2659 1631 2841 1685 volant
2903 1639 2957 1685 et
2994 1640 3269 1700 apparent.

438 2037 630 2157 na
730 2038 1154 2165 ORTU
1229 2040 1428 2162 ET
1527 2038 2125 2168 OCCASU
2206 2040 2896 2217 SIDERUM

1284 2250 2067 2341 DISSERTATIO

60 2400 89 2463 Ι
97 2422 131 2455 ιι
151 2418 261 2455 cna
275 2403 437 2456 multa
456 2401 783 2457 elucidantur
799 2420 912 2473 qum
928 2404 990 2456 ab
1009 2404 1304 2457 auctoribus
1329 2402 1487 2471 supra
1510 2402 1661 2455 editis
1677 2402 1891 2455 obscure
1910 2402 2137 2472 allegata
2152 2416 2292 2468 sunt,
2316 2403 2393 2457 vel
2416 2404 2745 2473 corriguntur
2762 2420 2876 2473 qua:
2891 2420 3097 2457 erronee
3113 2403 3273 2457 dicta.

939 2519 1103 2581 (Dion.
1130 2522 1380 2580 Permcs,
1416 2522 1481 2570 De
1502 2517 1719 2569 doctrina
1741 2525 2022 2581 temporum,
2058 2525 2093 2569 t.
2121 2518 2205 2579 Ill,
2234 2534 2282 2581 p.
2304 2517 2403 2577 39.)

650 2713 1045 2765 ΠΡΟΘΕΩΡΙᾹ.

129 2800 214 2855 De
250 2810 370 2854 ortu
411 2802 645 2856 siderum
691 2812 744 2856 et
791 2819 986 2856 occasu
1038 2805 1235 2858 selecta
1275 2806 1517 2873 quaedam
1558 2823 1625 2862 ex

52 2893 293 2961 Optimis
340 2900 393 2946 et
440 2892 676 2960 antiquis
729 2894 1039 2947 auctoribus
1091 2898 1333 2964 exempla
1389 2897 1627 2971 profere-

50 2998 227 3046 mus,
268 2981 322 3034 in
367 2981 563 3051 quibus
614 2989 828 3035 ortuum
876 2992 928 3035 et
977 2998 1265 3036 occasuum
1316 2986 1626 3043 varietatem

46 3088 287 3127 onmem
319 3073 681 3142 experiemur;
720 3082 777 3125 ut
821 3074 885 3126 ad
938 3084 1251 3127 caaterorum
1286 3076 1376 3143 qui
1426 3078 1627 3150 passim

50 3164 320 3217 incidunt
351 3180 505 3217 usum
542 3173 594 3219 et
626 3163 997 3217 trae:ationem
1038 3179 1335 3231 paucorum
1367 3165 1624 3219 observa-

46 3254 129 3303 tio
170 3252 535 3306 similitudine
583 3253 698 3321 ipsa
744 3253 1027 3322 pertineat.
1082 3251 1184 3305 Sed
1218 3254 1318 3306 tria
1362 3262 1486 3308 sunt
1524 3256 1627 3308 im-

48 3342 286 3409 primis,
314 3356 430 3409 quze
456 3341 521 3394 ad
547 3349 697 3395 ortus
725 3352 777 3395 et
807 3358 1035 3397 occasus
1060 3345 1293 3412 speciem
1319 3344 1372 3396 in
1394 3347 1628 3412 scripto-

46 3445 183 3483 rum
228 3431 388 3485 libris
434 3430 725 3483 eruendam
772 3438 955 3484 notata
1005 3449 1126 3487 esse
1171 3434 1427 3498 doctrinm
1470 3434 1631 3504 hujus

45 3520 313 3573 artifices
332 3520 537 3587 iubent.
559 3520 793 3575 Primum
814 3531 897 3577 est
919 3531 1149 3591 tempus,
1176 3525 1319 3593 quod
1343 3525 1411 3579 ab
1442 3534 1629 3579 aucto-

46 3628 111 3665 re
146 3612 285 3680 ipso
327 3612 397 3666 sit
430 3626 765 3681 expressum,
795 3621 886 3667 aut
915 3630 981 3668 ex
1013 3615 1131 3681 ejus
1175 3616 1419 3669 oratione
1456 3616 1631 3688 colligi

43 3704 281 3770 possit;
321 3703 613 3756 secundum
668 3712 749 3758 est
793 3704 945 3758 locus
989 3706 1119 3758 solis
1159 3706 1233 3758 illi
1285 3706 1508 3775 tempori
1548 3722 1634 3759 re-

44 3793 385 3862 spondens;
446 3794 666 3848 tertium
720 3802 802 3848 est
860 3796 1103 3865 signiferi
1152 3797 1300 3851 orbis
1348 3797 1630 3865 particula,

40 3885 177 3939 sive
216 3883 445 3951 gradus,
480 3899 708 3951 quocum
749 3886 900 3938 stella
942 3887 1114 3939 oritur
1160 3895 1253 3939 aut
1292 3887 1492 3941 occidit
1524 3909 1537 3942 :
1568 3904 1633 3945 ex

40 3990 170 4045 quo
214 3973 439 4026 demum
490 3983 698 4042 tempus
748 3975 999 4029 idoneum
1057 3977 1109 4029 in
1158 3993 1300 4030 anno
1345 3993 1407 4029 ae
1450 3994 1632 4033 mense

38 4066 350 4135 capiatUr.
385 4062 457 4116 Ex
488 4064 553 4124 iis
586 4066 815 4133 primum
862 4066 962 4118 nisi
1005 4080 1033 4117 a
1079 4066 1342 4140 scriptore
1393 4066 1630 4122 deelare-
1660 4050 1700 4105 ο

37 4165 168 4217 tur,
204 4154 385 4207 certis
431 4154 760 4222 conjecturis
797 4170 860 4207 ac
892 4155 1316 4213 circumstantiis
1360 4157 1633 4230 aestiman-

36 4250 190 4303 dum
234 4261 388 4309 esse,
418 4256 565 4299 recte
606 4245 765 4298 iidem
810 4246 885 4298 illi
935 4246 1129 4299 eruditi
1173 4248 1419 4301 homines
1448 4248 1634 4300 admo-

37 4349 217 4395 nent.
287 4338 342 4389 In
372 4337 584 4391 duobus
617 4338 952 4406 explicandis
996 4340 1143 4392 soleo
1192 4354 1299 4393 non
1353 4340 1632 4394 scientiam

36 4428 299 4497 quidem
333 4425 387 4477 in
419 4425 708 4493 plerisque,
735 4424 824 4493 qui
861 4436 983 4478 ante
1016 4442 1114 4481 nos
1152 4428 1255 4480 ista
1287 4426 1633 4480 commentati

38 4528 213 4579 sunt,
253 4514 357 4568 sed
408 4516 753 4569 attentionem
803 4515 868 4567 ad
927 4517 977 4570 id
1029 4516 1171 4585 quod
1221 4517 1551 4576 scribebant,
1582 4523 1635 4569 et

34 4610 177 4677 ejus
238 4603 394 4673 quod
446 4604 655 4672 egregie
705 4594 921 4665 norant,
977 4605 1402 4663 recordationem
1454 4605 1635 4683 requi-

37 4713 201 4752 rere.
263 4693 404 4747 Nam
453 4694 507 4747 in
558 4702 763 4747 tantam
816 4695 1202 4749 absurditatem
1252 4695 1633 4748 nonnullorum

32 4785 296 4843 devenit
344 4782 538 4845 oratio,
568 4793 626 4835 ut
666 4798 841 4851 neque
878 4798 999 4836 cum
1042 4785 1343 4853 pervagatis
1385 4792 1635 4843 astrono-

34 4880 176 4931 mia:
223 4871 557 4943 principiis,
603 4888 776 4940 neque
809 4865 931 4926 cum
960 4874 1239 4926 oculorum
1281 4887 1342 4926 ac
1379 4889 1634 4927 sensuum

32 4961 437 5037 experientia,
460 4975 634 5030 neque
661 4978 840 5015 secum
870 4973 1139 5032 postremo
1167 4964 1280 5031 ipsa
1310 4965 1632 5017 consentiat.

115 5058 276 5122 Quae
325 5066 409 5103 res
439 5056 499 5101 ut
530 5065 635 5103 non
673 5052 828 5119 ipsis,
858 5054 945 5121 qui
986 5053 1087 5107 ista
1134 5053 1420 5120 scripsere,
1460 5052 1636 5104 fraudi

32 5149 227 5206 fuerit
265 5142 503 5197 eruditis
533 5141 862 5202 hominibus.
900 5151 951 5195 et
994 5144 1182 5195 harum
1225 5143 1636 5209 disciplinarum

33 5236 308 5295 scientia
360 5233 621 5302 praeditis.
652 5244 706 5284 at
734 5234 854 5285 aliis
900 5248 1007 5286 non
1056 5233 1398 5287 mediocriter
1440 5234 1632 5293 obfuit,

32 5330 127 5383 vel
168 5326 379 5378 minus
413 5338 571 5389 quam
606 5322 678 5374 illi
711 5322 880 5384 fuere,
914 5323 1123 5385 doctis,
1159 5324 1241 5377 vel
1283 5338 1505 5392 prorsus
1537 5324 1635 5375 im-

32 5416 296 5488 peritis,
353 5413 445 5478 qui
488 5408 744 5480 impetum
794 5413 859 5465 ad
907 5412 1245 5465 scribentium
1278 5413 1393 5465 sine
1431 5420 1546 5465 arte
1576 5426 1636 5463 ac

28 5507 274 5579 judicio
304 5501 630 5563 conferunt,
661 5511 713 5555 et
740 5517 858 5566 quae
886 5502 1022 5569 apud
1054 5504 1188 5555 alios
1218 5510 1488 5571 utcunque
1516 5518 1639 5569 per-

31 5604 307 5653 tractata
348 5591 593 5664 legerint,
628 5606 856 5661 quorum
890 5592 1050 5645 rudes
1082 5594 1183 5659 ipsi
1226 5600 1371 5646 sunt.
1403 5609 1485 5655 ea,
1518 5601 1640 5647 utut

31 5707 98 5745 se
138 5686 398 5743 habent,
428 5681 480 5733 in
538 5684 1016 5735 commentationes
1061 5697 1188 5735 suas
1236 5682 1635 5749 transfundere,

32 5783 113 5845 ad
149 5785 455 5835 summam
486 5771 588 5825 sibi
616 5771 873 5827 doctrina:
917 5770 1109 5827 famam
1157 5788 1215 5825 ac
1251 5772 1470 5841 gloriam
1515 5788 1637 5843 per—

1662 2726 1704 2780 B
1734 2713 1906 2767 tinere
1953 2719 2163 2783 putant.
2214 2712 2273 2765 ln
2312 2710 2512 2765 borum
2552 2726 2714 2782 grege
2756 2711 2911 2765 facile
2942 2712 3144 2781 primas
3177 2712 3279 2767 hac

1724 2811 1878 2858 aetate
1912 2802 2002 2856 ille
2041 2803 2276 2870 scriptor
2318 2802 2547 2864 obtinet,
2581 2803 2669 2870 qui
2710 2800 2982 2856 Plinianas
3030 2804 3098 2857 ad
3143 2801 3279 2857 Soli—

1726 2909 1854 2947 num
1893 2894 2315 2957 exercitationes
2348 2908 2523 2961 nuper
2550 2892 2738 2947 edidit.
2773 2892 2845 2946 lbi
2886 2892 3028 2947 enim
3060 2894 3125 2947 de
3155 2903 3277 2947 ortu

1726 2993 1777 3037 et
1806 2998 2004 3036 occasu
2034 2983 2271 3037 siderum
2302 2996 2423 3034 cum
2462 2983 2733 3049 universe,
2764 2989 2877 3034 tum
2911 2990 3184 3036 certorum
3226 2992 3273 3037 et

1728 3072 2045 3142 insignium,
2078 3080 2187 3126 tam
2246 3073 2411 3127 multa
2465 3073 2699 3140 scripsit,
2746 3079 2802 3124 ut
2860 3072 3051 3125 barum
3101 3088 3279 3127 rerum

1728 3164 2153 3219 scientissimum
2205 3179 2263 3217 se
2302 3178 2422 3218 esse
2464 3164 2624 3232 vulgo
2676 3152 3278 3232 persuaderivoluerit;

1727 3260 1836 3306 tam
1870 3261 2048 3307 autem
2084 3253 2223 3306 fmde
2254 3253 2305 3305 in
2334 3254 2585 3306 omnibus
2615 3252 2854 3315 oﬂ'endit,
2883 3263 2940 3307 ut
2971 3270 3079 3309 non
3106 3262 3285 3309 tanto-

1729 3354 1856 3407 pere
1910 3339 2204 3400 inscitiam,
2254 3347 2513 3407 quantum
2571 3353 2632 3393 os
2681 3340 2918 3393 hominis
2968 3342 3173 3406 mirari,
3220 3358 3282 3397 ac

1730 3432 1996 3499 castigare
2040 3430 2203 3483 etiam
2247 3431 2382 3483 velle
2436 3430 2656 3494 subeat;
2703 3432 2794 3501 qui
2841 3447 3067 3504 quarum
3104 3448 3281 3487 rerum

1732 3523 1973 3577 funditus
2004 3528 2148 3575 esset
2184 3535 2396 3591 expers,
2428 3521 2494 3575 de
2526 3521 2591 3576 iis
2622 3523 2967 3593 przcscribere
2996 3538 3056 3577 ac
3088 3510 3285 3580 dooere

1732 3615 1889 3675 alios,
1918 3615 2034 3668 sine
2058 3613 2167 3665 ullo
2194 3611 2421 3681 pudore,
2444 3613 2747 3671 tentaverit.
2776 3611 2849 3667 De
2874 3614 3029 3681 cujus
3057 3614 3286 3682 scripto--

1732 3709 1809 3761 ris
1842 3709 2039 3763 erratis
2070 3706 2226 3774 paulo
2267 3713 2387 3774 post
2430 3705 2660 3759 dicetur.
2686 3705 2837 3765 Nunc
2873 3708 2960 3760 illa
3003 3719 3287 3776 praevertaa

1732 3813 1875 3859 mus,
1906 3797 1958 3849 in
1990 3797 2185 3863 quibus
2212 3811 2401 3863 parum
2434 3796 2592 3849 nobis
2636 3802 2870 3852 attentos
2900 3811 3019 3853 esse
3055 3798 3288 3851 nonnul-

1734 3888 1815 3941 los
1850 3887 2093 3939 eruditos
2126 3884 2624 3942 animadvertimus.
3240 3880 3245 3883 ’

1803 3975 1885 4028 Ad
1916 3977 2079 4029 situm
2111 3975 2243 4028 solis
2276 3976 2327 4026 in
2363 3974 2603 4038 zodiaco,
2629 3974 2755 4049 etin
2783 3975 2967 4029 eodem
3000 3977 3284 4031 orientium

1735 4067 2015 4121 stellarum
2062 4072 2115 4119 et
2168 4065 2528 4121 occidentium
2570 4065 2822 4138 regiones
2864 4065 3284 4135 investigandas,

1734 4158 1969 4231 primum
1989 4158 2229 4209 omnium
2267 4157 2541 4209 observari
2570 4158 2779 4219 volunt,
2807 4159 3004 4227 quibus
3021 4162 3285 4214 mensium

1735 4249 1927 4303 diebus
1958 4248 2037 4301 sol
2070 4249 2375 4319 ingressum
2411 4249 2464 4301 in
2497 4248 2929 4303 dodecatemoria
2970 4252 3174 4319 singula
3208 4251 3288 4303 fa-

1735 4344 1879 4391 ceret
1910 4338 1975 4390 iis
2004 4338 2361 4405 temporibus,
2394 4338 2590 4406 quibus
2619 4344 2826 4392 veteres
2852 4339 2927 4392 illi
2960 4338 3287 4404 floruerunt;

1735 4427 1899 4495 idque
1932 4443 1995 4479 ex
2030 4427 2350 4491 Columella,
2384 4426 2575 4488 Plinio,
2612 4426 2823 4489 Ovidio,
2856 4444 2916 4481 ac
2948 4429 3153 4483 cat-teris
3179 4431 3291 4482 col-

1736 4517 1851 4586 ligi.
1898 4515 2035 4569 Tum
2086 4518 2413 4589 quibuscum
2448 4517 2652 4569 zodiaci
2688 4518 2946 4586 gradibus
2983 4528 3134 4572 ortus
3171 4520 3289 4571 illa-

1736 4622 1854 4659 rum
1916 4622 2255 4674 occasusque
2310 4615 2706 4673 congruerent,
2757 4607 3038 4677 diligenter
3096 4610 3288 4661 notari.

1736 4697 1874 4749 lvline
1915 4698 2059 4751 enim
2107 4697 2265 4750 facile
2306 4696 2527 4763 conjici,
2562 4712 2699 4765 quos
2753 4698 2805 4749 in
2838 4698 2954 4752 dies
2984 4700 3290 4753 conferendi

1736 4788 1810 4839 illi
1831 4788 1979 4848 sint;
2008 4802 2152 4847 cum,
2183 4786 2380 4855 quibus
2409 4787 2489 4839 sol
2518 4787 2582 4860 ad
2612 4788 3031 4856 unumquodque
3080 4789 3289 4858 signum

1738 4881 2041 4949 perveniret
2098 4881 2297 4935 sazculo
2354 4880 2479 4942 illo,
2535 4884 2964 4949 cognoverimus.
3019 4880 3184 4934 Recte
3240 4882 3290 4934 id

1737 4971 1953 5039 quidem
1999 4969 2280 5023 hactenus.
2312 4966 2512 5022 Verum
2560 4970 2613 5021 in
2660 4971 2777 5023 loco
2813 4970 2941 5023 solis
2986 4968 3292 5022 definiendo

1739 5074 1927 5130 parum
1965 5060 2122 5112 iidem
2160 5067 2469 5112 accuratam
2512 5061 2770 5113 rationem
2802 5069 3001 5114 tenent.
3038 5059 3169 5114 Nam
3212 5062 3293 5113 in-

1739 5163 1957 5215 gressus
1999 5147 2051 5199 in
2100 5146 2534 5201 dodecatcmoria
2565 5162 2669 5200 non
2702 5162 2764 5198 ex
2801 5147 2875 5199 rei
2923 5148 3165 5207 veritate,
3196 5146 3290 5197 sed

1739 5252 1801 5287 ex
1834 5234 1965 5287 falsa
1990 5233 2345 5301 quorumdam
2378 5242 2617 5287 veterum
2644 5234 2996 5300 persuasione
3027 5241 3286 5288 statuunt.

1739 5328 1827 5379 Sic
1869 5326 1920 5377 in
1950 5324 2185 5383 Arietem
2211 5322 2337 5376 Julii
2366 5324 2595 5377 Caesaris
2627 5334 2864 5391 tempore
2896 5325 3059 5377 solem
3095 5340 3159 5374 xv
3187 5320 3292 5373 Ka—

1743 5414 1927 5469 lendas
1956 5414 2109 5483 Apr.,
2135 5414 2234 5467 hoc
2263 5422 2345 5467 est
2374 5401 2547 5465 Martii
2587 5429 2715 5465 xvm
2761 5414 3033 5467 introiisse
3059 5413 3245 5464 dicunt
3276 5429 3288 5476 ;

1744 5504 1795 5554 in
1815 5502 2050 5554 Taurum
2084 5518 2211 5555 vero
2234 5502 2433 5570 Aprilis
2462 5516 2623 5565 xvtn;
2658 5504 2708 5554 in
2733 5501 3004 5564 Geminos,
3033 5500 3151 5552 Maii
3178 5515 3293 5553 xix.

1744 5592 1896 5656 Quod
1932 5600 1990 5642 ut
2023 5607 2115 5654 per
2150 5604 2269 5644 sese
2321 5590 2513 5643 falsum
2547 5596 2628 5643 est
2651 5630 2664 5652 ,
2698 5591 2773 5643 sic
2818 5606 2882 5645 eo
2928 5593 3104 5657 posito
3150 5592 3294 5643 διάει-

1744 5698 1860 5735 rum
1896 5690 2046 5735 ortus
2076 5697 2409 5749 occasusque
2446 5696 2744 5749 perperam,
2777 5690 2828 5733 et
2870 5681 3057 5735 alienis
3104 5680 3291 5734 diebus

1744 5774 1936 5851 illigari
1969 5788 2193 5828 necesse
2224 5779 2326 5831 est.
2361 5769 2429 5824 lit
2456 5772 2597 5827 enim
2632 5773 2708 5831 sol
2744 5772 2794 5825 ia
2819 5769 3077 5833 Taurum,
3109 5787 3290 5825 exem-
