4046 6320
1543 443 1594 463 ,Δ

800 476 934 534 i339

1788 477 1879 530 AD
1912 475 2186 531 EUSEBII
2225 476 2614 534 CHRONICON
2640 476 2994 533 APPENDIX.

3866 465 3964 533 13η

795 592 865 661 rli
898 606 1086 655 causa,
1117 589 1347 646 subierit
1379 604 1512 642 xvm
1543 586 1628 642 die
1659 587 1858 657 Aprilis
1878 629 1893 652 ,
1932 587 2201 658 Vergiliae,
2230 605 2351 658 qua:

2453 589 2720 658 ρουμένου
2741 606 2755 618 ο
2791 587 2823 658 ἢ
2855 589 2962 642 ἀπό
2991 604 3134 650 τινος
3157 586 3266 640 τῶν
3289 585 3782 641 συνανατελλόντων
3810 588 3963 659 βορει-

797 685 848 735 ln
893 680 1063 751 gradu
1105 680 1269 733 Tauri
1307 694 1472 732 xxviii
1515 679 1835 731 matutinum
1871 687 2049 733 ortum
2082 694 2351 750 apparen-

796 780 901 826 ten
947 771 1214 825 faciebant
1257 783 1397 822 anno
1439 769 1612 835 primo
1655 765 1892 830 Juliano,
1929 769 2007 822 uti
2049 783 2216 838 supra
2255 766 2351 822 de-

798 869 1155 915 monstratum
1187 868 1288 919 est,
1311 867 1440 910 ortae
1463 859 1660 911 fuerint
1681 858 1803 911 Maii
1832 873 1917 923 xv,
1952 859 2037 914 vel
2068 873 2200 920 xvn,
2225 873 2349 912 cum

771 945 978 1005 'vamen
1011 965 1142 1003 mn
1189 949 1241 1002 id
1274 947 1548 1004 acciderit.
1582 948 1655 1002 lta
1687 949 1879 1003 diebus
1910 963 2007 1002 vm
2045 949 2262 1002 circiter
2296 949 2352 1002 in

801 1056 865 1096 ea
896 1042 1253 1110 descriptione
1277 1047 1547 1109 peccatur.
1577 1039 1976 1106 Ejusdemmodi
2009 1047 2202 1093 cetera
2225 1043 2354 1091 sunt

796 1134 1086 1187 orientium
1126 1133 1402 1186 intervalla
1451 1123 1688 1185 siderum
1724 1149 1736 1183 :
1775 1131 1828 1182 in
1869 1131 2069 1198 quibus
2115 1143 2354 1198 pronun-

799 1223 997 1276 tiandis
1034 1224 1099 1276 iis
1126 1223 1192 1276 de
1223 1223 1405 1276 causis
1437 1237 1589 1275 error
1622 1221 1934 1282 intervenit,
1978 1219 2070 1288 qui
2113 1217 2354 1288 profecto

797 1313 1151 1382 castigatione
1193 1328 1329 1380 opus
1373 1314 1552 1366 habet.
1594 1309 1953 1373 Quamobrem
1985 1309 2050 1362 de
2081 1308 2184 1360 hac
2217 1308 2356 1360 anti-

739 1388 741 1390 ’
797 1419 1026 1473 quorum
1066 1403 1417 1471 quorumdam
1451 1402 1724 1468 opinione,
1758 1409 1810 1452 et
1842 1394 2145 1452 animorum
2177 1397 2355 1451 cardi-

798 1508 926 1547 num
960 1492 1315 1546 inteversione
1358 1491 1465 1543 diri
1511 1490 1613 1543 hoc
1655 1491 1776 1543 loco
1809 1503 2030 1542 necesse
2065 1496 2169 1550 est,
2197 1495 2257 1539 ut
2287 1487 2355 1541 iis

798 1582 1113 1635 auctoribus
1164 1580 1521 1643 illustrandis,
1567 1594 1704 1648 quos
1756 1579 1811 1632 in
1867 1579 2008 1631 hanc
2060 1579 2352 1632 editionem

799 1672 1152 1739 conjecimus,
1184 1668 1411 1723 Gemino
1445 1670 1764 1738 prtesertim,
1801 1665 2127 1736 Hipparcho,
2176 1665 2350 1720 Ptole-

799 1775 953 1824 maao,
984 1760 1138 1813 Tatio
1171 1773 1334 1828 opera
1369 1758 1471 1811 ista
1503 1759 1722 1812 serviat.

1419 1868 1644 1924 CAPUT
1685 1869 1723 1922 I.

802 1960 880 2016 De
918 1961 1290 2031 a'qttinoctiqlis
1334 1970 1381 2013 et
1431 1960 1634 2031 zodiaci
1678 1960 1961 2031 partitione
1988 1976 2020 2011 a
2060 1957 2346 2022 Chaldtris,

1146 2029 1407 2100 .Egyptiis
1431 2047 1491 2082 ac
1515 2028 1708 2083 ercis
1736 2030 2001 2082 instituta.

875 2119 987 2174 Duo
1008 2129 1134 2176 sunt
1158 2121 1366 2186 circuli,
1401 2121 1469 2192 a_d
1491 2135 1629 2189 quos
1650 2121 1923 2174 stellarum
1968 2120 2107 2175 situs
2141 2125 2196 2172 et
2221 2131 2351 2170 con-

778 2211 1076 2264 -..versiones
1122 2212 1423 2279 exiguntur,
1479 2211 1867 2278 aequinoctialis
1927 2219 1980 2264 et
2043 2207 2348 2261 zodiacus:

801 2315 866 2353 ex
910 2312 1137 2369 quorum
1180 2300 1467 2369 partitione
1515 2300 1793 2368 longitudo
1831 2299 2134 2360 stellarum,
2168 2311 2234 2350 ex
2269 2295 2355 2349 di-

805 2389 1013 2444 stantia“
1057 2391 1284 2444 latitudo
1325 2391 1574 2444 sumitur.
1639 2390 1719 2443 Ac
1775 2391 2024 2444 videntur
2079 2388 2230 2456 prius
2284 2386 2352 2441 ad

749 2473 752 2476 ’
802 2482 1231 2550 aequinoctialem
1297 2488 1524 2551 utroque
1588 2482 1748 2540 modo
1802 2484 1972 2536 stella
2030 2487 2353 2551 comparatas

805 2587 965 2640 quam
1021 2571 1087 2624 ad
1144 2571 1443 2632 zodiacum,
1493 2585 1600 2624 non
1655 2572 1828 2626 solum
1881 2588 1930 2626 ιὶὶ
1979 2571 2204 2632 Graecia,
2257 2569 2352 2625 sed

807 2664 966 2717 etiam
999 2661 1139 2730 apud
1171 2661 1450 2732 Aigyptios
1480 2668 1534 2716 et
1557 2662 1868 2729 Chaldaeos;
1904 2663 2101 2732 quibus
2142 2661 2222 2716 vel
2269 2662 2354 2714 in-

807 2759 964 2806 venta
1008 2753 1089 2806 vel
1131 2751 1439 2822 diligentius
1483 2755 1690 2807 exculta
1731 2760 2130 2822 propagataque
2159 2752 2214 2804 in
2248 2766 2356 2805 ca:-

807 2849 950 2895 teros
977 2843 1301 2896 astronomia
1334 2843 1588 2897 creditur.
1614 2842 1684 2896 De
1709 2841 1912 2897 Graecis
1940 2843 2212 2896 memoriae
2236 2856 2355 2910 pro-

806 2930 977 2984 ditum
1008 2939 1109 2992 est,
1131 2933 1370 2999 primum
1423 2934 1662 2985 omnium
1709 2932 2168 2986 Anaximandrum
2211 2931 2354 2984 Mile-

808 3017 949 3072 sium
999 3018 1365 3086 obliquitatem
1419 3017 1661 3088 signiferi
1717 3018 2138 3087 deprehendisse
2174 3017 2355 3088 Olym—

809 3106 965 3176 piade
998 3105 1441 3174 quinquagesima
1486 3114 1693 3160 octava.
1728 3106 1856 3162 Post
1886 3097 2049 3174 hunc,
2081 3109 2354 3181 Cleostra-

808 3203 922 3247 tum
953 3192 1242 3248 Tenedium
1279 3197 1428 3263 signa
1472 3197 1524 3249 in
1559 3197 1689 3252 urbe
1724 3199 1815 3251 illo
1849 3199 2133 3267 reperisse,
2163 3205 2218 3252 et
2245 3199 2354 3268 pri-

809 3296 896 3336 ma
925 3282 1119 3338 Arietis
1165 3298 1226 3337 ac
1260 3283 1554 3354 Sagittarii,
1603 3271 1658 3339 u'i
1681 3287 1869 3341 scribit
1905 3286 2114 3343 Plinius
2156 3288 2250 3342 lib.
2283 3286 2350 3353 ll,

796 3388 930 3442 cap.
967 3370 1092 3426 Vlll.
1117 3374 1280 3427 Addit
1309 3375 1546 3445 Hyginus
1578 3377 1674 3431 lib.
1714 3377 1757 3431 ll
1786 3377 1862 3431 De
1885 3381 2206 3433 astronomia
2233 3396 2354 3448 poe-

820 3461 934 3525 ὦσα,
965 3476 1085 3530 cap.
1116 3462 1182 3516 de
1215 3462 1505 3526 l-leniocho,
1539 3466 1700 3519 etiam
1749 3465 1947 3522 llosdos
1993 3459 2061 3522 ab
2107 3469 2199 3522 illo
2244 3468 2356 3538 pri-

810 3567 955 3605 mum
983 3559 1198 3605 notatos
1228 3555 1282 3605 in
1307 3555 1465 3607 coelo.
2087 3623 2091 3628 ε

879 3640 1035 3708 Apud
1070 3639 1349 3696 Chaldazos
1383 3652 1560 3698 autem
1614 3635 2001 3714 Egyptiosque
2045 3641 2184 3699 ratio
2231 3663 2356 3715 par-

811 3729 977 3782 tiendi
1003 3744 1122 3798 qua:
1147 3730 1326 3791 fuerit,
1359 3731 1596 3784 declarat
1619 3733 1816 3788 Sextus
1840 3733 2146 3803 Empiricus
2166 3737 2258 3789 lib.
2289 3737 2351 3792 ν.

808 3817 943 3872 Nam
978 3819 1097 3874 illos
1127 3821 1200 3873 ait
1228 3821 1490 3890 insignem
1525 3824 1753 3890 aliquam
1787 3825 1995 3878 stellam
2036 3825 2091 3878 in
2133 3826 2356 3881 zodiacu

809 3912 1139 3982 designasse,
1163 3914 1320 3980 cujus
1347 3929 1414 3967 ex
1445 3917 1818 3980 conversione,
1846 3925 1900 3968 et
1925 3917 2354 3970 ἀποκαταστάσει

810 4003 876 4056 ad
912 4005 1156 4057 eumdem
1205 4006 1402 4064 locum,
1440 4005 1679 4059 caelestis
1715 4007 1976 4058 circui'us
2016 4007 2355 4060 intervallum

806 4091 1162 4156 definierunt;
1197 4095 1328 4145 Ἕνα
1366 4093 1485 4145 τινὰ
1508 4094 1614 4145 τῶν
1646 4096 1702 4147 ἐν
1729 4093 1805 4164 τῷ
1839 4094 2083 4166 ζωδιακῷ
2111 4097 2356 4166 λαμπρὸν

810 4179 1008 4248 ἀστέρα
1031 4185 1505 4251 παρατηρήσαντες
1535 4183 1886 4236 ἀνατέλλοντα
1917 4186 1964 4256 οἱ
1998 4185 2183 4250 πάλαι,
2214 4198 2353 4251 etc.;

814 4269 902 4321 ubi
927 4278 980 4322 et
1005 4271 1220 4335 modum
1241 4271 1467 4337 explicat
1487 4287 1592 4340 quo
1611 4273 1863 4328 zodiacus
1887 4275 2164 4329 duodecim
2189 4277 2357 4329 trihu-

811 4366 902 4412 tus
934 4362 983 4411 in
1014 4367 1211 4426 partes,
1241 4375 1303 4412 ac
1336 4369 1440 4412 tam
1480 4363 1647 4430 ipsius
1680 4380 1837 4432 quam
1889 4367 2221 4435 singulorum
2267 4384 2355 4421 se-

809 4443 1147 4516 gmentorum
1170 4457 1427 4518 tempora,
1447 4450 1541 4502 hoc
1561 4460 1642 4503 est
1659 4455 1938 4523 dvazpopai,
1965 4456 2075 4508 sive
2094 4459 2360 4510 ascensio-

2449 680 2625 750 τέρων
2673 680 2707 750 ἢ
2759 679 3105 749 νοτιωτέρων.
3170 696 3187 728 α
3227 678 3300 730 Ex
3356 677 3459 730 hac
3503 679 3822 733 ascensione
3864 680 3963 732 dm-

2451 770 2678 825 decima:
2734 772 2941 840 partis,
2995 765 3601 830 ultimumJerminum'
3656 768 3960 836 designabant

2451 860 2608 914 stella
2632 861 2886 928 quapiam
2918 859 3140 928 insigni,
3167 874 3288 928 qua:
3315 860 3369 912 in
3398 873 3464 912 eo
3496 858 3619 928 ipso
3646 861 3870 914 termino
3889 865 3958 914 siit

2448 958 2600 1013 erat;
2631 950 2709 1002 vel
2735 949 2803 1002 ab
2827 949 2932 1001 alia
2970 949 3354 1011 borealiorum,
3384 949 3854 1013 australiorumve,
3879 968 3960 1019 qn

2451 1039 2610 1092 simul
2637 1048 2884 1092 exortum
2915 1037 3172 1092 facerent.
3195 1050 3228 1088 ἰ

2520 1125 2688 1195 Igitur
2715 1141 2780 1179 ex
2813 1126 3009 1180 diurna
3053 1129 3408 1183 conversione
3442 1129 3615 1186 stella:
3644 1129 3769 1184 celi
3805 1130 3958 1183 circui-

2451 1225 2566 1269 tum
2611 1216 2888 1270 diinensus
2918 1231 3039 1270 esse
3067 1218 3255 1280 refert,
3284 1225 3444 1285 atque
3477 1218 3581 1271 hoc
3612 1220 3842 1287 spatium
3869 1219 3960 1271 diio-

2451 1306 2622 1361 decim
2667 1308 2902 1376 aequales
2955 1307 3008 1360 in
3065 1315 3244 1375 partes
3296 1308 3664 1364 distribuisse.
3721 1308 3887 1374 Quare
3919 1326 3960 1363 et

2451 1398 2878 1460 ascensionibns,
2907 1407 2961 1452 et
2990 1414 3108 1467 qua:
3137 1405 3380 1466 tempora
3407 1407 3605 1453 vocant
3637 1398 3884 1464 artifices,
3907 1409 3959 1451 at-

2452 1502 2558 1554 que
2585 1489 2639 1540 in
2670 1489 3030 1556 atquinoctiali
3064 1489 3292 1550 circulo,
3324 1502 3430 1540 non
3477 1489 3533 1540 in
3581 1488 3808 1556 obliquo
3833 1497 3878 1541 et
3903 1505 3960 1540 te

2451 1579 2626 1643 diaco,
2653 1579 3212 1634 dodecateinoriorum
3257 1579 3624 1648 longitudines
3665 1579 3825 1633 initio
3860 1595 3962 1632 cosi-

2451 1677 2745 1738 putarunt;
2775 1670 2988 1724 tametsi
3021 1679 3422 1738 segmentorum
3455 1670 3663 1725 limites
3693 1671 3860 1724 stellis
3883 1676 3962 1739 qni--

2450 1761 2706 1826 busdam,
2734 1761 2881 1814 velut
2905 1759 3243 1822 cardinibus,
3266 1760 3689 1830 distinguerent.
3717 1761 3830 1815 Hoc
3851 1765 3960 1814 ωτςιάο

2452 1857 2726 1918 segmenta
2767 1849 3051 1902 duodecim
3085 1850 3137 1902 in
3182 1851 3405 1904 zodiaco
3436 1852 3662 1905 fuerunt
3697 1853 3960 1922 inaequalia;

2449 1941 2502 1993 in
2524 1939 2884 2006 aequinoctiali
2917 1948 3090 1992 autem
3141 1940 3404 2008 aequalia,
3461 1949 3658 1995 contra
3712 1959 3777 1997 ac
3825 1952 3961 2012 postea

2450 2027 2652 2081 factum
2685 2037 2786 2082 est.
2818 2028 2950 2081 Nam
2993 2028 3153 2083 bodie
3196 2029 3634 2085 dodecatemoria
3688 2033 3746 2086 in
3793 2022 3962 2087 audiam

2449 2118 2656 2172 circulo
2688 2125 2815 2172 sunt
2856 2117 3101 2188 equalia,
3133 2130 3241 2173 tant
3276 2121 3329 2174 in
3353 2129 3524 2184 recto,
3559 2137 3731 2192 quam
3782 2123 3832 2176 in

2450 2223 2556 2277 quo
2581 2209 2706 2268 «πειί
2738 2209 2945 2278 positu;
2979 2210 3031 2261 in
3060 2210 3446 2278 aequinoctiali,
3479 2222 3709 2281 pr0pter
3737 2215 3962 2267 ascensis-

2450 2315 2577 2352 num
2605 2299 2991 2361 diversitatem,
3023 2301 3311 2369 utrobique
3359 2311 3487 2355 sunt
3538 2303 3779 2370 majora,
3807 2305 3878 2356 vel
3899 2307 3962 2355 nai-

2450 2405 2605 2444 nora.
2630 2388 2954 2458 Quanquam
2977 2387 3136 2444 Picus
3161 2390 3575 2444 Mirandulanus
3604 2392 3702 2445 lib.
3734 2391 3794 2444 Vl
3819 2391 3962 2447 Ceam

2450 2478 2636 2530 astrol.
2677 2491 2796 2546 cap.
2826 2476 2908 2540 \‘l,
2940 2475 3219 2530 Chaldaeos
3253 2478 3328 2531 ait
3359 2477 3531 2547 signis
3569 2493 3704 2533 usos
3734 2495 3836 2534 non
3863 2496 3962 2539 esse.

2450 2567 2544 2621 sed
2588 2568 2933 2636 imaginibus.
2985 2566 3089 2622 Sed
3133 2567 3490 2623 nihilominus
3529 2570 3869 2639 inaequalitas
3905 2572 3964 2622 ita

2443 2660 2781 2723 ,constiterit.
2820 2657 3097 2728 Siquidem
3148 2659 3442 2728 imagines,
3489 2661 3612 2715 sive
3650 2663 3826 2715 octavi
3859 2663 3966 2714 orbi;

2453 2757 2726 2818 segmenta
2759 2748 2922 2802 certis
2948 2749 3202 2804 distincta
3233 2750 3504 2805 sideribus
3549 2752 3837 2821 inmualia
3857 2763 3963 2807 sunt.

2451 2847 2511 2890 ut
2536 2839 2643 2890 alia
2677 2837 3170 2893 dodecatemorium
3202 2856 3359 2895 suum
3405 2857 3513 2895 non
3557 2843 3837 2912 impleant,
3861 2847 3966 2896 rem

2451 2927 2695 2990 Cancer;
2739 2927 2999 2982 excedant
3027 2930 3152 2992 alia,
3184 2939 3238 2983 et
3278 2933 3331 2983 in
3377 2932 3558 2985 vicina
3601 2933 3967 2990 redundent,“

2455 3014 2581 3079 Leo,
2612 3017 2842 3072 testibus
2869 3005 3174 3087 Hipparcho
3215 3031 3268 3075 et
3304 3020 3557 3078 Gemino.
3590 3022 3702 3078 Sed
3739 3041 3815 3078 ea:
3848 3023 3967 3076 Chai-

2453 3107 2689 3161 daeorum
2725 3115 2779 3162 et
2826 3107 3200 3178 Egyptiorum
3247 3111 3510 3180 imagines
3539 3128 3570 3166 a
3605 3115 3835 3183 vulgatis
3867 3113 3970 3166 Gre

2455 3212 2662 3260 corum,
2691 3208 2744 3252 et
2772 3198 3038 3268 hodieque
3067 3202 3371 3270 pervagatis
3407 3201 3646 3257 diversa
3684 3203 3906 3264 fuerunt.
3930 3215 3968 3256 et

2457 3287 2694 3342 Achilles
2726 3287 2914 3343 Tatius
2938 3291 2990 3343 in
3017 3292 3164 3344 calce
3190 3290 3620 3362 Prolegomenou
3645 3304 3886 3348 testatur.

2529 3372 2652 3428 llaec
2700 3375 2838 3444 apud
2873 3370 3150 3450 Chaldaaos
3189 3387 3240 3433 et
3289 3360 3578 3450 Egyptios
3625 3383 3838 3437 zodiaci
3881 3391 3969 3434 nata

2455 3463 2877 3529 divisiorserius,
2911 3468 2989 3521 uti
3021 3467 3221 3522 dictum
3247 3477 3349 3533 est,
3376 3472 3619 3539 pervasit
3643 3472 3701 3526 in
3728 3472 3970 3527 Graeciam.

2454 3550 2637 3620 Neque
2663 3566 2791 3607 vero
2821 3569 2944 3607 cum
2983 3555 3229 3609 duodena
3262 3558 3364 3610 ista
3392 3559 3696 3625 partitione
3725 3561 3896 3616 statim
3919 3560 3970 3609 ai-

2455 3645 2570 3692 tera
2613 3643 2909 3708 processit.
2962 3659 3084 3711 qua:
3132 3654 3406 3713 segmenta
3458 3646 3680 3716 singula
3727 3651 3903 3704 tribuit
3937 3655 3971 3700 ia

2456 3735 2639 3796 partes
2669 3728 2908 3798 triginta.
2956 3731 3035 3784 Ac
3080 3731 3310 3784 diversa:
3351 3731 3647 3788 admodum
3700 3738 3844 3806 apud
3877 3744 3972 3788 asti-

2456 3833 2614 3886 quos,
2649 3821 2878 3875 maxime
2929 3821 3166 3885 Graecos,
3217 3822 3510 3878 divisiones
3561 3825 3833 3882 instituta
3868 3839 3968 3881 snsi.

2457 3907 2499 3960 E
2525 3910 2723 3978 quibus
2753 3911 3103 3982 celeberrima
3125 3912 3223 3967 fuit
3252 3927 3336 3977 ea,
3364 3930 3485 3983 quae
3512 3917 3764 3973 circulos
3793 3922 3845 3972 in
3868 3932 3971 3972 sua

2455 4015 2619 4069 genas
2663 4010 2844 4070 partes
2901 4002 3178 4057 distribuit
3231 4023 3244 4058 :
3296 4005 3454 4074 cujus
3519 4007 3777 4061 meminit
3825 4007 3972 4060 Strata

2456 4091 2550 4143 lib.
2596 4089 2661 4156 ll,
2702 4091 2793 4145 ubi
2841 4094 3270 4161 aequinoctialem
3325 4095 3381 4148 in
3434 4095 3663 4150 totidem
3723 4099 3972 4156 dividite

2455 4179 2690 4235 Achilles
2731 4179 2916 4236 Tatius
2962 4183 3014 4235 in
3038 4180 3338 4252 Prolegom.
3366 4200 3485 4255 cap.
3522 4184 3734 4255 XXVI;
3783 4188 3972 4258 Hygieia

2455 4271 2548 4323 lib.
2615 4270 2635 4322 Ι
2687 4271 3054 4339 εΑειτοηοηιίω
3130 4283 3265 4340 poet.
3339 4290 3458 4344 cap.
3525 4276 3598 4330 dc
3700 4279 3971 4348 figuratioae

2455 4361 2787 4415 circulorum
2843 4363 3065 4431 sphaerae
3116 4385 3128 4418 :
3181 4383 3200 4413 ι
3233 4362 3290 4416 ln
3355 4366 3581 4432 triginta
3637 4378 3856 4436 partes.

2458 4452 2884 4520 unumquodque
2927 4453 3354 4522 hemisphaerium
3396 4455 3681 4521 dividitur,
3719 4461 3797 4512 ita
3826 4460 3892 4511 uti
3921 4461 3970 4507 c.-

814 4553 911 4591 nes
944 4540 1248 4593 constitutae
1278 4549 1420 4594 sunt.
1459 4542 1610 4604 Quod
1639 4557 1701 4594 ex
1732 4559 1796 4595 eo
1825 4553 2041 4597 auctore
2073 4545 2358 4616 descripsit
2389 4561 2431 4614 ι)
2455 4544 2667 4596 mensio
2711 4543 3008 4612 signiﬁcari
3057 4546 3304 4599 videatur
3332 4547 3387 4599 in
3420 4554 3533 4599 tota
3579 4549 3803 4616 sphaera
3833 4563 3910 4618 per
3930 4561 3969 4597 tt

815 4626 1116 4681 Macrobius
1162 4629 1255 4700 lib.
1298 4627 1336 4691 l,
1373 4631 1426 4683 in
1469 4629 1647 4684 Somn.
1681 4631 1818 4698 Scip.
1854 4632 2026 4701 Caput
2060 4634 2204 4689 illius
2224 4644 2350 4690 est:

814 4717 1104 4779 Chaldaeis.
1159 4720 1248 4786 qui
1306 4731 1428 4773 ante
1455 4721 1752 4774 duodcnam
1784 4724 2120 4790 partitionem
2153 4736 2356 4794 septem

817 4805 868 4858 in
893 4808 1028 4860 coelo
1047 4823 1230 4875 sparsa
1253 4809 1424 4860 sidera
1447 4819 1710 4873 notarent,
1734 4814 1996 4880 placuisse
2019 4822 2201 4882 postea
2217 4817 2355 4869 duo-

814 4897 983 4949 decim
1004 4899 1054 4950 in
1075 4907 1252 4966 partes
1271 4905 1438 4951 totum
1457 4900 1712 4953 dividere.
1732 4903 1897 4972 Igitur
1915 4905 2245 4973 splendidam
2265 4905 2358 4956 ali-

811 4999 970 5052 quam
986 4988 1189 5039 stellam
1203 5003 1295 5043 eos
1308 4989 1624 5042 observasse
1635 4992 1806 5058 ,cnjns
1820 4994 1885 5046 ab
1898 5003 2016 5047 ortu
2033 4997 2095 5048 ad
2109 4994 2355 5048 eumdem

813 5081 989 5127 ortum
1019 5078 1419 5131 conversionem
1455 5079 1519 5132 ad
1560 5081 1892 5149 clepsydram
1935 5083 2162 5136 dimensi
2207 5091 2350 5136 sunt.

813 5165 1083 5228 Quantum
1108 5180 1258 5233 aqua:
1282 5169 1333 5220 in
1361 5170 1658 5237 subjectum
1684 5185 1777 5221 vas
1801 5171 2037 5223 stillatim
2062 5172 2353 5236 deciderat,

813 5253 974 5318 hujus
1004 5254 1216 5306 unciam
1246 5255 1308 5307 ad
1343 5259 1660 5311 metiendam
1691 5259 2020 5314 duodecimae
2054 5263 2222 5329 partis
2249 5264 2358 5316 cir-

813 5345 919 5396 culi
948 5345 1215 5413 ἀναφοράν
1245 5358 1614 5412 sumpserunt:
1651 5365 1878 5417 eamque
1922 5362 2125 5418 partem
2158 5353 2355 5406 illustri

816 5433 993 5499 aliqua
1036 5436 1186 5489 stella
1222 5439 1598 5500 terminarunt,
1629 5455 1746 5508 quae
1789 5448 1880 5492 aut
1914 5440 1968 5492 in
1998 5456 2064 5494 eo
2098 5443 2214 5509 ipso
2245 5443 2355 5495 cir-

818 5522 922 5572 culi
955 5524 1069 5575 loco
1099 5524 1429 5597 deprehensa
1471 5530 1560 5589 sit,
1593 5537 1684 5581 aut
1723 5529 1859 5581 idem
1893 5539 2101 5599 tempus
2130 5533 2358 5586 habebat

818 5609 1020 5662 oriendi
1043 5630 1056 5664 :
1086 5613 1178 5664 Ἐκ
1199 5614 1397 5682 ταύτης
1418 5617 1514 5684 τῆς
1537 5617 1809 5686 ἀναφορᾶς
1835 5617 1929 5678 (ait
1959 5616 2198 5686 Sextus),
2217 5621 2357 5689 φημὶ

818 5697 872 5749 δὲ
920 5697 1010 5749 τοῦ
1055 5701 1534 5773 δωδεκατημορίου,
1586 5707 1643 5756 τὸ
1686 5706 1980 5769 τελευταῖον
2031 5708 2199 5777 πέρας
2231 5711 2356 5776 ἐστι·

823 5787 1064 5853 μιιοῦντο
1097 5789 1200 5841 ἀπὺ
1217 5793 1439 5861 ἀστέρος
1457 5796 1594 5855 τινὲς
1613 5797 1898 5861 ἐπιφανοῦς
1921 5799 2036 5848 κατ’
2067 5798 2194 5849 αὐτὸ
2224 5797 2354 5848 Θεω-

2434 4635 2641 4704 ‘partes
2692 4633 2851 4688 facta.
2901 4653 2919 4685 ι
2976 4634 3088 4688 Hoc
3135 4633 3297 4689 modo
3340 4636 3496 4704 signo
3549 4637 3791 4691 cuilibet
3841 4649 3970 4705 pana

2451 4724 2712 4793 quinque,
2758 4725 3006 4794 partibus
3047 4725 3277 4794 singulis
3317 4740 3411 4779 sex
3437 4725 3649 4794 gradus
3682 4736 3969 4798 comprimi.

2453 4812 2628 4866 Aliter
2655 4811 2978 4868 Posidonius
3005 4814 3146 4882 apud
3177 4813 3516 4867 Cleomedem
3560 4815 3661 4868 lib.
3697 4816 3744 4880 Ι,
3775 4833 3884 4887 cap.
3913 4815 3970 4866 Β,

2421 4948 2433 4959 .,
2454 4901 2774 4971 signiferum
2801 4912 2969 4958 totum
3001 4905 3056 4958 in
3080 4921 3244 4957 nvm
3279 4912 3460 4973 partes
3497 4905 3826 4984 dividebat,
3854 4906 3970 4960 δαέρ-

2454 4996 2783 5049 Catemorion
2849 4995 3100 5065 quodque
3170 4995 3564 5064 quadrifariam
3637 5015 3859 5054 secans.
3904 4998 3969 5048 AL

2455 5099 2618 5154 porro
2659 5084 3090 5138 dodecatemorio
3137 5071 3345 5153 quovis
3383 5087 3437 5140 in
3483 5087 3792 5151 duodecim
3839 5096 3970 5159 partes

2455 5171 2590 5223 alias
2615 5170 2810 5231 diviso,
2842 5178 3012 5224 totum
3044 5173 3320 5226 zodiacum
3352 5173 3406 5227 in
3435 5189 3598 5229 cutv
3625 5179 3823 5244 partiti
3850 5187 3967 5231 sunt.

2455 5268 2516 5313 ut
2555 5258 2749 5313 Sextus
2774 5259 3076 5329 Empiricus
3102 5261 3258 5314 docet
3289 5263 3442 5316 initio
3469 5264 3598 5317 libri
3625 5264 3702 5322 ν.

2523 5350 2762 5403 Tandem
2793 5366 2860 5404 eo
2885 5367 3167 5420 progressa
3198 5368 3285 5407 res
3309 5361 3412 5415 est,
3437 5364 3496 5407 ut
3528 5363 3643 5408 tam
3668 5359 3958 5428 aequiust-ti

2456 5440 2542 5502 lis,
2570 5455 2728 5508 quam
2761 5440 2982 5509 signifer
3013 5441 3250 5494 circulus
3278 5443 3333 5494 itt
3367 5441 3665 5498 duodecim
3707 5455 3900 5516 partes.
3923 5457 3966 5492 τε

2457 5529 2508 5581 in
2553 5531 2768 5595 triginta
2812 5530 3113 5582 minutatim
3154 5539 3488 5594 secarentur,
3516 5539 3576 5585 ut
3608 5533 3669 5586 in
3702 5545 3823 5589 ιοιο
3849 5537 3966 5589 tim-

2457 5617 2508 5669 lo
2557 5631 2720 5670 cccu
2754 5627 3045 5671 numerata:
3078 5618 3220 5680 sint;
3248 5618 3590 5675 duodecimis
3641 5640 3868 5694 QUOqllc
3891 5637 3964 5689 βπ·

2457 5709 2596 5764 tibus
2622 5711 2905 5777 utriusque
2927 5708 3115 5764 circuli
3147 5709 3363 5763 nomina
3397 5709 3463 5764 de
3493 5712 3746 5769 stellatis
3778 5713 3964 5784 imagin-

2457 5799 2556 5852 bus
2605 5799 2771 5852 indita
2807 5806 2932 5854 sunt
2964 5816 2974 5850 :
3011 5813 3128 5868 qum
3165 5805 3274 5849 tum
3311 5799 3562 5854 videlicet
3598 5801 3662 5857 in
3705 5800 3820 5858 illis
3845 5810 3962 5857 cem-
