4046 6320
98 510 233 567 1341

912 506 1362 563 DlSSERTATlO
1401 506 1485 559 DE
1524 504 1705 560 ORTU
1749 504 1835 558 ET
1866 506 2134 566 OOCASU
2174 504 2493 565 SIDERUM.

3164 500 3301 555 1542

99 612 387 687 ηέικιηιιπ,
428 622 640 676 tametsi
686 629 870 691 postea
924 622 1135 691 longius
1188 624 1268 685 εἰς
1308 622 1378 675 τὰ
1413 620 1647 689 ἑπόμενα

1752 621 1923 688 polos,
1958 633 2011 676 et
2060 623 2394 678 tricesimum
2436 634 2703 692 quemque
2727 619 2947 699 gradum
2977 624 3296 678 transeunt;

101 714 536 783 progressionem
567 709 813 766 fecerint.
845 712 920 765 Ac
948 712 1215 781 principio
1246 715 1482 783 quidem,
1509 728 1643 766 non-

97 804 232 858 dum
261 803 407 857 orbis
439 800 682 855 stelliferi
709 803 1060 857 conversione
1090 804 1327 871 cognita,
1351 803 1649 871 simplicior

98 900 222 947 erat
267 892 609 946 astronomia
662 892 820 944 ratio.
873 893 1026 947 Unus
1081 892 1222 945 enim
1276 892 1647 945 tantummodo

98 996 226 1033 cum
278 980 637 1049 aequinoctiali
688 982 941 1036 zodiacus
1003 982 1297 1037 habebatur
1340 982 1393 1036 in
1455 992 1647 1036 octavo

96 1073 261 1135 caelo,
294 1071 435 1141 quod
471 1080 524 1126 et
561 1074 828 1128 sideribus
876 1074 1243 1144 distinguitur.
1274 1074 1330 1127 ld
1363 1074 1503 1127 enitn
1544 1075 1647 1144 pri-

96 1179 269 1225 mum,
313 1165 456 1231 quod
510 1160 724 1225 vecant,
772 1166 967 1220 mobile
1018 1166 1157 1235 apud
1219 1166 1469 1234 antiquos
1522 1166 1641 1220 fuit.

97 1250 231 1305 Post
276 1252 614 1322 Hipparchus
660 1256 861 1308 moveri
909 1256 961 1307 in
1014 1256 1396 1322 consequentia
1447 1256 1642 1308 calum

98 1341 234 1395 illud
258 1343 663 1407 animadvertit;
703 1344 858 1413 idque
881 1343 1197 1397 Ptolemaus
1222 1344 1415 1397 deinde
1443 1345 1643 1399 certius

99 1434 437 1502 approbavit.
468 1433 667 1488 Exinde
694 1450 823 1503 ergo
849 1434 1039 1502 duplex
1070 1435 1318 1488 zodiacus
1343 1434 1409 1485 ab
1432 1432 1642 1486 artifici-

97 1524 203 1578 bus
232 1525 485 1593 distingui
511 1534 720 1594 captus
752 1534 832 1580 est
855 1544 868 1578 :
889 1541 1112 1594 quorum
1145 1527 1275 1579 alter
1303 1541 1409 1579 uno
1437 1525 1642 1593 simpli-

98 1616 257 1683 cique
303 1624 450 1669 motu
484 1616 715 1684 pradita
759 1616 978 1683 sphara
1022 1615 1254 1668 tributus
1298 1622 1398 1678 est,
1436 1615 1489 1666 in
1534 1629 1641 1682 quo

95 1704 234 1758 nulli
276 1704 539 1758 asterismi
574 1713 727 1769 sunt;
776 1706 1001 1773 ejusque
1051 1706 1316 1758 sectiones
1353 1702 1541 1757 iisdem
1585 1703 1640 1755 in

96 1793 652 1848 dedecatemoriorum
685 1795 900 1863 punctis
939 1810 1058 1847 cum
1112 1794 1468 1862 aequinoctiali
1520 1807 1642 1861 per—

96 1889 263 1953 petuo
295 1883 456 1947 ﬁunt;
488 1884 623 1936 alter
653 1885 701 1937 ei
729 1886 1041 1951 suppositus
1090 1883 1143 1935 in
1187 1883 1316 1935 orbe
1360 1881 1635 1942 stellifero,

1749 713 1830 764 vel
1884 717 1939 766 in
1998 715 2258 779 zodiaco,
2327 717 2480 769 initio
2547 713 2730 768 itidem
2797 710 2865 765 ab
2923 711 3301 764 intersectione

1747 818 1913 857 verna
1962 814 2218 882 sumpto,
2298 822 2360 860 ac
2420 820 2517 876 per
2564 805 2719 875 polos
2778 802 3015 862 zodiaci.
3074 801 3300 869 ejusque

1746 893 2080 948 tricesimum
2158 908 2425 963 quemque
2495 893 2719 962 gradum
2794 890 3095 945 absolutum
3175 902 3298 956 per-

1722 984 1925 1047 ductis
1962 985 2181 1039 circulis
2226 984 2496 1057 maximis.
2535 982 2784 1036 Latitudo
2829 994 3043 1049 quoque
3091 978 3173 1031 vel
3212 982 3296 1031 est

1748 1074 1914 1127 stella
1966 1074 2035 1128 ab
2088 1074 2452 1143 aequinoctiali
2511 1073 2799 1134 distantia;
2856 1086 3017 1139 quam
3080 1069 3297 1122 metitur

1746 1178 1908 1216 arcus
1959 1162 2153 1225 colori,
2203 1166 2316 1218 sive
2363 1164 2581 1217 maximi
2629 1161 2814 1215 circuli
2858 1175 2886 1212 a
2933 1161 3056 1227 polo
3107 1157 3291 1210 mundi

1744 1270 1844 1322 per
1876 1266 2123 1308 centrum
2157 1256 2325 1309 stella
2348 1256 2413 1308 ad
2440 1252 2862 1321 aquinoctialem
2888 1250 3132 1320 producti
3160 1250 3292 1303 stel-

1744 1344 1849 1395 lam
1889 1344 2029 1397 inter
2082 1351 2135 1397 et
2178 1343 2603 1411 aequinoctialem
2658 1339 2998 1408 interjectus;
3031 1338 3111 1390 vel
3153 1335 3295 1404 ejus-

1742 1434 1863 1488 dem
1926 1434 2093 1488 stella
2142 1441 2224 1488 est
2268 1450 2297 1486 a
2351 1434 2575 1486 zodiaco
2619 1432 2907 1494 distantia;
2964 1429 3076 1482 sive
3130 1442 3291 1481 arcus

1743 1522 1963 1575 maximi
1994 1522 2186 1574 circuli
2221 1537 2317 1591 per
2338 1522 2491 1589 polos
2528 1519 2732 1573 zodiaci
2768 1517 3117 1577 transeuntis,
3149 1515 3290 1567 inter

1742 1614 1952 1667 stellam
1986 1612 2303 1679 interjectus
2327 1618 2379 1664 et
2408 1610 2708 1663 zodiacum.
2751 1606 2991 1675 Utroque
3028 1604 3185 1656 modo
3218 1602 3291 1654 la-

1742 1703 2029 1756 titudinem
2062 1703 2359 1771 praesertim
2390 1698 2674 1754 deliniisse'
2696 1710 2901 1753 veteres
2931 1711 3162 1768 sequens
3191 1710 3287 1747 ca-

1745 1804 1841 1863 put
1869 1794 2137 1848 ostendet.
2170 1792 2304 1846 Nam
2347 1793 2414 1846 de
2465 1791 2792 1860 longitudine
2837 1790 3013 1841 minus
3051 1792 3283 1849 constat,

1741 1882 1935 1949 ecquid
1968 1896 2030 1934 ea
2058 1880 2355 1937 secundum
2384 1880 2659 1933 zodiacum
2687 1879 2755 1933 ab
2785 1878 2890 1931 illis
2913 1885 3067 1945 capta
3094 1875 3281 1938 fuerit;

95 1971 259 2040 cujus
294 1972 731 2027 intersectionnm
776 1983 970 2041 puncta
1017 1972 1119 2024 alia
1162 1979 1322 2039 atque
1365 1972 1467 2023 alia
1508 1976 1634 2024 sunt
1667 1946 1709 1999 Β
1739 1988 1861 2025 cum
1895 1972 1948 2025 in
1978 1971 2335 2040 aquinoctiali
2366 1971 2571 2023 circulo
2596 1976 2965 2038 computatam
2997 1967 3186 2032 fuisse,
3216 1981 3285 2020 ex

91 2062 177 2121 ei;
212 2062 278 2114 τὰ
317 2063 727 2132 προηγούμεναι
747 2079 808 2117 ac
833 2060 1014 2126 ζώδια,
1040 2064 1151 2116 sive
1193 2062 1480 2118 asterismi.
1504 2074 1636 2128 pau-

94 2151 250 2204 latrim
281 2152 358 2213 el;
393 2154 461 2205 τὰ
498 2155 736 2223 ἑπόμενα
780 2155 1047 2214 nituntur,
1090 2160 1249 2220 atque
1291 2167 1320 2204 a
1366 2152 1636 2221 cognomi-

93 2241 259 2295 nibus
281 2242 379 2295 sibi
407 2242 851 2296 dodecatemoriis
888 2244 1098 2312 longius
1125 2243 1441 2297 abscedunt.

167 2329 296 2385 Post
325 2332 435 2385 hac
475 2348 644 2386 novus
686 2333 737 2385 in
775 2334 1087 2386 caelestium
1107 2335 1315 2387 orbium
1347 2340 1633 2402 systemate

92 2430 276 2476 motus
326 2424 575 2477 inventus
619 2432 721 2486 est,
784 2423 1081 2477 secundum
1132 2440 1289 2493 quem
1355 2424 1627 2485 zodiacus,

91 2514 209 2567 sive
251 2513 497 2582 ecliptica
533 2514 789 2581 majorem
827 2515 1152 2567 niinoremve
1179 2514 1336 2566 habet
1369 2514 1434 2566 ab
1456 2528 1631 2581 aqua-

91 2611 212 2657 tore
247 2602 554 2655 distantiam
600 2610 652 2655 et
694 2602 1061 2670 obliquitatem
1101 2620 1114 2655 :
1148 2618 1213 2655 ex
1249 2617 1355 2670 quo
1388 2602 1630 2655 stellatus

90 2693 244 2746 orbis
274 2692 343 2745 ab
375 2700 560 2746 austro
589 2694 641 2745 in
678 2694 1068 2761 septentriones
1111 2694 1368 2759 torqueri,
1400 2700 1453 2744 et
1486 2706 1513 2741 a
1546 2705 1647 2743 ser

91 2783 491 2853 ptentrionibus
521 2785 586 2835 ad
614 2792 854 2836 austrum
882 2782 1079 2835 reﬂecti
1107 2780 1343 2839 creditus
1362 2789 1462 2834 est.
1494 2780 1629 2832 Hinc

89 2873 257 2942 igitur
319 2873 509 2926 tertius
569 2872 782 2924 additus
858 2880 942 2926 est
978 2871 1258 2923 ‘zodiacus
1340 2869 1629 2937 interjecta

89 2962 333 3028 sphaera.
364 2961 519 3027 cujus
548 2960 761 3029 propria
804 2968 887 3012 est
929 2960 1019 3012 illa
1054 2960 1285 3019 libratio,
1317 2962 1406 3028 qui
1442 2960 1508 3011 ab
1533 2975 1626 3011 zo-

87 3051 247 3103 diaco
280 3050 434 3119 primi
476 3050 691 3103 mobilis
736 3050 1010 3119 paululum
1056 3050 1287 3103 declinat
1318 3050 1384 3101 ad
1424 3049 1628 3117 aquilo-

87 3155 211 3193 nem
275 3149 366 3193 aut
412 3140 721 3200 meridiem,
768 3155 830 3193 ac
886 3140 986 3193 sibi
1040 3141 1279 3207 proxime
1326 3140 1625 3207 subjectum

85 3232 277 3283 eadem
306 3232 594 3299 agitatione
626 3238 962 3299 contorquet.
1008 3230 1111 3283 Sed
1148 3246 1213 3284 eo
1244 3231 1622 3298 praetermisso,
1655 3274 1696 3331 ο

86 3321 345 3390 quoniam
388 3322 591 3375 veteris
626 3321 887 3373 duntaxat
926 3320 1270 3374 astronomia
1306 3321 1442 3372 ratio
1474 3320 1560 3371 hic
1598 3334 1655 3377 a.

86 3411 249 3465 nobis
299 3411 533 3469 ducitur,
568 3410 768 3478 duplici
823 3411 1045 3463 zodiaco
1091 3411 1327 3463 contenti
1374 3411 1625 3463 erimus:

84 3516 321 3571 quorum
350 3502 485 3555 alter
510 3502 667 3569 primi
700 3503 821 3555 cali
848 3501 1135 3570 peculiaris
1168 3505 1407 3553 eamdem
1443 3514 1629 3569 perpe-

86 3600 182 3644 tuo
236 3575 644 3644 declinationem
727 3592 794 3645 ab
859 3599 1161 3659 aquatore,
1223 3597 1276 3643 et
1328 3590 1380 3642 in
1442 3590 1626 3643 eodem

84 3692 292 3753 puncto
334 3668 628 3737 sectionem
674 3682 915 3745 obtinet;
962 3682 1095 3733 alter
1130 3680 1385 3753 continuo
1414 3680 1467 3732 in
1501 3695 1629 3731 con-

84 3772 367 3839 sequenlia
417 3786 704 3841 progressu
755 3770 993 3824 stellatas
1040 3769 1297 3839 imagines
1333 3767 1525 3829 defert,
1566 3781 1629 3819 ac

82 3872 196 3918 tam
240 3864 507 3918 sectiones
550 3878 673 3917 cum
718 3870 989 3929 aquatore
1026 3861 1149 3915 aliis
1196 3868 1356 3930 atque
1405 3860 1525 3912 aliis
1572 3859 1627 3914 in

84 3956 304 4024 punctis
333 3954 479 4015 facit,
509 3950 668 4021 quam
699 3952 1130 4005 dodecatemoria
1166 3952 1278 4020 ipsa
1312 3958 1623 4007 commutat,

81 4045 351 4099 Caterum
378 4058 500 4095 cum
536 4041 603 4095 de
644 4041 864 4095 zodiaco
913 4041 1138 4108 ejusque
1168 4040 1477 4108 segmentis,
1508 4053 1626 4107 qua

82 4134 242 4202 signa
275 4132 550 4193 dicuntur,
579 4130 821 4185 absolute
847 4131 1135 4198 loquimur,
1166 4132 1397 4197 priorem
1430 4130 1628 4182 intelli-

81 4227 265 4296 gimus
293 4231 733 4291 constantemque
760 4222 975 4275 mobilis
1014 4221 1194 4289 primi,
1217 4221 1299 4272 vel
1328 4222 1375 4274 ei
1405 4235 1628 4287 respon-

79 4316 299 4369 dentem
329 4314 382 4367 in
412 4314 598 4366 octava
638 4314 841 4382 sphara
894 4313 1190 4366 zodiacum.
1234 4311 1345 4366 Hoc
1383 4315 1523 4366 enim
1570 4314 1623 4367 in

81 4408 184 4459 ista
218 4406 365 4459 omni
394 4405 641 4459 doctrina
677 4406 804 4458 sciri
855 4408 1105 4459 convenit
1156 4406 1414 4473 quidquid
1448 4406 1500 4457 in
1533 4422 1625 4473 su-

80 4496 387 4567 perioribus
439 4496 664 4564 spharis
731 4496 1055 4548 circulorum
1121 4504 1622 4565 segmentorumque

1742 2063 2049 2133 Hipparcho
2074 2063 2320 2132 sequenti
2348 2066 2521 2131 capite
2550 2062 2854 2130 colligatur.

1806 2153 1936 2207 Post
1980 2153 2326 2207 Ptolemaeum
2371 2151 2732 2220 longitudines
2775 2150 3051 2203 stellarum
3088 2162 3284 2202 secun-

1738 2244 1865 2297 dum
1903 2244 2181 2297 zodiacum
2219 2251 2418 2311 putata
2463 2250 2587 2293 sunt
2620 2260 2633 2295 :
2670 2254 2894 2308 quarum
2933 2238 3283 2292 ascensiones

1736 2343 1898 2387 recta
1928 2334 2124 2401 prioris
2157 2334 2368 2401 generis
2393 2332 2752 2400 longitudines
2777 2331 3060 2384 habentur.
3086 2328 3160 2383 ita
3190 2344 3281 2383 zo-

1736 2426 1925 2479 diacus
1959 2426 2011 2477 in
2053 2433 2234 2494 partes
2274 2422 2849 2493 duOdeciiti.a’quales,
2889 2422 3280 2491 aequinoctialis

1735 2516 1787 2567 in
1841 2516 2062 2569 totidem
2117 2516 2408 2583 inaquales
2459 2515 2667 2569 divisus
2714 2523 2814 2568 est.
2858 2512 3107 2568 Latitudo
3150 2526 3280 2566 vero

1734 2605 1989 2658 distantia
2031 2606 2196 2659 stellae
2248 2613 2331 2659 est
2370 2605 2437 2657 ab
2484 2605 2723 2669 zodiaco,
2752 2604 2864 2657 sive
2900 2604 3167 2672 ecliptica.
3198 2601 3281 2656 Ab

1734 2694 2096 2763 aequinoctiali
2135 2710 2262 2747 vero
2296 2694 2574 2756 distantia,
2603 2709 2709 2746 non
2749 2692 3008 2757 latitudo,
3054 2692 3149 2746 sed
3186 2691 3279 2745 de-

1732 2786 1953 2839 clinalio
1980 2786 2140 2854 vulgo
2172 2786 2499 2837 nominatur.

2336 2891 2559 2946 CAPUT
2598 2891 2659 2945 ll.

1734 2986 1808 3039 De
1827 2983 2145 3054 longitudine
2172 3001 2232 3036 ac
2258 2984 2533 3036 latitudine
2549 2983 2843 3054 stellarum,
2863 2989 3083 3033 veterum
3104 2988 3276 3031 astro-

1802 3053 2075 3109 nom’orum
2129 3055 2383 3107 sententia
2443 3053 2760 3113 declaratur,
2802 3061 3072 3118 utramque
3121 3062 3273 3116 penes

1801 3124 2214 3195 wquinoctialcm
2261 3122 2512 3175 circulum
2542 3122 2923 3175 consideratam
2956 3120 3135 3187 fuisse.

1801 3234 1955 3302 Quod
1984 3234 2050 3289 de
2077 3236 2355 3289 stellarum
2402 3235 2735 3303 longitudine
2789 3234 2963 3300 capite
3010 3231 3275 3301 superiori

1729 3327 1982 3392 diximus,
2012 3340 2129 3379 eam
2178 3328 2314 3394 apud
2348 3334 2555 3380 veteres
2594 3325 2889 3379 secundum
2917 3324 3270 3393 aquinoctia-
3325 3384 3331 3393 ι

1729 3418 1831 3470 lem
1859 3417 2049 3483 accipi,
2073 3416 2124 3468 id
2154 3431 2219 3469 ex
2243 3414 2549 3484 Hipparcho
2572 3415 3063 3469 demonstrabimus
3092 3412 3271 3466 allatis

1727 3506 1928 3574 aliquot
1953 3506 2248 3574 exemplis:
2278 3520 2343 3557 ex
2379 3504 2575 3572 quibus
2610 3505 2786 3572 priora
2819 3504 2907 3556 illa
2948 3504 3164 3556 veniant
3213 3502 3269 3556 iu

1728 3596 1959 3649 medium
1994 3605 2247 3662 quatuor,
2274 3606 2395 3662 qua
2422 3594 2473 3646 in
2505 3594 2641 3647 libro
2681 3594 2719 3656 l,
2751 3607 2976 3647 numero
3010 3592 3056 3646 Χ
3086 3594 3271 3661 legun-

1727 3694 1832 3747 tur,
1868 3685 1953 3738 ubi
1984 3691 2146 3753 caput
2177 3683 2323 3737 Ursa
2369 3684 2591 3751 majoris
2646 3683 2910 3752 imprimis
2950 3683 3111 3736 situm
3149 3696 3271 3737 esse

1725 3776 1851 3829 dicit
1878 3777 1929 3828 in
1963 3774 2157 3828 Leonis
2184 3775 2342 3842 paulo
2373 3775 2553 3827 minus
2582 3782 2731 3842 parte
2764 3774 2942 3833 tertia,
2969 3772 3268 3826 secundum

1723 3867 2150 3935 aquidistantctn
2195 3865 2554 3934 aquinoctiali
2598 3864 2882 3917 circulum.
2946 3863 3036 3917 Est
3083 3870 3261 3916 autetn

1724 3956 2079 4026 caput‘Ursa
2131 3957 2401 4011 borealior
2455 3956 2881 4008 antecedentium
2934 3954 3161 4007 duarum
3211 3954 3266 4005 in

1725 4047 1997 4109 laterculo,
2029 4060 2093 4099 ex
2120 4053 2358 4099 veterum
2398 4044 2693 4105 sententia,
2723 4044 2815 4112 qui
2849 4043 3024 4095 nullas
3074 4050 3270 4110 prater

1725 4146 1926 4205 septem
1956 4136 2056 4204 τῆς
2097 4135 2355 4204 ’Δμάξης,
2386 4135 2439 4186 in
2470 4132 2679 4188 Helices
2725 4134 3010 4186 asterismo
3030 4133 3266 4186 colloca-

1724 4236 1869 4282 runt.
1902 4227 2029 4281 ltem
2063 4238 2389 4297 postremam
2436 4227 2493 4280 in
2543 4228 2712 4279 cauda
2758 4224 3017 4278 Draconis
3067 4238 3262 4278 secun-

1723 4320 1850 4373 dum
1884 4320 2191 4386 paralleluin
2224 4320 2487 4373 circulum
2515 4334 2634 4373 esse
2662 4318 2715 4369 in
2744 4324 2894 4385 parte
2925 4314 3120 4368 Leonis
3158 4324 3265 4367 ter-

1722 4412 1815 4463 tia.
1864 4407 1926 4463 '0
1973 4411 2071 4479 μὲν
2120 4411 2224 4480 γὰρ
2269 4414 2325 4463 ὲν
2364 4411 2505 4479 ἄκρᾳ
2533 4412 2597 4478 τῇ
2642 4409 2775 4478 οὐρᾷ
2830 4407 2921 4460 τοῦ
2972 4408 3277 4475 Δράκοντος

1723 4500 1924 4567 ἐπέχει,
1959 4500 2033 4562 ὡς
2083 4500 2220 4551 κατὰ
2264 4499 2597 4569 παράλληλον
2641 4498 2868 4560 κύκλον,
2910 4496 3003 4548 τοῦ
3044 4497 3266 4557 Λέοντος

80 4587 318 4641 niethodi
354 4601 518 4640 causa
564 4584 801 4653 ﬁngitur,
832 4585 1062 4652 idipsum
1103 4587 1396 4654 eodemque
1441 4588 1617 4648 modo,

1730 4590 1915 4659 μοίρας
1966 4596 2047 4657 γύ
2096 4588 2124 4641 ὁ
2169 4590 2225 4641 δὲ
2272 4589 2555 4659 εἰρημένος
2607 4588 2779 4655 ἀστὴρ
2824 4588 2880 4638 ὲν
2924 4586 3001 4654 τῷ
3040 4584 3264 4654 πλινθίῳ

80 4676 148 4729 ad
207 4670 497 4731 inferiores
546 4680 599 4728 et
647 4673 919 4741 subjectos
968 4675 1387 4732 accommodari;
1450 4684 1502 4727 et
1558 4676 1623 4727 ad

79 4766 260 4833 ipsum
297 4763 430 4817 adeo
481 4772 637 4817 terra
684 4762 899 4831 globum
949 4763 1208 4830 quosdam
1254 4764 1529 4831 applicari,
1566 4764 1621 4815 in

79 4869 187 4923 quo
224 4867 356 4907 suus
396 4851 579 4905 itidem
619 4852 1009 4920 aequinoctialis
1049 4850 1324 4910 informari
1370 4854 1525 4915 solet,
1559 4868 1621 4905 ac

78 4943 262 4997 caeteri
294 4940 553 5009 paralleli.

149 5028 247 5084 His
297 5028 703 5087 animadversis.
731 5042 851 5081 cum
904 5029 1180 5081 stellarum
1230 5027 1367 5082 situs
1412 5030 1493 5081 vel
1535 5029 1619 5081 di-

78 5127 227 5174 recte
273 5119 355 5173 vel
404 5118 751 5172 transversim
802 5118 1132 5172 considerari
1172 5127 1351 5186 queat,
1391 5120 1491 5171 hoc
1534 5125 1619 5171 est

80 5210 380 5265 secundum
417 5208 828 5276 lengitudinem,
861 5223 924 5261 ac
976 5209 1303 5261 latitudinem
1342 5227 1355 5261 :
1390 5204 1616 5276 quarum

76 5304 226 5370 prior
250 5300 319 5352 ab
350 5301 722 5353 intersectione
754 5313 916 5351 verna
945 5300 1168 5363 zodiaci,
1192 5308 1244 5353 et
1271 5301 1618 5368 aequinoctia-

78 5393 143 5444 lis
179 5388 403 5456 incipit;
436 5390 700 5457 posterior
730 5390 881 5458 polos
912 5404 1100 5443 versus
1128 5390 1300 5442 media
1336 5389 1403 5442 ab
1444 5390 1615 5457 spha-

76 5496 134 5532 ra
165 5478 402 5534 sumitur
431 5496 444 5531 :
479 5489 765 5547 utrumque
808 5480 1092 5547 dupliciter
1129 5479 1381 5532 astimari
1419 5487 1611 5549 potest.

74 5567 208 5621 Nam
248 5566 525 5635 longitudo
562 5569 645 5621 vel
692 5569 743 5620 in
793 5568 1153 5635 aquinoctiali
1198 5576 1490 5636 spectatur,
1521 5570 1611 5637 qui

74 5656 363 5711 duodecim
388 5656 640 5709 tribuitur
665 5658 719 5710 in
746 5667 942 5723 partes,
970 5656 1121 5710 initio
1145 5657 1211 5709 ab
1241 5674 1402 5709 verna
1442 5658 1609 5711 inier-

74 5746 314 5801 sectione
368 5742 529 5807 facto,
564 5745 964 5814 designatisque
1012 5746 1067 5799 in
1110 5761 1176 5799 eo
1218 5748 1462 5815 partibus
1519 5763 1611 5815 per

76 5844 339 5886 maximos
367 5830 619 5894 circulos,
652 5832 764 5885 sive
800 5834 1014 5887 colnros
1046 5848 1161 5896 sex,
1190 5836 1277 5901 qui
1308 5849 1399 5901 per
1427 5834 1606 5889 mundi

1724 4680 1907 4748 ἐπέχει
1937 4679 2029 4732 τοῦ
2068 4679 2289 4740 Λέοντος
2336 4678 2510 4748 μικρῷ
2547 4678 2766 4729 ἔλασσον
2799 4676 2903 4727 τῶν
2945 4682 2994 4743 γ’
3036 4674 3257 4744 μοιρῶν.

1726 4769 2022 4836 l'trumque
2056 4767 2252 4821 falsum
2286 4776 2389 4827 est,
2426 4768 2472 4819 si
2515 4767 2566 4818 in
2600 4766 2819 4818 zorliaco
2850 4775 3117 4832 spectetur
3148 4764 3263 4813 illa-

1724 4866 1838 4908 ruin
1874 4856 2147 4909 stellarum
2180 4856 2334 4907 situs.
2383 4852 2513 4905 Nam
2545 4854 2712 4921 prior,
2758 4868 2875 4920 qua
2911 4851 3057 4904 Ursa
3100 4859 3261 4919 caput

1722 4946 1959 5013 antiquis
1988 4952 2122 5005 erat,
2150 4943 2439 5012 Hipparchi
2463 4953 2702 5009 tempore
2729 4943 2782 4995 iu
2804 4942 2995 4995 Cancri
3024 4940 3089 4993 15
3110 4950 3261 5009 parte

1721 5041 2083 5103 versabatur;
2122 5047 2389 5105 postrema
2435 5035 2619 5089 cauda
2677 5034 2934 5087 Draconis
2978 5034 3029 5085 in
3065 5033 3256 5085 Cancri

1722 5128 1817 5189 10,
1864 5130 1966 5180 ὅδ’.
2003 5128 2263 5181 Ascensio
2296 5132 2441 5179 recta
2474 5125 2671 5196 prioris
2709 5126 2811 5177 fuit
2853 5124 2975 5185 52%,
3006 5125 3084 5176 32'
3117 5138 3259 5175 anno

1715 5217 1836 5272 Per.
1876 5218 1983 5271 .lnl.
2042 5218 2216 5280 4550;
2261 5218 2577 5286 posterioris
2628 5216 2816 5283 paucis
2847 5214 3003 5267 annis
3033 5220 3213 5281 postea
3239 5253 3254 5275 ,

1717 5309 1815 5362 fuit
1847 5308 1968 5368 125,
2006 5306 2107 5374 57'.
2146 5290 2599 5375 Divisa~utraque
2653 5319 2749 5373 per
2780 5304 2846 5356 30
2868 5343 2883 5365 ,
2930 5304 3169 5357 contiunt
3201 5303 3253 5355 in

1716 5397 1905 5467 priori,
1948 5396 2098 5465 signa
2130 5398 2183 5458 4,
2213 5397 2267 5457 2,
2298 5398 2410 5458 5‘2’;
2441 5397 2495 5449 in
2528 5394 2830 5463 posteriori,
2862 5393 2925 5455 4.
2966 5393 3017 5457 3,
3043 5392 3141 5446 57'.
3178 5389 3255 5446 Ita

1715 5504 1896 5541 verum
1932 5495 2013 5540 est
2042 5488 2183 5555 quod
2215 5488 2289 5539 ait
2319 5486 2653 5554 Hipparchus
2681 5485 2745 5537 de
2786 5486 3060 5537 ambarum
3096 5483 3249 5543 locis,

1714 5581 1759 5633 si
1792 5580 1844 5631 in
1872 5578 2232 5645 aquinoctiali
2256 5578 2457 5630 circulo
2478 5576 2771 5630 secundum
2803 5576 3143 5629 ascensiones
3166 5588 3255 5627 rev

1711 5676 1826 5721 ctas
1852 5706 1866 5728 ,
1905 5667 2019 5729 vel,
2054 5667 2196 5735 quod
2231 5668 2369 5719 idem
2400 5676 2502 5728 est,
2547 5668 2599 5719 in
2633 5681 2697 5720 eo
2726 5665 2978 5734 parallelo
3006 5664 3254 5718 conside-

1716 5764 1902 5811 rentur
1922 5794 1937 5818 ,
1976 5771 2133 5823 quem
2166 5755 2331 5808 stella
2358 5754 2551 5807 diurno
2580 5762 2729 5807 motu
2757 5753 3045 5806 delineant.

1792 5840 2000 5896 Rursus
2032 5842 2215 5913 eodem
2256 5842 2372 5895 loco
2422 5841 2607 5895 scribit
2650 5840 3003 5909 Hipparchus,
3037 5850 3248 5892 austra-
