4046 6320
100 390 126 443 1
136 390 243 446 3ιέΞί

877 380 1323 440 DISSERTATIO
1359 380 1445 437 DE
1483 375 1665 435 ORTU
1698 378 1785 432 ET
1824 376 2089 433 OCCASU
2132 376 2452 435 SIDERUM.

3149 378 3287 434 1346

97 504 230 557 dum
280 504 496 565 subest,
528 508 607 553 'ut
661 497 1211 565 omninoscripserit
1265 492 1634 563 Hipparchus:
1670 496 1714 550 Α
1742 486 1948 543 fuisse:
1989 489 2131 557 quod
2180 488 2459 558 prazfracte
2506 494 2664 553 negat
2694 486 2968 555 Scaliger,
3025 489 3182 555 cujus
3231 495 3286 543 et

109 596 176 647 ἸΙ
208 594 262 648 δὲ
282 593 417 646 κατὰ
445 594 534 644 τὸν
565 589 787 653 Εὔδοξον
808 589 1012 658 κεφαλὴ
1028 590 1124 657 τῆς
1147 587 1382 657 μεγάλης
1405 586 1637 655 Ἄρκτου

96 684 240 738 κατὰ
284 685 344 737 τὸ
389 681 847 753 δωδεκατημόριον
891 680 983 733 τοῦ
1028 681 1269 742 Λέοντος.
1306 678 1438 732 Cum
1475 685 1636 741 esset,

96 776 253 829 τὸιὸ⁹
306 775 426 846 μόρ.
482 773 686 844 putavit
742 773 1022 841 legendum
1082 769 1145 822 ι6¹
1194 787 1335 840 μοιρ.
1393 770 1643 836 Adeoque

98 867 201 934 τὴν
241 864 303 918 ιδ’
343 883 512 936 μοιρ.,
545 864 697 933 quasi
730 864 783 916 in
815 862 1126 915 duodecima
1160 869 1309 930 parte
1332 867 1639 928 poneretur,

95 955 335 1008 maxime
356 969 477 1007 cum
511 953 752 1022 proxime
781 962 900 1004 ante
922 991 935 1014 ,
977 950 1191 1019 Ἰχθύων
1224 967 1367 1020 μοιρ.
1407 948 1474 1002 ιϐ’
1506 949 1638 1003 scri-

96 1030 450 1113 ptum'esset.
484 1044 680 1098 Verum
710 1041 1052 1111 Hipparchus
1097 1041 1218 1109 plus
1261 1041 1421 1094 semel
1462 1040 1645 1093 docuit

96 1137 158 1188 in
189 1135 345 1188 tertia
374 1133 570 1188 Leonis
595 1140 766 1203 parte,
815 1148 921 1186 non
972 1131 1288 1185 duodecima
1338 1132 1496 1183 situm
1527 1146 1646 1184 esse

96 1230 267 1290 caput
291 1221 435 1276 Ursa:
460 1222 701 1292 majoris.
732 1220 915 1290 Neque
948 1236 977 1273 a
1009 1222 1187 1289 seipso
1208 1260 1223 1283 ,
1272 1230 1431 1288 atquc
1475 1220 1540 1274 ab
1571 1221 1644 1273 rei

95 1314 327 1367 veritate
357 1320 635 1382 tantopere
685 1312 1011 1367 dissensisse
1054 1313 1155 1365 hoc
1202 1313 1317 1365 loco
1348 1313 1645 1369 credendus

93 1411 207 1463 est,
237 1411 295 1457 ut
333 1403 385 1456 in
417 1402 732 1475 duodecima
770 1412 920 1472 parte
954 1410 1231 1456 Statueret.

172 1493 534 1563 Hipparchum
572 1509 715 1557 vero,
756 1509 860 1547 non
899 1494 951 1546 in
984 1493 1101 1546 solo
1132 1493 1492 1560 mquinoctiali
1518 1494 1648 1548 stela

95 1582 281 1635 larum
321 1581 699 1650 longitudines,
732 1582 825 1634 sed
852 1582 1012 1633 ctiam
1042 1580 1096 1633 in
1144 1581 1364 1634 zodiaco
1405 1583 1507 1635 alia
1560 1598 1648 1635 ra-

94 1674 250 1747 tione
275 1688 480 1743 usuque
507 1670 921 1740 contemplatum
951 1687 1089 1736 esse,
1114 1687 1177 1725 ex
1216 1673 1352 1727 libro
1395 1676 1512 1739 ejus
1565 1688 1651 1727 se-

96 1764 284 1819 cundo
337 1778 399 1817 ac
444 1764 601 1816 tertio
653 1762 869 1831 probari
922 1771 1130 1830 potest;
1173 1762 1263 1815 ubi
1321 1762 1387 1816 de
1428 1780 1651 1815 συνανα-

93 1855 283 1919 τολαίς
311 1865 364 1911 et
392 1846 811 1922 σιίγκαταδύσεσι
848 1855 1081 1908 siderum
1140 1855 1441 1923 disputans,
1469 1865 1649 1924 aperte

96 1948 389 2002 zodiacum
434 1946 487 1999 in
531 1946 811 2000 duodecim
866 1955 1043 2015 partes
1093 1950 1360 2017 aequales,
1411 1948 1651 2016 singulas

96 2052 295 2091 earum
333 2037 386 2090 in
419 2036 636 2106 triginta
686 2036 992 2101 distribuit,
1036 2052 1261 2107 eamque
1310 2034 1651 2106 pertitionem

98 2130 177 2183 ab
203 2129 372 2183 initiis
394 2129 669 2198 signorum
694 2126 991 2196 procedere
1010 2137 1118 2181 tam
1149 2145 1213 2183 ex
1246 2144 1364 2189 sua,
1395 2143 1554 2197 quam
1586 2145 1652 2182 ex

96 2226 349 2274 veterum
401 2216 663 2273 sententia
718 2217 973 2271 declarat.
1022 2215 1192 2285 ‘Atqui
1228 2218 1273 2271 si
1317 2219 1371 2271 in
1416 2218 1652 2286 aequino-

98 2310 259 2363 ctiali
287 2308 402 2363 solo
430 2309 789 2377 longitudines
816 2307 1113 2360 observata:
1143 2305 1391 2370 fuissent,
1422 2322 1529 2361 non
1566 2323 1653 2361 es-

100 2409 192 2454 set
231 2401 285 2453 in
318 2408 499 2469 partes
533 2399 764 2468 aequales
796 2404 976 2466 sectus
1019 2397 1303 2463 zodiacus;
1339 2412 1512 2466 neque
1539 2398 1656 2452 sin-

98 2490 233 2558 gula
255 2488 680 2543 dodecatemoria
712 2487 935 2541 tricenis
952 2494 1263 2541 constarent
1298 2488 1560 2556 partibus.

180 2579 299 2645 Quo
326 2580 483 2633 etiam
515 2588 831 2648 argumento
875 2577 941 2633 de
979 2577 1182 2632 Eudoxi
1215 2580 1481 2633 sententia
1524 2593 1657 2632 con-

93 2673 372 2740 jecturam
395 2684 584 2739 capere
628 2678 809 2738 posset
842 2670 1038 2737 aliquis
1063 2708 1079 2731 ,
1128 2668 1415 2721 duodecim
1466 2670 1535 2723 ab
1562 2658 1656 2723 illo

98 2762 267 2831 signa
296 2758 350 2812 in
384 2758 624 2821 zodiaco,
658 2765 717 2811 ut
741 2758 807 2812 de
839 2758 1201 2825 aequinoctiali
1233 2765 1460 2817 taceam,
1484 2758 1654 2810 collo-

96 2860 233 2905 cata
296 2849 684 2917 distributaque
739 2862 880 2902 esse.
936 2846 1142 2901 Etenim
1191 2846 1527 2916 Hipparchus
1587 2849 1656 2901 li-

96 2944 210 2999 bro
242 2940 284 3005 l,
317 2956 465 2994 num.
496 2938 611 3003 Xll,
640 2948 962 3009 postremam
1014 2937 1198 2991 cauda:
1250 2939 1474 2993 minoris
1508 2938 1659 2994 Ursa:

94 3034 187 3085 ait
218 3033 273 3085 in
298 3029 530 3086 Piscium
559 3038 747 3083 octava
793 3028 997 3083 decima
1050 3037 1198 3097 parte
1240 3029 1467 3099 positam
1516 3044 1655 3083 esse.

1739 580 1839 631 alia
1857 580 2010 648 longe
2024 580 2335 647 capitaliora
2365 581 2417 632 in
2442 581 2578 634 libro
2608 578 2680 633 De
2696 580 3062 647 anticipatione
3087 584 3281 652 (equits.

1740 667 1900 735 paulo
1918 677 2036 735 post
2055 668 2408 721 excutiemus.

1812 756 1961 811 Hanc
2029 756 2319 825 Hipparchi
2390 758 2865 827 hallucinationem
2928 759 3279 821 asterismos,

1741 847 1854 901 sive
1870 848 2079 901 stcllata
2094 846 2257 921 ζῴδια
2273 836 2395 903 cuii]
2413 848 2859 903 dodecatemoriis
2879 850 3284 917 cognominibus

1743 937 2043 1005 promiscue
2099 938 2361 1006 capientis
2419 938 2507 991 alii
2564 938 2815 992 similiter
2852 953 3281 1008 expresserunt.

1746 1027 1942 1081 Scribit
1976 1029 2119 1082 enim
2143 1028 2291 1081 Arati
2321 1029 2640 1083 Scholiastes
2667 1028 2733 1082 ad
2763 1029 2850 1083 illa
2886 1032 3042 1087 verba
3075 1072 3088 1094 ,

1743 1138 1918 1205 Kpati
1945 1138 2012 1190 δὲ
2034 1143 2087 1191 οἱ
2101 1138 2333 1206 Δι’δυμόι
2352 1155 2366 1169 ’
2388 1138 2592 1206 μέοισῃ
2618 1138 2668 1190 δ’
2692 1139 2808 1192 ὑπὸ
2825 1141 3117 1206 Καρκίνος
3136 1140 3283 1191 ἐστι’

1743 1209 1935 1261 Ποσσὶ
1963 1208 2013 1259 δ’
2030 1208 2128 1261 ὑπ’
2152 1208 2526 1276 ἀμφοτέροισι
2548 1208 2708 1261 Λέων
2729 1210 2841 1261 ὑπὸ
2868 1208 3021 1261 καλὰ
3041 1226 3284 1276 φαείνει·

1744 1320 1798 1373 in
1821 1321 2015 1389 quibus
2046 1318 2196 1374 Ursae
2224 1321 2411 1388 majori
2444 1320 2665 1374 subesse
2698 1320 2828 1374 dicit
2854 1321 3107 1375 Geminos
3142 1321 3288 1375 illius

1746 1409 1904 1478 capiti
1936 1409 2538 1477 respondentesrventri
2569 1409 2834 1463 Cancrum
2859 1449 2873 1472 ,
2905 1410 3126 1479 pedibus
3156 1409 3290 1465 Leo-

1748 1514 1887 1553 nem.
1917 1500 2149 1565 Ad,ha=c
2185 1498 2427 1553 Scholion
2458 1500 2705 1553 observat
2748 1501 3008 1568 quosdam
3066 1502 3287 1553 Aratum

1750 1589 2156 1657 reprehendere,
2178 1590 2320 1657 quod
2354 1588 2522 1653 Ursae,
2556 1605 2674 1657 qua:
2701 1592 2895 1657 gradus
2920 1606 3023 1643 non
3061 1592 3287 1658 amplius

1749 1677 1969 1746 triginta
2000 1679 2309 1746 porrigitur,
2343 1678 2593 1732 subtendi
2624 1679 2911 1746 nonaginta
2941 1680 3160 1747 gradus,
3188 1685 3297 1732 huc.

1750 1777 1833 1822 est
1863 1768 1961 1822 tria
2002 1768 2429 1822 dodecatemoria
2462 1770 2723 1837 signiticet
2759 1788 2770 1822 :
2811 1786 2968 1838 quam
3023 1772 3089 1824 ad
3140 1771 3291 1836 obje-

1749 1859 1979 1911 ctionem
2015 1874 2275 1927 nugarum
2301 1861 2483 1913 nescio
2508 1860 2631 1927 quid
2656 1860 2941 1928 expromit.
2972 1859 3115 1912 Nihil
3147 1862 3287 1913 enim

1747 1945 1894 2006 dicit,
1923 1945 2065 2012 quod
2106 1945 2366 1998 indictum
2397 1961 2502 1999 non
2542 1948 2733 1999 melius
2767 1947 2856 2000 sit.
2899 1946 3001 2000 Sed
3033 1948 3290 2000 nimirum

1746 2035 1847 2088 hoc
1882 2034 2011 2087 illud
2042 2046 2142 2098 est,
2169 2036 2311 2103 quod
2353 2037 2556 2101 monui,
2587 2045 2807 2106 puta~se
2832 2038 2922 2105 qui
2954 2038 3032 2091 sic
3065 2037 3290 2105 objicie-

1748 2125 1876 2178 bant
1913 2126 2133 2178 Aratum
2177 2127 2548 2191 Geminorum,
2605 2128 2799 2181 Cancri
2825 2142 2877 2182 et
2908 2130 3101 2183 Leonis
3122 2118 3290 2182 'voca—

1750 2214 1889 2268 bulis
1924 2215 2251 2270 intellexisse
2281 2216 2736 2279 dodecatemoria,
2771 2233 2892 2271 cum
2945 2219 3010 2271 de
3066 2219 3290 2273 stellatis

1751 2305 1936 2374 ﬁguris
1977 2306 2248 2374 loquatur.
2284 2304 2417 2359 Nam
2450 2307 2553 2359 hoc
2583 2309 2878 2375 posteriore
2916 2323 3075 2362 sensu
3108 2324 3289 2361 verum

1750 2404 1833 2451 est
1864 2400 2007 2466 quod
2052 2398 2249 2451 Aratus
2300 2400 2523 2459 docuit,
2578 2399 2655 2451 uti
2689 2410 2873 2453 contra
2929 2399 3290 2469 Hipparchum

1751 2488 2105 2542 ostendimus.
2163 2489 2295 2553 Quis
2359 2505 2465 2543 non
2532 2491 2755 2544 miretur
2809 2491 3290 2545 adeosobcsecatos

1753 2576 1922 2631 fuisse
1947 2579 2155 2647 priscos
2179 2580 2298 2633 illos
2320 2589 2371 2633 et
2389 2581 2623 2649 insignes
2643 2591 2999 2643 astronomos,
3029 2592 3079 2635 et
3105 2598 3289 2636 eorum

1753 2667 2043 2735 principem
2075 2667 2457 2737 Hipparchum,
2490 2679 2550 2723 ut
2601 2671 2701 2740 ista
2737 2688 2841 2725 non
2877 2675 3154 2727 viderint?
3188 2675 3290 2727 Sed

1753 2760 1953 2812 erroris
1981 2774 2165 2813 ansam
2194 2776 2259 2813 ex
2298 2774 2362 2813 eo
2390 2770 2668 2829 ceperunt,
2701 2763 2841 2830 quod
2878 2764 3115 2833 ipsorum
3157 2771 3290 2817 tctu-

1755 2862 1883 2918 pore
1911 2850 2132 2903 stellata:
2180 2850 2458 2920 signorum
2504 2851 2701 2921 efﬁgies
2758 2854 2997 2922 ejusdem
3060 2857 3301 2911 nominis

1756 2938 2185 2993 dodecatemoria
2229 2941 2497 2995 tenebant.
2541 2944 2663 2997 Ideo
2698 2944 2905 2997 lubrica
2929 2951 3057 2997 tunc
3080 2953 3216 3008 erat,
3242 2954 3296 2999 et

1757 3041 2058 3099 opportuna
2091 3030 2262 3085 fraudi
2298 3040 2480 3085 mutua
2511 3035 2893 3087 vocabulorum
2939 3036 3248 3091 communio
3278 3056 3291 3089 :

92 3124 179 3176 At
220 3121 517 3177 secundum
550 3121 850 3175 institutam
881 3120 947 3173 ab
978 3118 1201 3173 Eudoxo
1232 3120 1545 3174 divisionem
1571 3136 1660 3173 zo-
1687 3147 1728 3206 α
1760 3122 1901 3190 quod
1935 3122 2094 3176 hodie
2127 3124 2305 3176 minus
2346 3124 2559 3186 accidit,
2589 3135 2803 3193 pr0pter
2846 3116 3065 3195 sphaerae
3094 3135 3298 3181 octavas

94 3212 359 3276 diaci,.in
390 3212 546 3266 tertio
578 3210 749 3280 gradu
775 3211 970 3265 Arietis
995 3229 1006 3263 :
1027 3211 1113 3272 Ὠς
1134 3210 1189 3261 δὲ
1219 3210 1441 3273 Εὔδοξος
1465 3212 1658 3281 διαιρεῖ

91 3305 201 3358 τὸν
239 3303 498 3367 ζωδιακὸν
524 3300 737 3365 κύκλον,
763 3300 901 3352 κατὰ
915 3300 1010 3370 τὴν
1038 3307 1084 3367 γ’
1117 3301 1223 3369 μοί.
1245 3300 1335 3353 τοῦ
1364 3302 1551 3371 Κριοῦ.
1582 3301 1657 3355 Ita

89 3394 256 3449 enim
286 3390 659 3461 castigandum
689 3406 809 3445 esse
837 3390 1012 3457 locum
1057 3391 1218 3444 istum
1264 3392 1438 3459 capite
1488 3391 1525 3442 γ
1571 3407 1660 3446 se—

88 3472 301 3553 quenti
363 3480 842 3534 deinonstrabitur.
900 3477 1099 3533 Verum
1157 3480 1201 3533 si
1258 3480 1324 3533 ad
1378 3481 1657 3535 zodiacum

85 3587 234 3629 eum
260 3611 274 3633 ,
310 3570 401 3639 qui
432 3571 648 3640 proprie
675 3577 898 3623 vocatur
917 3608 931 3631 ,
956 3569 1194 3622 calculus
1226 3569 1327 3623 iste
1356 3569 1617 3623 referatur
1639 3610 1655 3635 ,

86 3678 222 3721 non
252 3656 446 3714 octavo
480 3660 689 3713 decimo
719 3657 885 3727 gradu
902 3657 1159 3721 Piscium,
1193 3658 1288 3712 sed
1320 3656 1483 3711 Tauri
1512 3659 1660 3713 vice-

70 3757 254 3809 .simo
293 3765 437 3804 nono
468 3750 620 3803 stella
652 3749 754 3803 ista
784 3748 1121 3813 versabatur,
1158 3754 1216 3799 ut
1262 3762 1425 3816 supra
1473 3748 1663 3801 docui-

82 3858 254 3896 mus.
309 3840 544 3895 Necesse
594 3846 680 3892 est
738 3852 865 3905 ergo
917 3838 1195 3891 zodiacum
1242 3838 1506 3892 circulum
1560 3852 1660 3906 pro

79 3929 476 4003 aequinoctiali
509 3928 578 3981 ab
607 3926 909 3997 Hipparcho
960 3928 1164 3996 accipi;
1205 3944 1327 3981 nam
1380 3929 1446 3983 ad
1493 3932 1659 3999 aequi-

82 4021 400 4080 noctialem
428 4061 443 4084 ,
496 4019 876 4089 parallelumve
905 4018 1267 4087 aequinoctiali
1301 4021 1562 4074 circulum
1594 4022 1662 4075 si-

83 4126 196 4169 tus
229 4112 320 4165 ille
354 4110 522 4165 stella:
553 4109 818 4180 congruit.
852 4108 1120 4174 Quocirca
1167 4112 1338 4165 mirus
1372 4112 1473 4166 iste
1506 4094 1659 4167 locus

81 4214 191 4261 est
248 4200 561 4271 Hipparcni,
610 4199 870 4271 siquidem
928 4201 1353 4269 aequinoctialem
1394 4216 1515 4256 cum
1570 4218 1663 4256 zo-

82 4296 273 4349 diaca
341 4292 646 4360 promiscue
697 4304 988 4358 usurpasse
1056 4297 1319 4343 monstrat
1384 4291 1657 4361 antiquos.

83 4383 329 4439 Etenim
357 4389 475 4435 uter
504 4396 535 4435 e
566 4380 778 4434 duobus
808 4380 929 4435 istis
958 4380 1179 4434 circulis
1209 4381 1260 4432 in
1284 4392 1461 4449 partes
1481 4398 1660 4452 aequa-

1758 3220 1812 3267 et
1848 3214 2247 3267 asterismorum
2282 3214 2335 3267 in
2370 3230 2431 3268 ea
2463 3217 2781 3285 προήγησιν.
2820 3217 2934 3281 Qua
2966 3217 3159 3271 factum
3191 3229 3293 3282 est,

1756 3311 1815 3356 ut
1842 3303 2093 3373 pleraque
2142 3303 2304 3366 ζώδια
2358 3314 2510 3358 extra
2554 3320 2652 3358 sua
2685 3305 3114 3361 dodecatemoria
3167 3324 3297 3362 con-

1756 3391 1970 3447 sistant.

2351 3506 2575 3563 CAPUT
2615 3506 2703 3562 ltl.

1759 3593 1968 3654 Eudoxi
1991 3599 2264 3669 sententia,
2299 3611 2479 3669 contra
2514 3610 2666 3668 atque
2699 3599 3028 3667 Hipparchus
3071 3603 3294 3669 putavit,

1825 3667 2079 3732 exposita.
2118 3667 2363 3734 Eiusdem
2388 3667 2672 3735 Hipparchi
2703 3687 2849 3723 error
2881 3667 3298 3725 dodecatemoria

1828 3751 1945 3806 cum
1986 3739 2271 3791 asterismis
2320 3739 2703 3806 confundentis.
2748 3741 2943 3794 Aratus
2991 3750 3039 3794 et
3088 3740 3299 3795 Servius

1828 3805 2105 3861 illulrati.

1828 3900 2168 3990 Hipparchus
2195 3919 2347 3975 initio
2376 3920 2501 3976 libri
2530 3920 2573 3973 ll
2608 3928 2799 3974 auctor
2832 3928 2936 3985 est,
2965 3921 3300 3990 antiquiores

1761 4010 2193 4076 mathematicos,
2234 4018 2326 4064 aut
2354 4025 2542 4064 omnes
2586 4016 2677 4061 aut
2728 4010 3029 4078 plerosque,
3055 4011 3298 4065 cardines

1761 4103 1951 4157 solaris
2008 4100 2271 4155 circuitus
2339 4099 2544 4154 zodiaci
2601 4099 2878 4166 signorum
2942 4098 3111 4153 initiis
3156 4102 3302 4153 attri-

1761 4191 1941 4245 buisse
1970 4209 1983 4245 :
2019 4190 2179 4260 idque
2206 4191 2431 4243 Aratum
2457 4190 2512 4242 in
2546 4203 2708 4258 opere
2738 4204 2835 4242 suo
2878 4198 3142 4244 secutum.
3193 4181 3303 4241 Καὶ

1760 4270 2008 4335 ὑπονοιῶν
2032 4282 2269 4352 ἀρχαίων
2305 4280 2361 4334 δὲ
2402 4279 2791 4350 μαθηματικῶν
2835 4283 3048 4334 πάντων
3097 4280 3298 4349 σχεδὸν,

1760 4372 1794 4442 ἢ
1844 4370 1950 4422 τῶν
1996 4370 2288 4432 πλείστων,
2350 4368 2534 4420 τοῦτον
2575 4368 2663 4439 τὸν
2717 4369 2912 4435 τρόπον
2970 4371 2997 4421 ὁ
3045 4366 3300 4431 ζωδιακὸς

83 4464 185 4533 les
218 4470 513 4532 dividatur,
547 4469 773 4522 alterum
798 4476 1009 4536 oportet
1040 4469 1376 4536 inaequaliter
1396 4484 1516 4523 esse
1540 4487 1657 4538 par-

1760 4461 1954 4524 κύκλος
1980 4461 2217 4532 διῄρητο.
2253 4479 2270 4510 ι
2297 4461 2472 4528 Atque
2506 4461 2605 4513 hac
2638 4462 2844 4517 ratione
2882 4461 3157 4514 zodiacum
3191 4463 3299 4513 cir-

85 4565 296 4618 titum.
333 4557 467 4612 Cum
498 4572 627 4627 ergo
662 4559 1091 4611 demonstratum
1141 4559 1211 4611 sit
1246 4559 1319 4619 ab.
1358 4558 1662 4628 Hipparcho

85 4655 155 4708 in
227 4649 320 4702 illa
368 4656 561 4702 contra
611 4645 891 4700 Eudoxum
941 4646 1338 4714 disputatione,
1397 4649 1662 4702 circulum

1762 4552 1942 4606 culum
1976 4551 2338 4606 mathematici
2377 4550 2761 4619 propemodum
2808 4565 2992 4603 omnes
3053 4557 3145 4603 aut
3191 4551 3303 4618 ple-

1762 4641 1917 4710 rique
1949 4643 2131 4711 partiti
2158 4651 2302 4696 sunt.
2343 4660 2361 4692 ι
2394 4642 2619 4694 Constat
2643 4649 2821 4693 tamen
2850 4640 3117 4694 interdum
3151 4642 3298 4703 alibi,

1762 4748 1921 4801 quam
1955 4734 2009 4786 in
2042 4734 2312 4803 signorum
2364 4730 2663 4800 principiis,
2689 4732 3011 4799 aequinoctia
3044 4740 3097 4785 et
3121 4733 3306 4786 solsti-

1763 4824 1839 4877 tia
1871 4824 2122 4877 collocari
2157 4822 2425 4893 quondam
2463 4820 2618 4875 solita
2658 4820 2857 4887 fuisse,
2889 4838 3063 4890 neque
3092 4822 3144 4875 id
3175 4838 3306 4875 con-

1765 4921 1988 4968 stanter.
2021 4913 2152 4965 Nam
2188 4913 2277 4965 alii
2320 4912 2372 4964 in
2407 4912 2668 4981 principia
2703 4912 2795 4981 (ait
2828 4911 3065 4966 Achilles
3116 4912 3307 4966 Tatius

1764 5019 1883 5072 cap.
1917 4998 2126 5071 XXIV),
2153 4991 2243 5055 alii
2275 5003 2327 5055 in
2360 5011 2577 5056 octavas
2610 5011 2808 5070 partes,
2838 5003 2928 5056 alii
2965 5004 3018 5056 in
3050 5003 3307 5057 duodeci-

1766 5109 1901 5157 mas,
1930 5094 2017 5146 alii
2043 5094 2094 5146 iu
2121 5093 2339 5161 quintas
2377 5093 2615 5148 decimas
2640 5133 2655 5158 ,
2694 5094 2797 5147 hoc
2826 5102 2909 5149 est
2942 5094 3115 5148 media
3149 5095 3204 5147 in
3232 5096 3309 5150 si-

1766 5199 1869 5254 gna
1898 5183 2268 5238 conferebant.
3283 5234 3286 5238 Α

1838 5273 2113 5326 Eudoxum
2148 5266 2583 5328 mathematicum
2617 5274 2901 5343 insignem,
2942 5274 3034 5343 qui
3080 5272 3307 5328 Metonis

1766 5371 1919 5417 aetate
1950 5363 2117 5425 vixit,
2163 5364 2413 5417 cardines
2457 5364 2605 5431 ipsos
2656 5363 2709 5416 in
2753 5364 2944 5417 mediis
2997 5364 3165 5432 signis
3219 5379 3311 5432 po-

1768 5454 1945 5508 suisse
1996 5464 2248 5507 accurate
2293 5456 2485 5519 probat
2535 5453 2871 5523 Hipparchus
2917 5454 3009 5507 lib.
3072 5454 3115 5519 ll
3160 5455 3307 5523 (pag.

1768 5543 1911 5615 1‘20),
1940 5543 2115 5597 allatis
2142 5543 2426 5611 ipsiusmet
2472 5540 2677 5594 Eudoxi
2706 5543 2884 5596 verbis
2912 5561 2924 5594 :
2954 5556 3073 5611 qua:
3107 5543 3151 5595 si
3186 5546 3311 5609 quis

1766 5635 2065 5704 expendere
2111 5634 2394 5688 nobiscum
2425 5633 2589 5696 velit,
2628 5631 2771 5683 haud
2809 5631 2968 5685 facile
3005 5630 3311 5700 Hipparcho

1768 5726 1833 5784 de
1860 5724 2064 5781 Eudoxi
2087 5725 2336 5795 opinione
2370 5724 2461 5780 illa
2495 5723 2816 5779 consentiet.
2843 5721 2975 5776 Nam
3000 5723 3156 5785 longe
3185 5725 3308 5781 alia.

81 4740 540 4813 aequinoctialem
572 4738 625 4790 iu
655 4753 733 4790 χιι
770 4738 923 4807 signa
972 4737 1262 4800 distribui,
1314 4737 1379 4790 ad
1434 4754 1665 4808 eumque

84 4831 394 4892 stellarum
423 4826 614 4882 referri
662 4826 1055 4896 longitudines,
1108 4826 1390 4893 inaequalia
1423 4841 1542 4879 esse
1572 4843 1665 4881 zo-

82 4922 257 4981 diaci
281 4928 559 4990 segmenta
588 4932 807 4972 necesse
827 4925 943 4983 est;
974 4932 1092 4985 quae
1127 4917 1339 4986 pmprie
1364 4915 1527 4979 ζῴδια
1562 4933 1663 4970 ηο-

82 5016 410 5069 m‘inautur.
458 5004 653 5061 Verum
676 5013 784 5057 tam
813 5006 1202 5074 aequinoctialis
1232 5002 1664 5058 dodecatemoria

81 5102 281 5170 ζώδια
319 5106 583 5154 vocantur
620 5096 677 5150 in
701 5096 849 5149 calce
873 5097 996 5149 libri
1025 5096 1179 5165 primi
1214 5096 1281 5148 ab
1313 5094 1617 5162 Hipparcho
1644 5133 1660 5157 ,

82 5206 277 5266 quam
312 5190 548 5244 circulus
583 5188 722 5242 idem
771 5185 860 5239 ille
906 5186 1181 5240 zodiacus.
1225 5183 1588 5237 Nihilominus
1614 5194 1667 5237 et

82 5289 166 5349 is,
213 5296 379 5351 quem
400 5281 621 5350 proprie
634 5274 914 5332 zodiacum
935 5277 1287 5345 appellamus,
1317 5274 1514 5343 quique
1537 5276 1667 5329 stel—

82 5381 216 5433 lata
252 5372 407 5440 signa
432 5372 683 5431 sustinet,
708 5366 986 5437 mqualiter
1015 5366 1070 5419 in
1117 5365 1404 5419 duodecim
1461 5363 1623 5425 ζώδια
1648 5404 1663 5428 ,

82 5473 406 5539 partesque
437 5474 602 5515 cccu
647 5461 713 5513 ab
770 5457 955 5512 eodem
986 5453 1296 5524 Hipparcho
1324 5456 1462 5508 libro
1516 5454 1558 5506 Il
1612 5462 1666 5509 et

83 5558 165 5614 ιιι
201 5550 491 5608 tribuitur.
524 5548 679 5604 Unde
708 5563 895 5603 verum
936 5554 1017 5601 est
1041 5586 1055 5608 ,
1101 5546 1244 5614 quod
1279 5561 1441 5613 supra
1472 5543 1664 5598 docui-

82 5660 258 5711 mus,
289 5640 493 5710 dOplici
524 5640 733 5693 ratione
766 5653 829 5691 ac
874 5635 1085 5689 duobus
1128 5635 1182 5687 iu
1232 5634 1450 5687 circulis
1481 5635 1665 5701 signo-

81 5752 233 5800 rum
274 5733 618 5806 partitionem
661 5732 729 5785 ab
762 5728 996 5800 antiquis
1026 5726 1324 5783 artificibus
1358 5726 1662 5783 institutam
