4046 6320
792 384 928 462 tm

1803 385 1893 438 an
1930 382 2189 438 EUSEBH
2222 369 2609 438 cnnbNtco-N
2637 381 2992 438 APPENDIX.

3799 141 4024 437 ζ]

790 514 952 568 quam
987 498 1191 566 putavit
1209 496 1569 568 Hipparchus,
1599 501 1962 570 mihiquidem
1987 501 2040 554 in
2072 501 2177 555 illis
2207 482 2338 554 locis
2369 509 2411 562 Α
2445 518 2463 550 ε
2504 498 2642 552 Sunt
2678 508 2852 555 autem
2894 503 2945 553 in
2987 503 3104 570 ipso
3139 463 3321 554 media
3353 501 3680 568 Capricorni
3711 542 3724 562 ,
3755 510 3811 554 et
3843 504 3961 569 pedes

790 590 927 644 velle
950 589 1208 644 Eudoxus
1236 591 1467 648 videtur.

861 679 1033 734 Verba
1079 680 1328 734 Eudoxi:
1362 683 1618 753 Δεύτερος
1667 682 1723 736 δέ
1782 686 1896 736 ἐστι
1930 682 2157 744 κύκλος,
2197 684 2255 734 ὲν
2298 674 2342 747 ᾧ

791 769 999 840 θεριναὶ
1055 772 1253 840 τροπαὶ
1311 771 1562 839 γίνονται.
1615 774 1766 825 Ἐστι
1821 773 1877 825 δὲ
1937 776 1993 825 ἐν
2050 773 2222 840 τούτῳ
2278 773 2343 826 τὰ

795 861 935 930 μέσα
958 859 1051 912 τοῦ
1085 862 1374 932 Καρκίνου.
1415 881 1432 911 ι
1472 861 1754 916 Secundus
1787 878 1915 916 vero
1950 864 2191 915 circulus
2218 870 2301 915 est
2325 901 2340 924 ,

791 951 846 1004 in
875 967 981 1019 quo
1006 959 1091 1004 est
1124 955 1412 1005 solstitium
1443 954 1709 1005 aestivum.
1764 952 1819 1005 In
1859 970 1926 1005 eo
1959 969 2119 1021 porro
2145 952 2340 1006 Caueti

790 1040 964 1092 media
995 1050 1139 1094 sunt.
1181 1061 1198 1091 ι
1241 1042 1392 1102 Item,
1421 1043 1610 1112 Τρίτος
1641 1043 1696 1094 δέ
1727 1044 1840 1093 ἐστι
1873 1043 2089 1104 κύκλος,
2123 1045 2176 1092 ὲν
2208 1035 2250 1108 ᾧ
2286 1041 2341 1092 αἱ

793 1127 1069 1197 ἰσημερίαι
1102 1129 1356 1194 γίνονται.
1400 1130 1552 1180 Ἔστι
1611 1130 1667 1180 δὲ
1717 1131 1773 1180 ὲν
1823 1129 1994 1197 τούτῳ
2033 1129 2100 1179 τά
2149 1145 2204 1179 τε
2250 1127 2342 1179 ’τοῦ

791 1217 960 1287 Κριοῦ
991 1219 1129 1287 μέσα
1149 1221 1238 1271 καὶ
1264 1220 1328 1270 τὰ
1357 1219 1464 1271 τῶν
1497 1220 1705 1288 Χηλῶν.
1738 1220 2002 1288 Τέταρτος
2030 1220 2106 1277 δὲ,
2137 1221 2191 1269 ἐν
2213 1211 2256 1283 ᾧ
2288 1220 2342 1290 αἱ

790 1311 1089 1381 χειμεριναί
1132 1313 1328 1380 τροπαὶ
1373 1310 1628 1377 γίνονται.
1675 1312 1828 1362 Ἔστι
1874 1310 1930 1361 δὲ
1971 1314 2027 1362 ὲν
2065 1310 2232 1376 τούτῳ
2275 1311 2343 1362 τὰ

792 1397 931 1466 μέσα
961 1398 1053 1450 τοῦ
1091 1401 1386 1470 Λίγόκερω.
1456 1421 1469 1446 ι
1510 1399 1724 1455 Tertius
1749 1416 1874 1453 vero
1906 1401 2142 1453 circulus
2163 1409 2265 1461 est,
2289 1404 2342 1452 in

789 1505 897 1556 quo
941 1491 1075 1542 ﬁunt
1138 1491 1496 1559 aequinoctia;
1546 1491 1598 1542 in
1652 1504 1715 1543 eo
1762 1481 1934 1543 me'dia
1981 1500 2106 1544 sunt
2145 1490 2342 1544 Arietis

787 1587 840 1633 et
868 1579 1175 1633 Cltelarum.
1210 1582 1448 1644 Q-iartus
1479 1587 1676 1641 autem,
1709 1580 1762 1631 in
1794 1596 1900 1647 quo
1934 1580 2228 1634 solstitium
2259 1587 2343 1632 est

789 1671 1096 1724 hibernum.
1128 1671 1182 1723 ln
1215 1686 1279 1724 eo
1308 1684 1431 1722 vero
1454 1678 1582 1749 sunt
1609 1670 1781 1722 media
1810 1668 2118 1738 Capriconi.
2161 1689 2178 1720 ι
2208 1668 2342 1722 Rur-

788 1775 883 1815 Sus
905 1761 1137 1830 idipsum
1168 1771 1220 1813 et
1258 1763 1363 1814 alio
1389 1760 1600 1840 Eudoxi
1644 1761 1953 1813 testimonio
1978 1758 2338 1814 demonstrari

787 1854 862 1907 ait
889 1857 1167 1920 apertius;
1206 1855 1258 1906 in
1311 1833 1420 1922 quo
1474 1854 1538 1906 de
1582 1852 1796 1906 Coluris
1846 1867 2047 1919 agens,
2112 1851 2338 1902 alterum
2372 1829 2413 1886 Β

789 1943 981 1995 ειτίὺη
1015 1943 1294 1995 continere
1322 1942 1382 1992 τὸ
1415 1943 1576 2010 μέσον
1599 1939 1692 1990 τοῦ
1726 1939 2019 2008 Καρκίνου,
2057 1957 2073 1987 ι
2108 1937 2339 1990 medium

712 2059 719 2070 ι
786 2033 1004 2090 Caneri,
1031 2032 1165 2084 οιτὸ
1199 2032 1356 2100 μέσον
1391 2032 1483 2083 τοῦ
1541 2030 1850 2098 Αίγέκερω,
1886 2049 1902 2079 ι
1963 2028 2192 2081 medium
2241 2026 2342 2081 Ca-

788 2113 1059 2191 pricorni,
1089 2140 1107 2172 ι
1142 2122 1367 2174 alterum
1401 2135 1548 2183 vero,
1583 2120 1868 2172 (Jbelarum
1901 2125 1957 2172 et
1983 2119 2180 2171 Arietis
2240 2134 2344 2171 me-

785 2213 893 2265 dia.
929 2212 1052 2265 Hrec
1076 2214 1230 2265 unica
1259 2218 1382 2265 sunt
1423 2213 1487 2265 de
1540 2211 1762 2263 Eudoxo
1786 2209 2134 2277 Hipparchea:
2164 2210 2343 2277 suspi-

785 2304 959 2356 cionis
988 2311 1302 2370 argumenta
1334 2341 1349 2365 ,
1414 2317 1532 2370 quae
1576 2317 1681 2354 non
1719 2301 1874 2352 valde
1931 2299 2060 2350 mihi
2119 2314 2343 2366 persua-

785 2392 948 2455 dent;
987 2391 1095 2444 imo
1122 2392 1456 2444 contrarium
1510 2391 1691 2459 potius
1719 2390 1785 2441 iis
1805 2405 1868 2441 ex
1900 2388 2058 2449 locis,
2091 2396 2251 2456 atque
2276 2403 2341 2440 ex

785 2481 1018 2552 lpsomet
1047 2482 1350 2552 Hipparcho
1386 2483 1615 2550 probare
1642 2495 1799 2548 posse
1831 2480 2038 2532 videor.

859 2572 948 2625 Sic
973 2555 1415 2640 igiturexistimo
1445 2591 1457 2625 :
1494 2588 1602 2624 non
1633 2571 1700 2624 de
1728 2571 1898 2638 signis
1926 2569 2079 2638 ipsis,
2109 2569 2222 2622 sive
2243 2567 2338 2621 do-

787 2663 1164 2718 decatemoriis
1213 2665 1264 2717 in
1321 2664 1578 2729 zodiaco.
1631 2664 1712 2717 vel
1760 2662 2128 2731 aequinoctiali
2179 2663 2340 2731 primi

785 2755 910 2808 cali
943 2754 1230 2822 descriptis
1260 2754 1369 2807 illic
1397 2753 1675 2807 Eudoxum
1700 2768 1890 2821 agere;
1933 2752 2030 2806 sed
2061 2752 2127 2805 de
2161 2753 2341 2806 stella-

785 2846 859 2900 tis
888 2847 1208 2915 imaginibus
1251 2854 1303 2899 et
1328 2845 1627 2898 asterismis
1653 2863 1665 2896 :
1695 2859 1831 2915 quos
1856 2844 2069 2897 tametsi
2093 2844 2144 2895 in
2166 2844 2338 2911 primo

785 2937 970 2991 mobili
1017 2943 1148 2990 aetas
1196 2935 1398 2989 Eudoxi
1425 2936 1749 2988 collocavit:
1793 2934 1938 3002 quod
1992 2944 2103 2986 tum
2159 2933 2337 2987 nullus

788 3024 1077 3094 peculiaris
1109 3024 1354 3077 stelliferi
1387 3024 1512 3076 οωιί
1538 3024 1686 3076 orbis
1722 3032 1901 3076 motus
1937 3023 2002 3074 ab
2038 3022 2338 3075 artificibus

785 3123 1005 3168 neiatus
1054 3122 1228 3179 esset;
1267 3121 1324 3165 ut
1371 3128 1398 3165 a
1431 3127 1683 3180 supremo
1712 3113 1843 3164 orbe
1875 3111 2134 3180 distingui
2165 3126 2336 3164 mere-

785 3213 964 3266 retur,
997 3213 1054 3257 ut
1082 3220 1145 3257 ex
1179 3204 1467 3257 Aristotele
1487 3213 1700 3257 constat
1731 3203 1824 3256 lib.
1855 3200 1896 3254 ll
1931 3201 2007 3254 De
2039 3202 2186 3263 σαείο,
2216 3216 2336 3270 cap.
2369 3200 2384 3266 ‘_

785 3294 899 3350 XII.
933 3294 1132 3349 Tamen
1158 3309 1280 3348 cum
1311 3295 1554 3363 ejusdem
1588 3293 1771 3364 prima:
1803 3294 2025 3363 sphrerze
2056 3294 2340 3348 dodecate-

784 3387 975 3440 moriis
1024 3385 1242 3438 minime
1292 3384 1440 3451 paria
1471 3383 1645 3436 facere
1683 3383 2042 3437 credebantur
2063 3425 2076 3448 ,
2109 3382 2201 3436 sed
2230 3383 2341 3435 dis-

785 3480 954 3530 tincta
1010 3485 1165 3529 erant
1215 3475 1486 3538 invicem,
1537 3475 1766 3528 ut'alius
1803 3483 1947 3527 esset
2000 3473 2194 3537 Aries,
2237 3473 2340 3526 hoc

783 3578 870 3623 est
892 3567 1067 3634 imago
1099 3568 1238 3634 picta
1271 3565 1445 3619 stellis
1512 3565 1746 3627 Arietis;
1785 3563 1929 3616 aliud
1960 3565 2194 3633 signum,
2229 3564 2343 3618 sive

784 3667 1121 3729 segmentum
1155 3658 1395 3722 Arietis;
1429 3667 1523 3708 aut
1568 3655 1893 3709 duodecima
1930 3672 2078 3724 pars,
2113 3671 2218 3708 non
2251 3672 2342 3710 so-

785 3749 896 3803 lum
924 3747 1149 3810 zodiaci,
1177 3747 1270 3801 scd
1304 3748 1473 3799 multo
1493 3747 1661 3815 magis
1682 3747 2085 3815 aequinoctialis
2108 3748 2296 3800 circuli
2325 3764 2338 3811 ;

784 3841 839 3895 in
871 3856 978 3910 quo
1004 3840 1173 3909 prius,
1198 3853 1357 3908 quam
1394 3839 1446 3890 in
1481 3838 1592 3903 illo,
1625 3837 1910 3891 duodecim
1938 3838 2093 3907 signa
2139 3839 2345 3892 consti-

781 3939 897 3986 tuta
924 3939 1068 3985 sunt.
1093 3930 1207 3995 Qua
1236 3930 1303 3983 de
1332 3944 1390 3981 re
1437 3930 1598 3998 paulo
1628 3939 1749 3997 post
1773 3938 1982 3998 agetur.
2017 3927 2192 3983 Doceo
2230 3930 2341 3998 pri.

783 4038 930 4077 mum
963 4021 1240 4074 Eudoxum
1273 4022 1382 4073 illis
1413 4021 1670 4073 omnibus
1710 4021 1763 4073 in
1797 4021 1930 4073 locis
1955 4061 1968 4083 ,
2015 4036 2135 4087 quae
2167 4021 2340 4073 media

782 4121 938 4166 vocat
971 4114 1185 4175 Arietis,
1213 4110 1432 4178 Caneri,
1463 4110 1642 4163 Librae
1675 4118 1726 4163 et
1757 4110 2106 4178 Capricorni,
2161 4111 2341 4164 stella-

784 4214 960 4257 tarum
992 4205 1280 4270 imaginum
1316 4212 1367 4255 ct
1394 4203 1806 4257 asterismorum
1843 4201 2017 4254 media
2039 4202 2338 4255 nominare.

784 4295 898 4351 Hoc
927 4309 1054 4348 vero
1085 4310 1190 4346 non
1227 4294 1463 4356 aliunde,
1500 4311 1663 4363 quam
1722 4309 1790 4348 ex
1847 4295 2091 4364 ipsismet
2120 4292 2341 4345 Eudoxo

783 4398 835 4439 et
870 4384 1176 4453 Hipparcho
1217 4383 1603 4437 declarabitur.

2443 589 2702 657 Aquarii,
2735 599 2787 643 et
2834 591 3003 643 cauda
3049 590 3201 652 Ceti,
3253 599 3308 643 et
3338 588 3509 642 Fluvii
3555 592 3752 643 nexus.
3790 609 3812 640 ι
3841 592 3957 641 Adda

2441 676 2723 750 Leporem,
2748 688 2801 734 et
2832 680 2995 734 Canis
3025 679 3211 748 pedes,
3241 688 3298 734 et
3323 689 3543 740 caetera.
3577 680 3756 733 donec
3791 679 3954 748 persp

2443 772 2714 840 gittarium
2756 771 2822 823 ad
2869 772 3056 823 eadem
3103 770 3417 838 Capricorni
3470 770 3653 822 media
3704 774 3955 838 pervenat.

2441 861 2730 932 Propterea
2790 861 2929 914 libro
2963 860 3192 923 eodem,
3249 875 3400 914 num.
3438 857 3605 933 XXII,
3634 873 3704 912 ac
3728 861 3956 929 deinceps

2443 949 2782 1019 Hipparchus
2833 951 3070 1018 tropicos
3143 951 3283 1004 duos
3333 960 3386 1005 et
3449 951 3881 1019 equinoctiaiem
3915 969 3954 1003 rx

2445 1041 2653 1094 Eudoxi
2687 1044 2950 1097 sententia
3006 1041 3296 1104 describit,
3338 1055 3401 1094 ac
3431 1043 3691 1096 caelestes
3741 1041 3954 1106 imagine

2445 1140 2709 1193 recenset,
2746 1147 2841 1200 per
2879 1147 3016 1200 quas
3049 1132 3123 1184 illi
3167 1138 3465 1185 transeunt.
3521 1129 3688 1184 Velut
3733 1133 3954 1198 trepicam

2442 1224 2688 1276 aestivum
2721 1238 2814 1291 per
2839 1220 3032 1276 Caneri
3058 1235 3121 1274 ac
3148 1219 3347 1274 Leonis
3372 1221 3550 1274 media
3583 1222 3798 1289 trajici,
3831 1236 3953 1289 cqui-

2444 1314 2724 1367 noctialein
2756 1327 2850 1380 per
2879 1311 3076 1365 Arietis
3107 1309 3281 1364 media
3302 1351 3317 1371 ,
3364 1310 3769 1378 Cbelarumque
3795 1322 3952 1380 partem

2442 1405 2657 1456 asserit.
2691 1400 2765 1454 Ex
2791 1402 2993 1470 quibus
3039 1402 3385 1470 perspicuum
3413 1408 3497 1452 est
3527 1399 3818 1452 Eudoxum
3856 1416 3953 1452 sse

2441 1495 2636 1546 rismos
2692 1493 3024 1547 intellexisse
3076 1506 3139 1544 ac
3191 1488 3391 1558 ﬁguras
3427 1491 3714 1544 cmlestes.
3748 1488 3816 1542 Ut
3853 1493 3952 1542 enim

2440 1598 2562 1635 cum
2589 1582 2852 1650 tropicum
2891 1582 3138 1634 aestivum
3173 1582 3247 1633 ait
3276 1596 3373 1649 per
3395 1578 3635 1633 Leonem
3663 1582 3878 1632 medium
3897 1595 3954 1631 sc-

2441 1672 2675 1725 cundum
2710 1672 3096 1740 longitudinem
3147 1672 3417 1734 transire,
3477 1686 3688 1739 perque
3731 1672 3953 1724 considia.

2443 1764 2616 1817 tiones
2637 1773 2894 1826 carteras;
2938 1762 3172 1830 itemque
3203 1763 3471 1829 tropicum
3500 1763 3756 1816 aestivum
3781 1777 3861 1830 per
3888 1762 3952 1814 Sa-

2441 1853 2737 1922 gittariuin,
2760 1851 2972 1914 Cetum,
2998 1850 3268 1913 Fluvium,
3299 1861 3402 1905 etc.
3434 1871 3446 1905 :
3485 1868 3599 1906 non
3631 1853 3948 1907 dodecateme

2441 1946 2518 1996 ria
2547 1945 2734 1997 circuli
2765 1945 2946 2003 ullius,
2972 1943 3064 1997 sed
3098 1944 3342 1996 stellatas
3371 1943 3577 2012 eﬂigies
3610 1944 3876 2014 designat:
3906 1947 3949 1995 ita

2439 2049 2561 2087 cum
2599 2051 2692 2103 per
2729 2033 3027 2095 Cancrum.
3052 2034 3467 2103 Capricornum,
3499 2037 3742 2090 Arietem
3780 2036 3948 2090 ethc-

2440 2125 2520 2179 las
2551 2126 2766 2180 eosdem
2811 2140 2988 2178 meare
3019 2123 3256 2179 circulos
3303 2125 3439 2178 dicit
3462 2165 3476 2186 ,
3509 2141 3624 2179 non
3673 2126 3820 2196 signa
3846 2129 3942 2195 ipsa.

2439 2221 2551 2270 sive
2582 2217 3014 2270 dodecatemoria
3039 2255 3053 2278 ,
3103 2216 3198 2270 sed
3247 2218 3573 2270 asterismos
3603 2219 3855 2286 intelligit.
3882 2217 3952 2269 $.11

2435 2321 2650 2360 omnem
2694 2308 3189 2375 tergiversationem
3253 2307 3542 2361 submovet
3586 2305 3950 2375 Eudoxusipsr‘.

2440 2397 2562 2449 dum
2582 2397 2668 2448 illa
2689 2397 2801 2465 ipsa
2828 2412 3058 2465 perquze
3089 2398 3321 2450 transire
3351 2395 3594 2450 circulos
3613 2396 3950 2467 οἱμᾰπροιιο

2440 2487 2626 2560 miunt,
2649 2500 2767 2552 qua:
2797 2485 2927 2537 nihil
2950 2484 3094 2536 aliud
3117 2500 3278 2550 quam
3301 2486 3628 2538 asterismos
3654 2494 3709 2537 et
3741 2486 3946 2554 imagines

2440 2581 2758 2648 signiﬁcant.
2773 2579 3008 2632 Achilles
3028 2578 3214 2632 Tatius
3238 2581 3289 2631 in
3316 2577 3708 2643 Pltcnomem's,
3725 2593 3831 2647 cap.
3854 2577 3948 2636 XIV.

2437 2671 2630 2738 ἄστρον
2656 2671 2711 2723 δὲ
2729 2671 2789 2721 τὸ
2805 2673 2867 2722 ἐκ
2888 2670 3093 2722 πολλῶν
3114 2670 3357 2740 ἀστέρων
3391 2669 3673 2738 σύστημα,
3711 2690 3730 2721 ι
3761 2679 3944 2742 system:

2437 2762 2668 2830 plurium
2700 2763 3000 2828 stellarum,
3039 2780 3057 2813 ι
3090 2769 3294 2815 astrum
3335 2776 3459 2814 esse
3492 2762 3636 2813 vult.
3672 2759 3825 2830 quue
3846 2763 3950 2812 Arati

2438 2854 2747 2906 testimonio
2769 2854 3069 2906 conlirmat.
3102 2857 3168 2904 At
3189 2851 3465 2914 Eudoxus,
3491 2852 3800 2922 Hipparcho
3823 2860 3942 2906 teste.

2437 2944 2502 2996 dc
2531 2943 2732 2996 coluris
2766 2944 3010 3010 loquens,
3047 2943 3200 2993 Ἐστι
3253 2942 3331 3003 δὲ,
3385 2945 3482 3004 ait,
3520 2946 3582 2994 ὲν
3606 2944 3806 3005 τούτοις
3829 2942 3953 3008 data

2437 2981 2501 2996 υυ
2531 2981 2671 2995 υυιυι
2689 2981 2732 2996 εὖ
2766 2981 3010 3010 ιυῚιινιΙσς
3074 2981 3200 2993 ην..
3254 2981 3331 3003 νά,
3385 2981 3482 3004 ul‘,
3520 2981 3579 2994 β.
3616 2981 3698 2996 ,νυ
3713 2981 3801 3005 κη
3829 2981 3953 3008 *νυγ-

2437 3035 2560 3086 τάδε
2582 3050 2594 3063 ·
2637 3040 2684 3085 α’
2711 3036 2738 3084 ὁ
2770 3033 2929 3093 πόλος
2967 3035 2994 3084 ὁ
3040 3033 3125 3084 ἀεὶ
3174 3032 3403 3101 φανερὸς
3455 3033 3550 3085 τοῦ
3609 3034 3805 3102 κόσμου
3827 3047 3841 3059 ·
3871 3025 3952 3082 εἶτ-ι
4021 2981 4024 3140 Α

2473 3125 2487 3140 ι
2590 3126 2601 3140 ι
2780 3124 2805 3135 ~
2870 3125 2889 3140 ν
2906 3125 2921 3140 Α
3022 3139 3035 3140 κ
3188 3139 3193 3140 ,
3226 3139 3229 3140 ,
3258 3122 3269 3140 \
3352 3123 3366 3136 ε
3400 3123 3409 3132 ⁸
3644 3125 3655 3140 ι
3756 3121 3779 3132 ⁸⁵
3801 3123 3837 3140 υ
3852 3138 3907 3140 --ν
3926 3120 3936 3140 Ι

2438 3125 2498 3176 τὸ
2539 3126 2697 3194 μέσον
2746 3124 2840 3193 τῆς
2870 3125 3100 3194 Ἀρκτου
3143 3122 3282 3175 κατὰ
3309 3123 3513 3185 πλάτος
3531 3140 3543 3152 ·
3568 3125 3666 3176 καὶ
3693 3121 3780 3175 τοῦ
3799 3120 3954 3190 Καρκί-

2441 3219 2531 3269 νου
2560 3213 2620 3265 τὸ
2663 3213 2842 3283 μέσον.
2881 3232 2897 3262 ι
2942 3213 3082 3264 Sunt
3109 3221 3287 3265 autem
3320 3213 3373 3264 in
3415 3196 3483 3266 iis
3517 3212 3636 3266 hate
3675 3223 3848 3267 astra:
3877 3212 3954 3279 p-‘i-

2448 3322 2595 3359 mum
2629 3320 2840 3374 semper
2871 3319 3138 3372 apparens
3179 3304 3334 3371 polus
3377 3298 3624 3358 mundif
3648 3303 3840 3358 Deinde
3876 3316 3954 3354 me-

2440 3396 2588 3450 dium
2629 3395 2778 3450 Ursa:
2808 3395 2860 3448 in
2903 3393 3324 3465 longitudinem;
3357 3404 3411 3449 et
3435 3395 3639 3450 Cancri
3689 3396 3952 3451 mediumn

2440 3502 2502 3539 ac
2522 3485 2751 3539 subinde
2770 3484 2996 3537 caudam
3033 3468 3162 3538 notii
3195 3483 3392 3547 Piscis,
3421 3495 3477 3538 et
3526 3486 3769 3540 medium
3814 3484 3935 3551 Capri

2440 3577 2587 3630 comi
2617 3575 2820 3642 adjicit.
2852 3573 2974 3626 Haec
2999 3573 3065 3627 de
3093 3574 3280 3627 coluro
3304 3575 3703 3626 solstitiorum.
3737 3573 3806 3628 De
3831 3574 3951 3624 alterc-

2440 3668 2665 3733 loquens
2695 3663 2904 3723 scribit,
2941 3664 2993 3714 in
3024 3676 3090 3716 eo
3121 3662 3390 3715 contineri
3441 3661 3588 3714 inter
3634 3663 3769 3715 alios
3812 3661 3940 3732 astro

2442 3772 2608 3820 smus,
2645 3755 2715 3809 τὰ
2751 3754 2888 3824 μέσα
2933 3753 3042 3807 τῶν
3083 3752 3274 3822 Χηλῶν
3322 3752 3464 3806 κατὰ
3504 3752 3730 3816 πλάτος,
3773 3750 3854 3805 καὶ
3890 3745 3948 3799 τά

2441 3846 2609 3917 Κριοῦ
2642 3847 2710 3899 τὰ
2732 3847 2874 3898 νῶτα
2913 3845 3053 3898 κατὰ
3077 3845 3275 3906 πλάτος
3295 3862 3308 3874 ο
3348 3862 3366 3894 ‹
3406 3845 3583 3897 media
3620 3844 3884 3897 Chelarutn
3916 3841 3946 3888 if

2443 3941 2631 4002 latum,
2662 3947 2715 3992 et
2744 3937 2944 3990 Arietis
2966 3945 3113 4005 terga
3142 3935 3327 3991 itidem
3360 3935 3412 3988 in
3446 3936 3647 3988 latum.
3689 3955 3709 3988 ι
3737 3933 3859 4000 Quid
3880 3931 3946 3982 ὦτί
4016 3959 4017 3964 η

2443 4031 2641 4084 clarius
2672 4038 2875 4099 potest,
2929 4036 2989 4080 ut
3033 4039 3289 4097 appareat
3315 4025 3604 4079 Eudoxum
3629 4066 3642 4087 ,
3680 4042 3797 4080 cum
3828 4023 3946 4076 mei:
4015 3969 4018 4188 Ι

2443 4116 2723 4169 Chelarum
2747 4155 2760 4177 ,
2801 4113 3000 4166 Arietis
3021 4151 3035 4175 ,
3075 4128 3138 4165 ac
3169 4122 3492 4166 ceterorum
3526 4112 3786 4178 appellat,
3813 4113 3947 4171 iung:-

2441 4031 2641 4084 clarius
2672 4038 2875 4099 potest,
2929 4036 2989 4080 ut
3033 4039 3289 4097 appareat
3315 4025 3604 4079 Eudoxum
3629 4066 3642 4087 ,
3680 4042 3797 4080 cum
3828 4023 3946 4076 mei:

2440 4116 2723 4169 Chelarum
2747 4155 2760 4177 ,
2801 4113 3000 4166 Arietis
3021 4151 3035 4175 ,
3075 4128 3138 4165 ac
3169 4122 3492 4166 ceterorum
3526 4112 3786 4178 appellat,
3813 4113 3947 4171 imagi-

2441 4223 2537 4259 nes
2595 4208 2738 4274 ipsas
2793 4205 3127 4274 exprimere?
3175 4203 3305 4256 Nam
3361 4201 3429 4254 τὰ
3473 4199 3644 4258 νῶτα,
3675 4217 3696 4250 c
3739 4205 3948 4268 terga.c:

2443 4296 2690 4356 latitudo,
2730 4314 2747 4345 ι
2776 4294 2995 4346 nonnisi
3024 4295 3090 4349 de
3112 4291 3296 4361 ﬁguris
3327 4291 3586 4359 usurpari
3619 4297 3853 4358 possunt.
3881 4284 3945 4335 ιθ

2443 4339 2690 4356 .,-.-,..ν,
2730 4339 2744 4345 ,
3027 4339 3088 4349 ,ν
3112 4339 3294 4361 --ο-η,
3333 4339 3427 4342 _,__
3469 4339 3584 4359 rm
3619 4339 3812 4358 rh",

2443 4388 2530 4439 dia
2559 4389 2756 4455 quippe
2794 4386 3068 4454 signorum
3089 4385 3200 4437 sive
3216 4383 3890 4448 dodecatemoriorum,per
3913 4389 3947 4426 ετ
4013 4339 4016 4536 ﬂ

2443 4477 2795 4536 ἀναστέριστα
2821 4485 2979 4536 sunt;
3007 4476 3176 4536 deque
3215 4492 3233 4524 ι
3272 4480 3421 4536 terga
3449 4491 3465 4523 ι
3491 4473 3754 4526 dicuntur
3783 4472 3942 4525 habere

854 4475 1164 4530 Etenimilla
1189 4474 1392 4527 Eudoxi
1433 4477 1614 4539 verba,
1633 4491 1696 4529 ex
1716 4476 1912 4545 quibus
1931 4482 2338 4544 argumentatus
2371 4481 2412 4534 D
2441 4477 2795 4548 ἁναστέριστα
2821 4485 2979 4542 sunt;
3007 4476 3176 4544 deque
3215 4492 3233 4524 ι
3272 4480 3421 4543 terga
3449 4491 3465 4523 ι
3491 4473 3754 4526 dicuntur
3783 4472 3942 4525 habere.

783 4578 866 4620 est
895 4567 1253 4636 Hipparchus,
1288 4565 1474 4620 eadem
1525 4567 1646 4620 aliis
1679 4568 1729 4619 in
1770 4568 1935 4629 locis,
1975 4567 2067 4620 sed
2101 4569 2339 4636 pleniora

786 4661 1130 4728 perscripsit;
1155 4674 1276 4712 cum
1307 4660 1372 4711 de
1412 4659 1682 4726 parallelis
1708 4659 1776 4711 ab
1803 4656 2024 4711 Eudoxo
2047 4657 2336 4728 descriptis

786 4749 1006 4804 circulis
1039 4764 1339 4804 sermonem
1364 4749 1619 4802 instituit.
1645 4749 1802 4804 Velut
1831 4750 1968 4801 libro
1996 4747 2036 4809 Ι,
2073 4765 2220 4801 num.
2252 4747 2338 4812 lll,

786 4840 852 4892 de
885 4841 1092 4909 tropico
1121 4841 1328 4893 circulo
1361 4859 1373 4892 :
1420 4841 1575 4891 Ἐστι
1604 4839 1661 4892 δὲ
1691 4843 1748 4892 ἐν
1785 4839 1959 4909 τούτῳ
1985 4839 2051 4891 τὰ
2081 4841 2219 4908 μέσα
2247 4839 2339 4892 τοῦ

785 4928 1055 4997 Καρκίνου
1076 4970 1090 4992 ,
1129 4930 1220 4980 καὶ
1246 4928 1314 4980 τὰ
1349 4929 1435 4980 διὰ
1469 4927 1558 4982 τοῦ
1600 4928 1848 4996 σώματος
1880 4929 2018 4981 κατὰ
2043 4932 2214 4998 μῆκος
2247 4928 2339 4981 τοῦ

785 5022 1163 5086 Λέοντοςνοιε.
1189 5039 1206 5071 ι
1234 5019 1371 5074 Sunt
1393 5030 1572 5073 autem
1605 5021 1656 5072 in
1693 5022 1783 5072 illo
1818 5019 2014 5074 Cancri
2046 5022 2256 5084 media,
2288 5029 2341 5073 et

786 5131 904 5185 quae
954 5130 1049 5184 per
1104 5128 1301 5181 corpus
1340 5111 1539 5166 Leonis
1587 5114 1884 5165 secundum
1951 5114 2338 5181 longitudinem

786 5212 1085 5258 transeunt.
1146 5222 1163 5252 ›
1214 5201 1445 5269 Subjicit
1479 5203 1673 5270 anguis
1733 5200 2002 5270 Opliiuclii
2038 5203 2338 5263 cervicem;

784 5299 1026 5351 dextram
1045 5311 1260 5349 manum
1278 5293 1579 5363 Ingeniculi
1607 5313 1620 5359 ;
1653 5304 1704 5347 et
1732 5297 1833 5347 alia
1853 5295 2051 5353 sidera.
2084 5309 2203 5363 quze
2231 5294 2339 5344 cir-

785 5390 941 5440 culus
959 5389 1060 5440 iste
1079 5387 1338 5453 pervadit.
1355 5383 1487 5438 Εἶτα
1511 5386 1808 5454 συμπίπτει
1842 5387 1976 5455 πρὸς
1995 5385 2060 5437 τὰ
2083 5386 2219 5454 μέσα
2246 5383 2339 5435 τοῦ

787 5478 1075 5547 Καρκίνου.
1115 5495 1130 5524 ι
1167 5475 1385 5530 Demum
1409 5475 1462 5528 in
1486 5477 1671 5527 eadem
1694 5475 1885 5527 Cancri
1906 5476 2077 5526 media
2108 5474 2338 5527 revolvi-

787 5571 893 5615 tur.
925 5583 940 5613 ι
966 5564 1037 5617 De
1065 5564 1288 5616 hiberno
1308 5563 1997 5632 quoquetropico,'Ecrt8é
2021 5567 2075 5614 ἐν
2102 5562 2250 5631 αὐτῷ
2275 5563 2339 5613 τὰ

790 5655 928 5722 μέσα
951 5655 1044 5708 τοῦ
1065 5657 1358 5729 Αίγόκερω,
1388 5659 1481 5710 καὶ
1507 5661 1551 5710 οἱ
1577 5658 1730 5720 πόδες
1762 5659 1851 5710 τοῦ
1896 5658 2178 5729 Ὑδροχὸου
2200 5697 2213 5718 ,
2249 5659 2341 5708 καὶ

788 5746 877 5797 τοῦ
909 5748 1166 5816 Κήυουςή
1194 5751 1347 5820 οὐρὰ,
1380 5751 1470 5803 καὶ
1505 5749 1594 5802 τοῦ
1634 5751 1880 5820 Ποτειμοῦ
1918 5754 1947 5819 ἡ
1986 5751 2200 5819 καμπή,
2225 5756 2334 5802 etc.

2444 4585 2618 4636 neque
2652 4568 3024 4633 latitudinem;
3059 4565 3151 4621 sed
3176 4565 3289 4620 sola
3320 4563 3664 4633 longitudine
3698 4569 3944 4617 censentur.
4011 4585 4013 4636 ξ

2511 4658 2649 4724 Quid
2680 4659 2821 4728 quod
2852 4658 3188 4729 Hipparchus
3217 4657 3332 4726 ipse
3356 4657 3448 4709 lib.
3477 4655 3516 4719 1,
3560 4671 3722 4708 num.
3766 4651 3841 4708 Ill.
3881 4647 3946 4700 £3-

2442 4751 2563 4804 doxi
2594 4751 2902 4805 testimonia
2937 4751 3228 4809 citaturus,
3261 4755 3410 4799 astra
3434 4746 3528 4798 illa
3555 4757 3740 4806 vocat,
3772 4753 3818 4798 et
3842 4739 3946 4792 asti-

2446 4855 2562 4907 ρας,
2589 4855 2710 4893 cum
2741 4838 2966 4892 Aratum
3013 4838 3088 4890 ait
3121 4834 3328 4889 Eudoxi
3380 4835 3692 4888 imitatione
3733 4834 3798 4885 τὰ
3830 4833 3943 4892 ἅπτει

2442 4931 2521 4980 sic
2554 4929 2901 4993 distribuere,
2934 4934 2992 4980 ut
3021 4941 3051 4978 a
3082 4923 3480 4979 borealioribus
3511 4923 3823 4993 inciperet?
3844 4919 3940 4972 iit-ti

2442 5019 2574 5088 Περὶ
2617 5020 2671 5071 δὲ
2715 5018 2823 5070 τῶν
2871 5017 3114 5087 ἀστέρων
3153 5013 3263 5066 τῶν
3291 5015 3382 5067 ἐπὶ
3412 5014 3507 5066 τοῦ
3536 5013 3758 5085 Θερινοῦ
3781 5015 3856 5065 καὶ
3880 5023 3928 5075 χῖε

2444 5112 2655 5180 μερινοῦ
2678 5108 2932 5181 τροπικοῦ
2959 5107 3285 5178 φερομένων,
3323 5106 3403 5159 ἔτι
3447 5107 3504 5158 δὲ
3542 5106 3642 5158 τοῦ
3678 5095 3940 5174 iur-luperci.

2440 5207 2466 5256 ὁ
2509 5205 2602 5273 μὲν
2634 5201 2855 5264 Εὖδοξός
2885 5216 3048 5269 φησιν
3088 5201 3181 5252 ἐπὶ
3218 5199 3311 5253 τοῦ
3357 5197 3571 5267 dep-vo?)
3618 5199 3818 5258 οὕτως·
3847 5196 3942 5245 ἐστι

2441 5295 2494 5346 δὲ
2514 5297 2567 5344 ἐν
2591 5292 2762 5360 τούτῳ
2777 5288 2848 5341 τὰ
2878 5289 3014 5359 μέσα
3037 5289 3130 5342 τοῦ
3157 5289 3454 5358 Καρκίνου.
3491 5305 3512 5338 ι
3548 5285 3626 5341 De
3657 5289 3823 5342 stellis
3848 5299 3939 5334 rer?»

2441 5402 2561 5454 qua:
2584 5385 2635 5437 in
2672 5384 2858 5436 aestivo
2890 5382 3100 5449 tropico
3140 5380 3411 5439 feruntur,
3460 5395 3680 5433 necnon
3718 5383 3767 5431 in
3795 5380 3894 5430 circ?
3927 5387 3966 5422 '.

2442 5474 2823 5542 atquinoctiali,
2849 5471 3106 5526 Eudoxus
3149 5471 3368 5540 quidem
3396 5471 3462 5523 de
3491 5473 3691 5524 :nstivo
3725 5474 3791 5524 ita
3827 5470 3924 5528 ὶῡιῖείτ
3960 5529 3968 5538 ,

2444 5575 2569 5616 tur:
2609 5564 2744 5616 Sunt
2788 5570 2965 5615 autem
3001 5563 3055 5615 in
3105 5562 3209 5614 hoc
3253 5560 3427 5615 media
3476 5561 3706 5617 Cancri.
3738 5583 3755 5612 ι
3806 5557 3962 5616 Emit",

2444 5671 2634 5723 genere
2664 5654 2930 5708 sermonis
2970 5655 3142 5707 utitur
3172 5654 3225 5705 in
3258 5653 3488 5708 hiberno
3516 5656 3738 5723 tropico
3762 5662 3809 5707 et
3833 5660 3937 5711 εἶν’

2448 5747 2689 5800 noctiali.
2717 5745 2946 5801 Proinde
2978 5746 3270 5801 asterlmos
3296 5753 3349 5799 et
3375 5745 3631 5802 stellatas
3660 5747 3934 5803 forma.”

3969 4979 4012 5527 ί
