4046 6320
103 369 263 427 1649
618 412 623 415 -
928 375 1378 434 DISSERTATIO
1420 379 1503 431 DE
1539 376 1726 457 QRTU
1880 378 2146 436 OCCASU
2188 381 2485 439 SIDEBUM
3124 426 3129 432 .
3188 386 3329 441 (550

98 486 275 555 signa
299 486 711 543 duodecimasve
740 490 948 545 zodiaci
974 505 1175 562 partes,
1217 509 1308 550 aut
1341 497 1682 565 mquinoctia.
1710 502 1756 556 Α
1782 511 1926 565 gere,
1960 501 2153 553 nedum
2188 501 2429 555 dividere
2472 508 2643 570 potest
2670 516 2685 551 :
2717 502 2762 555 si
2793 501 2844 554 in
2885 503 3127 567 zodiaco,
3174 510 3233 556 ut
3259 504 3327 558 de

100 577 179 631 lis
211 576 471 632 Eudoxus
496 574 731 644 indicat,
766 598 993 651 quarum
1025 588 1199 638 media
1228 588 1295 640 iis
1337 588 1466 655 ipsis
1496 588 1669 641 secari

98 669 339 722 circulis
367 668 547 723 refert.
583 670 735 724 Adde
771 676 1029 740 optimum
1078 675 1281 730 Eudoxi
1317 680 1663 747 interpretem

95 758 361 819 Aratum,
385 762 473 829 qui
506 770 558 814 et
581 762 754 830 ipsum
788 765 841 817 iu
869 768 1121 822 omnibus
1168 780 1386 823 secutus
1412 778 1525 837 est;
1561 772 1665 834 vel,

96 858 169 902 ut
204 849 550 920 Hipparchus
586 854 733 923 loqui
782 857 935 921 solet,
984 860 1397 929 παρεγράψατω
1437 877 1536 915 nec
1570 862 1669 913 ali-

97 951 215 1005 ter,
252 958 316 995 ac
351 959 446 996 uos
477 946 724 1007 l'acimus,
757 957 990 1001 mentem
1018 951 1161 1003 illius
1191 953 1413 1021 accepit.
1445 952 1576 1005 Nam
1601 951 1668 1006 de

100 1034 327 1103 tropico
349 1037 535 1089 scribit
570 1036 746 1104 ipsum
771 1036 1006 1091 Leonem
1045 1045 1146 1093 Sub
1175 1028 1408 1109 pectore,
1436 1057 1501 1095 ac
1534 1058 1667 1096 ven-

97 1132 194 1177 tre
250 1138 473 1190 secare;
502 1125 772 1181 Cancrum
814 1144 943 1181 vero
971 1137 1138 1184 totum
1171 1133 1417 1187 bifariam
1452 1136 1661 1204 partiri.

820 1244 1003 1309 αὐτὰρ
1036 1248 1068 1297 ὀ
1098 1247 1320 1311 κύκλος
1588 1269 1593 1273 ·

99 1306 354 1385 ῑμὲν
374 1305 740 1385 ῥπὸρςτῇθος,
764 1313 859 1385 acui
874 1305 1310 1385 γασῖζέραμέχρὶ
1330 1318 1478 1383 πρὸς
1498 1318 1660 1385 ama,

100 1373 316 1451 [ἐμνοι
349 1377 451 1427 τόν
472 1377 552 1451 ,δὲ
581 1373 891 1451 διηνλεκέωςί
914 1373 1196 1449 ὑπέιῖερῦε
1215 1373 1459 1451 ’Ξελεῖού

93 1446 407 1522 ῌίιρξιιίνως
423 1443 558 1522 ’-ᾗχι
578 1443 841 1522 μάλιστα
859 1443 1323 1522 ,διχαιόλὶενόνῗκε
1344 1458 1572 1522 νοήσῃς

107 1513 350 1578 Ὄρθὸν,
382 1513 775 1585 ἵν”ὀερθαλμοὶ
798 1513 1021 1573 κύκλου
1049 1513 1359 1591 ἑκάτερθεν
1392 1513 1555 1583 lotis}.

92 1622 241 1688 Quae
277 1626 355 1679 sic
386 1629 541 1681 vertit
574 1630 808 1686 Avienus
851 1647 864 1684 :

811 1752 865 1795 at
902 1745 1126 1797 circulus
1150 1746 1255 1797 ima
1280 1746 1495 1800 calentis

91 1801 355 1881 femora,
377 1825 562 1881 perque
590 1812 761 1863 alvum
794 1817 976 1879 procul
1000 1817 1052 1867 in
1076 1827 1343 1881 postrema
1368 1814 1552 1871 Leonis

90 1873 385 1950 S‘ucceiit.
408 1873 557 1932 θεὲ-αι
586 1890 667 1931 ast
692 1873 829 1935 alitis
853 1900 944 1950 per
974 1873 1171 1937 viscera
1194 1886 1354 1950 plana
1372 1903 1391 1938 :

95 1943 173 2019 {Et
204 1946 376 2019 medio
397 1953 574 2019 subter
604 1966 731 2002 cava
765 1943 991 2019 tegmina
1024 1943 1211 2006 dividit
1249 1958 1446 2018 orbem,

85 2012 331 2068 Lumina
360 2018 623 2073 recludens
654 2012 961 2076 altrinsecus
991 2026 1162 2076 orbita
1191 2041 1368 2092 porro.

170 2127 250 2182 De
276 2130 495 2185 hiberno
524 2148 737 2203 quoque
767 2136 975 2203 tropico
998 2137 1206 2199 scribit,
1230 2153 1351 2190 eum
1374 2138 1661 2205 Capricor-

82 2234 234 2272 num
283 2223 514 2276 medium
551 2224 814 2290 dividere,
849 2236 1009 2295 atque
1051 2229 1272 2297 Aquarii
1302 2229 1483 2297 pedes,
1529 2244 1662 2282 cau-

82 2311 225 2365 dam
258 2311 409 2368 Ceti:

164 2422 372 2497 piridit
400 2425 655 2497 imbriferi
684 2442 869 2494 corpus
904 2428 1128 2481 medium
1170 2427 1497 2497 Capricorni.

165 2491 404 2561 lda'ique
420 2491 568 2561 pedes
594 2491 1146 2569 pueri,'postremaqus
1172 2491 1375 2564 cautim,
1412 2510 1517 2556 etc.
1541 2540 1557 2565 ,

81 2613 151 2657 ut
184 2606 350 2659 vertit
394 2607 650 2663 Avienus.
703 2607 804 2671 llic
856 2626 983 2665 vero
1036 2613 1173 2665 citra
1227 2615 1657 2667 controversiam

76 2697 309 2752 Cancer
337 2705 390 2751 et
420 2700 783 2768 Capricornus
808 2718 915 2754 non
943 2702 1119 2771 signa;
1150 2704 1263 2757 sive
1286 2703 1662 2759 dodecatemo-

76 2789 200 2850 ria,
230 2787 323 2840 sed
358 2788 616 2857 imagines
654 2797 801 2867 sunt.
836 2788 967 2842 Nam
998 2798 1051 2844 et
1087 2790 1466 2860 χέλειον,,εἱνε
1505 2801 1657 2855 testa,

74 2892 206 2933 non
250 2878 405 2932 aliter
455 2880 853 2933 accommodari
903 2879 1113 2934 Cancro
1163 2890 1383 2950 potest;
1432 2894 1487 2937 et
1534 2898 1657 2936 cum

72 2967 394 3035 Aquarium
442 2968 665 3037 perinde
703 2970 770 3024 ab
814 2970 1042 3025 hiberno
1093 2974 1306 3043 trapieo
1352 2978 1549 3043 secari,
1594 2994 1659 3031 ac

70 3057 485 3127 Capricornum
512 3068 739 3124 asserat,
780 3076 885 3114 non
931 3072 1109 3130 potest
1161 3064 1226 3117 ad
1274 3066 1656 3122 dodecatemo-

70 3149 238 3201 rium
276 3148 485 3202 referri.
520 3150 729 3219 Quippe
766 3154 1005 3220 tropicus
1047 3156 1288 3211 circulus
1320 3158 1541 3227 Aquarii
1573 3162 1650 3214 si»
1677 3164 1721 3222 (Ξ

68 3255 261 3309 gnum
290 3256 462 3310 neque
490 3240 702 3303 dividit,
730 3258 827 3297 nec
859 3245 1073 3313 attingit
1094 3249 1332 3301 omnino.
1354 3249 1458 3304 Sed
1480 3268 1675 3320 neque

70 3331 182 3383 illa
212 3332 350 3398 ipsa,
378 3347 497 3399 qua:
520 3332 857 3401 contingunt,
883 3334 1033 3402 signa
1063 3338 1251 3390 circuli
1288 3339 1375 3392 isti
1408 3343 1652 3408 partiun-

66 3428 178 3474 tur
204 3420 476 3474 bifariam.
506 3420 594 3475 Sic
626 3422 692 3476 de
718 3423 1080 3492 :equinoctiali
1108 3426 1305 3481 Aratus
1335 3430 1473 3484 idem
1508 3450 1521 3484 :

70 3529 261 3602 Σῆμρ
282 3528 425 3602 δέᾲοὶ
453 3533 627 3597 Κριός
647 3548 660 3563 ·
684 3534 937 3602 ῨΤαύροιό
964 3550 1025 3585 τε
1057 3536 1313 3602 γούνατα
1339 3536 1541 3591 κεῖται.

70 3599 270 3666 Κριὸς
294 3599 407 3670 μὲν
439 3602 588 3657 κατὰ
620 3601 813 3669 μῆκος
837 3599 1205 3670 ἐληλαμένος
1251 3605 1347 3658 διὰ
1386 3608 1645 3660 κύκλου·

77 3671 319 3736 Ταύρου
350 3669 417 3722 δὲ
441 3670 707 3725 σκελέων
733 3672 890 3740 ὅσση
920 3669 1317 3742 περίιφαίνεται
1346 3676 1553 3740 ὅκλαξ.

70 3774 309 3851 Signum
335 3784 512 3851 autem;
534 3777 781 3851 eiAries,
812 3779 1071 3850 Taurique
1095 3798 1261 3851 genua
1287 3785 1393 3837 sita
1421 3794 1579 3849 sunt;

70 3846 466 3922 Ariosquidem
496 3849 551 3899 in
580 3848 789 3917 longum
814 3846 1003 3904 ductus
1032 3846 1122 3918 per
1156 3854 1463 3922 cingulum;

72 3916 257 3969 Tauri
287 3932 401 3969 vero
420 3932 634 3968 crurum
653 3916 852 3988 quanta
883 3916 1097 3988 apparet
1125 3916 1357 3989 inﬂe'asio.

160 4026 234 4081 Ut
279 4042 448 4096 genua
489 4026 654 4083 Tauri
689 4030 754 4083 ad
798 4033 1137 4085 asterismum
1188 4035 1306 4103 ejus
1339 4036 1645 4105 pertinent,

62 4118 165 4175 sic
210 4117 409 4171 Arietis
456 4133 657 4189 corpus
700 4120 773 4179 ab
802 4122 1167 4189 aequinoctiali
1210 4124 1415 4178 circulo
1452 4140 1647 4180 secun-

68 4209 216 4264 dum
260 4211 652 4280 longitudinem
700 4211 935 4266 divisum
986 4214 1053 4267 ad
1099 4214 1384 4285 imaginem
1424 4218 1644 4282 Arietis,

68 4316 198 4356 non
220 4301 284 4353 ad
316 4303 829 4369 dodecatemorium,
859 4323 1082 4363 necesse
1104 4319 1184 4363 est
1202 4310 1388 4367 referri
1416 4332 1427 4367 :
1452 4328 1645 4381 quem-

66 4394 373 4449 admodum
403 4396 742 4465 Hipparchus
774 4400 890 4467 ipse
910 4399 1069 4453 docet
1099 4402 1190 4455 lib.
1223 4400 1263 4465 Ι,
1290 4419 1437 4458 num.
1475 4402 1639 4468 XXV,

1775 589 1997 657 tropicis
2037 598 2265 654 taceam,
2314 601 2460 646 certe
2491 593 2883 662 aequinoctialis
2923 595 3180 658 Arietem,
3216 592 3324 648 non

1774 681 2070 733 secundum
2120 683 2529 750 longitudinem,
2574 680 2714 735 κατὰ
2770 685 2937 751 μῆκος
3002 682 3326 753 ἐληλαμένον

1774 771 2189 838 partietur,sed
2238 780 2632 835 transversum,
2691 784 2743 827 ct
2796 771 2936 825 κατὰ
2982 774 3197 841 πλάτος.
3242 772 3327 825 Si-

1770 862 1989 930 quidem
2038 864 2311 918 sectiones
2358 864 2755 933 aequinoctialis
2784 871 2836 919 et
2883 862 3085 917 zodiaci
3116 864 3181 915 ab
3219 861 3325 915 Eu—

1771 944 1933 1026 dpxo,
1976 958 2034 1004 ut
2066 935 2634 1023 -putat.llipparcbus,
2664 952 2880 1007 mediis
2926 953 2981 1006 in
3025 952 3193 1020 signis
3238 950 3351 1009 10-.

1770 1042 1980 1088 cantur.
2554 1088 2559 1093 .

1838 1125 1956 1179 Non
1981 1127 2233 1189 absimili,
2271 1135 2327 1181 ut
2362 1127 2612 1198 equidem
2657 1143 2798 1192 reor,
2839 1126 3126 1197 ὁμωνυμίᾳ
3168 1125 3326 1179 indu-

1768 1227 1889 1271 ctus
1913 1216 2250 1287 Hipparchus
2271 1217 2574 1280 Eudoxum,
2607 1219 2831 1271 Aratum
2860 1226 2912 1271 et
2939 1218 3175 1270 Attalum
3211 1225 3324 1269 tra-

1768 1309 1924 1362 duxit
1959 1324 2107 1364 num.
2135 1307 2180 1361 X
2210 1309 2333 1363 libri
2360 1310 2540 1377 primi,
2574 1309 2845 1378 quodsth
2873 1309 3050 1376 capite
3099 1308 3325 1374 majoris

1771 1398 1920 1455 Ursa:
1944 1398 2199 1455 Geminos
2230 1409 2493 1460 statuunt,
2518 1399 2619 1454 sub
2653 1398 2785 1453 Ursa
2803 1399 2996 1459 media,
3031 1396 3323 1463 Cancrum;

1768 1490 1871 1544 sub
1912 1490 2584 1558 posterioribuspedibus,
2624 1487 2876 1542 Leonem.
2926 1485 3028 1540 Ubi
3076 1486 3142 1539 de
3182 1493 3326 1538 aste-

1766 1581 1950 1633 rismis
2000 1581 2119 1634 sine
2166 1580 2332 1633 dubio
2383 1580 2709 1647 loquuntur:
2754 1593 2876 1631 nam
2918 1576 3069 1629 Arati
3108 1591 3321 1639 versus,

1765 1686 1903 1739 quos
1931 1673 2062 1723 citat
2094 1669 2453 1746 Hipparchus,
2477 1686 2583 1723 non
2619 1670 2778 1723 aliter
2818 1668 3041 1737 intelligi
3072 1676 3321 1737 possunt.

1764 1761 1834 1813 At
1862 1759 2203 1829 Hipparchus
2238 1760 2291 1812 id
2331 1776 2395 1814 ex
2424 1775 2488 1813 eo
2508 1749 2731 1825 iefellit,
2776 1757 2917 1828 quod
2960 1763 3123 1825 caput
3171 1753 3324 1809 Ursa

1692 1846 1732 1899 Β
1763 1852 1831 1904 sit
1859 1851 1912 1903 in
1943 1850 2139 1904 Leonis
2172 1858 2322 1919 parte
2355 1852 2534 1912 tertia,
2560 1850 2813 1902 nimirum
2849 1849 2903 1902 in
2935 1847 3320 1902 dodecatemo-

1763 1943 1846 1996 rio
1870 1941 2086 2002 Leonis,
2120 1939 2265 2013 quod
2288 1941 2341 1992 in
2364 1939 2729 2009 aequinoctiali
2773 1939 2853 1991 vel
2885 1937 3143 2007 parallelo
3159 1951 3319 2006 repo-

1764 2033 1861 2084 nit.
1887 2030 1997 2084 lloc
2026 2046 2152 2083 vero
2178 2029 2587 2099 argumentandi
2627 2044 2800 2097 genus
2837 2029 3072 2082 alienum
3113 2035 3217 2090 est,
3265 2036 3318 2079 et

1764 2123 1817 2175 in
1840 2122 2123 2192 ὁμωνυμίᾳ
2150 2122 2505 2175 coullictatur.
2539 2119 2641 2174 Sed
2666 2120 2731 2174 de
2763 2119 2865 2171 hoc
2888 2117 3178 2188 Hipparchi
3200 2120 3319 2173 loco

1764 2214 2011 2282 pluribus
2033 2220 2223 2282 agetur
2261 2212 2437 2282 capite
2470 2196 2628 2266 tertio
2658 2211 2780 2264 libri
2818 2211 2983 2264 tertii.

1828 2302 1909 2357 Ad
1929 2305 2442 2358 extremumsimilis
2466 2303 2786 2372 ambiguitas
2812 2302 2992 2355 fucum
3024 2300 3209 2355 Servio
3240 2301 3317 2353 fe-

1762 2394 1835 2446 cit
1869 2393 1921 2447 in
1943 2393 2356 2450 Commentariis
2376 2393 2477 2448 adi
2505 2392 2760 2463 Georgia,
2785 2394 2875 2447 ubi
2903 2395 3014 2447 baro
3034 2409 3314 2461 enarratis,

1824 2484 1942 2550 Qua
1973 2485 2114 2539 locus
2145 2484 2423 2555 Erigonam
2453 2487 2605 2551 inter,
2647 2470 2933 2554 Chelasque
2961 2495 3243 2555 sequentes,

1760 2576 2004 2646 quaedam
2047 2554 2289 2639 adnotat,
2335 2592 2454 2646 qua:
2506 2578 2593 2629 hic
2643 2554 3081 2643 referrepmelius
3133 2576 3317 2630 fuerit.
3366 2638 3369 2639 ν

1766 2686 1784 2717 ο
1813 2666 2071 2736 Egyptii,
2100 2666 2293 2745 inquit,
2321 2667 2604 2721 duodecim
2646 2682 2767 2722 esse
2814 2674 3069 2721 asserunt
3112 2668 3263 2735 signa
3297 2686 3311 2724 :

1758 2754 1992 2809 Chaldaei
2025 2768 2150 2809 vero
2181 2756 2451 2808 undecim.
2507 2753 2641 2807 Nam
2677 2754 2959 2823 Scorpium
3011 2762 3064 2809 et
3100 2755 3317 2811 Libram

1759 2861 1926 2899 unum
1950 2847 2163 2916 signum
2186 2846 2473 2913 accipiunt.
2497 2844 2674 2899 Chela:
2690 2847 2831 2899 enim
2863 2844 3071 2915 Scorpi:
3098 2846 3313 2901 Libram

1758 2937 1986 2993 faciunt.
2021 2938 2180 2992 Iidem
2216 2937 2451 2992 Chaldaei
2483 2939 2667 2991 volunt
2699 2938 2933 3007 aequales
2964 2954 3085 2993 csse
3135 2949 3315 3008 partes
3368 2950 3371 2953 ‘

1756 3031 1813 3085 in
1840 3032 2092 3085 omnibus
2120 3031 2290 3098 signis
2319 3024 2453 3085 :‘sed
2472 3046 2569 3100 pro
2594 3030 2853 3099 Qualitate
2889 3030 2995 3092 sui,
3046 3032 3191 3084 aliud
3235 3031 3314 3085 si-

1756 3138 1920 3193 gnum
1952 3140 2042 3185 xx,
2092 3122 2236 3176 aliud
2270 3137 2336 3173 xx.
2371 3121 2565 3177 habere
2598 3141 2611 3174 :
2641 3137 2764 3176 cum
2790 3122 3027 3193 Aﬂgyptii
3079 3125 3311 3178 tricenas

1752 3230 1875 3269 esse
1903 3221 2084 3284 partes
2117 3214 2171 3266 in
2200 3214 2449 3267 omnibus
2469 3214 2650 3267 velint.
2679 3212 2833 3266 Modo
2861 3229 2987 3283 ergo
3015 3216 3311 3268 secundum

1752 3306 2037 3360 Chaldieos
2092 3305 2312 3358 locutus
2346 3313 2447 3368 est,
2495 3303 2681 3357 dicens
2728 3319 2886 3373 posse
2932 3320 3053 3359 eum
3116 3305 3312 3360 habere

1753 3395 2107 3450 locum.inter
2142 3393 2426 3463 Scorpium
2460 3402 2513 3446 et
2542 3391 2834 3459 Virginem.
2869 3413 2886 3443 ι
2932 3392 3096 3463 Signa
3131 3394 3310 3464 dupli-

1750 3487 2284 3551 citer_usurpantur.
2334 3482 2443 3533 Aut
2496 3482 2639 3535 enim
2689 3482 3118 3535 dodecatemoria
3182 3492 3309 3539 sunt

1750 3575 2143 3645 aequinoctialis
2188 3574 2269 3627 vel
2299 3573 2526 3636 zodiaci,
2566 3581 2659 3625 aut
2682 3573 2972 3637 asterismi,
3000 3590 3117 3643 quae
3148 3576 3309 3645 ἠστε-

1753 3668 1980 3741 ρισμένα
2010 3666 2177 3731 ζῴδια
2202 3673 2360 3721 vocat
2402 3664 2761 3734 Hipparchus.
2810 3665 3013 3720 Horum
3060 3669 3307 3737 quaedam

1751 3761 2183 3815 dodecatemorio
2210 3773 2311 3813 suo
2362 3758 2591 3820 minora,
2624 3760 2867 3826 quaedam
2902 3760 3107 3827 majora
3156 3772 3306 3825 sum,

1748 3861 1802 3906 et
1826 3852 1879 3905 in
1909 3851 2085 3905 vicina
2115 3849 2439 3912 redundant,
2464 3857 2523 3901 ut
2544 3863 2708 3914 supra
2735 3849 2988 3903 diximus.
3036 3848 3155 3902 Haec
3182 3866 3303 3903 cum

1750 3943 1969 4011 legisset
2001 3941 2201 3993 alicubi
2234 3939 2638 4008 grammaticus,
2692 3938 2969 4006 signorum
2999 3954 3193 4007 genera
3214 3941 3303 3993 illa

1747 4037 1856 4090 duo
1887 4034 2230 4104 permiscuit,
2255 4040 2309 4086 et
2338 4047 2449 4086 rem
2484 4047 2704 4101 prorsus
2738 4031 3026 4086 absurdam
3066 4041 3119 4086 et
3148 4033 3302 4085 inex-

1748 4124 2050 4178 tricabilem
2098 4122 2303 4185 docuit,
2341 4123 2493 4190 signa
2536 4123 2715 4175 omnia
2759 4122 3056 4190 (equalibus
3094 4123 3302 4176 descri-

1747 4224 1835 4285 pta
1862 4202 1983 4269 esse
2004 4214 2268 4283 partibus,
2287 4220 2339 4267 et
2361 4221 2535 4267 tamen
2554 4212 2699 4266 aliud
2722 4214 2967 4275 tricenis,
2992 4212 3137 4266 aliud
3168 4230 3301 4282 qua-

1748 4306 2003 4375 dragenis
2036 4325 2053 4356 ι
2083 4320 2180 4374 pro
2206 4304 2466 4373 qualitate
2491 4304 2572 4359 sui
2599 4323 2619 4355 ›
2641 4312 2912 4358 constare.
2939 4303 3123 4357 l'riore
3142 4306 3301 4356 modo

1747 4400 1899 4469 signa
1949 4403 2076 4450 sunt
2129 4394 2599 4459 dodecatemoria;
2646 4395 2965 4462 posteriore,
3006 4393 3296 4455 asterismi,

68 4486 178 4541 ubi
209 4484 357 4539 Arati
402 4495 453 4538 et
475 4486 678 4541 Eudoxi
723 4489 788 4541 de
841 4491 1209 4546 cardiualibus
1248 4495 1380 4549 iisee
1436 4494 1645 4559 ζωδίοις
1675 4499 1721 4557 D
1746 4504 1974 4558 quorum
2000 4489 2088 4541 alii
2118 4489 2430 4569 pauciores,
2463 4486 2553 4540 alii
2585 4486 2767 4555 plures
2795 4497 3059 4554 occupant
3095 4493 3293 4552 partes.

42 4570 301 4635 decreta
334 4580 546 4647 probat,
575 4590 797 4651 excepto
819 4583 961 4651 quod
997 4583 1063 4637 dc
1088 4587 1488 4641 Arietedictum
1522 4598 1636 4643 est:

65 4671 175 4742 qui
220 4678 362 4723 totus
418 4673 777 4741 azquinoctiali
832 4676 1039 4727 circulo
1088 4676 1357 4730 borealior
1401 4688 1505 4734 est.
1570 4679 1641 4733 At

66 4764 351 4818 Cancrum
369 4774 421 4818 et
435 4762 667 4823 Leonem
696 4766 898 4821 medios
934 4767 1108 4835 trajici
1132 4767 1197 4819 ab
1216 4769 1404 4823 aastivo
1428 4772 1639 4840 tr0pico

63 4862 233 4911 recte
264 4855 382 4908 illos
406 4856 609 4910 sentire
635 4859 852 4912 asserit.
909 4857 1042 4911 Vide
1076 4858 1279 4926 reliqua
1314 4859 1461 4913 illius
1507 4862 1634 4927 loci,

69 4949 135 5001 in
164 4933 555 5017 quibus,ﬁqund
595 4949 745 5001 valde
786 4950 981 5002 mirum
1021 4956 1123 5014 est,
1176 4952 1520 5019 apertissime
1557 4952 1635 5006 si-

68 5039 303 5110 gniﬁcat
322 5053 352 5091 a
376 5053 436 5093 se
456 5036 662 5092 Eudoxi
689 5039 951 5109 Aratique
980 5040 1124 5093 dicta
1160 5040 1228 5093 ad
1264 5042 1505 5097 stellatas
1556 5042 1637 5096 el”-

66 5130 237 5200 ﬂgics
262 5130 539 5198 applicari.

152 5222 389 5292 Denique
418 5225 531 5279 sive
564 5224 617 5278 in
650 5223 1023 5292 aequinoctiali
1056 5226 1168 5277 sive
1203 5222 1257 5277 in
1293 5222 1520 5277 zodiaco
1568 5225 1640 5279 si.

64 5329 185 5388 sna
216 5315 451 5368 coelestia
481 5313 821 5369 constituerit
859 5312 1149 5377 Eudoxus,
1180 5313 1246 5367 de
1289 5330 1393 5383 qua
1440 5328 1501 5367 re
1544 5330 1637 5368 ca-

65 5413 193 5484 pite
212 5407 475 5475 superiori
503 5405 707 5460 dictum
737 5413 823 5459 est
857 5420 872 5457 :
902 5420 1075 5473 neque
1109 5406 1163 5458 in
1204 5407 1374 5474 ipsius
1424 5403 1632 5459 Eudoxi

67 5500 258 5560 allatis
285 5498 353 5552 ab
380 5497 896 5567 llipparclio‘verbis
922 5537 936 5559 ,
986 5514 1161 5565 neque
1203 5498 1344 5567 apud
1388 5499 1631 5564 Aratum,

64 5594 255 5654 Aries,
296 5589 524 5652 Cancer,
564 5590 761 5654 Chelas,
805 5588 1194 5658 Capricornus,
1255 5590 1322 5642 de
1358 5590 1527 5657 signis
1570 5606 1634 5643 ac

64 5682 530 5743 dodecatemoriis
561 5681 817 5750 explicari
852 5688 1074 5748 queunt.
1108 5678 1240 5732 Nam
1283 5680 1329 5734 si
1374 5682 1427 5733 iu
1464 5682 1633 5749 aequi-

63 5776 295 5838 noctiali
326 5774 698 5844 designentur,
743 5780 933 5829 neuter
962 5774 1290 5844 tropicorum
1322 5788 1384 5828 ea
1416 5774 1629 5828 contin-

1744 4582 1835 4636 Sic
1861 4580 2129 4636 asterismi
2152 4578 2360 4649 Scorpii
2390 4593 2516 4647 pars
2538 4588 2617 4631 est
2638 4576 2927 4629 Chelarum
2950 4577 3293 4649 asterismus,

1740 4680 1799 4727 ut
1842 4673 1943 4724 hac
1977 4672 2185 4725 ratione
2220 4671 2470 4725 undecim
2523 4667 2893 4722 tantummodo
2931 4666 3040 4720 sint
3082 4667 3287 4736 ἠστερι-

1740 4764 1910 4834 σμένα
1926 4762 2107 4826 ζὼδια,
2126 4779 2218 4817 seu
2243 4763 2423 4831 ﬁgura:
2442 4762 2665 4815 stellata:
2680 4758 2820 4828 apud
2842 4756 3139 4812 Chaldaeos.
3160 4756 3292 4811 Nam

1736 4856 1996 4926 Egyptii,
2034 4856 2126 4924 qui
2159 4868 2254 4923 pro
2298 4852 2480 4907 Chelis
2531 4850 2746 4905 Libram
2802 4857 3121 4917 posuerunt,
3168 4849 3295 4917 legi-

1738 4951 1927 5004 timum
1967 4962 2250 5001 mimorum
2298 4945 2613 4999 obtinebant
2651 4961 2663 4996 :
2705 4943 2856 5012 signa
2896 4941 3115 5011 quidem
3162 4946 3299 5019 ut.ri-‘

1736 5058 1842 5111 que
1871 5039 2155 5094 duodecim
2189 5036 2569 5091 adhibuerunt.
2600 5032 2868 5087 Czrterum.
2890 5032 3126 5102 Virginis
3156 5042 3291 5085 aste-

1736 5138 1937 5188 rismus
1964 5133 2092 5184 olim
2122 5129 2320 5183 Leonis
2348 5138 2401 5201 et
2434 5128 2606 5182 Librae
2629 5135 2833 5196 partes,
2870 5136 3062 5195 praeter
3084 5123 3285 5191 justam

1734 5229 2057 5295 portionem,
2098 5222 2417 5290 occupabat.
2463 5219 2605 5274 inter
2648 5220 2788 5273 hanc
2831 5230 2958 5269 vero
3002 5221 3056 5268 et
3093 5211 3289 5265 Chelas

1736 5314 1963 5383 Scorpii,
1993 5329 2114 5382 qua:
2138 5314 2191 5367 in
2218 5313 2391 5366 Librae
2432 5308 2865 5366 dodecatemorio
2908 5304 3284 5365 versabantur,

1734 5423 1960 5464 vacuum
1990 5415 2076 5461 est
2106 5404 2470 5469 intervallum,
2495 5402 2637 5471 quod
2667 5400 2733 5452 ad
2756 5398 2897 5451 idem
2921 5396 3093 5451 Libra:
3123 5392 3285 5445 dode-

1733 5500 2065 5554 catemorion
2103 5495 2405 5567 pertinebat
2434 5513 2448 5548 :
2481 5508 2589 5561 quo
2640 5492 2693 5543 in
2722 5489 2897 5557 spatio
2938 5485 3116 5541 sedem
3147 5483 3288 5538 indi-

1731 5593 1837 5662 geli
1885 5590 2131 5657 Augusto
2176 5586 2413 5642 destinat
2455 5582 2735 5650 Virgilius.
2796 5579 2869 5632 Ea
2922 5590 3072 5630 meus
3115 5583 3286 5644 poetae

1731 5683 1851 5747 fuit,
1885 5696 2045 5751 quam
2096 5695 2204 5733 non
2250 5676 2555 5745 assequitur
2596 5672 2837 5725 Servius.
2879 5670 2946 5723 At
2989 5666 3285 5720 Martianus

1729 5773 1949 5844 Capella
1974 5771 2111 5827 libro
2130 5767 2265 5836 Vill,
2307 5781 2427 5837 cap.
2462 5766 2529 5822 de
2578 5765 2700 5819 lixis
2736 5763 2924 5833 signis,
2968 5770 3114 5816 recte
3159 5758 3282 5820 hoc,
