4046 6320
790 351 927 437 iss:

1783 345 1873 401 A‘D
1913 337 2175 402 EUSEBII
2216 335 2606 399 CHHONICON
2647 335 3001 402 APPENDlX.

3843 339 3922 398 l5!)

797 464 938 536 quod
964 464 1266 525 docuimus,
1315 464 1547 532 explicat
1592 462 1676 516 his
1722 462 1899 516 verbis
1934 482 1944 514 :
1992 480 2010 511 ι
2054 461 2173 513 llaec
2229 458 2345 513 dis-
2374 464 2419 518 Α
2447 476 2574 513 num
2607 476 2763 516 suum
2790 477 2912 516 esse
2936 462 3262 516 translatum
3298 458 3522 533 perinde
3539 460 3918 513 omnesseatim

797 554 970 608 cernit
1033 553 1328 606 zodiacus:
1360 552 1452 620 qui
1508 549 1722 618 quidem
1767 550 2000 616 aequales
2053 545 2340 598 duodecim

799 647 1072 714 signorum
1113 645 1340 712 integrat
1390 643 1683 712 portiones.
1736 639 1840 693 Sed
1885 639 2133 692 undecim
2181 637 2344 710 habet

800 738 971 805 signa.
1007 735 1264 804 Scorpius
1286 735 1428 787 enim
1479 741 1587 786 tam
1624 747 1780 786 suum
1827 732 2061 799 spatium
2112 733 2344 796 occupat

799 839 1043 894 corpore,
1075 839 1238 894 quam
1270 821 1450 878 Chelis
1478 829 1706 890 occupat
1739 820 1961 891 Librae._

1393 931 1620 988 CAPUT
1657 931 1746 986 IV.

798 1045 875 1099 De
903 1058 1123 1101 veterum
1146 1047 1378 1109 opinione
1415 1061 1565 1111 super
1601 1045 1786 1096 annuis
1837 1043 1962 1096 solis
2007 1040 2335 1111 cardinibus,

865 1129 913 1169 et
943 1135 1043 1187 qua
1065 1119 1263 1187 ratione
1293 1117 1417 1187 alibi
1443 1110 1597 1184 quam
1622 1115 1782 1187 initiis
1811 1116 2076 1187 signorum
2102 1110 2344 1187 coilocali

869 1180 1078 1253 fuerint.
1109 1185 1398 1239 Columeila
1427 1180 1656 1237 notatur.
1708 1180 1966 1236 Solhiaca:
2009 1180 2205 1248 periodi
2257 1181 2342 1230 iu-

865 1258 1023 1325 signis
1050 1256 1259 1323 epoclta.

864 1369 1125 1435 Quoniam
1151 1367 1339 1422 mediis
1368 1369 1420 1420 in
1452 1366 1620 1435 signis
1651 1365 1718 1418 ab
1751 1363 1972 1416 Eudoxo
2020 1363 2346 1416 constitutos

794 1477 914 1516 esse
940 1461 1186 1516 cardines
1225 1471 1588 1527 nequaquam,
1633 1465 1688 1509 nt
1724 1455 1928 1524 putavit
1972 1452 2335 1524 Hipparchus,

793 1571 856 1606 ιιχ
895 1554 1036 1606 illius
1070 1551 1246 1606 verbis
1285 1551 1588 1610 coniicitur,
1632 1547 1968 1616 inquiramus
2011 1547 2170 1599 modo
2218 1561 2344 1614 qua-

795 1660 916 1698 nam
949 1645 1001 1696 in
1035 1650 1186 1712 parte
1212 1641 1482 1705 deﬁxerit;
1513 1649 1626 1693 tum
1656 1655 1777 1708 qua:
1799 1639 1935 1691 ratio
1967 1638 2035 1692 ab
2066 1637 2172 1690 illis
2214 1638 2346 1689 inita

794 1736 884 1797 sit,
917 1733 1008 1802 qui
1037 1733 1184 1796 alibi,
1224 1746 1385 1800 quam
1432 1730 1487 1784 in
1526 1729 1694 1785 initiis
1742 1729 2041 1799 signorum,
2095 1725 2343 1781 cardines

794 1825 916 1877 illos
943 1838 1064 1877 esse
1092 1823 1389 1875 sciverunt.

862 1911 1120 1967 Geminus
1151 1911 1325 1980 capite
1357 1905 1490 1971 XVI,
1526 1912 1719 1977 quarto
1747 1905 1852 1971 die,
1880 1903 2050 1975 quam
2071 1905 2125 1959 in
2154 1901 2345 1974 Capri-

791 2019 1014 2058 wrnum
1038 2002 1117 2056 sol
1147 2009 1230 2056 est
1259 2002 1556 2070 ingressus,
1606 1998 1894 2053 solstitium
1941 1996 2224 2050 hibernum
2281 2011 2344 2050 ex

694 2129 701 2134 -
793 2092 1020 2147 Eudoxo
1044 2093 1160 2168 ﬁeri
1187 2091 1375 2145 scribit
1403 2131 1418 2155 ,
1468 2103 1691 2143 vernum
1722 2095 1902 2140 autem
1940 2086 2345 2162 aequinOctium,

793 2188 945 2235 sexto
976 2178 1062 2233 die
1090 2177 1180 2230 τοῦ
1215 2176 1474 2247 Κριῶνος.
1506 2170 1648 2230 Idem
1689 2185 1874 2228 auctor
1906 2190 1971 2229 ex
2003 2173 2347 2227 Euctemonis

791 2269 1056 2324 sententia
1110 2267 1398 2321 solstitium
1429 2267 1706 2319 hibernum
1743 2265 1918 2332 primo
1963 2262 2049 2317 die
2085 2263 2348 2316 committi

791 2360 991 2424 refert:
1024 2373 1232 2412 necnon
1261 2356 1570 2410 autumnale
1601 2355 2002 2424 aequinoctium.
2033 2352 2108 2406 Ex
2126 2352 2348 2422 Calippo

791 2450 1312 2519 veroquatuoripsos
1331 2446 1577 2500 cardines
1592 2445 1910 2499 nominatim
1942 2446 2217 2526 signorum
2246 2444 2350 2496 ini-

789 2541 882 2595 tiis
897 2539 1181 2594 contineri.
1203 2529 1394 2591 Verum
1411 2536 1706 2591 Columella
1723 2535 1814 2587 lib.
1836 2530 1925 2597 IX,
1946 2549 2064 2602 cap.
2086 2532 2222 2596 XIV,
2242 2533 2351 2588 Me-

791 2640 969 2685 tonem
1001 2637 1052 2685 et
1079 2628 1377 2693 Eudoxum,
1397 2642 1458 2680 ac
1479 2635 1686 2682 veteres
1705 2635 2047 2679 astronomos
2063 2625 2254 2679 scribit
2295 2625 2347 2678 in

789 2721 995 2776 octavis
1013 2721 1254 2789 partibus
1273 2720 1546 2788 signorum
1564 2718 1793 2773 solstitia
1812 2728 1863 2770 et
1895 2717 2216 2785 :equinoctia
2253 2730 2350 2785 po-

789 2812 990 2878 suisse;
1019 2809 1400 2880 Hipparchum,
1422 2816 1627 2862 mutata
1644 2809 1870 2870 ratione,
1885 2809 1940 2860 in
1956 2808 2230 2876 signorum
2245 2807 2349 2859 ini-

789 2902 865 2955 tia
888 2902 1204 2956 contulisse.
1231 2915 1248 2950 ι
1279 2897 1386 2953 Nec
1423 2913 1507 2951 me
1537 2897 1690 2960 fallit,
1719 2895 2230 2966 inquit,-Hipparchi
2250 2913 2347 2964 _ra-

789 2994 887 3056 tio,
916 3007 1033 3062 qua:
1063 2991 1216 3044 docet
1233 2990 1462 3044 solstitia
1479 2996 1532 3043 et
1555 2988 1874 3058 aequinoctia
1890 3003 1994 3040 non
2011 2988 2236 3052 octavis,
2255 2987 2348 3041 sed

789 3083 980 3152 primis
1006 3083 1279 3150 signordm
1303 3079 1546 3150 partibus
1563 3078 1773 3133 conﬁci.
1791 3076 1987 3132 Verum
2007 3079 2059 3131 in
2078 3079 2178 3132 hac
2207 3080 2347 3133 ruris
2374 3115 2414 3172 Ο

788 3174 1074 3243 disciplina
1098 3187 1293 3242 sequor
1307 3184 1450 3226 nunc
1485 3168 1690 3224 Eudoxi
1720 3179 1772 3224 et
1803 3168 2053 3233 Metonis,
2093 3169 2346 3238 antiquo-

789 3279 1017 3334 rumque
1037 3263 1206 3319 fastus
1224 3264 1615 3333 astrologorum
1635 3302 1648 3326 ,
1664 3262 1754 3331 qui
1781 3270 1908 3316 sunt
1934 3264 2098 3332 aptati
2116 3262 2346 3330 publicis

789 3355 1072 3410 sacriﬁciis
1089 3395 1105 3419 ,
1126 3356 1249 3424 quia
1268 3363 1320 3408 et
1343 3355 1522 3407 notior
1543 3362 1627 3408 est
1646 3355 1749 3408 ista
1768 3360 1921 3407 vetus
1941 3353 2195 3423 agricolis
2215 3368 2347 3405 con-

788 3455 944 3515 cepta
972 3446 1171 3514 opinio.
1192 3444 1298 3499 Nec
1317 3454 1491 3497 tamen
1508 3441 1798 3513 Hipparchi
1812 3443 2082 3498 subtilitas
2101 3443 2349 3512 pinguio-

787 3536 962 3599 ribus,
983 3543 1043 3587 ut
1073 3537 1242 3600 aiunt,
1269 3534 1592 3588 rusticOrum
1623 3534 1818 3587 litteris
1845 3517 2149 3588 necessaria
2180 3542 2282 3587 est.
2323 3553 2340 3584 ι

789 3622 1154 3694 Hipparchum
1195 3637 1321 3677 ecce
1352 3621 1482 3676 facit
1511 3630 1785 3675 auctorem
1801 3622 1917 3690 ejus
1938 3621 2350 3690 instituti,quod

787 3710 1071 3783 principiis
1091 3710 1365 3780 signorum
1384 3708 1634 3764 cardines
1649 3710 2049 3776 accommodat,
2066 3726 2188 3764 cum
2206 3721 2350 3766 vete-

788 3816 877 3857 .‘es
888 3803 1095 3858 octavis
1119 3803 1361 3872 partibus
1388 3801 1734 3856 ascriberent.
1750 3800 1808 3854 In
1833 3810 1941 3872 quo
1956 3803 2150 3871 partim
2166 3804 2233 3856 ab
2247 3803 2350 3857 Ge-

788 3895 956 3957 mino,
975 3897 1169 3964 partim
1197 3895 1264 3949 ab
1286 3893 1590 3964 Hipparcho
1609 3895 1724 3963 ipso
1736 3895 1963 3950 dissidet
1984 3913 1998 3962 ;
2025 3910 2148 3948 nam
2169 3895 2352 3949 Gemi-

789 4001 892 4039 nus
910 4001 1174 4054 nusquam
1190 3986 1241 4038 in
1259 3993 1448 4039 octava
1481 3985 1800 4053 cujusquam
1826 3985 1964 4054 signi
1985 3995 2133 4054 parte
2149 3986 2351 4038 consti-

791 4082 938 4128 tutos
964 4090 1084 4129 esse
1111 4075 1361 4129 cardines
1389 4076 1463 4127 ait
1489 4092 1504 4140 ;
1539 4073 1881 4145 Hipparchus
1917 4084 2120 4139 autem,
2173 4086 2231 4128 ut
2261 4093 2361 4140 su-_

788 4166 988 4234 periori
1009 4166 1184 4234 capite
1212 4165 1466 4228 vidimus,
1515 4167 1584 4220 ab
1606 4166 1793 4233 Arato,
1852 4174 1906 4221 et
1956 4169 2198 4236 antiquis
2241 4167 2352 4222 fere

791 4259 1044 4312 omnibus
1093 4257 1485 4312 mathematicis
1535 4261 1589 4312 in
1643 4259 1920 4328 signorum
1969 4261 2122 4314 initia
2186 4261 2353 4314 colla-

790 4357 875 4402 tos
910 4363 1030 4402 esse
1059 4346 1259 4401 docuit.
1291 4347 1408 4401 Non
1438 4349 1625 4402 dubito
1667 4350 1796 4418 quin
1840 4349 2127 4419 Hipparchi
2174 4354 2354 4420 potior

2443 553 2595 619 Quod
2631 553 3084 622 quemadmodum
3142 553 3212 605 ab
3247 552 3315 605 iis
3354 553 3671 604 institutum
3718 550 3865 609 fuerit,
3891 565 3917 600 at

2441 660 2548 715 qua
2585 646 2793 697 ratione
2821 646 2958 697 inter
2987 658 3045 697 se
3068 642 3353 695 conciliari
3397 641 3732 709 scriptorum
3761 639 3830 692 illa
3856 641 3916 692 es

2442 735 2577 789 sidia
2611 736 2837 804 possint,
2870 734 3126 802 deinceps
3153 733 3482 802 aperiemus.

2515 820 2738 879 Duobus
2766 825 2986 878 omnino
3019 824 3196 876 modis
3231 823 3344 876 ﬁeri
3389 823 3636 875 arbitror
3666 822 3915 890 potuisses:

2443 917 2512 970 ab
2557 917 2794 984 antiquis
2838 914 3236 969 mathematicis
3286 913 3617 982 equinae-tia
3682 921 3730 966 et
3765 914 3916 965 solstith

2444 1008 2603 1069 alibi,
2641 1022 2800 1075 quam
2835 1009 2886 1059 in
2919 1007 3049 1075 ipsis
3081 1007 3365 1076 signorum
3399 1005 3670 1065 exordiis,
3711 1006 3914 1057 constitua

2445 1099 2664 1153 fuerint.
2698 1096 2827 1150 Nam
2862 1107 2954 1151 aut
2985 1099 3185 1166 reipsa,
3220 1105 3274 1150 et
3319 1110 3382 1148 ex
3425 1104 3543 1148 arte
3575 1094 3850 1163 iudicioque
3875 1098 3915 1146 ia

2446 1189 2862 1258 pronuntiarunt
2892 1207 2905 1241 :
2938 1199 3028 1241 aut
3056 1203 3180 1240 cum
3200 1187 3277 1240 .de
3291 1185 3571 1241 exactiore
3593 1186 3915 1239 cardinnmsiti

2371 1279 2375 1284 ’
2445 1278 2600 1330 aliter
2620 1277 2989 1330 existimarent
3013 1318 3026 1340 ,
3062 1276 3384 1346 populorum
3419 1273 3614 1327 usibus
3666 1290 3722 1328 ac
3749 1276 3914 1327 sensibes

2445 1365 2670 1418 alterum
2701 1364 2829 1416 illud
2857 1365 3036 1417 minus
3062 1373 3381 1416 accuratum
3407 1362 3697 1416 cardinum
3723 1377 3850 1431 genus
3867 1365 3915 1414 ia-

2445 1453 2741 1507 dulserunt.
2784 1451 2850 1506 Ut
2877 1469 2907 1504 a
2944 1453 3122 1520 priore
3176 1451 3394 1513 ordiar;
3425 1449 3713 1518 repetenda
3745 1451 3812 1502 illa
3839 1462 3913 1504 sua:

2447 1544 2728 1613 imprimis,
2774 1557 2893 1611 qua:
2949 1542 3016 1596 de
3063 1541 3330 1596 Chaldzeis
3369 1550 3424 1594 et
3473 1539 3913 1609 iﬁgyptiistrarlidi.

2447 1651 2567 1690 mus
2595 1637 2767 1703 capite
2791 1634 2964 1702 primo
2986 1651 3000 1699 ;
3029 1647 3264 1701 quanam
3294 1632 3550 1686 videlicet
3588 1632 3778 1684 ratione
3798 1631 3912 1698 sigea

2448 1741 2566 1779 rum
2599 1727 2899 1779 ccclcstium
2936 1725 3283 1794 partitionem
3334 1724 3698 1778 instituerint.
3727 1721 3913 1790 Insigaea

2444 1816 2586 1869 enim
2615 1814 2919 1882 quampiam
2949 1821 3205 1866 notarunt
3231 1814 3285 1865 in
3317 1815 3459 1870 cado
3497 1816 3727 1877 stellam,
3756 1829 3781 1866 a
3816 1816 3912 1880 cap;

2446 1908 2745 1961 emersione
2767 1907 2994 1975 primum
3025 1905 3527 1959 dodecatemorium
3565 1908 3619 1960 in
3641 1907 3913 1976 :equinoctlaii

2446 1997 2650 2050 circulo
2679 1997 3049 2066 designarunt.
3084 1996 3202 2060 Quo
3230 1995 3382 2050 initio
3399 1994 3910 2063 constituto,deinarps

2446 2089 2630 2142 circuli
2657 2090 2822 2142 totius
2853 2087 3241 2156 anaphoricum
3268 2095 3480 2155 tempus
3504 2086 3749 2139 horarum
3763 2098 3914 2156 quatuor

2445 2192 2498 2234 et
2520 2180 2731 2250 viginti,
2763 2179 3044 2233 duodecim
3079 2179 3132 2232 in
3168 2186 3352 2248 partes
3375 2195 3444 2232 ex
3472 2193 3631 2247 aequo
3663 2178 3912 2232 diviserunt:

2446 2282 2674 2336 quarum
2698 2268 2936 2337 singulas
2969 2267 3090 2320 aliis
3114 2267 3298 2321 itidem
3330 2267 3506 2322 stellis
3539 2269 3653 2321 sive
3683 2268 3732 2319 in
3751 2269 3913 2325 zodiaci,

2448 2359 2560 2412 sive
2585 2365 2738 2412 extra
2770 2359 2943 2426 ipsum
2976 2359 3189 2426 positis,
3223 2369 3277 2412 et
3303 2359 3496 2414 iisdem
3517 2362 3784 2413 momentis
3804 2362 3915 2409 oriez-r

2448 2449 2614 2512 tibus,
2640 2450 2782 2503 velut
2810 2450 2980 2518 signis
3049 2465 3109 2502 ac
3145 2451 3408 2506 limitibus
3458 2451 3845 2520 descripserunt.
3873 2450 3914 2497 lu

2447 2543 2643 2612 quippe
2671 2541 2864 2596 Sextus
2892 2541 3195 2612 Empirieus
3224 2543 3400 2607 docet,
3433 2543 3596 2612 primi
3630 2543 3916 2596 dodecalems-

2447 2634 2514 2689 rii
2559 2633 2838 2703 designato
2894 2634 3180 2703 principio,
3227 2645 3422 2687 extera
3475 2634 3720 2703 mquabili
3759 2633 3915 2700 partium

2447 2725 2838 2794 aequinoctialis
2897 2726 3161 2781 divisione
3205 2742 3327 2780 esse
3375 2736 3679 2781 numerata.
3727 2725 3917 2790 Quamai-

2450 2829 2563 2868 rem
2621 2814 2711 2883 qui
2759 2815 2897 2868 bona
2931 2814 3032 2867 ﬁde
3078 2829 3141 2867 ac
3169 2815 3311 2868 serio
3329 2815 3584 2870 cardines
3623 2816 3673 2868 in
3702 2813 3917 2867 maliis?

2451 2905 2590 2973 gnis,
2629 2905 2713 2958 vel
2748 2904 2976 2966 octavis,
3006 2905 3235 2972 aliisque
3274 2906 3524 2973 partibus
3561 2908 3795 2960 ﬁxerunt,
3832 2903 3918 2953 ven-

2449 2992 2623 3045 simile
2648 2999 2730 3046 est
2749 3008 2844 3047 eos
2874 2993 3087 3045 initium
3129 2993 3293 3060 primi
3333 2991 3746 3047 dodecatemorii
3774 3006 3853 3044 non
3881 2995 3921 3040 iis

2450 3079 2564 3148 ipsa
2589 3081 2980 3150 aequinocualis
3029 3089 3083 3134 et
3112 3081 3318 3134 zodiaci
3352 3082 3729 3144 inter-sectione
3754 3082 3917 3149 πρὲις

2449 3174 2543 3227 sed
2577 3173 2852 3240 aliquanto
2878 3182 3002 3227 ante
3033 3173 3209 3242 spatio
3251 3191 3263 3224 :
3297 3173 3445 3242 quod
3475 3174 3529 3227 in
3557 3173 3768 3243 reliquis
3794 3173 3918 3225 deinde

2433 3267 2718 3318 servatum
2754 3272 2854 3318 est.
2886 3262 3023 3317 Cum
3067 3274 3245 3316 autem
3274 3262 3343 3317 ab
3394 3263 3596 3331 insigni
3639 3264 3798 3331 aliqua
3824 3260 3919 3313 sui:

2445 3372 2624 3410 vernae
2655 3356 2986 3425 tempestatis
3022 3355 3232 3408 initium
3268 3354 3536 3422 auspicati
3588 3355 3712 3416 sint,
3741 3354 3804 3405 uti
3835 3350 3919 3402 dit.»

2449 3461 2588 3510 mus,
2620 3446 2849 3514 eligatur
2871 3444 3025 3498 stella
3064 3444 3174 3505 illa,
3207 3458 3327 3510 qua:
3365 3442 3420 3494 in
3459 3442 3780 3509 praecedente
3812 3452 3920 3491 corna

2447 3546 2529 3588 est
2556 3534 2772 3587 Arietis.
2806 3531 2879 3584 Ea
2900 3547 2964 3584 ex
2998 3529 3409 3584 accuratissima
3433 3526 3708 3597 Tychonis
3745 3525 3918 3577 obseru-

2450 3627 2596 3678 tione
2623 3640 2766 3677 anno
2792 3623 2992 3675 Christi
3034 3635 3137 3675 unc
3182 3621 3286 3674 sita
3334 3629 3452 3672 erat
3499 3620 3552 3671 in
3599 3617 3756 3687 gradu
3792 3615 3919 3666 Arias

2447 3717 2535 3783 '27,
2563 3717 2666 3779 36',
2721 3716 2876 3784 cujus
2903 3705 3129 3768 latitudo
3171 3711 3434 3784 graduum
3471 3718 3553 3763 est
3588 3710 3639 3770 7,
3665 3704 3919 3772 ε’.»ραοθῑτιω

2454 3824 2582 3864 vero
2619 3808 2866 3863 stellatus
2906 3806 3062 3859 orbis
3108 3805 3163 3858 in
3216 3801 3608 3872 consequentis
3658 3803 3920 3852 moretum:

2451 3901 2611 3954 annis
2639 3900 2856 3953 circiter
2878 3897 3165 3952 duobuset
3198 3895 3538 3966 septuaginta
3576 3891 3786 3963 gradum
3807 3885 3920 3939 also;-

2450 3994 2526 4046 vit
2581 4007 2768 4054 unum,
2828 3989 2952 4044 inde
3004 3989 3247 4058 sequitur
3290 3995 3415 4041 ante
3462 3987 3670 4054 aliquot
3718 3977 3916 4036 siccabis

2451 4084 2628 4153 ipsum
2677 4096 2856 4136 vernae
2901 4079 3154 4134 sectionis
3206 4087 3463 4146 punctum
3512 4073 3761 4127 incidisse
3783 4068 3918 4123 stellis!

2452 4176 2631 4236 istam,
2675 4187 2736 4226 ac
2766 4186 2954 4226 rursus
2997 4168 3397 4237 antiquioribus
3437 4165 3657 4220 saeculis
3693 4161 3803 4217 illud
3828 4169 3914 4210 snite

2452 4266 2684 4319 venisse.
2729 4261 2926 4316 Verum
2949 4276 3056 4314 non
3079 4269 3189 4312 tam
3221 4257 3324 4310 loci
3355 4258 3550 4326 ipsius,
3582 4255 3672 4325 qui
3709 4255 3754 4306 in
3775 4251 3916 4305 mde

2454 4359 2619 4413 stellae
2641 4355 2912 4424 competit,
2943 4351 3144 4422 quique
3174 4348 3476 4402 latitudinis
3511 4349 3718 4402 circulo
3756 4344 3918 4408 design:-

792 4438 893 4493 hac
919 4439 971 4492 in
1002 4455 1077 4502 re,
1109 4454 1268 4508 quam
1291 4438 1599 4494 Columella:
1622 4440 1689 4492 sit
1713 4440 1877 4506 ﬁdes;
1918 4451 1974 4494 ut
2000 4443 2088 4510 qui
2123 4451 2273 4497 tanto
2295 4453 2348 4497 et

2380 4455 2426 4512 D
2453 4460 2560 4512 tur,
2584 4462 2746 4518 quam
2780 4445 3115 4499 ascensionis
3140 4443 3283 4498 illius
3323 4442 3559 4510 obliquae
3596 4437 3814 4495 ducenda
3839 4443 3918 4484 me

792 4530 1080 4600 antiquior,
1122 4540 1174 4584 et
1223 4531 1414 4583 harum
1469 4545 1649 4585 rerum
1703 4530 2091 4600 intelligentior
2125 4576 2139 4600 ,
2185 4542 2238 4588 et
2290 4536 2340 4588 in

792 4629 1224 4674 astronomorum
1284 4629 1524 4676 veterum
1574 4623 1804 4676 lectione
1860 4622 2127 4687 detritior,
2182 4642 2344 4694 quam

789 4711 1104 4775 Columella,
1137 4712 1317 4766 fuerit.
1350 4712 1413 4765 Et
1444 4713 1803 4782 tamenhujus
1831 4717 2153 4770 auctoritate
2176 4718 2345 4784 pleri-

790 4815 896 4869 que
936 4808 1124 4854 omnes
1157 4801 1498 4855 adducuntur
1527 4802 1705 4866 hodie,
1738 4814 1795 4857 ut
1819 4805 2210 4874 antiquissimis
2248 4821 2344 4861 sae-

791 4891 926 4944 culis
974 4892 1280 4946 existiment
1318 4889 1525 4949 octavis
1573 4896 1816 4964 partibus
1860 4898 2136 4966 signorum
2177 4898 2376 4968 a‘qui-'

791 4984 968 5038 noctia
990 4994 1042 5038 et
1060 4985 1288 5039 solstitia
1308 4989 1374 5040 ab
1391 4992 1714 5042 astronomis
1729 4990 1969 5042 mandari
1989 4991 2165 5042 solita.
2191 4988 2343 5055 Quod

791 5090 899 5144 pra?
927 5078 1132 5129 caeteris
1163 5077 1319 5130 enixe
1346 5085 1527 5130 tuetur
1564 5075 1806 5146 Scaliger
1849 5097 1860 5132 :
1899 5081 2006 5131 imo
2037 5079 2254 5133 unicum
2293 5080 2344 5133 id

791 5167 878 5219 ille
904 5165 1306 5218 fundamentum
1343 5168 1390 5218 ei
1428 5166 1685 5220 doctrinae
1725 5169 2013 5230 subs-truit,
2073 5185 2234 5237 quam
2279 5167 2346 5223 de

788 5255 1097 5308 Griecorum
1121 5265 1540 5325 caeterorumque
1563 5259 1879 5328 populorum
1917 5261 2072 5314 annis
2104 5261 2344 5330 explica-

790 5351 882 5401 vit.
918 5351 1020 5402 Sed
1063 5365 1235 5419 neque
1289 5350 1531 5404 funditus
1562 5353 1866 5419 negaverim
1897 5353 2082 5418 fuisse,
2107 5355 2339 5424 quiante

790 5439 1150 5509 Hipparchum
1183 5444 1430 5497 cardines
1461 5444 1584 5505 alio,
1617 5461 1775 5512 quam
1808 5447 1860 5498 in
1892 5447 2168 5514 signorum
2191 5447 2343 5499 initia

789 5534 1115 5586 contulerint
1154 5553 1164 5585 :
1198 5536 1338 5602 quod
1403 5535 1682 5596 Geminus,
1731 5538 2054 5598 Columella,
2104 5539 2341 5592 Achilles

789 5624 1215 5694 Tatius,aliique
1261 5627 1606 5692 conﬁrmant;
1650 5636 1701 5680 et
1738 5644 1765 5679 a
1800 5619 1943 5681 Julio
1973 5628 2216 5693 Casare,
2274 5646 2339 5682 ex

788 5717 1058 5769 cotnniuni
1089 5717 1272 5785 utique
1322 5732 1382 5770 ac
1417 5728 1626 5787 recepta
1666 5722 1952 5788 sententia,
1991 5721 2129 5776 idem
2163 5721 2217 5774 in
2252 5736 2345 5775 an-

2452 4550 2555 4603 est,
2591 4551 2650 4593 ut
2677 4554 2836 4608 quam
2871 4539 2926 4592 in
2958 4547 3163 4607 partem
3187 4526 3916 4602 dodecatemoriiaequinscuw

2446 4633 2759 4696 incurrerit,
2783 4629 3050 4685 aestimare
3083 4627 3375 4697 possimus.

2515 4721 2792 4776 Scribebat
2823 4718 2887 4771 ad
2914 4733 3000 4771 me
3014 4714 3338 4770 Godel‘ridus
3365 4710 3799 4775 Yendelinus,vir
3813 4715 3916 4759 est»

2444 4815 2639 4866 nomia:
2665 4808 2985 4878 cumprimis
3024 4807 3253 4876 peritus,
3287 4805 3433 4859 circa
3452 4819 3658 4857 annum
3692 4809 3797 4855 ante
3824 4792 3914 4848 ωιῖὲ·

2447 4904 2515 4957 sti
2550 4917 2711 4956 seram
2762 4901 2918 4962 1263,
2954 4899 3046 4967 qui
3094 4905 3177 4951 est
3203 4896 3411 4966 periodi
3458 4895 3590 4950 Julii
3633 4895 3777 4954 3450,
3816 4890 3914 4940 ria:

2447 5004 2656 5062 tempus
2711 4991 2842 5046 illud
2895 4989 3081 5056 fuisse,
3135 5004 3244 5057 quo
3284 4990 3536 5043 ascensio
3588 4991 3764 5058 prima:
3794 4979 3914 5035 Aries

2446 5088 2611 5143 stella:
2645 5085 2953 5156 quindecim
2974 5081 3232 5152 gradibus
3255 5081 3613 5134 antecedebat
3633 5076 3913 5149 equinocu‘s’i‘

2445 5192 2690 5232 vernum.
2729 5174 2852 5240 Quo
2894 5173 3055 5228 etiam
3102 5180 3346 5242 tempore
3386 5171 3684 5226 Neomenia
3726 5167 3870 5220 Τιιιιιδ,
3889 5168 3912 5209 r1

2445 5279 2597 5321 ortus
2644 5266 2923 5328 caniculae,
2976 5271 3030 5317 et
3077 5263 3396 5326 solstitium,
3446 5277 3514 5321 ac,
3565 5259 3855 5315 novilunimn
3887 5266 3912 5297 ξε

2445 5357 2690 5411 eumdem
2717 5357 2858 5409 diem
2915 5353 3243 5416 inciderunt,
3291 5352 3384 5421 qui
3428 5359 3546 5405 erat
3587 5349 3711 5404 Julii
3756 5349 3910 5418 quinm:

2445 5449 2609 5518 idque
2635 5449 2689 5501 in
2723 5446 3118 5515 Heli0politano
3161 5450 3341 5498 tractu
3375 5462 3387 5495 :
3421 5441 3567 5512 quod
3599 5442 3664 5496 ad
3693 5434 3911 5495 memoria:

2447 5538 2782 5607 posteritatis
2812 5536 3022 5604 insigne
3051 5534 3261 5588 initium
3290 5533 3444 5588 dedit
3478 5531 3742 5596 Sothiacze
3756 5525 3909 5599 βθΐὶῢέικ

2446 5631 2602 5698 cujus
2633 5629 2873 5683 meminit
2899 5627 3145 5682 Clemens
3173 5626 3577 5693 Alexandrinus
3621 5626 3796 5681 Sirius.
3820 5619 3846 5676 Ι,
3865 5611 3909 5664 εἴ*

2450 5719 2703 5776 trecentis
2727 5718 3087 5788 quadraginta
3113 5719 3357 5789 quinque
3392 5719 3551 5773 annis
3587 5726 3705 5789 post
3730 5703 3909 5782 misul}
