4046 6320
130 528 270 604 ,ίδῖιδ

926 529 1381 587 DISSERTATIO
1420 531 1507 585 DE
1545 531 1729 589 ORTU
1769 531 1854 587 ET
1894 533 2160 591 OCCASU
2206 532 2530 589 SIDERUM.

3177 534 3198 588 1
3210 533 3313 590 35‘

144 659 256 697 nem
287 644 640 699 lsraelitarum
668 662 731 700 ex
758 646 1009 716 Ailgypto,
1056 648 1335 717 periodum
1374 649 1513 703 hanc
1553 664 1664 703 cm-
1692 659 1738 713 Α
1764 650 2009 707 cardines
2036 652 2088 704 in
2106 651 2347 706 eamdem
2364 649 2921 707 dodccatemoriorum
2946 665 3168 705 suorum
3186 667 3314 721 par-

144 732 275 801 pisse
324 735 529 788 scribit.
566 736 641 788 lla
677 735 730 788 in
761 736 970 792 Graeco.
1012 738 1081 790 At
1112 738 1378 809 interpres
1412 739 1670 807 quadrin-

143 830 317 887 gentos
358 825 554 893 posuit.
580 824 683 879 Per
710 824 847 880 idem
898 834 1109 896 tempus
1153 839 1268 882 erat
1307 830 1475 899 prima
1518 832 1670 883 stella

141 914 331 969 Arietis
361 916 413 967 in
450 916 617 984 gradu
652 916 886 971 Piscium
924 919 1010 978 17,
1060 920 1158 983 12',
1212 931 1263 973 et
1300 921 1671 990 aquinoctialc

141 997 401 1072 punctum
421 1007 769 1063 antecedebat
795 1010 1049 1077 gradibus
1078 1010 1160 1073 12,
1180 1013 1280 1075 «38',
1310 1013 1411 1065 hoc
1437 1022 1516 1066 est
1536 1020 1671 1065 tem-

141 1094 354 1161 poribus
396 1098 857 1153 ascensionalibus
885 1100 1210 1167 quindecim.
1253 1102 1393 1157 Sane
1424 1104 1527 1156 isto
1556 1104 1671 1171 ipso

139 1198 274 1236 anno
303 1185 747 1253 primam‘Arietis
776 1205 839 1243 ex
869 1191 1121 1245 methodo
1152 1200 1338 1247 nostra
1367 1194 1671 1263 deprehen-

137 1276 309 1330 dimus
338 1278 389 1329 in
425 1275 656 1331 Piscium
684 1281 769 1342 l'l,
808 1280 887 1334 50'
921 1300 933 1335 :
964 1284 1210 1337 ascensio
1240 1292 1382 1341 recta
1413 1286 1671 1353 graduum

134 1364 268 1427 546;
294 1365 503 1432 obliqua
536 1384 661 1422 vero
685 1368 935 1438 Memphi.
982 1380 1074 1423 aut
1100 1370 1379 1441 Heliopoli,
1408 1374 1669 1442 graduum

134 1453 266 1516 345,
307 1454 369 1515 6',
419 1457 491 1508 ita
541 1466 597 1510 ut
650 1459 952 1527 quindecim
991 1460 1245 1529 gradibus
1292 1465 1669 1532 aequinoctium

131 1546 423 1599 antecedat.
450 1546 787 1601 N0vilunium
821 1564 1004 1602 verum
1034 1552 1087 1603 in
1118 1555 1303 1605 eodem
1331 1562 1505 1607 tractu
1535 1569 1674 1607 com-

139 1634 364 1688 missum
402 1636 626 1690 estJulii
664 1656 734 1698 iv,
763 1640 891 1691 hora
915 1640 998 1702 12,
1030 1640 1133 1699 46’,
1174 1658 1295 1695 cum
1331 1644 1482 1698 locus
1513 1660 1671 1698 verus

96 1724 266 1778 'solis
291 1735 433 1781 esset
466 1728 517 1779 in
567 1726 911 1783 Geminorum
955 1732 1041 1795 29,
1086 1733 1184 1787 l9'.
1223 1734 1397 1798 Quare
1429 1737 1670 1803 sequenti

131 1814 238 1888 die,
278 1813 406 1869 hora
433 1817 618 1884 quinta
652 1821 910 1873 matutina
960 1821 1012 1873 in
1048 1823 1165 1890 ipso
1204 1823 1394 1877 Cancri
1441 1828 1671 1880 solstitio

128 1901 254 1956 fuit.
282 1903 333 1957 ln
380 1906 567 1959 eodem
611 1907 805 1962 Cancri
850 1910 1016 1979 gradu
1063 1913 1234 1981 primo
1272 1916 1584 1968 versabatur
1617 1927 1670 1971 et

1768 747 1874 793 tem
1905 740 2211 812 inciderint,
2245 748 2463 810 quotam
2504 740 2559 794 in
2612 742 2785 810 primo
2832 740 3032 797 Arietis
3071 745 3311 812 aequino-

1768 826 1937 879 ctium
1961 806 2183 881 vernum
2211 837 2522 897 occuparat.

1839 916 1949 972 Sub
1975 919 2185 972 initium
2220 935 2339 991 quae
2362 905 2748 986 Nabonassari,
2779 936 2900 975 cum
2924 919 3123 976 Arietis
3155 923 3309 977 stella

1768 1007 1821 1059 in
1857 1005 2090 1061 Piscium
2132 1008 2299 1077 gradu
2354 1009 2457 1062 sita
2496 1018 2640 1063 esset
2675 1009 2764 1073 25,
2816 1011 2871 1063 in
2913 1010 3309 1081 HeliOpolitano

1770 1104 1943 1150 tractu
1986 1098 2201 1165 obliqua
2231 1097 2331 1151 fuit
2375 1100 2623 1153 ascensio
2665 1099 2926 1167 graduum
2959 1101 3081 1166 550,
3110 1118 3171 1155 ac
3215 1102 3310 1157 dc-
3376 1142 3399 1155 ι

1771 1201 1885 1239 cem
1912 1188 2164 1255 gradibus
2187 1188 2509 1256 aequinoctio
2540 1195 2657 1242 erat
2685 1190 2942 1244 anterior.
2976 1192 3099 1261 Cyri
3125 1207 3307 1261 porro,

1770 1292 1833 1330 ac
1870 1275 2111 1331 Thaletis
2152 1278 2370 1339 saeculo,
2416 1278 2470 1330 in
2501 1279 2690 1333 eodem
2740 1281 2867 1340 situ,
2911 1279 3109 1335 Arietis
3154 1284 3310 1337 stella

1768 1368 1877 1435 jam
1928 1370 1991 1421 ad
2024 1368 2259 1423 Piscium
2298 1369 2367 1422 28
2400 1384 2707 1438 progressa,
2756 1373 3001 1425 ascensio
3033 1373 3132 1427 fuit
3173 1376 3312 1429 obli-

1772 1472 1877 1525 qua
1903 1457 2163 1525 graduum
2205 1458 2325 1521 552,
2357 1465 2518 1525 atque
2555 1462 2608 1511 in
2639 1466 2827 1512 octavo
2856 1461 3022 1527 gradu
3062 1463 3313 1515 commit-

1771 1547 1984 1600 tebatur
2014 1548 2413 1616 mquinoctium.
2446 1546 2567 1601 llaec
2600 1549 2651 1600 in
2691 1548 2856 1602 certis
2886 1551 3161 1617 signorum
3187 1566 3310 1619 par-

1771 1636 1915 1690 tibus
1944 1638 2345 1691 statuendorum
2378 1636 2655 1689 cardinum
2686 1637 2824 1689 ratio
2847 1626 3135 1691 idebntidem
3157 1634 3312 1693 adhi-

1770 1725 1884 1778 beri
1930 1726 2122 1792 potuit,
2159 1728 2455 1780 secundum
2498 1742 2560 1781 ea
2596 1742 2715 1797 qua:
2750 1743 2779 1781 e
2827 1726 2991 1782 Sexto
3041 1727 3309 1797 Empirico

1771 1831 1889 1885 cap.
1923 1815 1937 1866 Ι
1967 1816 2380 1870 declaravimus.

1842 1907 1945 1959 Sed
1994 1922 2100 1959 non
2153 1908 2331 1960 minus
2369 1914 2421 1960 et
2454 1908 2542 1960 illa
2590 1907 2882 1976 probabilis
2930 1916 3049 1974 est,
3095 1924 3211 1977 quae
3242 1924 3310 1962 ex

126 1994 326 2058 Sirius,
358 1997 448 2065 qui
474 2005 583 2050 tum
628 2008 805 2052 ortum
840 2004 1157 2056 matutinum
1203 2020 1321 2058 cum
1348 2007 1461 2060 sole
1506 2007 1669 2062 facie-

1770 1994 2069 2064 Hipparcho
2113 1995 2416 2063 colligitur,
2464 1997 2518 2048 in
2567 2012 2672 2063 qua
2731 1999 3007 2052 stellarum
3062 2000 3199 2052 situs
3254 1999 3309 2052 in

127 2084 223 2137 bat
253 2086 422 2154 prima
455 2088 539 2141 die
561 2088 756 2153 Thoth,
791 2108 909 2161 quae
937 2096 987 2146 iu
1018 2096 1263 2149 eumdem
1299 2097 1485 2150 incidit
1509 2099 1666 2153 diem.

193 2177 315 2232 Non
339 2179 560 2234 dubium
590 2191 673 2237 est
701 2184 829 2252 quin
870 2185 1200 2241 admirabilis
1224 2189 1309 2241 hic
1344 2204 1517 2242 rerum
1541 2206 1672 2258 qua-

122 2279 251 2319 tuor
287 2267 339 2320 in
374 2269 510 2322 ident
542 2277 753 2340 tempus
785 2288 1106 2336 concursus,
1133 2276 1437 2333 Neomcnia:
1472 2279 1668 2343 Thuth,

116 2358 271 2411 lunae
311 2359 499 2426 ipsius,
531 2368 683 2414 ortus
712 2363 842 2416 Sirii
874 2374 926 2417 et
949 2367 1186 2429 solstitii,
1218 2368 1356 2436 apud
1390 2367 1671 2438 Egyptios

113 2449 452 2525 singularem
496 2451 918 2507 observationem
967 2449 1240 2522 meruerit,
1297 2466 1356 2510 ut
1398 2458 1511 2511 hinc
1547 2474 1673 2527 pro-

113 2539 251 2593 inde
276 2540 503 2609 insignis
527 2543 731 2610 epocha
781 2543 963 2607 fuerit,
1008 2548 1223 2599 tametsi
1267 2549 1409 2600 trulla
1449 2548 1568 2616 ejus
1616 2550 1671 2601 in

110 2630 490 2683 monumentis
518 2640 753 2684 veterum
784 2635 1040 2687 memoria
1082 2637 1335 2703 supersit.
1382 2640 1554 2705 Atque
1582 2639 1670 2693 ille

110 2716 343 2771 demum
375 2734 547 2773 annus
570 2729 691 2775 ante
718 2721 1006 2790 'l‘rojanum
1024 2725 1290 2778 excidium
1307 2722 1666 2791 centesimus;

107 2814 245 2873 post
274 2808 644 2874 migrationem
672 2826 734 2862 ex
787 2810 1036 2880 A'Zgypto,
1082 2813 1485 2869 ducentesimus
1526 2818 1671 2871 vice-

104 2895 298 2949 simus
350 2897 607 2965 septimus
666 2906 879 2965 putatur
907 2901 961 2952 in
1012 2910 1193 2955 nostra
1226 2903 1599 2974 Chronologia,
1639 2922 1669 2960 a

104 3000 230 3053 quo
255 2984 382 3051 jure
413 2986 626 3054 quidem
662 2986 908 3043 Sothiaea
938 2992 1188 3058 periodus
1208 2994 1449 3049 inchoari
1476 2998 1665 3064 potuit.

186 3076 339 3129 llinc
375 3077 503 3130 illud
546 3076 831 3148 Porphyrii
875 3080 1010 3134 libro
1031 3081 1105 3135 De
1147 3092 1296 3136 antro
1334 3086 1672 3155 nympharum

100 3169 263 3221 idem
331 3166 657 3224 V’endelinus
714 3172 950 3240 exponit,
1014 3188 1135 3225 cum
1193 3176 1267 3227 ait
1316 3174 1595 3246 Egyptios
1642 3194 1672 3231 a

97 3259 358 3323 Cancro,
384 3261 458 3312 uti
505 3254 774 3316 Romanos
830 3278 857 3314 a
903 3262 1252 3331 Capricorno,
1291 3282 1486 3320 annum
1538 3268 1672 3320 inci-

1767 2087 2127 2154 aequinoctiali
2156 2086 2238 2159 vel
2262 2087 2638 2156 aequidistante
2655 2088 2859 2143 circulo
2877 2089 3193 2159 designatur
3215 2107 3312 2159 per

1769 2148 1983 2230 coluros
2011 2191 2039 2228 a
2060 2148 2245 2229 mundi
2276 2148 2399 2245 polo
2430 2191 2525 2245 per
2563 2185 2810 2235 centrum
2858 2148 3025 2232 stellae
3054 2148 3308 2247 trajet-tos

1770 2267 1834 2318 ad
1884 2266 2334 2333 aequinoctialem.
2388 2264 2537 2319 Hanc
2582 2268 2627 2320 si
2682 2269 2979 2336 sequimur,
3032 2269 3308 2339 aliquanto

1768 2356 1929 2409 etiam
1961 2355 2295 2410 commodius
2320 2355 2541 2422 incidet,
2569 2365 2780 2410 utanno
2808 2358 2922 2420 illo,
2956 2373 3114 2427 quem
3144 2374 3307 2427 supra

1770 2446 2108 2500 deﬁnivimus
2169 2454 2247 2500 tot
2300 2462 2480 2499 rerum
2534 2462 2803 2502 concursu
2868 2449 3304 2511 memorabilem,

1768 2539 2142 2607 aequinoctium
2184 2538 2237 2591 in
2280 2548 2429 2607 parte
2463 2538 2529 2591 15
2558 2539 2853 2608 contingat.
2886 2538 3019 2594 Nam
3063 2541 3305 2593 ascensio
3338 2544 3341 2545 ⁷

1768 2636 1913 2682 recta
1936 2630 2162 2697 partium
2188 2628 2455 2681 invenitur
2488 2628 2608 2692 546,
2632 2643 2772 2682 anno
2793 2629 2994 2697 periodi
3015 2626 3119 2684 Jul.
3143 2630 3303 2693 5l50,
3340 2672 3343 2675 .

1767 2719 1839 2771 ita
1871 2728 1928 2771 ut
1960 2719 2333 2787 aequinoctium
2362 2720 2581 2787 praecise
2615 2720 2666 2772 in
2698 2721 2922 2789 gradum
2948 2721 3015 2774 15
3041 2721 3304 2777 incurrat.

1766 2807 1924 2859 Anno
1968 2821 2093 2860 vero
2130 2804 2493 2868 Nabonassari
2540 2808 2713 2874 primo
2754 2806 2957 2875 periodi
3003 2804 3109 2862 Jul.
3142 2808 3303 2873 5967,

1770 2898 2017 2951 ascensio
2066 2904 2211 2949 recta
2264 2898 2493 2964 partium
2545 2903 2659 2949 erat
2700 2895 2820 2962 552,
2864 2895 2977 2962 Mf;
3009 2904 3306 2967 octavoque

1770 2988 1895 3041 inde
1926 2986 2089 3056 gradu
2121 2986 2495 3055 aequinoctium
2526 2986 2701 3041 ﬁebat.
3188 3003 3195 3009 ·

1839 3079 1963 3134 Haec
1994 3080 2256 3149 posterior
2281 3077 2564 3133 methodus
2594 3080 2759 3141 priori
2782 3096 2887 3135 non
2915 3090 2982 3135 eo
3009 3081 3179 3137 solum
3207 3095 3307 3135 no-

1769 3171 1914 3225 mine
1944 3170 2276 3238 praal‘erenda
2295 3162 2470 3233 venit,
2505 3171 2647 3239 quod
2671 3173 2909 3229 eamdem
2935 3188 3055 3226 cum
3089 3173 3179 3226 illa
3208 3188 3305 3243 op-

1772 3263 2155 3329 portunitatem
2182 3260 2429 3322 aﬂ'erens,
2474 3261 2576 3317 hoc
2614 3262 2772 3317 habet
2809 3264 3045 3331 insuper,
3084 3274 3139 3317 ut
3176 3262 3308 3333 Hip-

95 3362 287 3415 pere,
319 3356 477 3415 atque
517 3348 583 3400 ab
637 3357 826 3402 exortu
874 3324 1107 3406 Sothios.
1170 3324 1479 3421 Αξξτυπτξοις
1529 3356 1668 3426 ἀρχὴ
1697 3324 1737 3380 C
1772 3351 1955 3418 parchi
1987 3359 2352 3417 veterumque,
2403 3363 2469 3401 eo
2516 3361 2683 3413 teste,
2729 3352 2919 3404 rationi
2943 3414 2946 3418 η
2973 3351 3144 3419 magis
3180 3367 3307 3405 con-

98 3436 282 3497 ἑτους
314 3437 409 3503 οὐχ
442 3435 737 3504 ’Υδροχόοθ
771 3437 845 3498 ὼς
886 3437 1186 3507 Ῥωμαίοις,
1217 3441 1348 3493 ἀλλὰ
1380 3443 1664 3511 Καρκίνος.

90 3526 273 3596 Πρὸς
301 3526 407 3596 γὰρ
432 3524 509 3593 τῷ
537 3525 789 3595 Καρκίνῳ
821 3528 852 3596 ἡ
887 3527 1073 3592 Σῶθις,
1097 3532 1160 3600 ἢν
1194 3531 1363 3593 Κυνὸς
1400 3532 1599 3602 ἀστέρα
1622 3532 1671 3585 οἱ

90 3618 383 3687 Ἔλληνές
426 3636 573 3687 φασι.
608 3621 886 3690 Νουμηνια
918 3623 961 3675 δ’
1004 3625 1181 3687 αὐτοῖς
1215 3628 1246 3694 ἡ
1296 3626 1514 3688 Σώθεως
1546 3629 1673 3681 ἀνα-

82 3709 267 3777 τολὴ,
330 3709 589 3775 γενέσεως
643 3711 981 3781 κατάρχουσα
1024 3715 1119 3782 τῆς
1175 3717 1252 3778 εἰς
1302 3715 1390 3769 τὸν
1450 3716 1668 3787 κόσμον.

96 3818 119 3849 α
138 3798 428 3868 {Egyptii
457 3815 655 3853 annum
685 3802 969 3855 ordiuntur
1000 3820 1103 3857 nou
1130 3805 1196 3858 ab
1211 3805 1465 3874 Aquario,
1484 3818 1541 3859 ut
1565 3806 1674 3862 Ro-

80 3890 264 3941 mani
296 3908 308 3951 ;
334 3890 424 3943 sed
448 3904 475 3941 a
495 3890 717 3943 Cancro.
734 3890 866 3945 Huic
882 3894 1019 3947 enim
1039 3894 1189 3948 aﬂixa
1206 3895 1381 3951 Sothis
1393 3905 1493 3961 est,
1512 3914 1673 3966 quam

79 3980 289 4033 Canis
328 3980 534 4033 stellam
561 3980 729 4035 Graeci
759 3984 1060 4039 nominant.
1079 3984 1363 4041 Estautem
1389 3988 1521 4055 ipsis
1539 3988 1674 4042 Neo-

75 4070 306 4123 menia
340 4066 566 4124 Sotheos
608 4079 851 4134 exortus,
885 4087 1004 4142 qua:
1046 4076 1247 4129 mundo
1288 4079 1672 4145 procreationis

75 4155 341 4213 initium
364 4157 525 4212 dedit.
564 4180 581 4211 ι
618 4160 716 4214 llic
745 4162 811 4215 de
841 4163 996 4216 initio
1026 4162 1219 4218 Cancri
1255 4166 1401 4234 loqui
1432 4166 1668 4222 videtur.

74 4248 305 4313 Quare
342 4254 545 4315 tempus
564 4249 689 4301 illud
714 4251 1049 4318 potissimum
1087 4252 1349 4323 intelligit,
1374 4270 1480 4320 quo
1506 4262 1662 4308 ortus

69 4341 401 4393 cosmicus
431 4338 553 4392 Sirii
579 4339 636 4392 in
659 4340 853 4393 Cancri
891 4341 1214 4410 principium
1246 4343 1496 4395 incurrit.
1540 4343 1677 4408 Quo-

68 4432 253 4483 circa
294 4467 315 4490 ,
355 4428 420 4491 si,
460 4438 518 4482 ut
561 4428 755 4484 Sextus
795 4430 1100 4499 Empiricus
1139 4440 1191 4485 et
1244 4431 1546 4487 Macrobius
1579 4435 1675 4487 do-

68 4527 259 4579 cent,
308 4516 741 4572 dodecatcmoria
757 4520 984 4587 primum
1015 4535 1080 4575 ex
1111 4521 1481 4576 observatione
1510 4523 1675 4576 stellas

62 4594 453 4679 cujuspiam,
484 4616 536 4663 et
559 4609 974 4665 succedentibus
998 4611 1375 4665 ascensionum
1414 4612 1668 4681 gradibus
1700 4634 1745 4690 ι)

57 4695 380 4769 aequabili
409 4696 695 4764 partitione
716 4699 1010 4751 constituta
1024 4707 1170 4759 sunt,
1197 4701 1272 4752 uti
1303 4702 1479 4769 capite
1497 4702 1671 4769 primo

56 4783 498 4848 meminimus,
536 4786 712 4855 potuit
755 4801 850 4853 per
888 4786 1019 4839 illud
1058 4789 1367 4857 tempus'ab
1404 4788 1670 4859 [Egyptiis

54 4879 281 4948 prima
317 4874 416 4926 illa
464 4875 638 4928 notari
677 4876 828 4930 stella
867 4875 1097 4939 Arietis,
1139 4878 1206 4930 ab
1232 4893 1399 4947 eaque
1432 4894 1674 4947 segmen-

50 4979 287 5020 turum
364 4964 555 5019 divisio
624 4967 940 5034 procedere;
1018 4981 1079 5019 ac
1145 4974 1256 5020 tum
1328 4968 1383 5020 in
1442 4968 1674 5021 medium

50 5056 263 5128 primi
310 5051 740 5107 dodecatemorii
788 5070 1010 5108 vernum
1051 5056 1429 5124 azquinoetium
1474 5057 1675 5111 incide—

48 5160 155 5207 ret
185 5171 201 5205 :
248 5147 448 5218 quod,
481 5148 646 5203 semel
670 5149 739 5202 ab
780 5150 886 5204 illis
914 5150 1207 5214 decretum,
1240 5151 1307 5204 ad
1343 5151 1545 5222 aliquot
1576 5167 1676 5207 saa—

46 5243 203 5297 cula
288 5244 661 5308 propagatum
711 5238 895 5302 fuerit,
930 5241 1100 5295 donec
1140 5241 1477 5309 μετάπτωσις
1513 5244 1677 5297 stellae

46 5333 254 5387 istius
299 5329 375 5381 in
428 5328 813 5396 consequentia
858 5330 1092 5384 discerni
1135 5332 1385 5385 sensibus
1436 5341 1617 5399 posset
1658 5351 1671 5386 :

46 5440 122 5478 ac
151 5416 530 5487 singillatim
551 5416 859 5494 duodecim,
888 5427 1030 5482 octo,
1066 5434 1177 5483 sex,
1206 5426 1504 5489 quatuorve
1535 5428 1675 5474 tem-

46 5512 336 5585 poribus
362 5507 710 5578 ἀναφορικοίς
721 5509 1102 5576 aequinoctium
1128 5518 1505 5565 anteverteret.
1527 5510 1679 5565 Unde

47 5604 351 5659 varietas
388 5596 483 5648 illa
509 5598 897 5651 sententiarum
931 5614 1093 5667 super
1131 5600 1412 5653 cardinum
1441 5615 1680 5677 momen-

46 5700 125 5750 lis
198 5699 435 5746 ortum
486 5687 733 5740 habuerit
766 5690 998 5741 :etenim
1046 5691 1205 5756 primi
1258 5690 1678 5743 dodecatemorii

48 5787 236 5841 Initio
278 5775 634 5839 constituto,
672 5786 864 5831 caetera
913 5778 1168 5846 deinceps
1217 5780 1468 5850 aquabili
1508 5780 1676 5847 parti-

45 5880 225 5930 jgone
263 5864 561 5924 distincta
585 5872 748 5927 sunt;
784 5880 847 5917 ex
884 5880 990 5932 quo
1023 5864 1222 5920 factum
1265 5877 1366 5933 est,
1397 5867 1585 5935 reliqui
1620 5876 1717 5949 ut‘

403 5954 673 6019 Pnao‘t.
704 5956 820 6015 Gn.
845 5956 1011 6017 XIX.

1770 3448 2024 3495 sentanea
2051 3440 2143 3503 sit,
2174 3441 2265 3495 sed
2289 3441 2447 3494 etiam
2479 3442 2622 3510 quod
2653 3440 2779 3493 illud
2811 3440 3044 3499 exhibet,
3078 3449 3135 3494 ut
3159 3441 3303 3493 circa

1768 3530 2130 3585 Nabonassari
2182 3533 2437 3600 epocham
2493 3533 2546 3585 in
2592 3538 2831 3585 octavam
2886 3530 3304 3584 dodecatemorii

1769 3633 1971 3691 partem
1997 3623 2375 3693 aequinoctium
2404 3629 2685 3692 competat.
2717 3620 2842 3677 Haec
2866 3622 3006 3675 enim
3041 3618 3106 3675 εἰ
3131 3622 3307 3674 omni-

1772 3711 1873 3765 bus
1899 3712 2096 3769 usitata
2134 3712 2366 3766 maxime
2394 3726 2457 3764 ac
2484 3712 2694 3780 longius
2736 3711 2802 3764 ad
2831 3717 3075 3780 posteros
3110 3724 3305 3779 propa-

1772 3813 1892 3872 gata
1917 3803 2130 3856 videtur
2153 3802 2355 3870 opinio,
2384 3816 2502 3870 qua:
2529 3801 2774 3855 cardines
2794 3801 3000 3854 octavis
3029 3800 3306 3869 signorum

1772 3892 2014 3960 partibus
2046 3891 2282 3960 illigabat
2317 3892 2493 3961 :quod
2527 3891 2659 3945 adeo
2685 3891 2783 3945 sub
2828 3890 3106 3944 exordium
3150 3888 3309 3951 nobi-

1770 3982 1989 4036 lissimze
2010 3982 2152 4036 illius
2177 3997 2296 4036 certe
2323 3983 2667 4035 constitutum
2698 3998 2726 4034 a
2756 3981 3016 4035 Chaldasis
3048 3980 3101 4033 in
3134 3978 3308 4049 Baby;

1736 4108 1740 4111 η
1772 4073 1915 4125 lonia
1947 4072 2114 4127 fuisse
2148 4072 2271 4141 jure
2302 4073 2566 4142 suspicari
2610 4072 2749 4135 licet,
2796 4072 3025 4140 indeque
3054 4070 3121 4124 ad
3150 4077 3309 4124 caete-

1772 4176 1863 4216 τος
1895 4176 2163 4217 manasse.

1840 4250 2152 4319 Ammianus
2196 4249 2535 4305 Marcellinus
2579 4250 2714 4305 libro
2738 4247 2923 4315 XXVI,
2964 4248 3054 4303 ubi
3086 4248 3151 4302 de
3182 4246 3310 4303 bil-

1773 4346 1926 4392 sexto
1950 4340 2079 4406 agit,
2104 4340 2340 4395 indicare
2360 4341 2572 4396 videtur
2601 4341 2656 4394 in
2683 4341 2880 4394 Arietis
2902 4338 3138 4395 secunda
3159 4344 3310 4407 parte

1774 4427 2043 4480 cardinem
2079 4435 2328 4482 constare
2355 4442 2419 4483 ex
2454 4437 2887 4483 astronomorum
2921 4435 3160 4481 veterum
3184 4440 3312 4481 sen-

1777 4515 1971 4577 tentia;
2003 4530 2125 4567 uam
2166 4514 2448 4580 Melonem,
2487 4516 2882 4580 Euetemonem,
2920 4515 3305 4585 Hipparchum,

1772 4612 1825 4659 et
1875 4604 2245 4658 Archimedem
2302 4612 2582 4667 recenset,
2643 4614 2695 4659 et
2748 4621 2946 4660 annum
3012 4613 3309 4659 vertentem

1770 4692 2031 4760 explicat,
2081 4711 2098 4743 ι
2127 4702 2185 4745 ut
2229 4695 2391 4747 verbo
2424 4702 2612 4769 tenus,
2668 4696 2713 4747 si
2777 4709 2807 4747 a
2845 4692 3081 4750 secunda
3134 4691 3309 4743 elatus

1772 4781 1967 4837 Arietis
2010 4782 2076 4835 ad
2118 4799 2233 4838 eam
2285 4784 2619 4839 dimensione
2672 4785 2889 4839 redierit
2937 4782 3244 4844 terminata,
3283 4797 3303 4830 ο

1771 4889 1929 4942 quem
1972 4874 2247 4930 cardinem
2280 4877 2518 4945 proxime
2565 4884 2689 4929 ante
2740 4874 3061 4929 nominarat.
3106 4870 3311 4924 Circuli

1774 4964 1911 5032 apud
1947 4966 2198 5034 antiquos
2229 4968 2283 5020 in
2306 4974 2485 5035 partes
2520 4966 2795 5035 sexaginta
2824 4960 3225 5022 dividebantur,
3250 4969 3312 5012 ut

1775 5068 1936 5122 supra
1969 5058 2281 5110 memoravi.
2309 5056 2447 5125 Ergo
2480 5055 2707 5123 singulis
2737 5052 3185 5107 dodecatemoriis
3210 5052 3312 5103 im-

1774 5153 1973 5211 putata
2005 5157 2130 5198 sunt
2160 5146 2432 5214 quinque,
2481 5159 2708 5214 quarum
2750 5156 3082 5212 unaquaeque
3114 5139 3310 5209 gradus

1777 5220 2065 5289 hodie-rues
2113 5237 2340 5291 habebat
2377 5252 2489 5291 sex.
2535 5236 2713 5305 Itaque
2765 5243 2989 5289 octavus
3034 5231 3311 5300 signorum

1776 5324 1972 5392 gradus
2017 5326 2083 5379 ad
2135 5327 2424 5381 secundam
2474 5328 2792 5397 pertinebat.
2830 5325 2939 5377 Hoc
2977 5330 3157 5375 utrum
3206 5318 3314 5373 sibi

1775 5414 2004 5469 voluerit
2038 5418 2373 5477 Ammianus,
2405 5419 2743 5487 cogitandum
2778 5415 3008 5483 amplius
3036 5421 3136 5467 est.

1845 5511 2011 5563 Porro
2039 5508 2263 5561 Metonis
2291 5516 2343 5561 et
2368 5506 2571 5560 Eudoxi
2597 5519 2853 5572 tempore,
2890 5520 3010 5557 cum
3028 5503 3137 5569 jam
3161 5498 3316 5552 stella

1779 5598 1949 5667 prima
1979 5597 2177 5649 Arietis
2204 5596 2437 5648 Piscium
2471 5593 2730 5661 graduum
2758 5592 2849 5655 29,
2878 5604 3048 5657 eoque
3078 5587 3310 5654 amplius

1779 5687 2063 5754 attigisset,
2093 5687 2193 5738 hoc
2236 5694 2316 5737 est
2355 5682 2683 5735 tricesimum
2718 5682 2845 5742 fere,
2881 5676 3127 5732 ascensio
3164 5681 3308 5727 recta

1780 5776 2039 5844 graduum
2084 5784 2201 5829 erat
2240 5774 2343 5827 357
2376 5773 2487 5829 fere
2514 5792 2528 5826 :
2555 5773 2633 5824 sic
2686 5778 2745 5823 ut
2792 5770 2843 5821 in
2893 5774 3145 5835 quartum
3192 5762 3318 5815 inde

1780 5867 2001 5939 gradum
2030 5865 2410 5934 aequinoetium
2431 5864 2665 5919 caderet.
2696 5858 2951 5916 Ascensio
2975 5862 3153 6007 augem
3182 5850 3317 5906 obli-

2855 5962 2859 5966 ’
3006 5950 3036 6007 ιι

2855 5962 2859 5966 ‘
3006 5950 3036 6008 ιι
