4046 6320
774 389 911 444 1555

773 595 876 648 hoc
908 603 1064 664 pacto
1099 596 1183 648 vel
1221 595 1280 646 in
1315 603 1509 661 quarto
1545 594 1709 663 gradu
1741 596 1956 657 Arietis,
2007 598 2085 650 vel
2132 597 2185 650 in
2222 611 2308 650 se-

771 685 958 755 ptimo,
988 687 1104 754 [aut
1147 693 1338 738 octavo
1381 685 1634 738 collocari
1683 686 1855 753 potuit
1905 688 2304 756 aequinoctium.

772 773 1010 840 Quarum
1048 775 1358 842 opinionum
1397 770 1616 845 vestigia
1669 776 1722 829 in
1766 777 2125 846 scriptoribus
2168 777 2307 831 anti-

771 869 893 936 quis
924 876 979 920 et
1012 863 1476 934 parapcgtnalibus
1511 876 1851 938 occurrunt“

843 955 1081 1009 Tandem
1125 956 1379 1024 singulari
1425 959 1769 1012 astronomiae
1799 958 1940 1013 bono
1970 956 2306 1028 Hipparchus

772 1048 980 1100 exstitit
1009 1063 1021 1098 :
1047 1047 1198 1113 cujus
1227 1055 1462 1115 tempore
1507 1049 1661 1101 stella
1691 1048 1876 1103 eadem
1911 1048 2108 1102 Arietis
2131 1048 2306 1116 prima

775 1138 831 1188 in
854 1136 1268 1190 dodccatemorii
1292 1138 1448 1206 primi
1472 1137 1678 1191 zodiaci
1711 1147 1860 1206 parte
1889 1139 2121 1208 amplius
2146 1139 2306 1192 tertia

773 1228 1090 1282 versabatur
1125 1247 1135 1281 :
1169 1228 1430 1296 siquidem
1482 1243 1624 1284 anno
1652 1230 1854 1298 periodi
1883 1229 1990 1283 Jul.
2028 1228 2164 1283 4552
2188 1239 2308 1283 erat

775 1318 830 1373 in
861 1319 1057 1372 Arietis
1087 1317 1138 1383 3,
1169 1320 1212 1373 9’
1236 1320 1472 1384 circiter,
1499 1321 1746 1374 ascensio
1771 1329 1916 1373 recta
1950 1322 2003 1372 in
2030 1321 2147 1387 ipso
2170 1334 2305 1387 pra:-

741 1421 746 1431 ‘
773 1411 886 1464 cise
902 1419 1099 1479 puncto
1123 1426 1296 1465 verna:
1315 1414 1589 1473 sectionis,
1612 1427 1801 1479 nempe
1821 1411 2048 1480 partitnu
2063 1412 2184 1472 559,
2203 1410 2304 1463 58'.

773 1502 911 1572 Ergo
940 1504 1028 1556 ille
1060 1518 1166 1570 pra:
1195 1505 1403 1561 caneris
1427 1504 1621 1556 solaris
1653 1503 2021 1555 conversionis
2059 1501 2307 1554 cardines

775 1593 905 1662 ipsis
944 1594 1410 1662 aequinoctialibus
1461 1593 1928 1652 intersectionibus
1971 1608 2033 1645 ac
2077 1593 2306 1646 circulo—

739 1690 891 1735 ‘rum
947 1683 1286 1736 contactibus
1347 1683 1579 1736 asseruit
1630 1703 1642 1736 :
1693 1683 1832 1751 quod
1882 1683 2058 1748 idem,
2120 1685 2305 1751 pastis

772 1774 1029 1840 exceptis,
1076 1772 1485 1826 mathematicos
1533 1788 1720 1826 omnes
1767 1773 2018 1840 antiquos
2068 1773 2306 1827 tenuisse

775 1865 1089 1927 conﬁrmat;
1138 1873 1320 1918 contra
1373 1879 1530 1932 quam
1571 1864 1812 1932 plerique
1867 1881 1930 1918 ex
1971 1865 2086 1932 ipsa
2139 1864 2302 1918 etiam

776 1951 1087 2019 antiquitate
1117 1951 1371 2011 sentiunt.
1412 1953 1475 2004 At
1513 1953 1584 2004 illi
1619 1954 1742 2021 ipsi,
1772 1953 1864 2022 qui
1896 1954 2020 2006 alibi
2055 1967 2215 2019 quam
2249 1952 2304 2004 in

777 2042 1047 2109 signorum
1078 2040 1245 2096 initiis
1275 2042 1523 2094 cardines
1549 2041 1964 2106 constituerunt,
1995 2057 2100 2095 non
2126 2042 2218 2106 ita,
2247 2048 2306 2092 ut

777 2128 1011 2200 Scaliger
1052 2132 1341 2184 arbitratur
1383 2132 1469 2200 (de
1509 2146 1616 2200 quo
1664 2146 1763 2185 nos
1793 2131 1976 2200 postea
2017 2132 2302 2197 dicemus),

723 2284 726 2288 I
777 2237 884 2275 rem
909 2222 1051 2275 illam
1076 2222 1540 2284 administrarunt,
1572 2231 1628 2275 ut
1661 2230 1851 2274 octavo
1877 2221 2048 2275 aliove
2077 2227 2198 2289 post
2227 2220 2306 2271 in-

776 2311 1123 2364 tersectiones
1162 2311 1248 2364 vel
1279 2319 1559 2363 contactus
1603 2310 1769 2377 gradu
1818 2310 1929 2362 ﬁeri
1965 2308 2303 2377 aequinoctia,

779 2399 858 2452 vel
889 2400 1114 2454 solstitia
1150 2400 1433 2461 sentirent,
1466 2399 1557 2454 sed
1593 2401 1688 2464 ita,
1725 2409 1783 2452 ut
1825 2400 2041 2455 eosdem
2083 2383 2303 2470 gradus,

776 2505 913 2558 quos
955 2490 1045 2543 alii
1087 2489 1634 2545 dodecatemoriorum
1680 2491 1881 2559 primos
1926 2505 2046 2546 esse
2089 2489 2304 2552 vellent,

778 2580 876 2646 ipsi
914 2586 1131 2634 octavos
1161 2594 1190 2633 a
1220 2579 1414 2649 primo,
1455 2580 1682 2648 exempli
1723 2595 1908 2644 causa,
1945 2579 2300 2632 nominarent.

776 2670 1001 2738 Utrique
1024 2685 1148 2724 vero
1188 2686 1294 2724 non
1334 2669 1485 2735 alibi,
1534 2685 1691 2740 quam
1740 2671 1794 2724 in
1821 2670 2142 2723 circulorum
2185 2685 2306 2721 συν-

777 2764 958 2827 αφαῖς,
988 2768 1040 2814 et
1060 2761 1544 2822 commissionibus,
1569 2761 2008 2830 acquinoctiorum
2038 2774 2099 2811 ac
2125 2760 2304 2813 solsti-

777 2851 972 2904 tiorum
997 2858 1194 2920 puncta
1221 2851 1469 2905 fixerunt.

849 2943 926 2996 Ex
953 2959 1060 3012 quo
1092 2942 1168 3005 id,
1197 2942 1406 3009 opinor.
1448 2941 1664 3003 accidit,
1708 2947 1765 2992 ut
1795 2939 1862 2992 ah
1893 2941 2136 3008 ingressu
2179 2940 2307 2993 solis

777 3041 832 3092 in
855 3037 1007 3105 signa
1028 3031 1407 3101 mquinoctium
1430 3039 1483 3084 et
1510 3031 1796 3085 solstitium
1821 3040 2102 3098 utrumque
2123 3040 2307 3100 postea

777 3125 1211 3192 distingueretur.
1249 3120 1325 3172 lla
1357 3119 1496 3173 enim
1530 3119 1668 3188 apud
1693 3117 2008 3183 Varronem,
2038 3117 2306 3172 Columel-

778 3216 903 3274 lam,
934 3211 1186 3272 Plinium.
1218 3207 1486 3272 Ovidium,
1529 3216 1582 3262 et
1613 3209 1668 3262 in
1697 3208 2030 3264 Kalendariis
2070 3211 2304 3279 antiquis

778 3305 1109 3366 observabis,
1159 3311 1316 3369 atque
1349 3301 1402 3354 in
1431 3315 1494 3354 eo
1517 3299 1660 3370 quod
1687 3315 1753 3355 ex
1792 3299 1896 3355 illis
1923 3299 2303 3353 concinnatum

778 3395 1060 3462 edidimus,
1093 3395 1194 3447 hoc
1221 3394 1274 3446 in
1298 3407 1458 3461 opere
1477 3393 1620 3460 (pag.
1651 3389 1762 3458 60).
1784 3388 1862 3443 lbi
1892 3390 2034 3444 enim
2063 3389 2195 3444 solis
2219 3390 2304 3442 in-

780 3484 975 3538 troitus
1007 3484 1060 3534 in
1088 3481 1238 3551 signa
1287 3482 1580 3536 cardinalia
1624 3489 1811 3540 octavo
1856 3479 2074 3534 circiter
2105 3480 2192 3534 die
2217 3494 2308 3548 po-

781 3573 927 3636 nijur
950 3579 1075 3625 ante
1109 3572 1434 3640 aequinoctia
1480 3571 1843 3642 solstitiaque;
1873 3572 1985 3623 tum
2008 3569 2190 3622 eadem
2222 3585 2308 3623 ra-

779 3662 924 3714 tione
955 3659 1155 3728 reliqua
1179 3659 1231 3712 in
1265 3660 1416 3727 signa
1446 3660 1574 3714 solis
1620 3660 1894 3735 ingressus
1933 3660 2305 3720 antevertitur.

779 3750 931 3816 Quod
971 3750 1128 3804 etiam
1181 3749 1462 3818 rhapsodia
1511 3750 1600 3802 illa
1645 3751 1884 3818 sequitur
1939 3751 2041 3805 sub
2093 3749 2310 3804 nomine

783 3841 1044 3896 Ptolemaei
1087 3855 1118 3894 a
1163 3840 1397 3896 Leonico
1424 3840 1612 3895 Latine
1653 3825 1883 3910 primum
1922 3843 2084 3906 edita,
2116 3842 2171 3895 in
2203 3855 2308 3909 qua

779 3941 956 3985 tamen
989 3931 1125 3986 inter
1146 3929 1446 4000 ingressum
1473 3930 1626 3991 solis,
1659 3938 1710 3984 et
1742 3929 2067 3998 aequinoctia
2098 3943 2160 3981 ac
2203 3928 2309 3981 sol-

781 4023 944 4086 stitia,
982 4036 1089 4076 non
1129 4021 1270 4074 idem
1313 4025 1628 4074 constanter
1653 4019 1996 4074 intervallum
2029 4019 2305 4072 statuitur.

781 4113 848 4163 At
895 4113 946 4164 in
980 4126 1043 4164 eo
1078 4109 1346 4181 Ptolemaei
1385 4109 1689 4186 libro_(pag.
1717 4110 1828 4176 5'2),
1871 4124 2029 4176 quem
2080 4111 2308 4177 primum

780 4202 1063 4262 edidimus,
1093 4198 1397 4253 uniusmodi
1424 4198 1703 4252 cardinum
1735 4213 1905 4267 genus
1947 4208 2030 4252 est
2061 4198 2126 4251 ad
2155 4212 2311 4250 accu-

782 4290 1031 4343 ratiorem
1063 4294 1493 4342 astronomorum
1521 4286 1784 4340 calculum
1815 4294 2080 4348 exactum,
2106 4295 2157 4339 et
2183 4284 2309 4338 Pto-

782 4380 947 4433 lemaei
982 4377 1177 4431 saeculo
1200 4391 1519 4446 congruens.
1713 4367 1716 4370 ’

1732 389 1820 442 AD
1858 389 2121 444 EUSEBH
2156 387 2545 444 CHRONICON
2584 389 2938 444 APPE‘NDIX.

669 563 680 570 ,
771 520 878 574 qua
913 495 1136 557 Athenis
1161 503 1271 558 fere
1293 501 1712 573 352,.lleliopoli
1738 505 1842 557 555
1869 505 2122 558 circiter:
2151 515 2310 573 atque
2335 512 2384 565 Α
2410 505 2690 560 collocavit
2723 526 2734 559 :
2761 506 2816 560 in
2861 520 3031 574 eoque
3071 504 3413 574 pertinacius
3453 501 3716 558 obluctari
3757 505 3927 560 institit

3821 390 3930 445 155ιὸ

2409 595 2666 650 adversus
2715 595 3003 666 Hipparcbi
3046 595 3510 662 astmnomiarque
3551 596 3782 663 placita:
3817 599 3925 652 adeo

2409 687 2644 756 quidem,
2682 697 2740 741 ut
2770 687 2920 741 Beda:
2944 701 3160 756 quoque
3188 687 3551 755 temporibus,
3580 701 3644 739 ac
3671 688 3923 757 deinceps,

2407 778 2545 831 idem
2581 778 2933 845 perseverarit
2969 791 3143 840 error,
3189 776 3337 845 quod
3386 777 3534 830 illius
3566 777 3922 832 Kalendarum

2406 869 2578 931 docet,
2621 869 2675 922 in
2704 885 2810 937 quo
2836 878 2955 922 octo
2982 866 3094 922 fere
3134 868 3329 922 diebus
3366 879 3492 922 ante
3520 868 3854 938 aequinoctia,
3883 877 3924 924 et

2407 958 2633 1012 solstitia
2676 960 2804 1014 solis
2841 959 2894 1012 in
2923 959 3075 1027 signa
3114 959 3371 1012 introitus
3415 959 3728 1029 ascribilur.
3771 961 3922 1029 Atque

2404 1045 2517 1099 haec
2541 1053 2624 1102 est
2649 1062 2680 1100 e
2704 1047 2914 1102 duabus
2937 1049 3102 1103 altera
3121 1049 3262 1102 ratio
3285 1049 3581 1103 secundum
3613 1065 3773 1119 quam
3801 1055 3922 1104 acci-

2405 1136 2531 1190 dere
2572 1137 2811 1206 potuisse
2852 1139 3106 1199 dir-imus.
3147 1146 3207 1190 ut
3249 1139 3319 1191 ab
3375 1140 3722 1193 astronomia:
3758 1142 3919 1209 peritis

2405 1227 2509 1279 alio
2559 1227 2610 1278 in
2650 1228 2840 1295 gradu,
2870 1232 3108 1296 quam'in
3147 1227 3323 1298 primo
3363 1227 3916 1286 dodecatemoriorum,

2403 1316 2652 1369 cardines
2682 1316 2840 1370 deﬁxi
2873 1318 2997 1370 sint.
3033 1315 3322 1384 Postquam
3348 1316 3493 1367 enim
3521 1327 3575 1368 et
3608 1331 3674 1400 εἰ
3713 1316 3917 1385 plurium

2405 1406 2768 1474 antiquorum,
2807 1413 2866 1458 ut
2887 1404 3220 1473 Hipparchus
3246 1412 3544 1464 asseverat,
3573 1406 3851 1466 sententia,
3878 1415 3917 1456 et

2405 1496 2692 1566 Hipparchi
2725 1497 2895 1565 ipsius
2925 1498 3245 1552 auctoritate
3277 1497 3572 1550 constituta
3607 1510 3696 1548 res
3732 1506 3831 1555 est,
3857 1500 3915 1548 uti

2405 1592 2680 1660 signorum
2709 1589 3060 1644 cardinalium
3096 1589 3248 1642 initia
3279 1589 3345 1641 ab
3386 1590 3730 1657 :equinoctiis
3760 1589 3918 1642 solsti-

2404 1680 2604 1748 tiisque
2635 1679 2981 1741 ducerentur,
3012 1693 3135 1732 cum
3164 1679 3217 1731 id
3243 1686 3418 1732 tamen
3443 1679 3588 1748 vulgi
3622 1694 3687 1734 ac
3717 1679 3918 1732 rustice-

2408 1785 2521 1822 rutu
2552 1785 2616 1822 ex
2646 1771 2839 1823 animis
2869 1770 3176 1837 extorqueri
3203 1785 3307 1822 non
3340 1780 3544 1838 posset,
3575 1771 3708 1838 quin
3739 1773 3917 1822 octavis

2406 1859 2457 1910 in
2490 1859 2752 1926 partibus,
2790 1867 2881 1910 aut
2917 1859 3058 1918 aliis,
3097 1869 3255 1926 quam
3287 1859 3340 1912 in
3379 1859 3592 1926 primis,
3623 1862 3914 1928 mquinortia

2405 1957 2453 2001 ct
2479 1948 2707 2001 solstitia
2737 1948 2992 2000 committi
3022 1949 3320 2013 crederent,
3356 1949 3606 2002 nonnihil
3630 1950 3698 2002 ab
3722 1950 3912 2004 artiﬁce

2403 2039 2504 2091 bus
2535 2039 2792 2107 indulgeri
2831 2040 3072 2106 opinioni
3100 2041 3174 2093 illi
3199 2041 3390 2108 potuit.
3419 2040 3688 2105 Quocirca
3727 2043 3814 2111 qui
3837 2057 3914 2092 rn-

2405 2131 2624 2184 sticanis
2693 2131 2997 2186 hominibus
3067 2133 3433 2201 ephemeridas
3498 2141 3556 2186 et
3621 2134 3914 2187 Kalendaria

2405 2223 2737 2287 scribebant,
2781 2231 2838 2275 ut
2881 2239 3065 2277 eorum
3120 2224 3299 2294 captui
3340 2233 3499 2293 atque
3553 2225 3744 2278 usibus
3781 2226 3915 2278 obseo

2407 2319 2715 2379 querentur,
2760 2323 2881 2366 ante
2911 2314 3027 2366 dics
3071 2314 3212 2380 illos,
3245 2331 3380 2383 quos
3424 2317 3569 2369 veris
3612 2324 3707 2367 aut
3747 2316 3914 2367 mediis

2406 2402 2713 2457 cardinibus
2754 2400 3140 2464 attribuerunt,
3193 2405 3446 2458 introitus
3484 2406 3548 2457 in
3602 2406 3751 2473 signa
3803 2405 3913 2456 solis

2406 2493 2690 2548 adnotasse
2709 2494 2975 2548 videntur.
2999 2495 3176 2565 Atque
3200 2496 3300 2548 hoc
3331 2497 3396 2548 de
3423 2496 3686 2565 Sosigcne
3715 2512 3914 2564 μητίετ-

2406 2582 2498 2634 tim
2544 2585 2805 2650 suspicari
2852 2589 3136 2639 convenit:
3168 2585 3325 2654 cujus
3372 2602 3435 2640 ex
3488 2586 3642 2641 fastis
3695 2587 3910 2640 hausisse

2405 2681 2623 2742 apparet
2661 2674 2750 2726 illa
2793 2673 3107 2741 Varronem,
3139 2675 3424 2746 Hyginum,
3468 2675 3740 2739 Ovidium,
3774 2677 3912 2731 Colu-

2405 2764 2634 2826 mellam,
2673 2773 2723 2817 et
2750 2763 2996 2830 Plinium,
3027 2781 3145 2833 qua:
3167 2774 3289 2819 cum
3319 2768 3595 2820 communi
3627 2768 3752 2822 ista.
3776 2781 3913 2836 quam

2404 2851 2537 2914 dixi,
2571 2853 2919 2919 persuasione
2967 2855 3030 2907 ab
3064 2855 3254 2908 iisdem
3296 2864 3658 2909 consentanea
3703 2856 3914 2924 produn-

2405 2948 2512 2993 tur.
2544 2941 2644 2993 Sed
2671 2958 2841 3010 neque
2860 2943 3166 3013 Sosigenes,
3189 2961 3366 3013 neque
3389 2955 3633 2998 veterum
3655 2948 3912 3015 quisquam

2407 3044 2471 3081 co
2499 3030 2676 3092 modo,
2708 3046 2864 3098 quem
2898 3033 3064 3097 ﬁnxit,
3099 3048 3162 3085 ac
3191 3036 3467 3088 nonnullis
3495 3037 3741 3104 probarit
3765 3036 3912 3089 Scali-

2407 3131 2519 3184 ger,
2553 3118 3013 3185 azquinoctiorum,
3044 3122 3504 3193 solstitiorumque
3550 3137 3814 3178 momenta
3843 3127 3912 3178 di-

2410 3208 2570 3260 vulsit
2615 3209 2682 3260 ab
2733 3209 3006 3276 signorum
3065 3211 3420 3280 ingressibus,
3484 3222 3544 3267 ut
3587 3215 3686 3268 hos
3738 3217 3914 3269 scilicet

2406 3307 2726 3367 prazpostere
2767 3308 2888 3352 ante
2928 3300 3016 3352 illa
3046 3311 3284 3368 poneret.
3325 3302 3480 3366 Quod
3511 3312 3574 3355 ut
3612 3319 3719 3355 non
3756 3308 3912 3360 senui,

2405 3387 2476 3439 ita
2507 3402 2611 3441 non
2635 3388 2850 3456 saapius,
2880 3405 3038 3458 quam
3068 3407 3290 3445 necesse
3329 3403 3431 3454 est,
3463 3393 3548 3447 his
3583 3399 3640 3448 in
3670 3395 3816 3447 libris
3846 3409 3912 3443 re—

2404 3477 2667 3558 petimus;
2699 3493 2760 3530 ac
2777 3493 2843 3530 ne
2873 3479 3000 3547 quid
3027 3479 3282 3550 deinceps
3311 3483 3670 3539 haesitatiouis
3707 3499 3795 3539 aut
3816 3503 3914 3537 rna-

2405 3569 2675 3622 troversim
2716 3577 2898 3635 restet,
2940 3572 3183 3638 sequenti
3225 3574 3402 3641 capite
3441 3576 3744 3643 pleniorem
3789 3580 3914 3643 hujus

2405 3657 2479 3711 rei
2516 3657 2687 3711 ideam
2715 3655 2890 3712 facere
2921 3661 3260 3714 conabimur.

3007 3771 3234 3826 CAPUT
3271 3772 3337 3826 ν.

2410 3856 2752 3930 "lustrantur
2776 3861 2979 3918 uberius
3010 3863 3342 3930 antiquorum
3371 3867 3643 3919 sententia:
3678 3867 3745 3919 de
3773 3868 3911 3918 tersi-

2444 3957 2447 3960 -
2473 3928 2620 3982 nibus
2646 3932 2830 4004 annuis
2848 3946 2865 3992 ;
2882 3947 2962 4004 ac
2981 3928 3395 4004 doceturcontra
3428 3935 3779 4004 Scaligcmm.
3815 3953 3911 3986 naso

2473 4013 2627 4069 quam
2655 3999 2717 4069 ab
2743 4000 2807 4051 iis
2838 3999 2982 4063 alibi,
3007 4017 3160 4069 quam
3194 4002 3246 4054 in
3276 3999 3595 4056 circulorum
3621 4007 3911 4058 commissis-

2477 4065 2646 4144 itib‘us,
2667 4068 2797 4144 illos
2829 4085 2936 4144 esse
2953 4065 3257 4144 constitutos
3275 4086 3294 4133 ;
3331 4084 3437 4144 lunt
3462 4075 3523 4126 de
3553 4072 3836 4144 Sosigeuia,
3860 4075 3912 4123 rei

2477 4133 2612 4187 Julii
2658 4135 2884 4208 (laseris
2930 4139 3255 4208 mquinoctiis
3308 4133 3700 4196 ac'solstitiis:
3739 4143 3908 4195 εστίν

2476 4215 2733 4284 notatur“
2765 4206 2946 4269 Varro,
2986 4206 3206 4260 Plinius
3252 4209 3520 4275 explicati.
3558 4213 3823 4280 Soaigem's
3857 4215 3911 4261 ia-

2477 4284 2791 4328 εοιιειαηιια.

2477 4382 2552 4435 Ex
2585 4383 2650 4437 iis
2688 4399 2805 4451 quae
2847 4383 2912 4438 de
2949 4386 3144 4439 annuis
3176 4394 3414 4440 veterum
3460 4388 3777 4444 cardinibus
3811 4391 3912 4442 satis

851 4465 1045 4520 Verum
1075 4474 1133 4518 ut
1159 4466 1224 4518 ab
1246 4465 1644 4534 antiquioribus
1671 4465 1994 4520 astronomis
2027 4473 2172 4518 recte
2200 4464 2304 4517 ista
2338 4472 2381 4526 υ
2409 4474 2586 4542 longa,
2609 4477 2698 4528 sed
2725 4478 3025 4530 necessaria
3057 4478 3418 4546 ἀίδρυωιῖοηε
3444 4483 3711 4550 εοηιριειξ
3738 4495 3909 4538 5mm

785 4557 920 4625 ipsa,
962 4568 1123 4623 quam
1157 4555 1524 4624 exposuimus,
1571 4554 1821 4607 methodo
1848 4555 2120 4622 signorum
2157 4553 2307 4606 initia

783 4654 907 4698 ante
954 4642 1245 4696 cardinalia
1291 4650 1486 4710 puncta
1551 4642 1761 4696 deliniri
1808 4651 2094 4710 potuerunt
2149 4641 2214 4710 (si
2256 4641 2308 4694 id

783 4742 962 4786 tamen
991 4745 1118 4785 vere
1142 4731 1210 4784 ab
1247 4730 1354 4784 illis
1382 4729 1840 4794 institutum‘l‘uit;
1872 4731 1938 4786 de
1975 4746 2080 4799 quo
2120 4731 2309 4785 dubios

785 4835 883 4873 nos
913 4819 1197 4887 Hipparchi
1241 4820 1534 4874 auctoritas
1584 4820 1775 4888 facit):
1822 4821 1893 4872 ita
1944 4828 2064 4888 post
2093 4817 2313 4888 Hippar-

784 4910 941 4963 chum
987 4908 1260 4976 deinceps,
1295 4923 1362 4962 ex
1413 4925 1593 4963 errore
1640 4910 2032 4979 imperitiaque,
2066 4909 2206 4963 idem
2254 4909 2311 4962 in

783 5001 925 5068 vulgi
957 5014 1060 5054 usu
1105 5012 1166 5050 ac
1196 5000 1457 5052 sententia
1487 4989 1703 5053 resedit.
1743 4999 1876 5053 Cum
1907 5001 2050 5053 enim
2085 4997 2310 5068 llippar-

785 5093 917 5144 chus
948 5088 1265 5158 aequinoctia
1308 5090 1360 5141 in
1407 5092 1605 5145 mutuis
1649 5093 1972 5145 sectionibus
2014 5093 2216 5145 zodiaci
2260 5099 2312 5145 et

785 5184 1175 5252 :cquinoctialis
1212 5185 1401 5239 circuli
1419 5184 1658 5248 "fixisset,
1711 5187 1938 5240 solstitia
1984 5190 2038 5240 in
2084 5187 2307 5246 zodiaci,

771 5264 1219 5342 vtropicorumque
1271 5276 1640 5339 contactibus,
1693 5291 1800 5328 una
1853 5293 1976 5330 cum
2037 5280 2311 5347 signorum

787 5363 1138 5417 cardinalium
1181 5364 1477 5440 principiis,
1519 5365 1652 5419 adeo
1683 5374 1740 5418 ut
1777 5367 2091 5434 aequinoctia
2133 5369 2187 5420 in
2219 5382 2311 5423 eos

786 5452 902 5506 dies
953 5453 1249 5512 caderent.
1319 5453 1409 5522 qui
1467 5454 1642 5520 Martii
1705 5471 1868 5516 ntv,
1937 5465 1990 5510 et
2067 5455 2312 5526 Septem-

786 5540 898 5595 bris
945 5559 1090 5597 xxvn
1120 5545 1541 5613 respondebant;
1582 5547 1810 5602 solstitia
1837 5563 1964 5602 vero
1984 5546 2129 5602 Junii
2163 5565 2308 5611 xxvr,

786 5638 839 5682 et
882 5629 1183 5687 Decembris
1231 5649 1392 5699 xxrv;
1434 5638 1624 5707 vulgus
1673 5641 1778 5690 tam
1829 5638 2097 5700 sectiones
2144 5639 2309 5708 ipsas,

787 5733 945 5789 quam
994 5722 1143 5778 initia
1182 5724 1474 5798 signorum,
1512 5734 1632 5783 ante
1683 5727 1795 5783 dies
1837 5735 1958 5784 octo
1989 5736 2313 5798 praepostere

2406 4578 2616 4621 summa
2647 4565 2748 4619 ista
2769 4566 3054 4620 conficitur
3081 4587 3092 4622 :
3117 4568 3367 4638 antiquos
3388 4580 3735 4626 astronomos
3752 4572 3910 4640 majori

2404 4672 2471 4710 ex
2510 4661 2661 4724 parte
2710 4656 2939 4709 solstitia
2989 4665 3043 4711 et
3093 4659 3412 4728 arquinoctia
3459 4661 3594 4729 ipsis
3635 4665 3912 4730 assignasc

2406 4746 2957 4800 dodccatemoriorum
2992 4748 3296 4817 principiis,
3323 4758 3434 4801 tam
3468 4751 3521 4801 iu
3553 4752 3910 4819 aequinoctiali.

2411 4834 2528 4886 sive
2566 4835 2818 4902 parallelo
2847 4832 3074 4898 circulo,
3111 4851 3272 4905 quam
3306 4838 3363 4890 in
3397 4839 3639 4899 zodiaco,
3667 4848 3730 4890 ut
3757 4853 3913 4891 acciet

2407 4931 2488 4976 est
2517 4923 2764 4992 princeps
2791 4922 2908 4991 ejus
2939 4925 3070 4978 artis
3099 4914 3438 4994 Hipparchus
3463 4931 3608 4996 (pag.
3643 4928 3767 4986 10L
3795 4927 3912 4979 litin

2408 5011 2723 5081 Quicunque
2759 5029 2921 5082 porro
2955 5016 3145 5068 mediis
3191 5004 3383 5084 signis,
3412 5019 3495 5068 vel
3530 5018 3736 5071 octavis
3779 5017 3915 5087 parti.

2409 5101 2531 5162 lius,
2561 5116 2622 5154 ac
2651 5103 2883 5183 caeteris,
2915 5102 3164 5158 cardines
3200 5105 3586 5168 attribuerunt,
3621 5121 3720 5160 eos
3755 5122 3912 5160 omne

2409 5191 2481 5244 ita
2517 5192 2749 5246 circulos
2795 5207 2916 5247 esse
2944 5193 3190 5261 partitos,
3242 5201 3301 5248 ut
3325 5194 3736 5251 intersectiones
3773 5197 3912 5264 aqui-

2409 5269 2571 5334 noctii
2602 5290 2654 5336 et
2681 5273 2906 5345 zodiaci,
2938 5282 3021 5335 vel
3041 5281 3201 5349 hujus
3221 5292 3274 5335 et
3304 5286 3634 5353 tropicorum
3657 5296 3914 5338 contactus

2410 5371 2476 5423 iis
2511 5372 2562 5424 in
2610 5372 2883 5440 signorum
2917 5371 3172 5440 gradibus
3207 5372 3414 5435 ﬁerent,
3465 5381 3659 5442 quotus
3700 5375 3915 5445 aaquine-

2410 5459 2532 5510 etiis
2567 5459 2917 5526 solstitiisque
2947 5459 3302 5527 prmﬁxerant.
3346 5459 3502 5525 Quod
3545 5471 3724 5516 autem
3762 5472 3912 5516 θειω-

2413 5549 2552 5601 uomi
2583 5565 2790 5610 omnes,
2819 5549 2912 5616 qui
2947 5547 3160 5618 quidem
3199 5551 3323 5604 alibi
3358 5566 3520 5618 quam
3553 5553 3722 5607 initiis
3759 5554 3913 5620 sigm-

2411 5654 2528 5692 rum
2556 5640 2805 5694 cardines
2827 5638 3167 5711 allingebant,
3190 5649 3314 5694 ante
3341 5643 3613 5698 sectiones
3637 5651 3894 5697 contacta:

2412 5741 2515 5799 que
2565 5731 2908 5796 circulorum,
2961 5731 3059 5786 hoc
3101 5738 3185 5788 est
3231 5731 3560 5804 aequinoctia
3622 5742 3674 5788 et
3716 5732 3911 5788 solstitii
