4112 6314
191 434 333 490 I537

967 438 1411 496 DISSERTATIO
1435 441 1522 496 DE
1560 442 1744 498 ORTU
1786 442 1870 498 ET
1903 444 2165 499 OCCASU
2211 443 2528 500 SIDERUM.

3231 451 3368 508 I358

187 548 413 620 ἀκρεὸῆ,
449 551 997 609 dodecatemoriorum
1039 571 1258 610 suorum
1285 559 1550 627 principia
1581 575 1740 627 cape-
1766 565 1810 621 Α
1839 561 2074 616 artiﬁces
2114 563 2183 614 ita
2225 569 2650 626 consueverant;
2685 567 2776 614 aut
2819 576 3001 616 eorum
3034 564 3276 634 exempla
3311 566 3366 619 in

186 651 339 701 rent.
389 643 721 699 demonstrat
775 647 1112 716 Hipparchus
1165 649 1256 701 lib.
1303 651 1346 709 I.
1399 666 1624 702 numero
1667 651 1734 712 Χ,

186 731 287 782 ubi
318 735 685 789 australiorem
712 738 1110 790 succedentium
1145 739 1198 791 in
1230 741 1488 792 laterculo
1515 742 1736 810 majoris

189 820 350 875 Ursae
395 823 550 877 sitam
602 828 674 880 ait
724 840 850 881 esse
889 843 953 880 ex
1007 829 1240 896 legitima
1285 831 1559 899 signorum
1601 832 1737 884 divi-

183 911 366 978 sione,
401 930 517 982 qua:
557 919 784 986 tropica,
828 926 882 972 et
909 919 1302 987 aequinoctialis
1329 930 1526 989 puncta
1568 921 1620 973 in
1657 921 1734 975 si-

184 1017 424 1069 gnorum
444 1006 603 1060 initia
639 1007 864 1074 confert,
897 1012 951 1063 in
989 1009 1184 1066 Leonis
1203 1022 1357 1081 parte
1383 1013 1472 1077 25,
1520 1023 1734 1068 antece-

183 1091 384 1146 dentes
425 1103 600 1147 autem
644 1094 697 1148 in
733 1097 920 1150 eodem
969 1097 1225 1152 laterculo
1253 1101 1308 1154 in
1349 1098 1546 1156 Leonis
1579 1109 1733 1170 parte

181 1182 354 1248 paulo
406 1184 584 1239 minus
627 1183 810 1248 tertia.
856 1196 910 1240 at
957 1188 1253 1243 secundum
1299 1191 1520 1245 alteram
1561 1194 1730 1247 ratio-

182 1287 341 1335 nem,
396 1289 513 1343 qum
562 1276 615 1329 in
665 1278 854 1332 mediis
909 1280 1077 1348 signis
1125 1282 1372 1338 cardines
1425 1285 1728 1348 constituit,

179 1362 425 1428 priorem
467 1366 519 1417 in
549 1364 785 1435 Virginis
823 1377 975 1436 parte
1022 1370 1260 1436 decima;
1295 1377 1620 1441 posteriores
1675 1376 1730 1430 in

179 1452 432 1518 ejusdem
470 1454 705 1526 Virginis
734 1459 938 1512 decima
975 1468 1162 1512 octava
1194 1464 1396 1532 reponi.
1430 1461 1519 1518 Sic
1552 1477 1728 1519 extre-

178 1556 331 1594 mam
378 1544 430 1596 in
477 1546 645 1599 cauda
694 1548 912 1615 majoris
958 1546 1129 1608 Ursae.
1173 1566 1238 1604 ex
1287 1541 1558 1607 communi
1598 1556 1729 1608 divi-

177 1630 361 1697 sione,
397 1635 450 1687 in
483 1633 654 1690 Libra:
675 1647 866 1707 quarta
899 1651 1084 1707 parte:
1117 1656 1180 1693 ex
1213 1645 1519 1710 posteriori,
1543 1655 1596 1700 et
1619 1643 1724 1700 Eu-

175 1721 358 1775 doxea
391 1725 443 1777 in
476 1726 846 1782 decimanona.

1836 665 2034 703 annum
2061 665 2219 703 suum
2249 649 2540 704 transferre
2570 651 2644 703 illi
2682 652 2996 706 voluissent.

1899 761 1973 815 De
1999 761 2307 828 hujusmodi
2334 761 2478 814 aditu
2512 761 2643 814 solis
2682 761 2747 814 ad
2775 761 2926 831 signa
2952 776 3056 814 non
3082 762 3268 815 eodem
3296 762 3364 816 ab

1832 850 2084 903 omnibus
2116 857 2351 916 tempore
2381 848 2556 902 defixo
2601 850 3003 917 imperitissime
3047 849 3267 904 Servius
3306 851 3365 902 in

1831 940 2232 994 Commentario
2269 938 2335 991 ad
2379 939 2420 991 ll
2481 938 2675 1008 Georg.
2721 958 2739 989 ι
2771 938 2912 994 Sane
2950 941 3244 1001 sciendum,
3290 941 3365 994 in-

1831 1031 1965 1098 quit.
2014 1043 2199 1082 omnes
2244 1028 2543 1097 astrologos
2570 1041 2666 1096 pro
2699 1029 2905 1082 ratione
2938 1030 3212 1084 climatum
3247 1028 3362 1083 dis-

1833 1121 2034 1175 sentire
2073 1120 2126 1174 in
2159 1128 2278 1173 ortu
2307 1119 2561 1174 siderum
2591 1139 2604 1172 :
2637 1119 2730 1173 sed
2772 1119 2888 1188 ipsa
2923 1118 3193 1174 dissensio
3221 1121 3362 1173 ultra

1833 1216 2036 1279 septem
2064 1207 2180 1262 dies
2207 1222 2316 1262 non
2361 1209 2636 1277 procedit;
2670 1215 2875 1278 septem
2907 1209 3048 1262 enim
3088 1213 3215 1262 sunt
3246 1209 3361 1278 ipsa

1831 1300 2068 1354 climata.
2109 1297 2245 1352 Hinc
2272 1305 2354 1352 est
2377 1298 2520 1368 quod
2547 1299 2712 1358 solem
2743 1298 2809 1352 ad
2833 1297 3249 1367 unumquodque
3285 1299 3362 1352 si-

1829 1406 1993 1460 gnum
2026 1389 2115 1442 alii
2139 1389 2537 1459 quintodecimo
2569 1389 2792 1444 Kalend.
2825 1388 2912 1444 die
2936 1389 3120 1444 dicunt
3145 1391 3356 1455 venire,

1829 1481 1920 1533 alii
1960 1480 2395 1550 quartodecimo,
2449 1480 2537 1532 alii
2575 1473 2714 1534 infra
2762 1495 2931 1549 usque
2977 1478 3043 1533 ad
3077 1487 3355 1546 octavum;

1828 1586 1927 1625 nec
1955 1571 2236 1640 quisquam
2272 1571 2511 1640 procedit
2551 1571 2814 1624 ulterius:
2849 1591 2867 1621 ι
2901 1587 3020 1639 qua:
3047 1579 3173 1626 sunt
3204 1571 3359 1626 bona:

1826 1662 2025 1714 mentis
2056 1660 2385 1715 inanissima.
3263 1657 3268 1660 ’

1885 1770 1957 1824 Ut
1983 1769 2050 1824 de
2094 1785 2234 1823 anno
2257 1769 2470 1824 Juliano
2512 1771 2655 1840 quod
2690 1772 3059 1842 explicandum
3111 1778 3355 1841 superest

255 1836 464 1945 Ilursus
490 1841 767 1945 num..XII
799 1845 989 1945 scribit
1021 1851 1346 1945 postremam
1371 1857 1422 1945 et
1446 1850 1721 1945 lucidissi-
1753 1892 1795 1945 Β
1827 1860 2120 1924 absolvam,
2141 1861 2356 1928 quinam
2385 1861 2502 1915 dies
2529 1836 2777 1918 ineundis
2801 1878 2830 1916 a
2861 1863 2971 1918 sole
2991 1836 3355 1939 cardinalibus

178 1941 350 1989 mam,
381 1944 499 1996 qua:
530 1939 611 1983 est
647 1930 700 1983 in
727 1940 965 1987 extrema
995 1937 1165 1990 cauda
1191 1938 1416 1991 minoris
1446 1937 1616 2003 Ursae,
1649 1942 1724 1995 si-

176 2022 295 2066 tam
334 2031 453 2070 esse
475 2017 527 2070 in
569 2014 733 2087 gradu
769 2019 1001 2076 Piscium
1034 2024 1118 2087 I8,
1150 2033 1207 2078 ut
1237 2034 1414 2081 autem
1446 2028 1720 2082 zodiacum

175 2102 375 2156 dividit
416 2106 690 2173 Eudoxus,
721 2109 774 2160 in
803 2109 999 2165 Arietis
1039 2114 1203 2180 gradu
1234 2118 1413 2170 tertio.
1446 2118 1610 2186 Igitur
1647 2121 1722 2172 si-

180 2210 414 2264 gnorum
466 2198 617 2252 initia
658 2198 910 2257 Eudoxus
965 2204 1161 2273 aliique
1211 2215 1416 2262 veteres
1459 2210 1722 2279 anticipa-

176 2285 336 2340 baut.
367 2286 422 2340 In
449 2287 549 2343 hoc
580 2287 870 2360 Hipparchi
895 2293 1013 2347 loco
1045 2296 1296 2349 mendum
1340 2305 1442 2364 est,
1471 2301 1614 2369 quod
1655 2317 1719 2356 ex

179 2377 487 2432 certissima
541 2381 851 2450 conjectura
918 2385 1252 2441 sustulimus.
1308 2385 1526 2458 Legitur
1578 2391 1720 2448 enim

177 2476 306 2519 tam.
343 2468 396 2521 in
448 2484 682 2532 excuso.
739 2488 898 2540 quam
949 2475 1002 2527 in
1049 2476 1286 2544 scripto,
1311 2478 1496 2532 codice
1532 2498 1544 2532 :
1583 2481 1642 2532 Ὀ
1666 2481 1723 2534 δὲ

175 2557 407 2620 Εὔδοξος
429 2559 622 2632 διαιρεῖ
646 2560 734 2614 τὸν
764 2561 1019 2625 ζωδιακὸν
1044 2566 1238 2619 κύκλον
1268 2569 1406 2622 κατὰ
1431 2571 1524 2640 τὴν
1544 2577 1592 2638 γ’
1612 2572 1718 2640 μοι.

178 2647 279 2698 τοῦ
323 2649 520 2717 Κρίου,
552 2667 649 2720 pro
685 2654 877 2722 quibus
923 2657 1324 2712 rescribendum
1363 2666 1553 2714 merito
1595 2679 1724 2716 cen-

179 2737 396 2792 suimus
422 2757 435 2792 :
462 2739 535 2802 ὠς
557 2742 612 2792 δὲ
636 2741 854 2808 Εὖδοξος
879 2744 1073 2813 διαιρεῖ
1093 2747 1182 2799 τὸν
1218 2748 1474 2810 ζωδιακὸν
1496 2750 1689 2805 κύκλον
1705 2770 1719 2783 ⁸

179 2827 344 2911 acuti,
369 2839 496 2893 etc.,
523 2832 666 2899 quod
693 2832 976 2888 manifeste
1005 2838 1268 2890 sententia
1303 2840 1486 2908 exigit.
1512 2841 1721 2898 Gradus

177 2915 422 2970 Piscium
470 2919 712 2975 decimus
758 2932 1000 2990 octavus,
1049 2935 1132 2980 est
1169 2927 1367 2982 Arietis
1413 2932 1627 2997 tertius,
1658 2933 1722 2990 'si

177 3007 384 3064 Arietis
430 3009 665 3081 signum-
703 3028 733 3066 a
785 3016 1182 3085 quintodecimo
1244 3027 1367 3074 ante
1429 3025 1723 3081 sectionem

179 3105 355 3173 gradu
385 3119 697 3178 computare
725 3115 975 3182 coeperis.

1826 1951 1995 2020 signis
2017 1966 2084 2005 ex
2104 1949 2232 2004 Julii
2254 1952 2506 2013 Caesaris,
2539 1951 2653 2004 sive
2688 1950 2966 2021 Sosigenis
2994 1953 3208 2007 decreto
3227 1966 3358 2021 pm-

1825 2044 1997 2096 intuti
2028 2042 2138 2097 sint
2179 2043 2234 2096 iu
2277 2042 2600 2097 Kalendario
2628 2039 2862 2105 Juliano,
2902 2057 3009 2095 non
3052 2049 3162 2096 tam
3199 2041 3358 2097 facile

1825 2132 1972 2185 dictu
2012 2138 2120 2195 est,
2159 2147 2318 2202 quam
2351 2132 2536 2186 haberi
2561 2132 2722 2200 vulgo
2744 2132 2916 2186 video.
2951 2129 3083 2183 Nam
3113 2131 3356 2200 plerique

1826 2221 2001 2275 Martii
2028 2238 2135 2276 xxv
2179 2222 2558 2292 aequinoctium
2599 2236 2822 2275 vernum
2856 2236 2886 2273 a
2914 2219 3124 2275 Caesare
3157 2221 3356 2274 consti-
3424 2283 3427 2286 _

1825 2319 2001 2384 tutum
2027 2327 2147 2366 esse
2165 2319 2388 2367 censent
2411 2329 2425 2364 :
2453 2311 2743 2366 solstitium
2766 2312 3010 2365 activum
3033 2324 3156 2364 xxiv
3174 2308 3352 2375 Junii;

1823 2403 2200 2475 aequinoctium
2231 2403 2536 2456 autumnale
2563 2416 2688 2454 xxiv
2717 2401 3082 2469 Septembris;
3112 2399 3356 2454 brumale

1825 2493 2057 2562 denique
2085 2491 2374 2546 solstitium
2413 2507 2519 2546 xxv
2548 2490 2875 2554 Decembris,
2903 2493 3083 2545 omnia
3111 2492 3166 2544 in
3204 2499 3354 2544 octa-

1822 2585 1905 2638 vis
1935 2583 2220 2638 Kalendas.
2262 2581 2341 2636 Ita
2388 2597 2454 2637 ex
2496 2581 2788 2636 Columella
2821 2583 2913 2636 lib.
2945 2580 3034 2647 IX,
3067 2595 3186 2650 cap.
3211 2579 3351 2646 XIV,

1823 2679 1875 2726 et
1911 2673 2004 2726 lib.
2035 2670 2129 2734 XI,
2165 2687 2282 2741 cap.
2307 2671 2349 2724 ll
2397 2672 2699 2743 colligitur;
2740 2671 2941 2725 diserte
2987 2686 3117 2725 vero
3145 2671 3352 2727 Plinius

1822 2761 1913 2816 lib.
1952 2759 2116 2814 XVIII
2160 2777 2288 2831 cap.
2325 2760 2474 2814 XXV
2513 2770 2567 2814 et
2610 2759 2814 2813 XXVIII
2867 2759 2917 2814 id
2962 2759 3206 2818 afﬁrmat.
3239 2759 3352 2814 Hoc

1823 2851 1982 2906 modo
2026 2851 2364 2905 intervallum
2411 2853 2478 2905 ab
2513 2852 2833 2920 aequinoctio
2862 2866 3029 2906 verno
3077 2853 3142 2906 ad
3180 2853 3334 2907 solsti

1823 2945 1978 3007 tium,
2010 2944 2217 2998 dierum
2246 2951 2328 2998 est
2357 2945 2641 3013 XCI:aIlel'0
2671 2946 2901 2999 termino
2925 2945 3163 3007 excluso,
3195 2960 3222 2998 a
3247 2944 3351 2997 sol-

1824 3037 1971 3091 Stitio
2013 3036 2078 3090 ad
2127 3035 2506 3105 aequinoctium
2546 3036 2877 3104 autumnale,
2908 3051 3037 3099 xcu,
3068 3035 3134 3089 ab
3183 3034 3341 3105 aequi-

1822 3128 2004 3181 noctio
2024 3126 2316 3180 autumnali
2343 3125 2524 3202 itidem
2546 3141 2651 3180 xcu
2687 3127 2751 3182 ad
2769 3112 3348 3182 .brumalesolstitium.

247 3220 373 3278 Haec
401 3238 507 3278 non
533 3225 761 3280 obscure
780 3235 1064 3293 testantur,
1090 3231 1434 3298 :equinoctia,
1464 3244 1516 3288 et
1539 3236 1718 3290 solsti-
1755 3203 1798 3260 θ
1829 3215 1964 3269 "inc
2009 3215 2074 3269 ad
2123 3229 2346 3269 vernum
2388 3217 2817 3283 aequinoctium;
2839 3216 2956 3300 dies
2999 3231 3084 3270 ιε·
3117 3216 3192 3272 lla
3233 3217 3349 3274 die.

181 3313 262 3366 tia
307 3329 581 3382 nunquam
628 3316 752 3370 alibi
801 3317 870 3370 ab
920 3319 1322 3387 antiquioribus
1365 3327 1711 3390 astronomia,

181 3418 348 3471 quam
379 3405 433 3456 in
474 3406 674 3460 mutuis
698 3406 1021 3461 circulorum
1053 3411 1402 3478 sectionibus,
1441 3421 1493 3466 et
1528 3417 1717 3469 tactio-

179 3493 351 3563 nibus
393 3494 652 3548 collocata
698 3495 886 3561 fuisse,
937 3513 1072 3568 quas
1117 3511 1316 3554 octava:
1368 3504 1450 3557 vel
1497 3503 1717 3560 decimae

176 3581 384 3650 quintae
425 3585 699 3654 signorum
744 3590 905 3655 parti,
945 3591 1028 3642 vel
1059 3591 1178 3644 aliis
1225 3593 1718 3662 imputabantznec

177 3671 401 3727 octavas
430 3674 571 3737 illas.
602 3683 892 3732 caaterasve
921 3687 1100 3747 partes
1133 3682 1200 3735 ab
1230 3685 1714 3752 equinoctialibus,

177 3771 276 3817 aut
327 3766 698 3822 solstitialibus
744 3770 957 3836 punctis
1009 3787 1131 3825 esse
1182 3783 1508 3831 numeratas.
1561 3778 1715 3841 Quod

178 3844 478 3921 Scaligero,
513 3865 568 3908 et
603 3857 871 3926 plerisque
902 3860 1020 3914 aliis
1044 3862 1256 3929 placere
1296 3864 1480 3931 video;
1524 3882 1588 3920 ac
1623 3883 1718 3936 pro

177 3958 457 4014 comperto
479 3951 680 4016 passim
715 3950 921 4007 haberi.
957 3952 1093 4007 IIinc
1121 3957 1262 4010 enim
1291 3957 1599 4027 Sosigenem
1621 3961 1718 4015 Ju—

177 4035 420 4104 liumque
450 4035 715 4098 Caesarem
754 4042 1085 4096 arbitrantur
1114 4046 1166 4099 in
1197 4058 1415 4103 octavos
1455 4049 1718 4122 Kalenda-

175 4140 299 4180 rum
329 4126 443 4180 dies
484 4129 608 4182 anni
649 4130 731 4184 sui
781 4132 1076 4200 conjecisse
1124 4136 1401 4203 cardines;
1433 4147 1488 4190 ut
1520 4141 1573 4192 in
1608 4139 1715 4193 Ka-

176 4215 366 4270 lendas
402 4219 545 4285 ipsas
573 4220 970 4275 succedentium
997 4226 1257 4279 mensium
1288 4236 1488 4281 octavae
1521 4231 1716 4299 signo-

176 4318 297 4355 rum
333 4315 512 4373 partes
539 4307 853 4371 inciderent,
894 4309 946 4363 in
978 4312 1174 4379 quibus
1225 4317 1564 4384 mquinoctia,
1602 4319 1710 4372 sol-

173 4394 429 4462 stitiaque
470 4399 732 4450 committi
782 4400 946 4466 prisci
997 4416 1184 4456 omnes
1232 4406 1464 4460 artifices
1509 4409 1716 4476 Opinati

1817 3307 2145 3375 colliguntur
2174 3306 2303 3360 anni
2331 3308 2496 3360 totius
2527 3319 2745 3360 cccuv.

1856 3427 2047 3504 'Atqui
2087 3433 2203 3488 haec
2235 3434 2351 3503 ipsa
2403 3435 2684 3488 cardinum
2727 3435 3004 3490 intervalla
3034 3449 3141 3490 non
3177 3434 3346 3490 Varro

1817 3527 2013 3586 solum.
2047 3525 2164 3589 sed,
2195 3526 2337 3594 quod
2375 3526 2571 3578 mirum
2619 3532 2721 3589 est,
2765 3524 2971 3580 Plinius
3020 3526 3131 3594 ipse
3173 3527 3346 3595 capite

1818 3618 1909 3671 illo
1933 3616 2075 3670 XXV
2111 3618 2234 3671 libri
2262 3614 2424 3669 XVIII
2456 3616 2630 3686 longe
2645 3616 2800 3671 aliter
2827 3618 3055 3687 partitus
3086 3626 3185 3672 est.
3211 3615 3279 3671 Ut
3315 3633 3344 3670 a

1818 3707 2060 3762 Varrone
2111 3708 2329 3771 ordiar,
2394 3707 2484 3761 hic
2538 3708 2592 3761 in
2643 3704 2836 3760 libroI
2884 3706 2959 3761 De
3010 3724 3064 3760 re
3115 3709 3344 3769 rustica,
3386 3700 3388 3702 ’

1815 3813 1936 3866 cap.
1983 3795 2229 3861 XXVIII,
2273 3797 2340 3852 de
2380 3811 2522 3850 anno
2561 3796 2777 3851 Juliano
2806 3798 3056 3867 loquens.
3111 3798 3212 3852 hoc
3260 3805 3344 3852 est

1821 3905 1838 3936 ε
1868 3886 2079 3950 diebus,
2112 3903 2130 3935 ι
2171 3885 2364 3954 inquit,
2403 3902 2422 3934 ‹
2449 3884 2720 3947 civilibus,
2745 3886 2837 3953 qui
2877 3900 3020 3938 nunc
3048 3892 3194 3948 sunt,
3227 3905 3246 3937 ο
3274 3891 3344 3940 ab

1814 3975 2137 4045 aequinoctio
2165 3989 2330 4028 verno
2363 3973 2428 4026 ad
2461 3973 2751 4028 solstitium
2789 3981 3037 4028 numerat
3068 3974 3184 4029 dies
3203 3988 3343 4040 xc";

1813 4067 1938 4120 hinc
1965 4066 2030 4119 ad
2055 4065 2360 4118 autumnale
2386 4064 2784 4133 aequinoctium,
2815 4062 2929 4117 dies
2956 4072 3075 4117 xcvi
3103 4082 3115 4116 :
3147 4063 3214 4117 ab
3240 4063 3343 4117 hoc

1815 4156 1878 4209 ad
1906 4157 2145 4209 brumale
2174 4153 2486 4218 solstitium,
2515 4153 2630 4207 dies
2662 4168 2879 4206 Lxxxix.
2913 4151 3040 4208 Inde
3080 4153 3148 4206 ad
3175 4156 3342 4223 ωριιὶ-

1813 4248 2049 4301 noctium
2095 4261 2316 4300 vernum
2361 4246 2476 4300 dies
2523 4260 2714 4298 Lxxxv.
2775 4244 2978 4298 Desunt
3025 4245 3092 4298 ad
3143 4260 3342 4298 annum

1813 4335 2185 4405 complendum
2223 4336 2339 4389 dies
2376 4344 2505 4390 tres.
2545 4333 2661 4388 Jam
2709 4350 2835 4390 vero
2873 4335 2917 4389 si
2965 4335 3342 4404 equinoctium

1815 4442 2035 4481 vernum
2074 4428 2366 4480 collocetur
2395 4429 2446 4480 in
2492 4443 2586 4480 vm
2632 4426 2749 4482 Kal.
2782 4427 2934 4495 Apr.,
2962 4427 3065 4482 hoc
3091 4436 3173 4481 est
3201 4427 3341 4480 Mar-

173 4491 324 4538 sunt.
349 4482 462 4538 Dici
496 4485 598 4539 hoc
624 4502 656 4539 a
681 4489 864 4541 multis
897 4490 1157 4561 intelligo,
1185 4507 1214 4545 a
1253 4510 1359 4562 quo
1383 4504 1436 4548 et
1471 4512 1568 4550 nos
1605 4498 1706 4566 ipsi
1740 4507 1753 4561 1

1811 4519 1870 4570 tii
1899 4533 2024 4580 xxv.
2059 4517 2427 4584 addanturque
2455 4516 2570 4570 dies
2604 4529 2729 4580 xcu,
2770 4482 3009 4572 calculus
3045 4516 3253 4572 desinet
3284 4518 3339 4571 in

170 4572 463 4640 aliquando
497 4588 605 4627 non
655 4575 1051 4633 abborruimus.
1100 4579 1203 4634 Sed
1251 4582 1303 4635 id
1348 4585 1563 4639 minime
1592 4602 1712 4641 esse

164 4679 360 4718 verum
408 4680 474 4718 ex
519 4667 779 4734 superiori
827 4671 974 4724 omni
1006 4671 1370 4740 disputatione
1417 4677 1704 4746 colligitur.

159 4746 290 4814 'Non
339 4761 480 4814 enim
510 4773 727 4842 octavas
765 4775 945 4833 partes
983 4768 1074 4835 qui
1108 4770 1232 4823 olim
1290 4772 1361 4826 ita
1409 4776 1710 4829 sentiebant

171 4859 296 4918 post
325 4851 596 4920 signorum
636 4854 900 4918 cardines,
936 4860 1026 4912 sed
1055 4859 1108 4912 in
1138 4861 1267 4928 ipsis
1297 4863 1607 4920 cardinibus
1639 4867 1709 4921 Io-

168 4941 401 5006 cabant;
429 4943 575 4994 initia
600 4959 723 4997 vero
753 4945 1026 5013 signorum
1050 4959 1240 5003 octavo
1266 4960 1388 5006 ante
1415 4955 1606 5021 gradu.
1632 4956 1708 5008 Ac

167 5030 233 5084 de
259 5028 473 5083 Juliano
501 5029 713 5099 quidem
754 5049 894 5087 anno
921 5038 1204 5104 perspicua
1231 5053 1316 5093 res
1351 5043 1476 5105 erit,
1511 5045 1557 5097 si
1584 5047 1705 5114 quis

167 5120 316 5175 illius
343 5121 570 5205 formam
601 5138 665 5175 ex
692 5123 904 5191 Ovidio,
937 5126 1250 5192 Columella,
1284 5130 1478 5194 Plinio,
1512 5150 1574 5187 ac
1603 5151 1703 5190 caa-

164 5214 297 5269 teris
321 5223 586 5271 aest.mare
617 5217 759 5279 velit,
786 5233 815 5270 a
835 5220 1030 5287 quibus
1051 5230 1132 5274 est
1153 5223 1279 5275 anni
1304 5225 1420 5291 ejus
1447 5221 1701 5295 expressa

162 5305 325 5357 ratio.
357 5304 565 5374 Quippe
597 5305 894 5375 ingressum
933 5309 1064 5363 solis
1094 5311 1148 5363 in
1178 5311 1606 5369 dodecatemoria
1636 5318 1702 5370 ad

163 5400 412 5448 octavum
445 5396 665 5450 circiter“
690 5405 815 5450 ante
857 5400 1089 5454 solstitia
1124 5410 1176 5455 et
1203 5404 1520 5470 aequinoctia
1560 5406 1700 5461 diem

163 5487 473 5552 apponunt;
505 5499 679 5553 neque
709 5485 872 5539 fando
901 5497 984 5541 est
1027 5489 1287 5543 hactenus
1317 5493 1581 5555 auditum.
1622 5497 1702 5548 ci-

161 5573 276 5627 vile'
299 5575 679 5642 aequinoctium
725 5585 816 5628 aut
849 5579 1138 5632 solstitium
1173 5581 1223 5633 in
1250 5580 1512 5636 Kalendas
1556 5585 1698 5637 inse~

161 5665 430 5730 quentium
485 5668 746 5718 mensium
813 5683 841 5720 a
891 5667 1142 5736 Sosigene
1188 5672 1267 5724 vel
1311 5671 1524 5726 Caesare
1576 5690 1698 5728 esse

159 5760 433 5828 rejectum.
461 5760 612 5826 Quod
634 5763 854 5817 omnino
892 5779 1108 5821 necesse
1136 5755 1256 5831 fuit:
1287 5769 1329 5821 si
1363 5776 1454 5822 aut
1482 5777 1688 5825 veteres

1792 4614 1883 4663 ’νη
1910 4607 2026 4661 Kal.
2055 4607 2244 4668 Julias.
2267 4605 2411 4660 Junii
2439 4623 2571 4671 xxv;
2604 4590 2714 4660 tum
2737 4607 2961 4674 adjectis
2983 4607 3172 4662 diebus
3194 4621 3338 4670 xcvr,

1810 4698 2008 4753 incidet
2051 4698 2427 4767 aequinoctium
2477 4698 2532 4750 in
2583 4697 2910 4765 Septembris
2949 4714 3108 4762 nix;
3158 4698 3340 4751 solsti-
3384 4715 3388 4722 θ

1809 4787 1942 4840 tium
1974 4795 2149 4840 autem
2189 4787 2450 4848 brumale,
2489 4786 2686 4839 additis
2717 4801 2912 4840 Lxxxtx
2941 4786 3150 4848 diebus,
3184 4787 3337 4840 cadet

1809 4877 1861 4929 in
1891 4893 2037 4930 xxvu
2070 4875 2409 4940 Decembris;
2446 4876 2636 4942 reliqui
2669 4882 2827 4928 erunt
2857 4874 2923 4926 ad
2951 4889 3150 4928 annum
3182 4889 3335 4928 com-

1805 4967 2055 5035 plendum
2077 4968 2191 5020 dies
2220 4981 2478 5020 Lxxxvm.
2508 4965 2574 5017 At
2599 4963 2767 5018 Varro
2802 4978 2832 5017 a
2853 4964 3044 5018 bruma
3069 4963 3134 5018 ad
3167 4964 3335 5018 Favo-

1803 5058 1952 5109 nium
1983 5057 2098 5111 dies
2127 5072 2246 5119 va,
2276 5070 2306 5108 a
2341 5054 2574 5108 Favonio
2606 5056 2670 5108 ad
2705 5055 3082 5123 aequinoctium
3111 5071 3331 5110 vernum

1803 5147 1917 5200 dies
1945 5161 2010 5198 xl.
2055 5153 2364 5215 computat:
2393 5146 2482 5214 qui
2533 5157 2666 5198 non'
2688 5146 2868 5213 plures
2909 5145 3138 5207 collecti,
3170 5159 3332 5212 quam

1801 5235 2037 5303 quinque
2083 5244 2136 5289 et
2175 5236 2445 5304 octoginta
2494 5234 2714 5288 faciunt.
2770 5232 2873 5287 Sed
2908 5233 3222 5287 mendosum
3255 5235 3334 5286 vi-

1801 5325 1958 5378 detur
1995 5328 2331 5380 intervallum
2388 5329 2455 5379 ab
2503 5327 2733 5379 Solstitio
2772 5325 2958 5377 aestivo
2987 5326 3051 5377 ad
3092 5325 3332 5394 equino-

1799 5419 1963 5469 ctium
1986 5412 2263 5481 autumni;
2295 5417 2436 5485 quod
2466 5424 2655 5484 prmter
2678 5415 2904 5467 aliorum
2928 5417 3166 5468 omnium
3194 5429 3330 5467 con-

1799 5521 2013 5558 sensum
2051 5506 2240 5560 diebus
2267 5521 2384 5559 xcvr
2416 5506 2625 5568 finitur;
2657 5512 2769 5556 tum
2797 5506 2957 5558 etiam
2981 5506 3229 5568 alterum,
3259 5507 3327 5558 ab

1801 5594 2026 5646 hiberno
2061 5597 2294 5648 solstitio
2339 5594 2403 5646 ad
2447 5608 2666 5646 vernum
2693 5631 2708 5653 ,
2753 5592 2893 5660 quod
2924 5593 3072 5658 justo
3108 5592 3327 5646 brevius

1795 5693 1896 5736 est.
1929 5686 1995 5735 At
2019 5700 2142 5737 ecce
2167 5687 2346 5736 turbat
2376 5687 2567 5737 iterum
2591 5678 2782 5749 Varro,
2803 5685 2891 5753 qui
2918 5681 3102 5736 eodem
3152 5684 3328 5749 capite

1796 5788 1959 5826 verno
2008 5775 2232 5839 tempori
2281 5774 2466 5840 tribuit
2515 5775 2629 5828 dies
2675 5788 2780 5835 ιω,
2834 5773 3001 5850 φειΜί
3047 5784 3187 5833 xcrv,
3234 5784 3328 5822 au-
