4112 6314
714 345 849 401 1359

1698 344 1784 395 AD
1822 319 2082 396 EUSEBI‘I
2110 336 2508 409 ,cnnomcou
2542 326 2899 396 'APPENDIX.

3740 344 3881 399 1360

714 468 901 512 tumno
929 469 1036 520 xei.
1060 456 1221 525 hi_emi
1253 470 1488 519 Lxxxtx;
1519 470 1652 524 quas
1697 456 1911 525 quidem
1955 460 2242 522 tempesta-
2270 457 2315 510 Α
2412 451 2453 502 Α
2484 452 2716 506 solstitio
2751 453 2816 505 ad
2840 452 3222 521 aequinoctium
3258 453 3570 510 autumnale
3596 456 3708 510 dies
3741 471 3878 524 ιειι,

712 552 800 601 tes
827 551 948 598 ante
979 543 1227 599 cardines
1259 544 1404 612 ipsos
1431 543 1612 611 incipit
1643 562 1655 595 :
1683 559 1772 596 ver
1800 557 1829 595 a
1859 541 2110 601 Favonio,
2148 539 2240 608 qui

717 633 921 702 spirare
954 633 1141 701 incipit
1185 647 1249 685 ex
1284 647 1335 684 a.
1391 631 1444 683 d.
1497 647 1569 684 vit
1610 631 1687 683 Id.
1730 629 1889 685 Febr.
1938 631 2005 684 ad
2035 645 2109 683 vit
2159 630 2235 683 Id.

718 723 873 786 Maii;
936 728 1175 775 aestatem
1237 720 1357 773 inde
1398 720 1462 773 ad
1527 721 1665 773 diem
1718 735 1791 772 vu
1842 719 1913 772 Id.
1973 715 2237 784 Sextiles;

686 822 1035 877 autumnum
1082 811 1149 863 ab
1193 810 1295 862 hoc
1341 810 1424 863 die
1454 810 1520 863 ad
1564 826 1615 863 tv
1656 808 1729 863 Id.
1775 808 1942 871 Nam;
1976 810 2241 878 reliquum

722 903 880 956 hiemi
912 902 1155 969 imputat.
1187 899 1308 953 llazc
1350 900 1624 953 intervalla
1668 902 1712 954 si
1754 900 2063 969 singillatim
2096 914 2242 952 com-

720 999 894 1060 putes,
924 990 1156 1044 exclusis
1196 991 1464 1059 prioribus
1504 991 1768 1056 terminis,
1796 991 2036 1044 invenies
2077 987 2243 1058 priori

722 1086 836 1141 dies
865 1092 1167 1154 competere
1196 1099 1280 1136 xcu
1308 1126 1324 1149 ,
1350 1083 1520 1136 testati
1545 1082 1658 1135 dies
1691 1096 1752 1135 xc
1780 1100 1793 1146 ξ
1830 1080 2243 1153 θυιιιιιιιισύίθε

721 1192 857 1243 xcv;
887 1177 1045 1232 hiemi
1072 1190 1295 1231 Lxxxtx.
1328 1175 1543 1229 Minime
1577 1176 1753 1242 itaque
1778 1175 1878 1227 sibi
1903 1172 2244 1226 consentiens

722 1277 805 1322 est
836 1267 1021 1322 Varro.

788 1377 992 1435 Plinius
1017 1396 1141 1436 vero
1171 1380 1338 1434 nihilo
1368 1380 1536 1449 magis
1563 1393 1791 1433 concors
1830 1386 1910 1432 est
1948 1393 2149 1441 secum,
2192 1386 2247 1432 et

722 1471 839 1537 ejus
868 1471 1017 1525 locus
1058 1469 1495 1525 manifestissimo
1516 1468 1708 1521 mendo
1738 1476 1965 1521 tenetur.
2000 1487 2017 1517 ι
2046 1466 2241 1532 Cardo,

724 1560 917 1627 inquit.
953 1566 1254 1625 temporum
1296 1559 1687 1627 quadripartita
1738 1560 1864 1613 anni
1902 1560 2246 1614 distinctione

724 1657 953 1702 constat~
997 1664 1090 1717 per
1150 1650 1480 1703 incrementa
1545 1650 1699 1703 lucis.
1748 1650 1988 1719 Augetur
2046 1652 2157 1706 huic
2215 1667 2246 1706 a

675 1738 934 1815 ‘bruma,
989 1748 1040 1791 et
1094 1751 1337 1807 aequatur
1381 1740 1630 1794 noctibus
1685 1756 1847 1795 verno
1903 1744 2244 1811 aequinoctio,
2279 1761 2321 1815 Β

723 1829 913 1882 diebus
958 1843 1053 1889 xc,
1100 1828 1244 1882 boris
1283 1841 1361 1883 ιιι.
1428 1826 1625 1885 Deinde
1662 1840 1877 1900 superat
1941 1843 2125 1888 noctes
2183 1834 2249 1888 ad

726 1917 1011 1972 solstitium
1038 1918 1225 1972 diebus
1272 1933 1419 1982 xcm,
1454 1920 1601 1974 boris
1626 1935 1723 1984 xu,
1768 1936 1936 1989 usque
1974 1922 2040 1975 ad
2080 1922 2248 1991 aequi-

726 2008 958 2061 noctium
1000 2009 1261 2062 autumni.
1298 2008 1360 2062 Et
1390 2018 1502 2062 tum
1546 2020 1751 2078 aequata
1784 2012 1870 2065 die
1908 2013 2149 2081 procedit
2181 2030 2246 2068 ex

725 2110 789 2148 eo
837 2096 899 2163 ad
948 2096 1191 2149 brumam
1239 2095 1427 2151 diebus
1462 2112 1679 2162 Lxxxtx,
1714 2099 1861 2154 horis
1892 2117 1971 2154 ιιι.
2006 2122 2025 2154 ι
2064 2102 2123 2155 ιιι
2163 2104 2246 2159 his

726 2185 902 2239 verbis
942 2185 1273 2240 desideratur
1305 2188 1569 2242 intervalli
1603 2194 2057 2262 circumscriptio,
2103 2195 2247 2263 quod

726 2276 793 2328 ab
832 2276 1061 2329 solstitio
1092 2278 1277 2331 aestivo
1316 2280 1380 2330 ad
1432 2283 1739 2335 autumnale
1772 2286 2018 2351 pertinet.
2048 2284 2250 2355 Legen-

724 2366 849 2418 dum
883 2367 1065 2433 itaque
1085 2376 1225 2434 post,
1260 2384 1278 2417 ι
1311 2368 1458 2422 horis
1486 2384 1581 2435 xit,
1612 2388 1631 2421 ι
1664 2371 1767 2425 hoc
1796 2373 1907 2428 fere
1927 2375 2104 2440 modo,
2142 2396 2161 2429 t
2193 2384 2247 2432 et

726 2457 849 2509 inde
894 2455 1081 2510 diebus
1110 2472 1237 2520 xcu,
1275 2459 1420 2514 horis
1448 2474 1522 2512 xu
1568 2476 1739 2530 usque
1775 2463 1840 2517 ad
1872 2466 2246 2534 aequinoctium

726 2548 991 2601 autumni.
1024 2566 1041 2598 ι
1075 2545 1204 2601 Nam
1249 2550 1359 2603 tria
1406 2552 1681 2606 intervalla
1717 2554 1804 2608 hic
1838 2570 2090 2625 expressa
2132 2560 2246 2614 dies

724 2636 1013 2691 conﬁciunt
1040 2652 1271 2703 ccnxxu,
1300 2641 1459 2695 horas
1482 2657 1633 2696 xvm.
1670 2642 1745 2697 Ea
1773 2646 2009 2702 detracta
2041 2650 2105 2703 de
2133 2651 2247 2704 die-

726 2727 826 2781 bus
870 2743 1065 2783 cccuv
1111 2731 1229 2800 I/l,
1280 2732 1523 2787 residuos
1566 2733 1766 2788 faciunt
1807 2736 1920 2791 dies
1972 2754 2075 2792 xcu
2124 2741 2240 2809 ΗΞ.

726 2816 902 2883 Quare
949 2833 1011 2872 ex
1045 2830 1220 2874 mente
1267 2819 1421 2874 Plinii
1465 2820 1640 2877 Julius
1682 2824 1860 2878 Cassar
1909 2826 2021 2881 haec
2069 2843 2246 2884 annua

727 2908 1004 2963 intervalla
1032 2908 1337 2978 descripsit.

796 3016 879 3071 Ab
915 3020 1237 3087 aequinoctio
1281 3034 1444 3075 verno
1484 3022 1552 3075 ad
1600 3026 1885 3079 solstitium
1930 3026 2045 3083 dies
2096 3045 2245 3093 xcm,

726 3105 888 3163 horas
916 3122 1013 3162 xu.

2338 540 2503 594 horas
2531 555 2627 595 xu.

2403 630 2484 682 Ab
2501 630 2821 698 aequinoctio
2839 629 3136 683 autumnali
3155 629 3229 705 ad‘
3245 626 3632 687 brumam'dies
3655 648 3883 699 Lxxxzx,

2341 717 2501 771 horas
2533 734 2611 771 ιιι.

2410 806 2453 857 Α
2510 806 2695 861 bruma
2761 807 2829 861 ad
2885 822 3109 863 vernum
3160 810 3554 879 aequinoctium
3604 810 3717 866 dies
3778 827 3881 871 xc.

2340 893 2499 948 horas
2532 910 2620 950 ut.

2402 985 2505 1039 llis
2550 986 2971 1048 animadversis,
3008 989 3052 1042 si
3088 988 3463 1057 aequinoctium
3508 1005 3727 1045 vernum
3768 998 3885 1043 stac

2341 1086 2523 1132 tuatur
2555 1079 2606 1131 in
2632 1096 2733 1133 xxv
2762 1078 2959 1141 Martii,
2988 1079 3188 1132 additis
3226 1080 3415 1133 diebus
3444 1095 3593 1145 xcut,
3636 1081 3882 1135 ealculus

2341 1170 2545 1223 desinet
2569 1170 2623 1221 in
2650 1184 2773 1227 xxvi
2800 1167 2963 1222 Junii.
3007 1168 3148 1222 Hine
3180 1177 3299 1237 post
3324 1166 3437 1222 dies
3462 1183 3593 1231 xcu,
3619 1169 3883 1238 conjicie-

2344 1265 2433 1311 tur
2468 1258 2778 1311 autumnale
2814 1259 3193 1327 aequinoctium
3238 1260 3291 1310 in
3324 1274 3445 1310 xxvi
3488 1257 3653 1327 Sept.,
3689 1262 3877 1313 solsti-

2343 1351 2473 1402 tium
2499 1350 2781 1403 hibernum
2813 1351 2867 1404 in
2889 1366 3013 1402 xxiv
3044 1349 3368 1409 Decembris,
3396 1355 3489 1400 aut
3512 1364 3635 1412 xxv,
3676 1359 3732 1401 ut
3753 1350 3885 1404 inde

2343 1439 2408 1490 ad
2436 1454 2658 1493 vernum
2686 1440 3068 1508 aequinoctium
3092 1439 3207 1491 dies
3234 1439 3429 1506 reliqui
3460 1440 3567 1493 sint
3594 1454 3676 1491 xc.
3707 1438 3885 1492 Biduo

2345 1528 2526 1597 itaque
2558 1529 2611 1582 in
2651 1530 2884 1584 solstitio
2912 1531 3119 1595 aestivo,
3153 1537 3207 1582 et
3238 1529 3533 1582 autumnali
3563 1530 3885 1598 aequinoctio

2345 1617 2552 1673 Plinius
2588 1633 2618 1671 ιι
2653 1620 2832 1688 seipso
2863 1619 3225 1688 discrepabat.
3272 1619 3605 1674 Crediderim
3647 1621 3883 1688 primum

2348 1720 2376 1758 a
2408 1703 2667 1774 Sosigene
2693 1706 2850 1761 civile
2878 1708 3167 1760 solstitium
3198 1709 3441 1762 mstivum
3472 1709 3525 1761 in
3558 1706 3705 1762 Junii
3733 1726 3881 1768 xxiv,

2347 1806 2399 1850 et
2421 1798 2801 1864 aequinoctium
2834 1798 2886 1851 in
2921 1797 3248 1867 Septembris
3278 1817 3403 1854 xxrv
3430 1816 3553 1855 esse
3583 1801 3840 1853 collatum
3866 1841 3880 1861 ,

2349 1885 2636 1940 solstitium
2686 1887 2968 1941 hibernum
3000 1904 3102 1941 xxv
3148 1887 3456 1943 Decembris
3485 1908 3498 1942 :
3527 1899 3583 1942 ut
3631 1891 3687 1942 in
3732 1900 3886 1944 octa-

2346 1990 2469 2028 vum
2500 1973 2764 2028 Kalendas
2809 1985 3041 2045 quatuor
3075 1975 3428 2036 cardinalium
3474 1979 3748 2047 signorum
3795 1978 3884 2030 in-

2347 2070 2540 2121 troitus
2574 2066 2889 2121 inciderent.
2980 2092 2983 2095 η

2413 2160 2469 2213 In
2500 2158 2837 2221 Kalendario,
2870 2159 3013 2229 quod
3052 2156 3178 2213 Julii
3209 2152 3434 2213 Caesaris
3465 2158 3680 2212 nomine
3708 2157 3887 2212 Lucas

2345 2247 2605 2301 Gauricus
2650 2248 2835 2308 edidit,
2879 2248 3259 2317 aequinoctium
3316 2266 3540 2305 vernum
3595 2254 3885 2306 aseribitur

2344 2355 2437 2393 vui
2466 2339 2583 2392 Kal.
2620 2339 2771 2408 Apr.,
2810 2352 2953 2393 nono
2982 2325 3077 2393 die.
3103 2340 3169 2393 ab
3201 2340 3443 2411 ingressu
3478 2344 3609 2396 solis
3642 2344 3696 2395 in
3736 2345 3887 2395 Arie-

2344 2438 2448 2483 tem
2482 2448 2495 2484 :
2526 2438 2579 2484 et
2624 2430 2910 2484 solstitium
2944 2430 3187 2484 mstivum
3214 2446 3308 2483 vut
3357 2434 3481 2485 item
3533 2433 3647 2487 Cal.
3693 2433 3885 2497 Julias.

2347 2522 2572 2588 septimo
2594 2520 2680 2574 die
2708 2534 2867 2590 quam
2905 2520 2985 2574 sol
3019 2520 3071 2573 in
3105 2520 3369 2574 Cancrum
3393 2523 3574 2577 subiit.
3608 2524 3709 2579 Sed
3736 2526 3887 2581 valde

2345 2610 2529 2663 rudem
2556 2618 2767 2679 oportet
2794 2624 2932 2673 esse,
2960 2609 3052 2679 qui
3082 2610 3182 2664 hoc
3210 2604 3581 2665 Kalendarinm
3614 2611 3739 2666 Julii
3759 2617 3885 2668 lite-

2346 2703 2483 2755 saris
2532 2717 2651 2757 esse
2705 2702 2805 2755 sibi
2848 2701 3197 2770 persuadeat,
3238 2704 3313 2756 uti
3353 2698 3490 2759 libro
3538 2704 3601 2758 VI
3634 2707 3704 2758 De
3742 2708 3883 2760 doct.

2349 2800 2521 2857 temp..
2552 2806 2671 2859 cap.
2702 2780 2815 2851 Xll,
2835 2791 3337 2845 demonstravimus.

2414 2879 2687 2932 Postremo
2715 2881 2759 2934 si
2793 2881 2914 2947 quis
2947 2895 3104 2935 veros
3122 2882 3244 2933 anni
3271 2883 3519 2937 cardines
3540 2898 3680 2937 anno
3708 2887 3884 2953 primo

2346 2965 2560 3020 Juliano
2597 2968 2735 3020 scire
2779 2968 2946 3035 velit,|
2970 2983 3035 3021 ex
3068 2971 3310 3036 sequenti
3354 2972 3547 3025 tabella
3583 2972 3781 3038 discet;
3826 2974 3883 3026 in

2277 3078 2319 3137 ο
2350 3074 2509 3128 quam
2550 3058 2753 3113 medios
2801 3072 3015 3127 quoque
3060 3058 3190 3114 solis
3217 3061 3493 3130 ingressus
3524 3063 3576 3115 in
3607 3063 3882 3117 dodecate—

2356 3149 2526 3204 moria
2561 3149 2888 3225 conjecimus
2923 3164 2989 3203 ex
3019 3147 3411 3219 Diagrammate
3438 3152 3531 3207 lib.
3568 3153 3607 3216 Ι,
3653 3153 3884 3223 pag.3l.

966 3281 1176 3338 Tabella
1204 3286 1595 3351 mediorum,”
1628 3309 1860 3348 verorum
1888 3299 2012 3351 solis
2045 3303 2376 3371 ingressurum
2409 3306 2464 3357 in
2503 3305 2651 3373 signa
2684 3303 2976 3357 cardinalt‘a
3005 3320 3141 3356 anno
3181 3305 3349 3371 primo
3374 3302 3612 3359 Juliano.

1704 3405 1964 3461 CARDINES
2002 3425 2169 3466 ιιειιιι.

1224 3509 1631 3593 aliqui-noctium
1667 3532 1902 3593 vernum.
1934 3523 2131 3593 Martii,
2207 3544 2351 3593 xxiv,
2394 3529 2453 3581 2|
2482 3567 2497 3590 ,
2540 3530 2636 3580 Μ’.

2217 3612 2363 3659 xxw,
2434 3598 2499 3661 4,
2533 3598 2634 3649 39'.

2220 3680 2375 3726 xxut,
2410 3667 2493 3724 12.
2571 3666 2637 3717 6'.

2136 3766 2165 3775 -ν
2223 3749 2378 3795 xxm,
2415 3734 2498 3798 l9,
2536 3734 2633 3788 δι’.

1147 3620 1152 3627 .
1237 3576 1539 3657 S_9lst_itium_
1567 3587 1807 3640 aestivum
1936 3576 2105 3657 Junii,

1233 3646 1634 3729 @quinoetiutn
1657 3658 1901 3712 autumni
1935 3660 2083 3729 Sept.

1238 3713 1534 3773 Sol—stitium
1565 3721 1842 3779 hibernum
1938 3713 2060 3784 Dec.

2839 3416 3105 3471 Ελιυιιιεε
3140 3430 3285 3470 vent.

2746 3527 2923 3581 Martii
2994 3544 3134 3592 xxtt,
3151 3530 3240 3590 23,
3275 3526 3376 3582 Ην»

2740 3596 2893 3659 Ιιιιιὶἰ¹
2992 3598 3246 3659 xxiv,25,
3311 3598 3381 3649 5'-

2744 3664 2893 3733 Sept.
3003 3681 3135 3725 xxv,
3171 3667 3254 3725 ll,
3282 3667 3375 3717 Ην.

2758 3735 2881 3787 Dec.
3008 3750 3154 3798 xxiv,
3173 3734 3377 3795 23,542

794 3848 929 3918 Ili'nc
974 3875 1193 3936 apparet
1234 3867 1544 3941 Sosigenem
1575 3876 1777 3933 medios
1806 3881 1982 3949 potius
2015 3884 2144 3938 solis
2175 3886 2256 3938 in-
2357 3885 2584 3954 injectus
2639 3900 2668 3939 a
2730 3885 2884 3939 nobis
2936 3900 3155 3949 sermo,
3208 3884 3558 3955 Scaligeriani
3608 3887 3917 3956 cujusdam.

697 3976 700 3977 ν
729 3970 946 4023 gressus
976 3957 1028 4009 in
1061 3957 1232 4025 signa,
1274 3975 1433 4028 quam
1462 3978 1617 4019 veros
1645 3969 1939 4035 exprimere
1978 3974 2208 4027 voluisse
2238 3992 2251 4027 :

727 4057 863 4112 quos
908 4042 1037 4107 fere,
1080 4054 1428 4116 praeterquam
1480 4051 1533 4103 in
1583 4068 1691 4105 uno
1738 4055 1958 4111 hiberno
2004 4059 2252 4123 solstitio,

727 4138 1049 4184 consecutus
1103 4140 1205 4186 est.
1250 4132 1494 4203 Plerique
1538 4145 1717 4193 tamen
1767 4142 2077 4211 scriptores,
2124 4147 2251 4199 dum

726 4226 962 4274 veterum
993 4228 1420 4278 astronomorum
1455 4227 1701 4283 cardines
1741 4230 1969 4286 diversis
2000 4236 2254 4302 tempori—

728 4306 829 4362 bus
857 4312 1175 4365 constitutos
1207 4312 1464 4381 relegunt,
1507 4330 1601 4384 per
1629 4317 2037 4386 imprudentiam
2070 4338 2160 4375 eos
2195 4324 2247 4377 in
2278 4386 2281 4389 _

2357 3976 2641 4029 commenti
2685 3975 2992 4029 meminisse
3028 3992 3127 4030 nos
3162 3976 3309 4039 facit,
3335 3977 3478 4044 quod
3505 3979 3562 4032 in
3586 3977 3882 4031 Manilianis

2353 4064 2496 4117 illius
2523 4064 2671 4119 Notis
2694 4064 3041 4134 legitur(pag.
3070 4066 3186 4135 l57)
3207 4105 3221 4129 ,
3253 4074 3306 4120 et
3335 4066 3386 4119 in
3412 4068 3636 4137 epistola
3659 4071 3880 4138 quadam

2354 4152 2418 4205 ad
2462 4153 2772 4207 Mamertum
2826 4152 3178 4218 Patissonem,
3250 4172 3368 4225 quae
3426 4168 3507 4210 est
3542 4167 3727 4226 quarta
3764 4158 3882 4211 libri

2348 4242 2510 4310 primi
2552 4242 2818 4296 editarum
2866 4258 3037 4311 nuper
3082 4243 3229 4297 illius
3256 4245 3624 4313 epistolarum.
3661 4265 3679 4296 ι
3713 4243 3790 4299 lbi
3818 4247 3880 4299 ab

2349 4332 2482 4399 ipsis
2522 4331 2861 4385 incunabulis
2897 4334 3236 4387 astronomiae
3266 4332 3446 4398 (verba
3480 4343 3604 4388 sunt
3630 4336 3882 4405 epistolae}

724 4395 993 4448 lulianum
1019 4411 1216 4450 annum
1247 4402 1651 4456 transtulerunt.
1690 4406 1989 4469 Quinetiam
2031 4408 2248 4479 Sosige-

2351 4420 2488 4472 hanc
2528 4423 2767 4473 veterum
2802 4419 3107 4475 Graecorum
3138 4424 3439 4491 opinionem
3481 4422 3644 4477 fuisse
3687 4434 3881 4488 censet,

724 4498 821 4537 nes
867 4485 979 4553 ipse
1018 4484 1225 4539 videtur
1258 4503 1445 4553 parum
1470 4491 1524 4544 in
1559 4493 1658 4545 hac
1704 4511 1764 4547 re
1808 4497 2109 4552 dellnienda
2152 4502 2255 4555 sibi

724 4576 1047 4630 constitisse.
1108 4575 1238 4629 Nam
1295 4594 1313 4629 ι
1369 4581 1527 4635 trinis
1572 4589 2113 4654 commentationibus
2159 4592 2255 4657 (ait

726 4661 927 4742 I’linius
972 4666 1061 4718 lib.
1104 4665 1283 4731 XVIII,
1332 4682 1450 4737 cap.
1500 4669 1659 4741 XXV)
1690 4690 1997 4744 quanquam
2030 4679 2254 4748 diligen-

726 4754 828 4803 tior
853 4764 995 4807 esset
1024 4758 1248 4818 caeteris,
1282 4773 1385 4811 non
1441 4762 1671 4813 cessavit
1712 4772 1886 4817 tamen
1917 4766 2249 4831 addubitare,

726 4842 838 4909 ipse
879 4853 1043 4896 semet
1080 4847 1411 4914 corrigendo.
1468 4869 1484 4900 ι
1539 4850 1723 4920 Itaque
1763 4854 1904 4918 aliis,
1940 4864 2100 4924 atque
2130 4860 2249 4915 aliis

642 4932 643 4935 “
724 4932 913 4985 diebus
966 4934 1212 4989 cardines
1265 4938 1502 5005 illigavit,
1578 4956 1640 4994 ex
1697 4959 1802 5011 quo
1858 4948 2086 5000 varietas
2161 4951 2248 5003 illa

724 5023 1041 5090 scriptorum
1088 5024 1140 5077 in
1185 5029 1571 5083 constituendis
1614 5034 1945 5099 :equinm-tiis
1975 5052 2034 5089 ac
2067 5040 2247 5091 solsti-

722 5110 810 5163 tiis
840 5110 894 5163 in
926 5126 1064 5165 anno
1100 5112 1306 5169 Iuliano
1338 5132 1583 5171 manasse
1609 5122 1834 5176 videtur.

1313 5206 1534 5259 CAPUT
1574 5208 1661 5264 γι.
1892 5196 1899 5199 ⁴

724 5288 797 5340 De
840 5292 975 5357 falsa
1014 5291 1260 5368 Scaligeri
1288 5301 1538 5368 sententia
1570 5316 1719 5368 super
1748 5312 1968 5354 veterum
2008 5316 2244 5359 astrono-

792 5377 989 5413 morum
1020 5363 1274 5417 solstitiis.
1296 5366 1491 5435 Contra
1519 5363 1663 5435 quem
1712 5369 2114 5434 demonstratur.
2152 5393 2243 5428 ne-

774 5442 881 5509 que
910 5443 1200 5496 perpetuam
1227 5433 1319 5509 sub
1350 5433 1828 5509 tropicopmeridiem
1860 5442 1969 5506 ﬁeri
2000 5433 2119 5495 illos
2150 5460 2245 5509 pu-

790 5503 955 5566 tgsse,
1012 5516 1165 5566 neque
1212 5502 1489 5557 solstitium
1546 5507 1598 5558 in
1659 5516 1760 5559 toto
1814 5502 2239 5566 dodecalemorio.

792 5560 1030 5619 Geminus
1054 5560 1360 5633 «implicatur.
1399 5589 1407 5594 ‘

789 5639 885 5704 llic
918 5652 984 5707 de
1016 5658 1326 5714 cardinibus
1364 5670 1595 5716 veterum
1646 5664 1894 5732 Opinione
1934 5668 2240 5723 constitutis

2353 4508 2581 4570 Eudoxi,
2627 4510 2873 4571 Metonis,
2922 4510 3225 4574 Cleostrati,
3265 4520 3318 4566 et
3364 4511 3728 4576 Euctemonis;
3772 4527 3879 4563 om-

2352 4600 2498 4651 nium
2550 4600 2780 4670 denique
2828 4603 2891 4655 ad
2938 4594 3376 4670 Eratosthenem,
3429 4614 3482 4658 et
3528 4603 3882 4674 Hipparchum

2351 4707 2554 4760 usque;
2607 4702 2916 4762 perpetuam
2977 4695 3315 4765 μεσημϐρίαν
3365 4696 3465 4749 sub
3517 4695 3724 4765 tropico
3775 4694 3879 4749 tier?

2349 4792 2705 4851 aeternamque
2748 4783 2907 4837 diem.
2953 4784 3079 4836 Item
3118 4784 3405 4837 solstitium
3448 4800 3556 4837 ιιυιι
3602 4786 3657 4837 in
3688 4791 3883 4852 puncta

2348 4868 2486 4938 λόγῳ
2524 4870 2775 4941 θεωρητῷ
2830 4871 3044 4935 Cancri,
3078 4873 3159 4925 vel
3210 4874 3554 4940 Capricorni,
3588 4874 3679 4927 sed
3710 4874 3764 4925 in
3804 4874 3880 4925 iu-

2348 4969 2493 5017 tegro
2538 4960 2969 5014 dodeeatemorio
3012 4962 3301 5013 committi;
3328 4961 3525 5016 Horum
3570 4965 3718 5031 prius
3757 4962 3879 5015 illuc

2348 5066 2416 5117 ίησ
2442 5047 2728 5105 novissima
2773 5053 3008 5106 editione
3046 5051 3247 5105 Manilii
3288 5053 3457 5122 legere
3490 5069 3597 5106 non
3621 5054 3879 5107 tnemini':

2346 5139 2611 5204 posterius
2653 5146 2828 5193 autem
2879 5139 2934 5192 in
2976 5137 3127 5192 Notis
3175 5147 3349 5193 exstat
3379 5142 3442 5194 ad
3475 5142 3569 5193 lib.
3600 5138 3620 5192 l
3653 5140 3883 5209 Isagogi-

2344 5239 2486 5288 cum,
2516 5227 2606 5279 ubi
2639 5227 2704 5281 de
2726 5227 2982 5281 Antisciis
3010 5227 3136 5296 agit.
3170 5226 3465 5298 Utrumque
3496 5245 3624 5284 vero
3654 5246 3761 5282 non
3798 5246 3868 5284 so-

2344 5312 2449 5365 lum
2499 5315 2783 5369 ridiculum
2826 5324 2930 5379 est,
2982 5316 3075 5370 sed
3127 5316 3262 5373 falso
3300 5320 3458 5371 etiam
3506 5319 3741 5388 antiquis
3777 5320 3877 5373 illi:

2344 5408 2663 5463 astronomis
2693 5408 2977 5476 aﬂingitur.
3008 5409 3211 5478 Quippe
3240 5412 3460 5463 alterum
3496 5426 3560 5464 ex
3602 5412 3878 5475 ambobus,

2342 5495 2406 5547 de
2451 5506 2701 5565 perpetua
2746 5498 2865 5551 luce
2904 5498 3004 5551 sub
3033 5502 3255 5568 tropico,
3301 5515 3404 5552 non
3434 5501 3587 5553 aliter
3614 5509 3759 5554 stare
3790 5512 3883 5569 ρον

2341 5592 2463 5645 test,
2510 5586 2610 5637 nisi
2644 5586 2891 5656 antiquos
2921 5587 3043 5642 illos
3069 5597 3287 5657 putasse
3313 5590 3536 5643 velimus
3570 5590 3882 5660 parallelun‘.

2342 5671 2499 5726 istum
2543 5688 2702 5745 supra
2760 5676 3042 5741 ﬁnitorem,
3080 5687 3309 5749 quantus
3337 5688 3567 5749 quantus
3611 5688 3716 5745 est,
3786 5694 3883 5733 ex-
