4112 6314
200 508 335 565 1361

992 512 1444 573 ΠῘΒΞΕΗΤΑΤΙΟ
1485 515 1573 571 DE
1615 498 1801 573 ΘΒἸἪ
1839 514 1927 571 ΕΤ
1964 504 2228 573 OCCASU
2270 516 2589 575 SIDERUM.

3250 512 3385 571 i363

200 632 563 688 staretotum,
584 640 684 680 nec
707 627 876 695 ipsius
900 626 1060 680 ullam
1092 635 1296 697 partem
1324 628 1423 684 sub
1453 636 1596 683 terra
1625 644 1746 684 esse
1775 638 1822 693 Α
1845 628 1916 685 Ili
1946 630 2088 702 (pag.
2119 632 2188 684 62
2228 629 2319 687 Gr.
2354 632 2525 701 edit.),
2560 630 2750 686 scribit
2775 628 3170 685 observationes
3206 608 3386 681 solsti-

201 717 496 773 conditam.
526 718 685 788 Atqui
714 718 769 772 id
796 712 990 774 falsum
1023 727 1125 774 est.
1159 718 1410 777 Eudoxus
1441 731 1585 776 certe
1611 721 1752 790 apud

201 802 569 874 Hipparchum
608 807 699 860 lib.
754 806 771 859 l
812 808 953 878 (pag.
999 808 1052 875 6)
1099 810 1374 865 asserebat
1416 810 1603 879 tropici
1648 810 1755 865 cir-

201 896 315 950 culi
356 896 410 949 in
440 893 647 951 Graecia
701 907 905 967 partem
955 900 1123 964 illam,
1174 915 1295 969 qua:
1345 916 1506 971 supra
1555 910 1754 957 terram

203 986 450 1055 emergit,
473 986 687 1042 ad.eam
716 1004 834 1057 qua:
863 989 1003 1044 infra
1032 999 1227 1045 terram
1259 993 1410 1055 latet,
1442 987 1560 1046 eam
1589 993 1758 1046 ratio.

207 1091 333 1129 nem
378 1076 593 1138 habere,
640 1094 758 1146 qua:
801 1089 882 1134 est
924 1082 1208 1135 duodecim
1256 1081 1323 1135 ad
1375 1090 1598 1152 septem.
1650 1082 1759 1139 Hoc

210 1183 322 1221 non
366 1168 538 1238 potuit
580 1167 832 1225 Eudoxus
882 1174 1060 1226 animo
1106 1172 1407 1241 concipere,
1453 1174 1557 1227 nisi
1596 1174 1759 1228 talem

211 1259 318 1314 sibi
357 1259 575 1329 sphzerae
597 1261 832 1329 positum
882 1264 1123 1333 lingeret,
1171 1270 1233 1317 ut
1275 1280 1384 1333 quo
1430 1267 1648 1334 propius
1692 1265 1760 1319 ad

207 1350 639 1419 aequinoctialem
689 1352 982 1413 acceditur.
1031 1368 1095 1408 eo
1145 1356 1315 1423 major
1355 1354 1545 1423 tropici
1589 1355 1760 1410 aestivi

209 1456 342 1511 pars
382 1442 709 1497 subterram
739 1444 1118 1511 descenderet;
1168 1446 1344 1498 minor
1376 1453 1552 1499 autem
1585 1460 1762 1500 emer—

210 1541 381 1601 geret,
412 1533 581 1587 donec
613 1548 678 1588 eo
706 1541 918 1587 ventum
950 1543 1111 1599 esset,
1144 1535 1231 1587 ubi
1261 1551 1325 1589 ex
1355 1548 1507 1606 aequo
1529 1536 1762 1591 circulus

212 1625 308 1680 ille
358 1624 427 1679 ab
467 1625 745 1680 horizonte
795 1626 1070 1680 dividitur.
1105 1625 1408 1681 Absurdum
1450 1634 1533 1681 est
1585 1626 1765 1696 itaque

213 1714 542 1783 persuadere
571 1714 692 1777 sibi,
722 1716 806 1768 vel
840 1714 1137 1780 Eudoxum,
1175 1716 1279 1780 vel,
1299 1716 1521 1785 aequalis
1543 1715 1633 1786 qui
1669 1715 1768 1769 fuit

214 1807 359 1875 ejus,
400 1805 683 1869 Metonem,
728 1814 818 1861 aut
858 1807 1020 1860 alium
1050 1807 1357 1876 quemlibet,
1393 1807 1484 1877 qui
1518 1815 1769 1861 astrono-

217 1898 297 1951 mi
333 1912 528 1953 nomen
555 1905 829 1967 utcunque
861 1905 1119 1965 tueretur,
1147 1899 1280 1954 adeo
1322 1899 1548 1955 stolidos
1576 1897 1764 1962 fuisse,

217 2092 373 2144 rent:
412 2096 536 2135 nam
582 2081 776 2151 Syene,
820 2098 939 2151 qua:
973 2083 1073 2137 sub
1112 2083 1318 2154 tropico
1351 2082 1452 2138 sita
1478 2089 1580 2157 est,
1620 2081 1672 2133 in
1709 2095 1772 2134 eo

219 2180 402 2227 tractu
445 2172 680 2242 ponitur.
726 2171 908 2241 Neque
954 2188 1081 2227 vero
1129 2173 1511 2242 comprehendi
1564 2173 1773 2226 ratione

219 2265 335 2318 ulla
360 2270 551 2332 potest,
589 2265 779 2325 solem.
818 2280 941 2319 cum
986 2268 1049 2319 ad
1081 2266 1347 2335 tr0picum
1385 2266 1645 2335 pervenit,
1682 2280 1774 2334 pe-

219 2366 451 2407 rennem
499 2355 616 2407 sine
656 2362 814 2409 nocte
854 2354 1029 2409 facere
1073 2354 1269 2419 lucem,
1304 2355 1411 2409 nisi
1451 2354 1775 2407 immobilem

220 2443 301 2499 ibi
355 2446 651 2500 consistere
676 2457 925 2515 putemus
956 2464 968 2500 :
1000 2444 1149 2516 quod
1174 2453 1513 2500 astronomos
1531 2445 1652 2499 illos
1683 2459 1777 2498 su-

220 2534 462 2603 spicalos
484 2549 603 2589 esse
623 2534 964 2607 defendinon
982 2542 1175 2605 potest,
1221 2538 1349 2604 quin
1386 2534 1600 2589 eosdem
1651 2535 1779 2590 veli-

224 2640 351 2680 mus
369 2638 422 2679 et
442 2626 498 2681 in
543 2624 769 2692 Graecia,
799 2636 851 2683 et
872 2628 965 2691 ibi,
1009 2627 1098 2681 ubi
1142 2638 1314 2691 erant,
1343 2628 1630 2681 arbitratos
1659 2642 1781 2683 esse

226 2716 381 2771 nulla
438 2717 793 2788 interruptum
847 2730 1002 2773 nocte
1060 2726 1172 2771 tum
1222 2734 1342 2775 esse
1385 2720 1548 2774 diem.
1582 2718 1780 2785 Quam-
1839 2720 1841 2722 ’

228 2805 439 2871 obrem,
482 2817 539 2860 ut
566 2807 632 2862 de
662 2809 870 2863 casteris
899 2810 1057 2862 modo
1089 2816 1319 2871 taceam,
1353 2818 1495 2863 certe
1527 2808 1594 2864 de
1627 2809 1781 2864 Cleo-

226 2905 427 2979 strato,
460 2898 685 2963 Metone,
730 2898 1077 2963 Euctemone,
1106 2898 1349 2963 Eudoxo,
1426 2901 1663 2971 adeoque
1689 2916 1783 2955 ve-

228 2989 553 3044 tustioribus
606 2990 766 3044 etiam
818 2990 1229 3052 matbematicis,
1289 3006 1515 3059 quorum
1564 2991 1781 3062 quidem

231 3082 439 3136 mentio
483 3088 676 3146 exstet,
728 3097 883 3136 nemo
939 3083 1044 3136 tale
1091 3082 1403 3151 quidquam,
1440 3083 1544 3138 nisi
1596 3084 1783 3140 absur-

232 3173 482 3236 dissime,
512 3175 748 3244 cogitare
778 3182 972 3244 potest.
1738 3168 1742 3171 ⁷

1850 723 1915 777 tii
1945 738 1975 776 a
2007 723 2218 779 Metone
2269 730 2323 778 et
2367 721 2693 789 Euctemone
2741 721 2907 775 factas
2940 719 3006 773 ad
3039 733 3220 773 verum
3255 716 3386 772 solis
3440 712 3441 715 “

1852 813 2236 884 designandum
2269 814 2558 869 circuitum
2587 812 2827 867 utiliores
2862 808 3209 882 Hipparcbeis
3250 806 3385 871 fore,

1853 905 1957 960 nisi
2000 894 2458 975 ὁλοσχερέοίτερον,
2508 902 2561 956 id
2595 912 2693 964 ,εει
2733 901 2949 956 rudiore
2979 898 3211 954 Minerva
3256 895 3389 950 deli-

1854 1004 2025 1051 neala:
2057 995 2252 1060 forent,
2318 1010 2382 1050 ac
2412 994 2515 1048 nisi
2546 1000 2799 1063 praterea
2832 990 3180 1047 solstitiorum
3206 1000 3387 1041 moro-
3414 1042 3417 1045 _

1857 1087 1969 1141 sior
2008 1096 2149 1142 esset
2188 1101 2250 1141 ac
2292 1083 2553 1138 dimcilior
2588 1082 3000 1137 animadversio.
3057 1079 3184 1146 Quae
3216 1077 3392 1130 Ptolov

1856 1178 1976 1231 mari
2007 1177 2169 1232 verba
2194 1177 2538 1231 vanissimam
2569 1174 2713 1227 illam
2743 1171 2999 1241 Scaligeri
3028 1169 3392 1238 conjecturam

1858 1284 1979 1324 esse
2016 1267 2292 1323 evidenter
2323 1274 2572 1337 arguunt.

1928 1358 2069 1421 Rene
2096 1360 2379 1414 omiseram
2411 1355 2551 1427 quod
2580 1354 2646 1410 ad
2682 1369 2792 1409 rem
2822 1365 3153 1424 magnopere
3171 1344 3414 1420 spectat,

1861 1466 1925 1506 ex
1967 1449 2173 1513 eodem,
2208 1449 2365 1517 cujus
2404 1450 2648 1517 proxime
2702 1445 3064 1508 meminimus,
3093 1439 3419 1511 Hipparcho,

1863 1540 1979 1609 (lib.
2013 1539 2053 1603 l,
2085 1554 2205 1609 pag.
2249 1538 2358 1602 i8).
2391 1536 2489 1603 Hic
2520 1536 2661 1592 enim
2699 1544 2885 1590 contra
2918 1532 3159 1595 Attalum
3180 1529 3414 1592 demon-.

1864 1636 2000 1684 strat
2041 1628 2465 1697 aequinoctialem
2509 1626 2792 1687 circulum,
2834 1639 2896 1677 ac
2939 1622 3175 1691 tropicos
3223 1617 3406 1671 latitu-a

1864 1719 1990 1774 dine
2016 1734 2201 1773 carere
2223 1734 2286 1773 ex
2315 1718 2565 1788 opinione
2595 1716 2939 1785 priscorum;
2965 1725 3139 1779 neque
3179 1709 3235 1761 in
3283 1706 3405 1761 aliis

1868 1819 2025 1880 atque
2057 1811 2174 1864 aliis
2212 1810 2480 1880 parallelis
2511 1806 2823 1877 aequinoctia
2866 1804 2949 1859 vel
2999 1799 3227 1857 solstitia
3259 1812 3407 1852 eom—
3475 1794 3479 1800 ’

218 1898 297 1951 mi
333 1912 528 1953 nomen
555 1905 829 1967 utcunque
861 1905 1119 1965 tueretur,
1147 1899 1280 1954 adeo
1322 1899 1548 1955 stolidos
1576 1897 1764 1962 fuisse,
1842 1892 2007 1955 mitti
2040 1920 2051 1954 :
2089 1902 2229 1971 quod
2263 1900 2387 1955 inde
2424 1887 2636 1970 probat,
2667 1896 2792 1967 quia
2823 1895 3013 1949 crebro
3043 1897 3293 1946 asserunt
3328 1887 3406 1941 illi

218 1997 285 2043 ut
320 1996 637 2060 perpetuum
679 1989 737 2043 in
774 1988 991 2060 IEgypti
1036 1990 1206 2044 limite
1249 1990 1388 2045 diem
1430 2005 1552 2045 esse
1589 1958 1844 2043 crede-‘B
1872 1993 2151 2048 zodiacum
2201 1990 2530 2060 ἐφάπτεσθαι
2572 1988 2678 2042 τῶν
2730 1984 2999 2057 τροπικῶν
3047 1981 3162 2036 καθ’
3208 1979 3265 2033 ἓν
3315 1993 3406 2048 ση-

978 2006 991 2041 ι
1036 2004 1206 2044 nume
1249 2004 1388 2045 mem
1430 2005 1552 2045 €888
1589 2004 1772 2043 creue-

1872 1993 2151 2048 zodiacum
2201 1990 2530 2061 ἐφάπτεσθαι
2572 1988 2678 2042 τῶν
2730 1984 2999 2057 τροπικῶν
3047 1981 3162 2036 καθ’
3208 1979 3265 2033 ἓν
3315 1993 3409 2048 ση-

1874 2087 2041 2154 μεῖον,
2093 2102 2112 2133 ι
2162 2083 2217 2137 in
2260 2097 2365 2136 uno
2403 2088 2599 2150 puncto
2637 2075 2871 2131 circulos
2918 2073 3155 2143 tropicos
3200 2070 3411 2125 contin-

1872 2189 2015 2243 gere.
2072 2192 2091 2224 ι
2135 2172 2216 2227 Ad
2261 2171 2373 2225 hazc
2417 2172 2463 2225 si
2516 2166 2853 2222 latitudinem
2895 2164 3154 2219 baberent
3198 2161 3409 2224 circuli,

1871 2264 2273 2336 aequinoctium,
2322 2260 2551 2330 exempli
2593 2273 2775 2321 causa,
2808 2256 3053 2327 pluribus
3082 2253 3273 2307 diebus
3316 2250 3412 2305 tie-

1873 2366 1951 2411 ret
1982 2370 1996 2408 :
2028 2355 2394 2425 quod-sensus
2435 2353 2549 2421 ipse
2581 2349 2875 2419 redarguit.
2922 2345 3055 2400 Nam
3091 2342 3415 2413 aequinoctia

1876 2449 2118 2511 facilius,
2162 2461 2323 2516 quam
2385 2443 2612 2499 solstitia
2668 2441 3051 2496 discernuntur
3101 2434 3289 2490 oculis.
3346 2432 3417 2492 At

1876 2556 2005 2596 vero
2052 2533 2249 2593 eadem
2292 2538 2431 2590 ratio
2479 2544 2534 2590 et
2576 2534 2643 2589 de
2687 2529 2936 2587 solstitiis
2967 2526 3292 2591 vinoit,-uno
3324 2523 3418 2575 illa

1877 2629 2248 2685 tantummodo
2278 2627 2364 2683 die
2394 2624 2631 2698 ἀκριϐῶς
2680 2638 2743 2677 ac
2771 2621 2926 2690 φύσει
2955 2618 3157 2689 peragi,
3190 2613 3419 2686 quodin
3462 2678 3467 2683 1

1878 2738 1986 2776 uno
2014 2721 2187 2776 solum
2214 2726 2413 2789 puncto
2438 2722 2718 2771 contactus
2746 2712 2838 2766 ﬂat
2866 2710 3231 2775 circulorumq

1949 2811 2101 2888 Unus
2130 2809 2197 2865 ad
2219 2808 2566 2864 divinationis
2592 2806 2749 2861 istius
2776 2802 2933 2858 ﬁdem
2958 2802 3157 2855 cit-atur
3179 2813 3209 2851 a
3249 2796 3423 2852 Scali-

1879 2919 2004 2974 gero
2033 2902 2187 2958 testis
2217 2900 2473 2957 Geminus
2503 2917 2517 2954 :
2551 2900 2642 2966 qui
2671 2912 2791 2967 cap.
2823 2895 2843 2949 I
2873 2891 3229 2965 quorumdam
3270 2896 3422 2967 vete-

1881 3008 2000 3046 rum
2041 2992 2343 3060 opinionem
2387 2988 2604 3049 refellit.
2650 2974 3031 3057 quiCancrum
3059 2979 3422 3049 et-Gapricorv
3470 2996 3473 2997 '

1882 3096 2010 3135 num
2055 3080 2275 3134 minime
2311 3080 2567 3149 putabant
2608 3092 2732 3130 cum
2771 3075 2879 3129 ulio
2917 3074 3073 3144 signo
3110 3068 3422 3139 conjugari,

1884 3172 1987 3225 hoc
2018 3179 2101 3225 est
2124 3171 2329 3224 nullum
2361 3184 2500 3227 esse.
2528 3167 2670 3238 quod
2702 3166 2887 3221 eodem
2924 3166 3043 3219 loco
3067 3178 3190 3229 cum
3220 3160 3427 3216 utrovis

306 3264 546 3318 Alterum
578 3266 866 3319 commenti
894 3274 1056 3339 caput-
1085 3266 1283 3331 minus,
1312 3281 1473 3337 quam
1505 3266 1659 3330 illud,
1703 3267 1786 3321 in-
1810 3284 1852 3339 ο
1884 3264 2089 3315 oriatur
2117 3270 2169 3314 et
2201 3259 2429 3314 occidat.
2460 3256 2571 3311 Hoc
2612 3254 2812 3311 refutat
2855 3252 3132 3314 Geminus,
3172 3252 3297 3322 quia
3343 3264 3429 3309 εε-

228 3363 444 3424 eptum,
468 3354 702 3409 validius
732 3366 906 3411 tamen
937 3355 1219 3411 refellitur.
1249 3356 1381 3411 Nam
1418 3357 1462 3411 si
1496 3356 1655 3421 Meto,
1688 3356 1787 3411 Eu-

234 3446 432 3511 doxus,
463 3445 735 3515 Calippus,
762 3454 815 3501 et
836 3447 924 3499 atii
954 3454 1077 3500 ante
1103 3445 1464 3516 Hipparchum
1478 3445 1587 3500 fere
1604 3446 1787 3501 solsti-

236 3539 316 3589 tia
350 3537 403 3590 in
434 3537 659 3607 integris
684 3537 1152 3601 dodecatemoriis,
1179 3553 1285 3593 non
1316 3537 1369 3591 in
1403 3546 1547 3593 certa
1576 3537 1788 3591 illorum

238 3626 503 3695 particula
558 3626 672 3681 ﬁeri
721 3628 1080 3694 censuissent,
1129 3642 1258 3694 non,
1286 3628 1498 3696 opinor,
1540 3626 1630 3680 illa
1672 3628 1788 3696 ipsa

236 3716 475 3774 solstitia
523 3717 689 3771 certis
729 3717 938 3772 dierum
982 3718 1270 3772 momentis
1317 3731 1346 3769 a
1397 3732 1454 3771 se
1505 3716 1790 3772 observata

236 3809 555 3880 proderent,
594 3817 655 3860 ut
699 3808 857 3871 Meto,
891 3808 980 3877 qui
1022 3808 1312 3862 solstitium
1342 3805 1435 3860 illo
1462 3807 1548 3860 die
1589 3806 1789 3859 factum

238 3898 645 3961 animadvertit,
678 3899 769 3967 qui
801 3897 942 3952 Junii
970 3898 1147 3952 nostri
1182 3897 1287 3951 diei
1326 3912 1469 3951 xxvu
1504 3896 1793 3966 responde-

240 3992 340 4045 bat
389 4008 402 4042 :
451 3998 509 4044 ut
564 3989 842 4059 Calippus,
890 3989 1193 4057 exterique.
1232 4002 1461 4057 quorum
1529 3987 1583 4059 in
1631 4001 1791 4055 para-

1888 3359 2145 3423 queretur
2163 3349 2367 3421 τροπὰς
2392 3351 2447 3403 in
2475 3357 2587 3402 toto
2610 3347 2818 3401 Cancro
2846 3346 2959 3400 ﬁeri
2994 3364 3008 3398 :
3047 3343 3189 3413 quod
3206 3357 3323 3396 rnon
3345 3348 3431 3395 est

1890 3447 1995 3512 ita;
2048 3459 2170 3507 nam
2215 3446 2268 3511 in
2303 3433 2659 3511 uno'tantum
2710 3449 2907 3512 puncto
2977 3439 3118 3508 λόγῳ
3177 3433 3432 3507 θεωρητῷ

1888 3533 2160 3589 accidunt.
2211 3533 2315 3589 Sed
2356 3549 2422 3589 ex
2469 3548 2534 3588 eo
2584 3530 2792 3586 Gemini
2838 3538 3149 3600 argumento
3190 3542 3299 3580 non
3344 3531 3433 3583 est

1889 3642 2247 3696 consequens,
2299 3641 2419 3682 eam
2467 3623 2717 3688 Metonis,
2764 3621 2993 3687 Eudoxi,
3046 3628 3101 3678 et
3152 3621 3204 3676 id
3259 3633 3436 3691 genus

1891 3731 2321 3787 astronomorum
2370 3720 2676 3790 Opinionem
2728 3718 2911 3773 fuisse.
2952 3718 3065 3771 lmo
3101 3732 3248 3779 vero,
3289 3714 3473 3787 quod;

1892 3812 2172 3868 Eudoxum
2220 3800 2445 3883 spectat,
2492 3812 2724 3866 alienum
2754 3810 2899 3865 hunc
2935 3809 3104 3867 fuisse
3129 3810 3196 3864 ab
3219 3810 3319 3864 boc
3347 3825 3437 3864 er-

1891 3921 2033 3971 rore,
2074 3912 2266 3974 praetgr
2306 3905 2419 3967 illa,
2466 3918 2585 3971 quae
2628 3903 2789 3971 paulo
2832 3911 2957 3964 ante
2988 3901 3289 3961 retulimus,
3329 3900 3436 3953 alio

1892 3995 2010 4050 loco
2052 3992 2311 4048 Geminus
2358 3992 2497 4048 idem
2547 4002 2728 4061 aperte
2778 3992 3043 4061 signiﬁcat
3091 4005 3211 4059 cap.
3263 3988 3323 4041 \‘l
3371 3989 3439 4043 de

241 4081 584 4153 pegmatibus
635 4080 848 4136 decreta
935 4081 1294 4144 notabantur;
1349 4077 1801 4157 quemadmoduml

1890 4086 2191 4149 mensibus,
2221 4086 2314 4141 ubi
2351 4085 2661 4155 popularem
2702 4082 2985 4154 quamdam
3018 4083 3322 4152 opinionem
3354 4097 3441 4136 ca-

203 4231 207 4234 .
246 4168 391 4239 apud
425 4168 729 4231 G‘eminumv
758 4176 811 4222 ει
850 4170 901 4221 in
936 4166 1203 4222 Ριοιεῐηπί
1243 4167 1380 4220 “bro
1408 4166 1475 4221 de
1508 4166 1798 4234 inerranti-
1896 4177 2055 4247 stigat
2097 4175 2475 4230 arbitrantium
2524 4174 2626 4228 lsia
2668 4172 2808 4241 apud
2837 4171 3119 4242 Egyptios
3148 4172 3201 4224 in
3233 4168 3439 4225 Eudoxi

247 4261 353 4315 bus
378 4261 560 4315 Graece
586 4275 616 4313 a
641 4260 794 4314 nobis
820 4260 965 4313 edito
989 4259 1170 4314 videre
1199 4258 1346 4311 licet.
1378 4256 1587 4311 Etenim
1616 4256 1798 4311 solsti-

247 4354 385 4405 tium
415 4351 656 4405 aastivum
687 4348 947 4419 Calippus
971 4350 1023 4402 in
1051 4349 1223 4418 prima
1251 4346 1444 4400 Cancri
1495 4352 1646 4415 parte
1682 4346 1796 4398 col-

249 4442 487 4507 locabat,
519 4442 591 4495 ait
624 4441 879 4496 Geminus
910 4441 1051 4510 (pag.
1082 4439 1202 4507 ‘15);
1234 4438 1517 4503 hibernum
1539 4438 1595 4491 in
1626 4435 1799 4506 prima

246 4533 569 4602 Capricorni
597 4533 827 4603 ponebat
855 4530 1180 4595 Euctemon;
1214 4528 1553 4597 Eudoxus,in
1585 4534 1796 4597 quarta.

1896 4266 2203 4338 χειμερινὰς
2245 4267 2449 4339 τροπὰς
2489 4265 2725 4319 incidere
2757 4283 2771 4319 :
2799 4264 2941 4334 quod
2970 4271 3097 4331 ante
3130 4277 3305 4316 annos
3337 4278 3438 4316 cxx

1898 4360 2191 4429 contigisse
2223 4358 2436 4429 probat.
2472 4356 2651 4427 Igitur-
2671 4354 2926 4410 Eudoxus
2954 4355 3235 4420 hibernum
3268 4355 3443 4409 solsti-

1898 4450 2032 4504 tium
2064 4462 2171 4501 uno
2200 4446 2383 4515 aliquo
2410 4445 2496 4500 die
2526 4442 2974 4513 circumscripsit.

1970 4540 2142 4611 Atque
2164 4545 2224 4593 ut
2246 4536 2547 4608 antiquiora
2574 4551 2785 4606 quoque
2806 4517 3042 4604 tempora
3054 4530 3447 4602 perstringam,

248 4626 477 4690 Verum,
512 4632 571 4679 ut
598 4623 934 4694 Hipparchus
967 4622 1180 4684 asserit,
1212 4620 1468 4675 Eudoxus
1510 4620 1564 4674 in
1609 4619 1801 4673 mediis

1900 4640 2043 4686 certe
2093 4628 2755 4696 Hesiodus,_astronomia:
2801 4623 3025 4692 scientia
3074 4622 3444 4687 clarissimus,

250 4717 462 4786 signis,
504 4715 606 4769 hoc
652 4722 736 4769 est
778 4715 830 4768 in
880 4713 1047 4783 gradu
1088 4711 1154 4765 15
1195 4710 1444 4764 cardines
1512 4710 1798 4773 statuebat,

250 4804 400 4878 quod
429 4805 604 4874 capite
637 4804 901 4873 superiori
934 4800 1347 4871 disputavimus.
1378 4801 1445 4852 At
1474 4814 1601 4853 vero
1630 4799 1675 4853 si
1710 4813 1805 4868 per

250 4909 430 4954 totum
481 4896 949 4951 dodecatemorion
1003 4892 1292 4948 solstitium
1342 4890 1582 4944 diﬂ‘undi.
1614 4890 1792 4945 crede-

253 4998 402 5055 rent,
450 5004 559 5042 non
604 4987 735 5039 illud
772 4989 935 5039 certis
972 4983 1342 5037 tantummodo
1383 4982 1571 5036 diebus
1602 4983 1805 5052 illigas—

256 5088 404 5143 sent,
454 5085 580 5148 puta
626 5075 816 5143 primo,
850 5081 1064 5142 quarto,
1107 5073 1189 5125 vel
1226 5077 1415 5124 octavo
1448 5068 1515 5121 ab
1561 5069 1806 5137 ingressu

194 5176 199 5183 “
258 5170 397 5227 solis
434 5168 487 5222 in
531 5167 762 5234 signum.
799 5163 1136 5233 Hipparchus
1162 5160 1326 5231 lib.“
1358 5162 1534 5225 docet,
1567 5175 1632 5213 ex
1660 5159 1808 5212 Arati

261 5260 555 5321 sententia,
576 5257 838 5313 committi
868 5257 1158 5311 solstitium
1192 5255 1247 5309 in
1277 5254 1445 5323 prima
1481 5259 1632 5322 parte
1671 5250 1811 5306 Can-

262 5352 370 5413 cri,
418 5365 645 5420 eamque
689 5347 1190 5403 mathematicorum
1242 5354 1504 5399 veterum.
1557 5351 1647 5396 aut
1694 5357 1812 5396 om-

263 5439 441 5502 nium,
494 5446 586 5492 aut
634 5437 856 5506 majoris
902 5436 1069 5505 partis
1119 5434 1423 5504 opinionem
1476 5430 1660 5484 fuisse.
1728 5430 1814 5481 ‘Ev

266 5527 438 5598 ταύτῃ
475 5532 539 5599 τῇ
576 5530 745 5597 τροπῇ
787 5526 961 5579 τοίνυν
985 5525 1079 5594 τὴν
1109 5524 1279 5595 ἀρχὴν
1302 5521 1480 5591 ἐπέχει
1504 5519 1596 5571 τοῦ
1620 5518 1817 5591 Καρκίο

269 5638 383 5674 νου.
419 5622 527 5675 Καὶ
567 5620 669 5672 ὑπὸ
701 5620 805 5672 τῶν
840 5617 1075 5689 ἀρχαίων
1104 5617 1161 5668 δὲ
1194 5612 1575 5686 μαθηματικῶν
1607 5612 1818 5666 πάντων

276 5714 479 5785 σχεδὸν,
504 5714 537 5784 ἢ
564 5713 669 5765 τῶν
695 5712 954 5764 πλείστων
980 5709 1160 5761 τοῦτον
1186 5708 1273 5759 τὴν
1298 5707 1492 5777 τρόπον
1565 5703 1819 5769 ζωδιακὸς

275 5809 469 5869 κύκλος
494 5806 729 5877 διῄρητο.
771 5806 976 5875 Excipit
1003 5804 1302 5861 Eudoxum,
1342 5803 1432 5872 qui
1481 5800 1547 5852 τὰ
1591 5798 1821 5869 τροπικὰ

279 5904 477 5973 aquaist
513 5898 651 5953 κατὰ
684 5897 817 5968 μέσα
860 5896 925 5948 τὰ
955 5895 1112 5958 ζὼδια
1139 5893 1331 5966 τίθητι.
1378 5890 1694 5945 Ptolonmus
1727 5887 1819 5940 lib.

1902 4716 1995 4787 qui
2022 4717 2190 4770 altero
2225 4721 2353 4784 post,
2374 4715 2641 4769 excidium
2673 4713 2848 4782 Troja:
2880 4712 3076 4766 saeculo
3108 4710 3306 4773 ﬂoruit,
3337 4710 3448 4766 sol-

1905 4807 2109 4862 stitium
2139 4814 2430 4875 utrumque
2464 4818 2797 4873 nequaquam
2831 4802 2884 4856 in
2917 4802 3045 4857 totis
3076 4802 3448 4860 dodecalemo-

1904 4900 2019 4961 riis,
2049 4914 2111 4952 ac
2149 4898 2341 4953 diebus
2370 4897 2583 4950 circiter
2613 4896 2836 4949 tricenis
2877 4894 3159 4964 utrobique
3188 4894 3447 4955 committi

1907 4989 2135 5045 censuit.
2169 4987 2368 5041 Scribit
2396 4986 2537 5039 enim
2582 4986 2673 5043 lib.
2708 4984 2750 5037 ll
2811 4984 3061 5053 Operum,
3092 4988 3311 5052 posttx.
3333 4981 3449 5047 dies

1910 5099 1939 5136 a
1986 5082 2222 5145 solstitio
2267 5079 2493 5133 hiberno
2524 5078 2811 5131 Arcturum
2850 5075 2980 5128 oriri
3008 5088 3227 5145 ,:quem
3273 5074 3450 5128 locum

1910 5171 2276 5243 expendemus
2303 5175 2508 5239 postea.
2540 5166 2675 5219 Tum
2705 5165 2890 5219 eodem
2928 5164 3453 5233 libro,.quinquage-

1910 5265 2047 5319 simo
2079 5262 2163 5319 die
2194 5269 2315 5333 post
2341 5260 2547 5333 τροπὰς
2583 5258 2813 5323 ωεῑὶνοε,
2843 5263 3159 5322 autumnum
3198 5255 3273 5312 ait
3312 5253 3450 5315 inci-

1911 5372 2035 5427 pere
2068 5374 2079 5409 :

1986 5468 2215 5534 Ἤματα
2246 5462 2607 5527 πεντήκοντα
2626 5459 2773 5534 μετὰ
2803 5456 3021 5525 τροπὰς
3044 5455 3296 5534 ,ἠελίοιο

1998 5523 2280 5600 ’τέλος
2313 5523 2589 5599 ἐιιθὸντος
2617 5523 2810 5596 θέρεος
2832 5523 3208 5595 καματώδεος
3225 5523 3397 5592 ὥρης,

1996 5605 2219 5672 Ὡραῖος
2247 5604 2484 5656 πέλεται
2512 5600 2746 5668 θνητοῖς
2770 5600 2972 5662 πλόος.

1990 5722 2421 5806 Quinquagesimo
2452 5734 2533 5786 die
2562 5742 2674 5799 post
2707 5730 3007 5806 solstitium,

1991 5799 2117 5863 Cum
2142 5799 2399 5872 'ad'ﬁnem
2430 5807 2561 5856 venit
2593 5804 2790 5855 a‘statis
2823 5799 3085 5872 laboriosa
3130 5804 3432 5868 temperius,~

1996 5870 2308 5946 Tempestii'a
2335 5885 2408 5930 est
2438 5872 2742 5927 mortalibus
2774 5870 3048 5939 navigatio.
