4046 6320
786 446 926 514 1365

1744 440 1834 495 AD
1873 440 2132 495 EUSEBII
2169 439 2559 496 CHRONICON
2590 440 2941 509 APPENDIX.

3827 437 3935 493 I561

856 563 980 616 Haec
1004 561 1069 616 ad
1082 561 1496 615 convincendam
1521 557 1891 627 Scaligerianaz
1916 556 2193 611 sententia:
2222 530 2319 609 fal?
2346 560 2397 617 Α
2420 571 2574 625 aequo
2612 563 2815 610 remota
2839 555 2949 609 sint
2974 568 3005 607 a
3033 552 3307 609 solstitiali
3336 560 3562 623 puncto.
3593 552 3662 605 At
3697 566 3849 605 secus
3874 568 3936 606 res

785 655 1021 713 sitatem.
1049 659 1103 706 et
1138 651 1327 706 idonea
1375 659 1522 713 sunt,
1552 659 1606 703 et
1652 649 1952 702 necessaria
1982 646 2219 708 fuerunt,
2250 661 2319 700 ne

783 743 908 812 quis
955 752 1155 796 temere
1203 738 1514 795 stoliditatis
1550 747 1705 791 tanta:
1731 751 1852 791 reos
1879 742 2153 805 perageret
2180 734 2317 787 anti-

784 847 922 903 quos
951 833 1072 887 illos
1098 841 1466 896 astronomos;
1500 830 1796 900 praesertim
1828 828 2111 887 Metonem,
2136 826 2321 880 Eucte-

784 908 1019 988 monem,
1048 923 1347 997 Eudoxum,
1380 930 1604 977 caeteros
1632 912 1864 990 denique
1899 920 1966 973 ad
2006 918 2319 973 Eratosthe-

784 1031 906 1075 nem
933 1024 987 1071 et
1018 1013 1393 1099 Hipparchum.

1366 1148 1589 1207 CAPUT
1629 1148 1737 1202 VII.

782 1269 860 1323 De
914 1267 1209 1320 cardinibus
1266 1273 1491 1318 veterum
1536 1263 1788 1316 sententia
1817 1270 1999 1314 contra
2049 1259 2319 1325 Geminum

850 1338 1078 1405 defensa.
1108 1335 1631 1405 SignaAimperantia,
1666 1329 2314 1405 auscultantia,__viden_tia,
2376 1353 2386 1367 ι

848 1397 924 1461 σε’
944 1397 1231 1464 Ριοιειηῶί,
1264 1397 1421 1456 Pauli
1464 1402 1825 1461 Alexandrini,
1858 1400 2069 1453 Manilii
2100 1409 2149 1452 et
2189 1397 2316 1451 Fir-

846 1478 969 1529 mici
1004 1472 1291 1528 rationibus
1323 1472 1601 1537 explicata.
1636 1470 1776 1524 Mira
1812 1472 1867 1523 in
1895 1472 1977 1525 Itis
2010 1478 2060 1523 et
2101 1466 2319 1523 Firmici

846 1547 957 1600 loco
984 1543 1322 1598 hallucinatio
1353 1541 1628 1611 Scaligeri.

786 1724 787 1727 η
846 1657 953 1713 Sed
995 1666 1056 1712 ut
1095 1665 1335 1714 veterum
1378 1655 1446 1710 de
1485 1654 1797 1709 cardinibus
1838 1654 2103 1718 sententia
2144 1652 2316 1723 magis

778 1750 1096 1812 illustretur,
1124 1757 1240 1802 tum
1278 1748 1446 1801 multa
1478 1746 1544 1801 ad
1575 1747 1715 1801 idem
1752 1747 2023 1815 negotium
2064 1752 2316 1814 spectan-

776 1842 868 1906 tia,
916 1855 1015 1897 nec
1068 1838 1288 1908 indigna
1336 1837 1475 1891 scitu
1512 1837 1688 1895 obiter
1709 1836 2064 1906 explicentur,
2103 1832 2316 1889 Gemini

712 1992 713 1995 η
774 1933 928 1987 locus
968 1930 1059 1985 ille
1105 1927 1413 1984 accuratius
1456 1927 1803 1997 explicandus
1843 1934 1945 1981 est.
1994 1925 2316 1995 Quadrupli-

774 2034 892 2074 cem
939 2018 1213 2088 signorum
1249 2015 1419 2083 τάξιν,
1455 2017 1547 2069 καὶ
1582 2015 1725 2070 θέσιν
1752 2030 2028 2086 exponens
2059 2014 2315 2070 Geminus

775 2108 919 2175 (pag.
950 2104 1024 2175 6),
1054 2115 1301 2183 quartam
1334 2105 1563 2175 appellat
1586 2120 1727 2170 eam,
1751 2120 1871 2175 quae
1898 2104 2036 2157 κατὰ
2061 2104 2315 2174 συζυγίαν

774 2196 1006 2260 dicitur;
1036 2211 1194 2265 quam
1222 2211 1409 2251 eorum
1444 2196 1719 2266 signorum
1749 2211 1871 2251 esse
1900 2198 2075 2261 docet,
2105 2212 2222 2267 quae
2248 2212 2316 2252 ex

774 2286 960 2341 eodem
996 2288 1247 2341 oriuntur
1284 2288 1422 2351 loco,
1462 2297 1517 2341 et
1555 2288 1609 2341 in
1649 2288 1837 2343 eodem
1870 2288 2124 2343 occidunt
2156 2312 2169 2347 ;
2202 2288 2316 2343 sive

714 2426 721 2432 .
773 2391 891 2445 quae
920 2377 1110 2431 iisdem
1138 2377 1406 2447 parallelis
1435 2377 1804 2443 includuntur,
1836 2386 1896 2431 ut
1932 2386 2061 2432 sunt
2107 2376 2316 2432 Cancer

771 2474 827 2523 et
861 2464 1093 2530 Gemini,
1128 2465 1492 2537 Capricornus
1529 2476 1583 2521 et
1622 2467 1963 2538 Sagittarius,
2006 2483 2068 2521 ac
2100 2476 2314 2533 caetera,

773 2570 895 2624 qum
913 2571 979 2610 ex
1010 2570 1165 2625 aequo
1189 2557 1390 2611 distant
1412 2556 1479 2611 ab
1507 2558 1767 2612 alterutro
1790 2566 2109 2627 punctorum
2135 2558 2317 2614 solsti-

772 2645 1006 2703 tialium.
1052 2647 1109 2701 In
1154 2662 1260 2716 quo
1295 2656 1502 2702 veteres
1536 2634 1899 2717 reprehendit,
1927 2648 2019 2717 qui
2047 2648 2313 2702 Cancrum

752 2753 897 2809 cum
940 2739 1089 2793 nullo
1128 2740 1235 2794 alio
1278 2738 1533 2807 συζυγίαν
1566 2739 1764 2795 habere
1803 2740 2095 2809 putabant;
2142 2756 2314 2810 neque

770 2827 1179 2899 Capricornum,
1198 2830 1291 2885 sed
1315 2830 1501 2887 ambos
1528 2831 1806 2906 μοναχοὺς,
1828 2838 1881 2885 et
1905 2829 2135 2901 ἀζόγρυς
2153 2846 2272 2886 esse
2298 2849 2310 2884 :

770 2923 967 2991 quippe
1008 2936 1132 2978 cum
1182 2923 1352 2993 signis
1396 2922 1646 2976 omnibus
1689 2922 1958 2975 horealius
1994 2923 2218 2985 oriatur,
2261 2930 2315 2975 et

768 3012 981 3068 occidat
995 3011 1230 3077 Cancer,
1255 3012 1618 3081 Capricornus
1643 3020 1821 3068 autem
1846 3013 2157 3067 australius.
2180 3011 2313 3065 Nam

767 3104 977 3160 nullum
1006 3111 1111 3167 est,
1138 3102 1284 3173 quod
1310 3117 1574 3173 peraeque,
1601 3112 1660 3156 ut
1694 3102 1797 3158 ista
1827 3101 1955 3167 duo,
1986 3104 2052 3156 ad
2092 3104 2326 3157 boream.

768 3199 1083 3247 austrumve
1124 3191 1387 3247 deﬂectat.
1438 3191 1619 3261 Itaque
1674 3191 1883 3247 duobus
1934 3193 2001 3247 iis
2051 3194 2309 3263 exceptis,
2338 3220 2381 3278 ο

769 3282 976 3357 reliqua
1006 3281 1188 3341 decem
1221 3286 1295 3340 ita
1322 3286 1724 3355 comparabant.

1066 3418 1273 3493 Syzyga
1310 3421 1465 3492 signa
1495 3422 1776 3478 secundum
1811 3433 2019 3479 veteres.

1111 3536 1321 3590 Cancer

1108 3604 1310 3673 ἄζυγος

1111 3672 1325 3731 Gemini
1530 3682 1586 3731 et
1724 3676 1833 3732 Leo

1111 3744 1323 3818 Taurus
1529 3753 1585 3801 et
1720 3745 1884 3818 Yirgo

1110 3814 1268 3869 Aries
1535 3824 1590 3870 et
1727 3814 1887 3870 Libra

1112 3885 1301 3941 Pisces
1536 3894 1592 3942 et
1731 3886 1991 3956 Scorpius

1110 3956 1382 4027 Aquarius
1534 3965 1589 4013 et
1731 3954 2053 4027 Sagittarius

1108 4026 1472 4095 Capricornus

1112 4097 1307 4165 ἄζυγος

1034 4224 1241 4296 Syzyga
1269 4228 1417 4295 signa
1447 4222 1729 4279 secundum
1759 4223 2049 4283 Gentilium.

1112 4336 1325 4391 Gemini
1672 4338 1883 4396 Cancer

1113 4406 1329 4463 Taurus
1508 4410 1517 4413 '
1636 4474 1637 4477 η
1673 4408 1783 4464 Leo

1115 4477 1273 4548 _Aries
1676 4477 1841 4548 Yirgo

1112 4546 1299 4603 Pisces
1676 4546 1839 4603 Libra

1112 4618 1382 4687 Aquarius
1682 4617 1941 4687 Scorpius

1112 4686 1474 4756 Capricornus
1683 4686 2027 4758 Sagittarius.

834 4794 895 4851 In
922 4802 1151 4867 utroque
1178 4796 1564 4868 diagrammate
1588 4803 1878 4859 discrimen
1906 4804 2009 4856 hoc
2038 4803 2276 4857 cernitur
2293 4844 2307 4869 ,

767 4887 912 4963 quod
940 4888 1073 4943 illud
1097 4896 1619 4964 veterum‘syzyglas
1649 4895 1788 4951 inter
1816 4910 1878 4949 ea
1907 4896 2059 4964 signa
2089 4903 2309 4957 statuat,

767 4994 888 5047 qua:
930 4974 1207 5049 Tequaliter
1252 4979 1455 5035 distant
1495 4996 1527 5035 a
1572 4984 1702 5038 totis
1750 4985 1923 5053 signis
1971 4985 2212 5054 tropicis,
2258 4986 2312 5037 in

768 5070 939 5126 altero
980 5068 1182 5139 σύζυγα
1222 5073 1374 5142 signa
1408 5074 1682 5144 aqualiter
1713 5091 1742 5127 a
1775 5076 1989 5147 punctis
2033 5077 2165 5146 ipsis
2204 5085 2313 5130 tro-

767 5160 903 5229 picis
942 5156 1156 5215 absunt.
1199 5161 1455 5218 Geminus
1502 5166 1753 5235 antiquos
1803 5168 2019 5229 refellit,
2066 5169 2209 5238 quod
2246 5184 2310 5222 ex

766 5266 954 5311 eorum
1008 5252 1217 5311 ratione
1268 5268 1606 5326 consequens
1660 5257 1738 5320 fit,
1803 5259 2032 5312 solstitia
2090 5260 2144 5313 in
2198 5267 2313 5325 toto

769 5341 1205 5398 dodecatemorio
1240 5342 1431 5399 Cancri
1472 5349 1801 5418 contingere.
1841 5348 1975 5403 Nam
2006 5365 2128 5405 cum
2157 5352 2311 5421 signa

768 5435 1038 5504 comparia
1072 5435 1201 5499 sint,
1240 5452 1360 5505 quae
1398 5453 1465 5492 ex
1506 5438 1695 5495 eodem
1738 5440 1857 5495 loco
1891 5450 2045 5496 ortus
2074 5458 2201 5498 suos
2232 5441 2313 5495 fa-

769 5524 938 5589 ciunt,
968 5534 1023 5579 et
1064 5526 1115 5579 in
1144 5527 1390 5583 eumdem
1430 5530 1717 5596 occidunt;
1751 5540 1809 5585 ut
1844 5530 2050 5587 Gemini
2100 5548 2163 5586 ac
2203 5531 2311 5587 Leo
2378 5554 2383 5559 ·

770 5614 845 5667 ita
894 5630 952 5669 se
997 5617 1245 5680 habeant,
1291 5633 1513 5675 necesse
1560 5631 1645 5676 est
1687 5623 1923 5692 arquales
1954 5623 2009 5677 in
2056 5623 2166 5679 illis
2192 5640 2311 5679 esse

770 5704 915 5772 dies,
954 5706 1057 5760 hoc
1085 5717 1168 5763 est
1198 5711 1574 5779 paralletorum
1610 5726 1881 5785 segmenta
1918 5733 2080 5789 supra
2132 5719 2311 5772 ﬁnito-

770 5810 883 5852 rem
918 5797 1104 5853 eadem
1137 5818 1150 5852 :
1187 5801 1330 5871 quod
1371 5802 1526 5857 aliter
1556 5804 1669 5860 fieri
1702 5806 1907 5876 nequit,
1952 5825 2111 5879 quam
2159 5814 2309 5865 si'cx

2418 648 2611 715 habet;
2640 662 2762 702 nam
2784 646 3130 703 Geminorum
3158 654 3459 700 extremum
3483 656 3567 699 est
3596 645 3770 713 ipsum
3795 644 3937 698 solsti-

2417 738 2545 793 tiale
2598 746 2891 808 punctum;
2943 736 3141 790 Leonis
3187 741 3392 801 autem,
3452 735 3737 803 sexagenis
3788 734 3853 787 ab
3890 751 3936 787 ω

2417 829 2675 898 gradibus
2708 829 2895 884 distat.
2923 825 3157 896 ldipsum
3181 827 3239 880 in’
3268 826 3432 881 Libra
3460 834 3517 881 et
3546 826 3729 880 Ariete
3768 824 3936 879 clarius

2417 918 2493 971 ait
2522 917 2754 983 ostendi,
2789 932 2910 987 quae
2937 918 3045 971 duo
3071 932 3268 987 syzyga
3295 916 3601 981 faciebant;
3636 916 3781 985 atqui
3806 914 3935 968 Libra

2418 1007 2589 1060 multo
2614 1022 2775 1076 quam
2803 1008 2957 1063 Aries
2984 1007 3273 1062 australius
3300 1007 3497 1069 oritur,
3523 994 3578 1061 et
3608 1002 3935 1060 occiditJsz

2418 1096 2693 1151 Geminus.

2486 1185 2684 1242 Verum
2715 1186 2869 1257 longe
2902 1186 3083 1250 aliam,
3113 1200 3272 1255 quam
3302 1185 3511 1255 putavit
3539 1183 3816 1247 Geminus,
3842 1184 3931 1253 pri-

2416 1289 2631 1344 scorum
2675 1276 3175 1338 matbematicorum
3208 1274 3740 1337 .rationem'fuisse,
3789 1288 3931 1343 neque

2414 1374 2562 1421 recte
2608 1366 2676 1420 ab
2717 1367 2810 1420 illo
2849 1367 3205 1435 reprehensos
3250 1381 3371 1421 esse
3404 1379 3727 1435 persuasum
3769 1364 3933 1418 habeo.

2414 1454 2532 1509 Non
2562 1456 2708 1510 enim
2736 1456 2830 1526 qui
2871 1457 2975 1511 hoc
3006 1452 3321 1512 asserebant
3347 1455 3648 1511 cardinalia
3674 1462 3863 1523 puncta
3894 1459 3935 1507 ω

2414 1544 2550 1613 ipsis
2591 1545 2868 1615 signorum
2914 1545 3106 1613 initiis,
3151 1546 3245 1602 sed
3284 1546 3341 1600 in
3379 1545 3595 1609 mediis,
3644 1545 3747 1599 hoc
3788 1555 3861 1599 es:
3891 1546 3933 1597 ia

2414 1636 2584 1706 gradu
2625 1635 2836 1693 decimo
2880 1639 3069 1707 quinto
3110 1638 3447 1693 collocabant
3487 1656 3505 1691 :
3549 1651 3714 1707 quam
3756 1636 3933 1689 Eudoxi

2416 1725 2585 1782 fuisse
2636 1728 2956 1782 sententiam
3004 1726 3342 1798 Hipparchus
3386 1727 3699 1789 asserebat,
3743 1724 3809 1778 de
3848 1739 3933 1793 qua

2416 1832 2515 1871 nos
2565 1831 2682 1888 cap.
2734 1816 2801 1871 ιγ
2834 1816 3011 1872 fusius
3047 1818 3273 1889 egimus.
3311 1817 3487 1886 Atque
3516 1825 3575 1869 ut
3611 1815 3817 1869 Eudoxi
3846 1829 3932 1866 nos

2346 1882 2387 1936 Β
2416 1905 2597 1970 fuerit,
2630 1882 2828 1961 eorum
2869 1882 3112 1962 veterum
3142 1914 3288 1963 certe
3335 1882 3454 1972 fuit,
3488 1906 3583 1975 qui
3624 1907 3719 1967 ita,
3758 1914 3815 1958 ut
3852 1904 3934 1958 Ge-

2415 1997 2598 2052 minus
2638 1998 2849 2061 scribit,
2875 1997 3149 2066 comparia
3194 1998 3336 2051 inter
3363 2011 3423 2051 se
3451 1997 3603 2066 signa
3650 2010 3933 2064 compesce

2412 2094 2561 2159 runt.
2610 2085 2723 2140 [loc
2766 2087 2910 2142 enim
2956 2085 3115 2141 modo
3156 2087 3499 2143 verissimum
3540 2086 3664 2150 erit,
3698 2084 3835 2154 quod
3874 2082 3931 2136 illi

2412 2188 2623 2235 veteres
2670 2180 2969 2249 putabant,
3024 2194 3220 2250 syzyga
3269 2194 3392 2233 esse
3440 2179 3595 2249 signa
3645 2176 3849 2230 Libram
3891 2184 3931 2227 es

2410 2271 2670 2338 Arietem,
2702 2271 2849 2342 quod
2876 2287 2943 2327 ex
2967 2286 3122 2341 atquo
3143 2271 3407 2327 distarent
3429 2270 3497 2324 ab
3521 2279 3750 2339 utroque
3780 2268 3931 2322 solsti-

2410 2364 2511 2429 tio,
2549 2364 2663 2417 sive
2704 2378 2735 2416 a
2770 2362 2981 2417 decimo
3009 2363 3197 2432 quinto
3224 2360 3393 2430 gradu
3436 2360 3634 2413 Cancri
3681 2367 3731 2413 et
3770 2358 3933 2419 Capri-

2412 2457 2587 2531 corni.
2636 2456 2773 2510 Tum
2830 2457 2883 2511 id
2929 2472 3266 2527 consequens
3305 2463 3416 2519 est,
3467 2470 3746 2525 perperam
3784 2469 3845 2507 ex
3884 2468 3930 2505 ea

2411 2555 2653 2603 veterum
2675 2548 2950 2618 opinione,
2978 2562 3140 2619 quam
3166 2548 3349 2614 refert,
3378 2548 3754 2617 improhatque
3777 2546 3929 2600 Gemi-

2409 2655 2533 2701 nus,
2565 2640 2897 2695 conclusisse
2940 2638 3272 2709 Scaligerum
3303 2638 3392 2709 (In
3416 2638 3633 2702 llam't.,
3666 2653 3783 2707 pag.
3810 2636 3928 2699 i571.

2410 2730 2555 2800 quod
2612 2731 2789 2800 capite
2846 2730 3181 2786 antecedenti
3240 2731 3511 2796 diximus;
3574 2730 3781 2799 priscos
3835 2729 3933 2781 ilics

2409 2822 2615 2894 τροπὰς
2659 2834 2713 2877 et
2763 2823 2994 2878 solstitia
3035 2822 3092 2877 in
3120 2822 3249 2879 totis
3284 2823 3506 2893 triginta
3537 2822 3810 2893 gradibus,
3844 2834 3931 2873 nes

2410 2914 2467 2967 in
2510 2923 2712 2983 puncto
2756 2915 2939 2983 aliquo
2964 2914 3104 2985 λόγῳ
3128 2914 3382 2987 θεωρητῷ
3417 2918 3697 2977 statuisse,
3734 2916 3784 2970 id
3810 2915 3933 2969 enim

2410 3000 2546 3057 falso
2592 3004 2895 3072 suspicatus
2938 3011 3040 3068 est,
3106 3020 3281 3074 neque
3320 3020 3541 3060 causam
3585 3006 3792 3069 habuit,
3856 3019 3935 3058 cur

2409 3090 2513 3146 hoc
2565 3092 2668 3145 sibi
2720 3102 3026 3148 commento
3077 3094 3314 3164 placeret
3349 3096 3501 3159 adeo,
3538 3104 3600 3150 ut
3640 3097 3759 3163 ejus
3794 3096 3933 3151 insci-

2411 3181 2539 3234 tiam
2581 3181 2976 3237 mathematicis
3026 3184 3397 3254 exprobraret.
3443 3184 3633 3239 Mirum
3668 3202 3793 3241 vero
3838 3201 3937 3255 per.

2413 3275 2621 3347 tentum
2668 3269 2771 3324 hoc
2816 3271 3019 3326 erroris
3067 3270 3293 3329 Eudoxo
3351 3278 3420 3329 ab
3471 3275 3661 3330 eodem
3704 3276 3936 3345 impingi,

2412 3360 2519 3414 imo
2565 3370 2839 3416 auctorem
2874 3352 3019 3439 illius
3045 3362 3326 3420 Eudoxum
3366 3370 3560 3423 asseri.
3594 3366 3653 3422 In
3687 3384 3793 3438 quo
3822 3370 3939 3421 mal-

2411 3452 2576 3523 tiplex
2621 3461 2704 3509 est
2754 3453 3069 3525 ἀπροσεξία.
3116 3455 3251 3511 Nam
3290 3458 3339 3514 si
3382 3457 3641 3516 Eudoxus
3672 3462 3727 3516 in
3755 3462 3934 3517 decis:

2410 3540 2600 3610 quinto
2635 3542 2804 3613 gradu
2836 3542 3031 3599 Cancri
3073 3546 3276 3616 τρθπὰς
3311 3548 3527 3603 aestivas
3557 3548 3675 3603 ﬁeri
3724 3550 3935 3619 scripsit.

2410 3629 2663 3687 hibernas
2709 3632 2765 3686 in
2814 3632 3132 3703 Capricorni
3178 3636 3389 3691 decimo
3423 3639 3635 3707 quinto,
3678 3642 3937 3709 utrobique

2411 3722 2603 3777 mediis
2647 3723 2703 3777 in
2752 3724 2954 3793 signis,
2998 3725 3163 3796 idque
3206 3727 3377 3797 ipsius
3411 3728 3622 3784 Eudoxi
3651 3731 3935 3787 testiinonk:

2410 3819 2659 3865 constare
2686 3812 2827 3881 apud
2856 3810 3219 3884 Hipparchum
3250 3824 3403 3886 putat
3421 3815 3665 3889 Scaliger
3684 3837 3699 3885 ;
3721 3821 3935 3890 quinam.

2409 3899 2659 3965 obsecro,
2680 3913 3097 3959 consentaneum
3126 3914 3230 3970 est,
3248 3906 3303 3960 in
3326 3916 3441 3962 toto
3463 3910 3620 3979 signo
3642 3912 3935 3967 constitutas

2411 3991 2479 4046 ab
2508 3991 2599 4046 illo
2638 3993 2842 4063 τροπὰς
2877 3993 3193 4052 fuisseTAd
3229 3997 3344 4053 hac
3372 3999 3420 4054 si
3449 4001 3704 4072 princeps
3739 4004 3805 4057 ita
3832 4018 3933 4057 sca-

2402 4082 2482 4139 sit
2536 4081 2825 4148 Eudoxus,
2870 4100 2979 4139 non
3026 4101 3157 4157 ergo
3200 4086 3422 4155 Metoni,
3470 4106 3535 4146 ac
3577 4094 3933 4149 vetustiorith

2360 4210 2365 4215 ι
2411 4174 2550 4239 aliis,
2582 4176 2676 4246 qui
2711 4176 2993 4232 Eudoxum
3040 4184 3471 4247 antecesserunt,
3506 4182 3613 4247 hoc
3650 4186 3822 4254 ipsum
3865 4199 3931 4237 re

2410 4265 2490 4318 nit
2515 4265 2569 4319 in
2597 4278 2827 4321 mentem
2857 4285 2872 4321 :
2902 4268 3045 4338 quod
3068 4275 3248 4324 tamen
3275 4271 3525 4327 universe
3551 4273 3621 4329 de
3648 4276 3933 4345 antiquitate

2409 4358 2557 4411 omni
2586 4367 2790 4414 temere
2820 4356 3207 4431 pronuntiabat
3233 4359 3489 4433 Scaliger.
3512 4363 3779 4421 Eradatur
3800 4368 3931 4436 igitur

2410 4464 2477 4503 ex
2516 4449 2663 4503 omni
2699 4449 2999 4505 litterarum
3031 4453 3291 4508 memeria
3321 4452 3628 4511 ftedissima
3671 4458 3775 4513 ista
3810 4458 3930 4511 labes

2340 4550 2386 4606 ι)
2412 4536 2704 4607 opinionis,
2728 4538 3007 4608 quamille
3032 4540 3271 4612 ἀκρίτως
3298 4540 3354 4595 in
3389 4540 3677 4601 Eudoxum
3733 4562 3793 4601 se
3810 4557 3931 4599 vet:-

2416 4646 2505 4686 res
2551 4641 2888 4688 astronomos
2932 4647 3099 4690 ausus
3138 4644 3223 4691 εει
3263 4633 3531 4692 conferre.
3573 4638 3679 4693 Sed
3716 4655 3810 4694 nec
3848 4638 3928 4691 6+

2416 4723 2548 4776 mini
2581 4725 2865 4795 castigatio
2902 4740 3004 4781 nos
3038 4726 3131 4781 illa
3164 4725 3426 4795 delectet;
3464 4738 3655 4783 contra
3681 4746 3834 4800 quam
3856 4745 3929 4799 p2-

2414 4815 2671 4868 trocinari
2705 4817 2944 4886 antiquis
2972 4816 3081 4874 illis
3108 4822 3271 4887 quam
3312 4815 3475 4873 facile
3508 4834 3820 4889 pessumas,
3842 4830 3926 4873 tam

2415 4905 2607 4960 merito
2622 4906 2913 4963 .debemus.

2488 4994 2577 5049 Sic
2615 4997 2669 5051 in
2712 4998 2956 5054 antisciis
2986 5008 3229 5053 veterum
3255 5014 3319 5055 ex
3352 5000 3542 5056 eodem
3582 5000 3733 5058 fonte
3764 5018 3925 5057 errem

2413 5090 2762 5156 explicandis,
2795 5103 2859 5145 ac
2883 5089 3233 5146 traducendis
3263 5090 3480 5161 impune
3510 5094 3644 5148 lusit
3680 5093 3920 5163 Scaliger.

2411 5194 2531 5249 qua:
2554 5179 2768 5249 quidem
2797 5190 3159 5237 consentanee
3187 5181 3255 5238 iis
3282 5199 3401 5253 qua:
3430 5200 3532 5254 pro
3557 5186 3806 5253 opinione
3832 5184 3923 5238 me.

2411 5284 2532 5323 rum
2558 5268 2904 5334 adduximus,
2926 5269 3190 5326 veriorem
3218 5272 3286 5327 ad
3314 5287 3531 5327 sensum
3559 5270 3923 5327 accommodare

2412 5359 2556 5414 licet.
2595 5359 2749 5427 Quod
2786 5369 2845 5415 ut
2876 5361 3107 5418 breviter
3136 5363 3247 5429 ﬁat,
3288 5364 3451 5434 paulo
3479 5363 3645 5419 altius
3670 5364 3920 5435 repetenti-1

2412 5464 2502 5505 res
2538 5451 2658 5505 erit.
2985 5474 2988 5482 λ

2480 5540 2558 5595 Ex
2601 5542 2894 5599 vanissima
2930 5544 3037 5597 τῶν
3064 5545 3573 5615 ἀτωτελεσματικῶν
3606 5548 3825 5605 ratione.
3848 5542 3915 5597 dv-

2411 5631 2766 5687 dccatemoria
2813 5634 3018 5690 zodiaci
3060 5638 3241 5692 varias
3280 5637 3421 5691 inter
3460 5654 3522 5693 se
3575 5639 3803 5712 σχέσεις,
3836 5637 3913 5691 εἰη

2414 5726 2816 5794 σχηματισμοὺς
2862 5725 3080 5791 habent,
3123 5741 3265 5795 quos
3301 5736 3552 5797 aspectus
3590 5730 3751 5799 vulgo
3781 5724 3913 5783 acili-

2412 5824 2561 5869 nant.
2592 5812 2665 5866 Ex
2707 5816 2902 5883 quibus
2929 5830 3022 5874 eos
3044 5815 3304 5870 duntaxat
3340 5816 3443 5871 hoc
3489 5818 3611 5873 loco
3649 5818 3911 5887 seligcmﬁi
