  <div class='ocr_page' id='page_1' title='image "/cluster/home/n/w/nwhite01/storage/ocr_20150623/19/pst.000005712045/698.png"; bbox 0 0 4046 6320; ppageno 0'>
   <div class='ocr_carea' id='block_1_1' title="bbox 170 441 321 501">
    <p class='ocr_par' dir='ltr' id='par_1_1' title="bbox 170 441 321 501">
     <span class='ocr_line' id='line_1_1' title="bbox 170 441 321 501; baseline -0.026 0"><span class='ocrx_word' id='word_1_1' title='bbox 170 441 321 501; x_wconf 68' lang='grc'>1565</span> 
     </span>
    </p>
   </div>
   <div class='ocr_carea' id='block_1_2' title="bbox 974 427 2539 492">
    <p class='ocr_par' dir='ltr' id='par_1_2' title="bbox 974 427 2539 492">
     <span class='ocr_line' id='line_1_2' title="bbox 974 427 2539 492; baseline -0.008 -1"><span class='ocrx_word' id='word_1_2' title='bbox 974 434 1422 492; x_wconf 78' lang='lat' dir='ltr'><strong>DISSERTATIO</strong></span> <span class='ocrx_word' id='word_1_3' title='bbox 1460 434 1546 487; x_wconf 89' lang='lat' dir='ltr'><strong>DE</strong></span> <span class='ocrx_word' id='word_1_4' title='bbox 1579 430 1761 489; x_wconf 79' lang='lat' dir='ltr'><strong>ORTU</strong></span> <span class='ocrx_word' id='word_1_5' title='bbox 1793 430 1879 484; x_wconf 83' lang='grc' dir='ltr'><strong>ΕΤ</strong></span> <span class='ocrx_word' id='word_1_6' title='bbox 1917 428 2182 485; x_wconf 87' lang='lat' dir='ltr'><strong>OCCASU</strong></span> <span class='ocrx_word' id='word_1_7' title='bbox 2222 427 2539 484; x_wconf 76' lang='lat' dir='ltr'><strong>SIDERUM.</strong></span> 
     </span>
    </p>
   </div>
   <div class='ocr_carea' id='block_1_3' title="bbox 3205 427 3355 484">
    <p class='ocr_par' dir='ltr' id='par_1_3' title="bbox 3205 427 3355 484">
     <span class='ocr_line' id='line_1_3' title="bbox 3205 427 3355 484; baseline 0.007 -1"><span class='ocrx_word' id='word_1_8' title='bbox 3205 427 3355 484; x_wconf 69' lang='lat' dir='ltr'><strong>i566~</strong></span> 
     </span>
    </p>
   </div>
   <div class='ocr_carea' id='block_1_4' title="bbox 170 530 3343 632">
    <p class='ocr_par' dir='ltr' id='par_1_4' title="bbox 170 530 3343 632">
     <span class='ocr_line' id='line_1_4' title="bbox 170 530 3343 632; baseline -0.004 -17"><span class='ocrx_word' id='word_1_9' title='bbox 170 564 276 632; x_wconf 85' lang='lat' dir='ltr'><strong>qui</strong></span> <span class='ocrx_word' id='word_1_10' title='bbox 306 563 371 616; x_wconf 89' lang='lat' dir='ltr'><strong>ad</strong></span> <span class='ocrx_word' id='word_1_11' title='bbox 411 560 675 631; x_wconf 75' lang='lat' dir='ltr'><strong>negotium</strong></span> <span class='ocrx_word' id='word_1_12' title='bbox 701 568 943 615; x_wconf 89' lang='lat' dir='ltr'><strong>nostrum</strong></span> <span class='ocrx_word' id='word_1_13' title='bbox 970 558 1257 627; x_wconf 77' lang='lat' dir='ltr'><strong>pertinent,</strong></span> <span class='ocrx_word' id='word_1_14' title='bbox 1288 537 1595 609; x_wconf 77' lang='lat' dir='ltr'><strong>auctoribus</strong></span> <span class='ocrx_word' id='word_1_15' title='bbox 1622 555 1716 607; x_wconf 88' lang='lat' dir='ltr'><strong>ad-</strong></span> <span class='ocrx_word' id='word_1_16' title='bbox 1746 562 1791 618; x_wconf 74' lang='grc' dir='ltr'>Α</span> <span class='ocrx_word' id='word_1_17' title='bbox 1818 551 1935 605; x_wconf 90' lang='lat' dir='ltr'><strong>dem</strong></span> <span class='ocrx_word' id='word_1_18' title='bbox 1972 566 2037 604; x_wconf 78' lang='lat' dir='ltr'><strong>ex</strong></span> <span class='ocrx_word' id='word_1_19' title='bbox 2067 550 2362 603; x_wconf 86' lang='lat' dir='ltr'><strong>horizontis</strong></span> <span class='ocrx_word' id='word_1_20' title='bbox 2396 540 2637 617; x_wconf 87' lang='lat' dir='ltr'><strong>partibus</strong></span> <span class='ocrx_word' id='word_1_21' title='bbox 2678 548 2936 631; x_wconf 81' lang='lat' dir='ltr'><strong>oriantur,</strong></span> <span class='ocrx_word' id='word_1_22' title='bbox 2965 552 3019 601; x_wconf 75' lang='lat' dir='ltr'><strong>et</strong></span> <span class='ocrx_word' id='word_1_23' title='bbox 3063 530 3116 600; x_wconf 85' lang='lat' dir='ltr'><strong>in</strong></span> <span class='ocrx_word' id='word_1_24' title='bbox 3151 546 3343 603; x_wconf 84' lang='lat' dir='ltr'><strong>iisdem</strong></span> 
     </span>
    </p>
   </div>
   <div class='ocr_carea' id='block_1_5' title="bbox 176 644 1749 715">
    <p class='ocr_par' dir='ltr' id='par_1_5' title="bbox 176 644 1749 715">
     <span class='ocr_line' id='line_1_5' title="bbox 176 644 1749 715; baseline -0.006 -10"><span class='ocrx_word' id='word_1_25' title='bbox 176 652 367 706; x_wconf 80' lang='lat' dir='ltr'><strong>bibitis</strong></span> <span class='ocrx_word' id='word_1_26' title='bbox 410 651 691 704; x_wconf 77' lang='lat' dir='ltr'><strong>Ptolemaeo</strong></span> <span class='ocrx_word' id='word_1_27' title='bbox 733 651 787 703; x_wconf 93' lang='lat' dir='ltr'><strong>in</strong></span> <span class='ocrx_word' id='word_1_28' title='bbox 833 646 1125 701; x_wconf 82' lang='lat' dir='ltr'><strong>Tetrabiblo</strong></span> <span class='ocrx_word' id='word_1_29' title='bbox 1152 648 1265 715; x_wconf 88' lang='lat' dir='ltr'><strong>(lib.</strong></span> <span class='ocrx_word' id='word_1_30' title='bbox 1306 645 1365 714; x_wconf 89' lang='lat' dir='ltr'><strong>l),</strong></span> <span class='ocrx_word' id='word_1_31' title='bbox 1396 644 1561 697; x_wconf 86' lang='lat' dir='ltr'><strong>Paulo</strong></span> <span class='ocrx_word' id='word_1_32' title='bbox 1590 646 1712 698; x_wconf 79' lang='lat' dir='ltr'><strong>Ale-</strong></span> <span class='ocrx_word' id='word_1_33' title='bbox 1744 694 1749 696; x_wconf 12' lang='grc' dir='ltr'><strong>Ἴ</strong></span> 
     </span>
    </p>
   </div>
   <div class='ocr_carea' id='block_1_6' title="bbox 178 736 1716 807">
    <p class='ocr_par' dir='ltr' id='par_1_6' title="bbox 178 736 1716 807">
     <span class='ocr_line' id='line_1_6' title="bbox 178 736 1716 807; baseline -0.005 -12"><span class='ocrx_word' id='word_1_34' title='bbox 178 742 469 803; x_wconf 80' lang='lat' dir='ltr'><strong>xandrino,</strong></span> <span class='ocrx_word' id='word_1_35' title='bbox 523 740 755 802; x_wconf 86' lang='lat' dir='ltr'><strong>Manilio,</strong></span> <span class='ocrx_word' id='word_1_36' title='bbox 825 748 879 791; x_wconf 85' lang='lat' dir='ltr'><strong>et</strong></span> <span class='ocrx_word' id='word_1_37' title='bbox 928 736 1181 792; x_wconf 86' lang='lat' dir='ltr'><strong>Firmico.</strong></span> <span class='ocrx_word' id='word_1_38' title='bbox 1236 736 1401 807; x_wconf 85' lang='lat' dir='ltr'><strong>Igitur</strong></span> <span class='ocrx_word' id='word_1_39' title='bbox 1445 737 1594 802; x_wconf 83' lang='lat' dir='ltr'><strong>signa</strong></span> <span class='ocrx_word' id='word_1_40' title='bbox 1625 744 1716 788; x_wconf 85' lang='lat' dir='ltr'><strong>aut</strong></span> 
     </span>
    </p>
   </div>
   <div class='ocr_carea' id='block_1_7' title="bbox 176 831 1716 898">
    <p class='ocr_par' dir='ltr' id='par_1_7' title="bbox 176 831 1716 898">
     <span class='ocr_line' id='line_1_7' title="bbox 176 831 1716 898; baseline -0.005 -10"><span class='ocrx_word' id='word_1_41' title='bbox 176 844 311 888; x_wconf 92' lang='lat' dir='ltr'><strong>sunt</strong></span> <span class='ocrx_word' id='word_1_42' title='bbox 358 835 547 897; x_wconf 81' lang='grc' dir='ltr'>οἰκεῖα,</span> <span class='ocrx_word' id='word_1_43' title='bbox 598 849 617 882; x_wconf 85' lang='grc'><em>‹</em></span> <span class='ocrx_word' id='word_1_44' title='bbox 652 832 956 896; x_wconf 81' lang='lat' dir='ltr'><strong>familiaria,</strong></span> <span class='ocrx_word' id='word_1_45' title='bbox 991 850 1007 880; x_wconf 78' lang='grc' dir='ltr'><strong><em>ι</em></strong></span> <span class='ocrx_word' id='word_1_46' title='bbox 1048 831 1161 884; x_wconf 86' lang='lat' dir='ltr'><strong>sive</strong></span> <span class='ocrx_word' id='word_1_47' title='bbox 1214 850 1232 880; x_wconf 75' lang='grc' dir='ltr'>ι</span> <span class='ocrx_word' id='word_1_48' title='bbox 1272 837 1523 898; x_wconf 88' lang='lat' dir='ltr'><strong>cognata;</strong></span> <span class='ocrx_word' id='word_1_49' title='bbox 1566 848 1583 879; x_wconf 74' lang='grc' dir='ltr'><strong>ι</strong></span> <span class='ocrx_word' id='word_1_50' title='bbox 1623 835 1716 882; x_wconf 88' lang='lat' dir='ltr'><strong>aut</strong></span> 
     </span>
    </p>
   </div>
   <div class='ocr_carea' id='block_1_8' title="bbox 175 918 1714 990">
    <p class='ocr_par' dir='ltr' id='par_1_8' title="bbox 175 918 1714 990">
     <span class='ocr_line' id='line_1_8' title="bbox 175 918 1714 990; baseline -0.003 -15"><span class='ocrx_word' id='word_1_51' title='bbox 175 924 461 985; x_wconf 73' lang='grc' dir='ltr'><strong>ἀσύνδετα,</strong></span> <span class='ocrx_word' id='word_1_52' title='bbox 507 941 525 973; x_wconf 80' lang='grc' dir='ltr'>ι</span> <span class='ocrx_word' id='word_1_53' title='bbox 575 922 937 990; x_wconf 77' lang='lat' dir='ltr'><strong>iucoujuncta,</strong></span> <span class='ocrx_word' id='word_1_54' title='bbox 982 940 999 972; x_wconf 74' lang='grc' dir='ltr'><strong><em>ι</em></strong></span> <span class='ocrx_word' id='word_1_55' title='bbox 1047 930 1099 974; x_wconf 90' lang='lat' dir='ltr'><strong>et</strong></span> <span class='ocrx_word' id='word_1_56' title='bbox 1148 939 1171 971; x_wconf 78' lang='grc' dir='ltr'>ι</span> <span class='ocrx_word' id='word_1_57' title='bbox 1216 920 1410 973; x_wconf 88' lang='lat' dir='ltr'><strong>aliena.</strong></span> <span class='ocrx_word' id='word_1_58' title='bbox 1465 940 1482 971; x_wconf 73' lang='grc' dir='ltr'><strong><em>ι</em></strong></span> <span class='ocrx_word' id='word_1_59' title='bbox 1528 918 1714 971; x_wconf 81' lang='lat' dir='ltr'><strong>Priora</strong></span> 
     </span>
    </p>
   </div>
   <div class='ocr_carea' id='block_1_9' title="bbox 174 1009 1715 1082">
    <p class='ocr_par' dir='ltr' id='par_1_9' title="bbox 174 1009 1715 1082">
     <span class='ocr_line' id='line_1_9' title="bbox 174 1009 1715 1082; baseline -0.002 -16"><span class='ocrx_word' id='word_1_60' title='bbox 174 1014 593 1082; x_wconf 75' lang='lat' dir='ltr'><strong>dicuntur,.qu:e</strong></span> <span class='ocrx_word' id='word_1_61' title='bbox 618 1014 994 1067; x_wconf 82' lang='lat' dir='ltr'><strong>schematislno</strong></span> <span class='ocrx_word' id='word_1_62' title='bbox 1017 1012 1215 1081; x_wconf 89' lang='lat' dir='ltr'><strong>aliquo,</strong></span> <span class='ocrx_word' id='word_1_63' title='bbox 1247 1013 1327 1065; x_wconf 88' lang='lat' dir='ltr'><strong>vel</strong></span> <span class='ocrx_word' id='word_1_64' title='bbox 1344 1011 1603 1065; x_wconf 75' lang='grc' dir='ltr'>οἰκειώσει</span> <span class='ocrx_word' id='word_1_65' title='bbox 1635 1009 1715 1063; x_wconf 87' lang='lat' dir='ltr'><strong>in-</strong></span> 
     </span>
    </p>
   </div>
   <div class='ocr_carea' id='block_1_10' title="bbox 177 1101 1718 1173">
    <p class='ocr_par' dir='ltr' id='par_1_10' title="bbox 177 1101 1718 1173">
     <span class='ocr_line' id='line_1_10' title="bbox 177 1101 1718 1173; baseline -0.002 -17"><span class='ocrx_word' id='word_1_66' title='bbox 177 1113 270 1156; x_wconf 89' lang='lat' dir='ltr'><strong>ter</strong></span> <span class='ocrx_word' id='word_1_67' title='bbox 302 1120 361 1158; x_wconf 93' lang='lat' dir='ltr'><strong>se</strong></span> <span class='ocrx_word' id='word_1_68' title='bbox 394 1105 635 1159; x_wconf 82' lang='lat' dir='ltr'><strong>devincta</strong></span> <span class='ocrx_word' id='word_1_69' title='bbox 674 1112 824 1169; x_wconf 90' lang='lat' dir='ltr'><strong>sunt;</strong></span> <span class='ocrx_word' id='word_1_70' title='bbox 863 1104 1176 1173; x_wconf 85' lang='lat' dir='ltr'><strong>posteriora,</strong></span> <span class='ocrx_word' id='word_1_71' title='bbox 1202 1119 1337 1172; x_wconf 80' lang='lat' dir='ltr'><strong>.qua:</strong></span> <span class='ocrx_word' id='word_1_72' title='bbox 1376 1103 1577 1155; x_wconf 91' lang='lat' dir='ltr'><strong>nullum</strong></span> <span class='ocrx_word' id='word_1_73' title='bbox 1621 1101 1718 1154; x_wconf 89' lang='lat' dir='ltr'><strong>ha-</strong></span> 
     </span>
    </p>
   </div>
   <div class='ocr_carea' id='block_1_11' title="bbox 173 1193 1717 1266">
    <p class='ocr_par' dir='ltr' id='par_1_11' title="bbox 173 1193 1717 1266">
     <span class='ocr_line' id='line_1_11' title="bbox 173 1193 1717 1266; baseline 0.001 -18"><span class='ocrx_word' id='word_1_74' title='bbox 173 1194 313 1249; x_wconf 82' lang='lat' dir='ltr'><strong>bent</strong></span> <span class='ocrx_word' id='word_1_75' title='bbox 340 1211 404 1251; x_wconf 85' lang='lat' dir='ltr'><strong>ex</strong></span> <span class='ocrx_word' id='word_1_76' title='bbox 434 1196 520 1259; x_wconf 85' lang='lat' dir='ltr'><strong>iis,</strong></span> <span class='ocrx_word' id='word_1_77' title='bbox 551 1212 685 1266; x_wconf 91' lang='lat' dir='ltr'><strong>quos</strong></span> <span class='ocrx_word' id='word_1_78' title='bbox 709 1196 1097 1265; x_wconf 78' lang='lat' dir='ltr'><strong>astrologorum</strong></span> <span class='ocrx_word' id='word_1_79' title='bbox 1127 1211 1256 1249; x_wconf 89' lang='lat' dir='ltr'><strong>usus</strong></span> <span class='ocrx_word' id='word_1_80' title='bbox 1283 1195 1526 1249; x_wconf 83' lang='lat' dir='ltr'><strong>adscivit.</strong></span> <span class='ocrx_word' id='word_1_81' title='bbox 1558 1193 1717 1249; x_wconf 86' lang='lat' dir='ltr'><strong>Sche-</strong></span> 
     </span>
    </p>
   </div>
   <div class='ocr_carea' id='block_1_12' title="bbox 176 1283 1711 1354">
    <p class='ocr_par' dir='ltr' id='par_1_12' title="bbox 176 1283 1711 1354">
     <span class='ocr_line' id='line_1_12' title="bbox 176 1283 1711 1354; baseline -0.002 -17"><span class='ocrx_word' id='word_1_82' title='bbox 176 1287 463 1341; x_wconf 86' lang='lat' dir='ltr'><strong>matismus</strong></span> <span class='ocrx_word' id='word_1_83' title='bbox 490 1288 570 1340; x_wconf 85' lang='lat' dir='ltr'><strong>vel</strong></span> <span class='ocrx_word' id='word_1_84' title='bbox 597 1296 678 1340; x_wconf 89' lang='lat' dir='ltr'><strong>est</strong></span> <span class='ocrx_word' id='word_1_85' title='bbox 706 1284 841 1338; x_wconf 76' lang='grc' dir='ltr'>κατὰ</span> <span class='ocrx_word' id='word_1_86' title='bbox 870 1286 1171 1354; x_wconf 65' lang='grc' dir='ltr'>διάμὲτρον,</span> <span class='ocrx_word' id='word_1_87' title='bbox 1202 1293 1258 1337; x_wconf 90' lang='lat' dir='ltr'><strong>ut</strong></span> <span class='ocrx_word' id='word_1_88' title='bbox 1280 1286 1432 1339; x_wconf 88' lang='lat' dir='ltr'><strong>Aries</strong></span> <span class='ocrx_word' id='word_1_89' title='bbox 1452 1292 1504 1336; x_wconf 91' lang='lat' dir='ltr'><strong>et</strong></span> <span class='ocrx_word' id='word_1_90' title='bbox 1530 1283 1711 1345; x_wconf 89' lang='lat' dir='ltr'><strong>Lihra,</strong></span> 
     </span>
    </p>
   </div>
   <div class='ocr_carea' id='block_1_13' title="bbox 123 1374 1715 1446">
    <p class='ocr_par' dir='ltr' id='par_1_13' title="bbox 123 1374 1715 1446">
     <span class='ocr_line' id='line_1_13' title="bbox 123 1374 1715 1446; baseline -0.003 -17"><span class='ocrx_word' id='word_1_91' title='bbox 123 1426 127 1429; x_wconf 21' lang='grc' dir='ltr'><strong>Α</strong></span> <span class='ocrx_word' id='word_1_92' title='bbox 173 1379 269 1429; x_wconf 72' lang='lat' dir='ltr'><strong>vel</strong></span> <span class='ocrx_word' id='word_1_93' title='bbox 323 1377 455 1429; x_wconf 74' lang='grc' dir='ltr'>κατὰ</span> <span class='ocrx_word' id='word_1_94' title='bbox 495 1377 769 1446; x_wconf 72' lang='grc' dir='ltr'>τρίγωνον,</span> <span class='ocrx_word' id='word_1_95' title='bbox 801 1378 883 1430; x_wconf 86' lang='lat' dir='ltr'><strong>vel</strong></span> <span class='ocrx_word' id='word_1_96' title='bbox 918 1377 1057 1429; x_wconf 79' lang='grc' dir='ltr'>κατὰ</span> <span class='ocrx_word' id='word_1_97' title='bbox 1089 1376 1437 1445; x_wconf 82' lang='grc' dir='ltr'>τετράγωνον,</span> <span class='ocrx_word' id='word_1_98' title='bbox 1461 1375 1541 1428; x_wconf 85' lang='lat' dir='ltr'><strong>vel</strong></span> <span class='ocrx_word' id='word_1_99' title='bbox 1578 1374 1715 1426; x_wconf 79' lang='grc' dir='ltr'>κατὰ</span> 
     </span>
    </p>
   </div>
   <div class='ocr_carea' id='block_1_14' title="bbox 173 1465 1710 1536">
    <p class='ocr_par' dir='ltr' id='par_1_14' title="bbox 173 1465 1710 1536">
     <span class='ocr_line' id='line_1_14' title="bbox 173 1465 1710 1536; baseline 0.001 -19"><span class='ocrx_word' id='word_1_100' title='bbox 173 1467 581 1533; x_wconf 66' lang='grc' dir='ltr'>ἑξάγωνον,⁷(1ο</span> <span class='ocrx_word' id='word_1_101' title='bbox 628 1469 821 1536; x_wconf 86' lang='lat' dir='ltr'><strong>quibus</strong></span> <span class='ocrx_word' id='word_1_102' title='bbox 860 1465 1115 1520; x_wconf 87' lang='lat' dir='ltr'><strong>Geminus</strong></span> <span class='ocrx_word' id='word_1_103' title='bbox 1158 1481 1274 1535; x_wconf 89' lang='lat' dir='ltr'><strong>cap.</strong></span> <span class='ocrx_word' id='word_1_104' title='bbox 1323 1465 1369 1530; x_wconf 89' lang='grc' dir='ltr'>ι,</span> <span class='ocrx_word' id='word_1_105' title='bbox 1409 1474 1462 1519; x_wconf 89' lang='lat' dir='ltr'><strong>et</strong></span> <span class='ocrx_word' id='word_1_106' title='bbox 1506 1479 1599 1519; x_wconf 91' lang='lat' dir='ltr'><strong>nos</strong></span> <span class='ocrx_word' id='word_1_107' title='bbox 1645 1467 1710 1519; x_wconf 90' lang='lat' dir='ltr'><strong>ad</strong></span> 
     </span>
    </p>
   </div>
   <div class='ocr_carea' id='block_1_15' title="bbox 170 1556 1711 1626">
    <p class='ocr_par' dir='ltr' id='par_1_15' title="bbox 170 1556 1711 1626">
     <span class='ocr_line' id='line_1_15' title="bbox 170 1556 1711 1626; baseline -0.002 -15"><span class='ocrx_word' id='word_1_108' title='bbox 170 1558 427 1611; x_wconf 85' lang='lat' dir='ltr'><strong>eumdem</strong></span> <span class='ocrx_word' id='word_1_109' title='bbox 478 1558 530 1609; x_wconf 91' lang='lat' dir='ltr'><strong>in</strong></span> <span class='ocrx_word' id='word_1_110' title='bbox 567 1556 717 1611; x_wconf 89' lang='lat' dir='ltr'><strong>Notis</strong></span> <span class='ocrx_word' id='word_1_111' title='bbox 750 1556 987 1626; x_wconf 71' lang='lat' dir='ltr'><strong>qumdam</strong></span> <span class='ocrx_word' id='word_1_112' title='bbox 1019 1558 1440 1612; x_wconf 88' lang='lat' dir='ltr'><strong>observavimus.</strong></span> <span class='ocrx_word' id='word_1_113' title='bbox 1474 1558 1711 1613; x_wconf 86' lang='lat' dir='ltr'><strong>Alterum</strong></span> 
     </span>
    </p>
   </div>
   <div class='ocr_carea' id='block_1_16' title="bbox 172 1647 1715 1718">
    <p class='ocr_par' dir='ltr' id='par_1_16' title="bbox 172 1647 1715 1718">
     <span class='ocr_line' id='line_1_16' title="bbox 172 1647 1715 1718; baseline 0.003 -19"><span class='ocrx_word' id='word_1_114' title='bbox 172 1660 352 1714; x_wconf 70' lang='lat' dir='ltr'><strong>genus</strong></span> <span class='ocrx_word' id='word_1_115' title='bbox 390 1647 723 1711; x_wconf 78' lang='grc' dir='ltr'>οἰκειώσεως,</span> <span class='ocrx_word' id='word_1_116' title='bbox 754 1647 1047 1702; x_wconf 89' lang='lat' dir='ltr'><strong>secundum</strong></span> <span class='ocrx_word' id='word_1_117' title='bbox 1075 1649 1215 1717; x_wconf 89' lang='lat' dir='ltr'><strong>quod</strong></span> <span class='ocrx_word' id='word_1_118' title='bbox 1259 1649 1411 1718; x_wconf 77' lang='lat' dir='ltr'><strong>signa</strong></span> <span class='ocrx_word' id='word_1_119' title='bbox 1457 1650 1557 1705; x_wconf 91' lang='lat' dir='ltr'><strong>alia</strong></span> <span class='ocrx_word' id='word_1_120' title='bbox 1591 1659 1715 1704; x_wconf 91' lang='lat' dir='ltr'><strong>sunt</strong></span> 
     </span>
    </p>
   </div>
   <div class='ocr_carea' id='block_1_17' title="bbox 170 1737 1710 1806">
    <p class='ocr_par' dir='ltr' id='par_1_17' title="bbox 170 1737 1710 1806">
     <span class='ocr_line' id='line_1_17' title="bbox 170 1737 1710 1806; baseline 0.005 -21"><span class='ocrx_word' id='word_1_121' title='bbox 170 1737 597 1805; x_wconf 75' lang='grc' dir='ltr'>προστάσσοντα,</span> <span class='ocrx_word' id='word_1_122' title='bbox 652 1755 669 1786; x_wconf 73' lang='grc' dir='ltr'>ι</span> <span class='ocrx_word' id='word_1_123' title='bbox 728 1737 1059 1806; x_wconf 88' lang='lat' dir='ltr'><strong>imperantia,</strong></span> <span class='ocrx_word' id='word_1_124' title='bbox 1119 1756 1139 1788; x_wconf 72' lang='grc' dir='ltr'><strong><em>ι</em></strong></span> <span class='ocrx_word' id='word_1_125' title='bbox 1199 1738 1298 1791; x_wconf 87' lang='lat' dir='ltr'><strong>alia</strong></span> <span class='ocrx_word' id='word_1_126' title='bbox 1356 1739 1710 1803; x_wconf 79' lang='grc' dir='ltr'><strong>ὑπακούοντα,</strong></span> 
     </span>
    </p>
   </div>
   <div class='ocr_carea' id='block_1_18' title="bbox 176 1826 1713 1895">
    <p class='ocr_par' dir='ltr' id='par_1_18' title="bbox 176 1826 1713 1895">
     <span class='ocr_line' id='line_1_18' title="bbox 176 1826 1713 1895; baseline 0.005 -20"><span class='ocrx_word' id='word_1_127' title='bbox 176 1844 196 1875; x_wconf 74' lang='grc' dir='ltr'>ι</span> <span class='ocrx_word' id='word_1_128' title='bbox 249 1826 605 1879; x_wconf 84' lang='lat' dir='ltr'><strong>auscultantia</strong></span> <span class='ocrx_word' id='word_1_129' title='bbox 658 1844 670 1879; x_wconf 88' lang='lat'>:</span> <span class='ocrx_word' id='word_1_130' title='bbox 727 1845 745 1876; x_wconf 74' lang='grc' dir='ltr'><strong><em>ι</em></strong></span> <span class='ocrx_word' id='word_1_131' title='bbox 800 1841 917 1895; x_wconf 62' lang='lat' dir='ltr'><strong>quae</strong></span> <span class='ocrx_word' id='word_1_132' title='bbox 963 1827 1121 1881; x_wconf 87' lang='lat' dir='ltr'><strong>ambo</strong></span> <span class='ocrx_word' id='word_1_133' title='bbox 1171 1830 1440 1881; x_wconf 90' lang='lat' dir='ltr'><strong>communi</strong></span> <span class='ocrx_word' id='word_1_134' title='bbox 1498 1830 1713 1883; x_wconf 83' lang='lat' dir='ltr'><strong>nomine</strong></span> 
     </span>
    </p>
   </div>
   <div class='ocr_carea' id='block_1_19' title="bbox 1813 624 3349 711">
    <p class='ocr_par' dir='ltr' id='par_1_19' title="bbox 1813 624 3349 711">
     <span class='ocr_line' id='line_1_19' title="bbox 1813 624 3349 711; baseline -0.001 -20"><span class='ocrx_word' id='word_1_135' title='bbox 1813 636 2079 691; x_wconf 88' lang='lat' dir='ltr'><strong>occidant.</strong></span> <span class='ocrx_word' id='word_1_136' title='bbox 2124 639 2295 706; x_wconf 84' lang='lat' dir='ltr'><strong>Atque</strong></span> <span class='ocrx_word' id='word_1_137' title='bbox 2344 637 2456 692; x_wconf 84' lang='lat' dir='ltr'><strong>haec</strong></span> <span class='ocrx_word' id='word_1_138' title='bbox 2504 643 2629 690; x_wconf 88' lang='lat' dir='ltr'><strong>sunt</strong></span> <span class='ocrx_word' id='word_1_139' title='bbox 2675 624 2876 701; x_wconf 79' lang='grc' dir='ltr'>σύζυγα</span> <span class='ocrx_word' id='word_1_140' title='bbox 2916 635 3087 703; x_wconf 79' lang='lat' dir='ltr'><strong>signa,</strong></span> <span class='ocrx_word' id='word_1_141' title='bbox 3118 648 3235 711; x_wconf 58' lang='lat' dir='ltr'><strong>qua}</strong></span> <span class='ocrx_word' id='word_1_142' title='bbox 3272 650 3349 689; x_wconf 63' lang='lat' dir='ltr'><strong>ex,</strong></span> 
     </span>
    </p>
   </div>
   <div class='ocr_carea' id='block_1_20' title="bbox 1813 724 3341 795">
    <p class='ocr_par' dir='ltr' id='par_1_20' title="bbox 1813 724 3341 795">
     <span class='ocr_line' id='line_1_20' title="bbox 1813 724 3341 795; baseline 0 -16"><span class='ocrx_word' id='word_1_143' title='bbox 1813 725 2035 781; x_wconf 90' lang='lat' dir='ltr'><strong>Gemino</strong></span> <span class='ocrx_word' id='word_1_144' title='bbox 2068 726 2317 793; x_wconf 79' lang='lat' dir='ltr'><strong>superius</strong></span> <span class='ocrx_word' id='word_1_145' title='bbox 2338 726 2744 795; x_wconf 79' lang='lat' dir='ltr'><strong>explicavimus,</strong></span> <span class='ocrx_word' id='word_1_146' title='bbox 2776 733 2833 778; x_wconf 91' lang='lat' dir='ltr'><strong>ut</strong></span> <span class='ocrx_word' id='word_1_147' title='bbox 2859 724 3084 787; x_wconf 87' lang='lat' dir='ltr'><strong>Gemini,</strong></span> <span class='ocrx_word' id='word_1_148' title='bbox 3110 726 3341 788; x_wconf 79' lang='lat' dir='ltr'><strong>Cancer,</strong></span> 
     </span>
    </p>
   </div>
   <div class='ocr_carea' id='block_1_21' title="bbox 1814 812 3340 884">
    <p class='ocr_par' dir='ltr' id='par_1_21' title="bbox 1814 812 3340 884">
     <span class='ocr_line' id='line_1_21' title="bbox 1814 812 3340 884; baseline 0.002 -17"><span class='ocrx_word' id='word_1_149' title='bbox 1814 815 2044 877; x_wconf 77' lang='lat' dir='ltr'><strong>Taurus,</strong></span> <span class='ocrx_word' id='word_1_150' title='bbox 2072 814 2197 879; x_wconf 84' lang='lat' dir='ltr'><strong>Leo,</strong></span> <span class='ocrx_word' id='word_1_151' title='bbox 2229 824 2281 867; x_wconf 91' lang='lat' dir='ltr'><strong>et</strong></span> <span class='ocrx_word' id='word_1_152' title='bbox 2317 827 2529 877; x_wconf 62' lang='lat' dir='ltr'><strong>caetera,</strong></span> <span class='ocrx_word' id='word_1_153' title='bbox 2564 814 2629 869; x_wconf 91' lang='lat' dir='ltr'><strong>de</strong></span> <span class='ocrx_word' id='word_1_154' title='bbox 2668 813 2862 884; x_wconf 84' lang='lat' dir='ltr'><strong>quibus</strong></span> <span class='ocrx_word' id='word_1_155' title='bbox 2895 814 2948 868; x_wconf 87' lang='lat' dir='ltr'><strong>in</strong></span> <span class='ocrx_word' id='word_1_156' title='bbox 2971 812 3209 869; x_wconf 82' lang='lat' dir='ltr'><strong>Notisad</strong></span> <span class='ocrx_word' id='word_1_157' title='bbox 3234 813 3340 870; x_wconf 86' lang='lat' dir='ltr'><strong>Ge-</strong></span> 
     </span>
    </p>
   </div>
   <div class='ocr_carea' id='block_1_22' title="bbox 1813 905 2508 973">
    <p class='ocr_par' dir='ltr' id='par_1_22' title="bbox 1813 905 2508 973">
     <span class='ocr_line' id='line_1_22' title="bbox 1813 905 2508 973; baseline 0.003 -16"><span class='ocrx_word' id='word_1_158' title='bbox 1813 908 2013 958; x_wconf 90' lang='lat' dir='ltr'><strong>minum</strong></span> <span class='ocrx_word' id='word_1_159' title='bbox 2049 906 2226 973; x_wconf 91' lang='lat' dir='ltr'><strong>aliqua</strong></span> <span class='ocrx_word' id='word_1_160' title='bbox 2253 905 2508 959; x_wconf 80' lang='lat' dir='ltr'><strong>diximus.</strong></span> 
     </span>
    </p>
   </div>
   <div class='ocr_carea' id='block_1_23' title="bbox 1894 994 3338 1064">
    <p class='ocr_par' dir='ltr' id='par_1_23' title="bbox 1894 994 3338 1064">
     <span class='ocr_line' id='line_1_23' title="bbox 1894 994 3338 1064; baseline 0.003 -17"><span class='ocrx_word' id='word_1_161' title='bbox 1894 994 2172 1047; x_wconf 78' lang='grc' dir='ltr'>Ἀσύνδετα</span> <span class='ocrx_word' id='word_1_162' title='bbox 2227 1003 2280 1048; x_wconf 89' lang='lat' dir='ltr'><strong>et</strong></span> <span class='ocrx_word' id='word_1_163' title='bbox 2334 994 2806 1064; x_wconf 82' lang='grc' dir='ltr'>ἁπηλλοτριωμένα</span> <span class='ocrx_word' id='word_1_164' title='bbox 2830 1032 2845 1058; x_wconf 91' lang='grc'><strong>,</strong></span> <span class='ocrx_word' id='word_1_165' title='bbox 2906 996 3234 1064; x_wconf 76' lang='lat' dir='ltr'><strong>inconjuncta</strong></span> <span class='ocrx_word' id='word_1_166' title='bbox 3286 1006 3338 1052; x_wconf 87' lang='lat' dir='ltr'><strong>et</strong></span> 
     </span>
    </p>
   </div>
   <div class='ocr_carea' id='block_1_24' title="bbox 1815 1085 3347 1154">
    <p class='ocr_par' dir='ltr' id='par_1_24' title="bbox 1815 1085 3347 1154">
     <span class='ocr_line' id='line_1_24' title="bbox 1815 1085 3347 1154; baseline -0.001 -17"><span class='ocrx_word' id='word_1_167' title='bbox 1815 1086 1984 1138; x_wconf 74' lang='lat' dir='ltr'><strong>aliena</strong></span> <span class='ocrx_word' id='word_1_168' title='bbox 2024 1087 2169 1154; x_wconf 77' lang='lat' dir='ltr'><strong>signa</strong></span> <span class='ocrx_word' id='word_1_169' title='bbox 2211 1085 2482 1146; x_wconf 87' lang='lat' dir='ltr'><strong>dicuntur,</strong></span> <span class='ocrx_word' id='word_1_170' title='bbox 2513 1099 2629 1152; x_wconf 64' lang='lat' dir='ltr'><strong>qua:</strong></span> <span class='ocrx_word' id='word_1_171' title='bbox 2660 1086 2858 1139; x_wconf 89' lang='lat' dir='ltr'><strong>nullius</strong></span> <span class='ocrx_word' id='word_1_172' title='bbox 2888 1087 3248 1140; x_wconf 90' lang='lat' dir='ltr'><strong>schematismi</strong></span> <span class='ocrx_word' id='word_1_173' title='bbox 3276 1103 3347 1141; x_wconf 82' lang='lat' dir='ltr'><strong>ex.</strong></span> 
     </span>
    </p>
   </div>
   <div class='ocr_carea' id='block_1_25' title="bbox 1814 1174 3340 1230">
    <p class='ocr_par' dir='ltr' id='par_1_25' title="bbox 1814 1174 3340 1230">
     <span class='ocr_line' id='line_1_25' title="bbox 1814 1174 3340 1230; baseline 0.003 -4"><span class='ocrx_word' id='word_1_174' title='bbox 1814 1174 2255 1229; x_wconf 82' lang='lat' dir='ltr'><strong>antecedentibus</strong></span> <span class='ocrx_word' id='word_1_175' title='bbox 2286 1175 2403 1229; x_wconf 86' lang='lat' dir='ltr'><strong>istis</strong></span> <span class='ocrx_word' id='word_1_176' title='bbox 2437 1176 2741 1228; x_wconf 87' lang='lat' dir='ltr'><strong>societatem</strong></span> <span class='ocrx_word' id='word_1_177' title='bbox 2776 1186 2971 1229; x_wconf 89' lang='lat' dir='ltr'><strong>coeunt</strong></span> <span class='ocrx_word' id='word_1_178' title='bbox 2998 1177 3243 1230; x_wconf 87' lang='lat' dir='ltr'><strong>invicem.</strong></span> <span class='ocrx_word' id='word_1_179' title='bbox 3265 1177 3340 1230; x_wconf 80' lang='lat' dir='ltr'><strong>Ita</strong></span> 
     </span>
    </p>
   </div>
   <div class='ocr_carea' id='block_1_26' title="bbox 1813 1264 2148 1319">
    <p class='ocr_par' dir='ltr' id='par_1_26' title="bbox 1813 1264 2148 1319">
     <span class='ocr_line' id='line_1_26' title="bbox 1813 1264 2148 1319; baseline 0.003 -2"><span class='ocrx_word' id='word_1_180' title='bbox 1813 1264 2148 1319; x_wconf 67' lang='lat' dir='ltr'><strong>Ptolemaeus.</strong></span> 
     </span>
    </p>
   </div>
   <div class='ocr_carea' id='block_1_27' title="bbox 1883 1343 3343 1410">
    <p class='ocr_par' dir='ltr' id='par_1_27' title="bbox 1883 1343 3343 1410">
     <span class='ocr_line' id='line_1_27' title="bbox 1883 1343 3343 1410; baseline 0.001 -3"><span class='ocrx_word' id='word_1_181' title='bbox 1883 1357 1949 1407; x_wconf 88' lang='lat' dir='ltr'><strong>At</strong></span> <span class='ocrx_word' id='word_1_182' title='bbox 1997 1356 2244 1410; x_wconf 85' lang='lat' dir='ltr'><strong>Manilius</strong></span> <span class='ocrx_word' id='word_1_183' title='bbox 2285 1363 2340 1409; x_wconf 92' lang='lat' dir='ltr'><strong>et</strong></span> <span class='ocrx_word' id='word_1_184' title='bbox 2394 1355 2594 1409; x_wconf 85' lang='lat' dir='ltr'><strong>Paulus</strong></span> <span class='ocrx_word' id='word_1_185' title='bbox 2638 1343 3026 1410; x_wconf 75' lang='lat' dir='ltr'><strong>Alexandrinus</strong></span> <span class='ocrx_word' id='word_1_186' title='bbox 3073 1355 3343 1410; x_wconf 85' lang='lat' dir='ltr'><strong>audientia</strong></span> 
     </span>
    </p>
   </div>
   <div class='ocr_carea' id='block_1_28' title="bbox 1812 1444 3355 1523">
    <p class='ocr_par' dir='ltr' id='par_1_28' title="bbox 1812 1444 3355 1523">
     <span class='ocr_line' id='line_1_28' title="bbox 1812 1444 3355 1523; baseline 0 -24"><span class='ocrx_word' id='word_1_187' title='bbox 1812 1445 2143 1507; x_wconf 80' lang='lat' dir='ltr'><strong>etvidentia</strong></span> <span class='ocrx_word' id='word_1_188' title='bbox 2178 1445 2328 1515; x_wconf 88' lang='lat' dir='ltr'><strong>signa</strong></span> <span class='ocrx_word' id='word_1_189' title='bbox 2365 1446 2541 1523; x_wconf 28' lang='lat' dir='ltr'><strong>aliter.</strong></span> <span class='ocrx_word' id='word_1_190' title='bbox 2570 1448 2871 1513; x_wconf 82' lang='lat' dir='ltr'><strong>explicant..</strong></span> <span class='ocrx_word' id='word_1_191' title='bbox 2895 1444 3025 1497; x_wconf 86' lang='lat' dir='ltr'><strong>Nam</strong></span> <span class='ocrx_word' id='word_1_192' title='bbox 3067 1445 3207 1513; x_wconf 86' lang='lat' dir='ltr'><strong>apud</strong></span> <span class='ocrx_word' id='word_1_193' title='bbox 3248 1462 3355 1501; x_wconf 65' lang='lat' dir='ltr'><strong>eos.</strong></span> 
     </span>
    </p>
   </div>
   <div class='ocr_carea' id='block_1_29' title="bbox 1803 1537 3362 1607">
    <p class='ocr_par' dir='ltr' id='par_1_29' title="bbox 1803 1537 3362 1607">
     <span class='ocr_line' id='line_1_29' title="bbox 1803 1537 3362 1607; baseline -0.004 -17"><span class='ocrx_word' id='word_1_194' title='bbox 1803 1537 2108 1590; x_wconf 75' lang='lat' dir='ltr'><strong>videntium</strong></span> <span class='ocrx_word' id='word_1_195' title='bbox 2160 1538 2307 1606; x_wconf 87' lang='lat' dir='ltr'><strong>paria</strong></span> <span class='ocrx_word' id='word_1_196' title='bbox 2328 1544 2585 1590; x_wconf 50' lang='lat' dir='ltr'><strong>‘constant</strong></span> <span class='ocrx_word' id='word_1_197' title='bbox 2631 1538 2695 1589; x_wconf 90' lang='lat' dir='ltr'><strong>iis</strong></span> <span class='ocrx_word' id='word_1_198' title='bbox 2736 1538 2902 1607; x_wconf 82' lang='lat' dir='ltr'><strong>signis</strong></span> <span class='ocrx_word' id='word_1_199' title='bbox 2936 1552 3051 1605; x_wconf 63' lang='lat' dir='ltr'><strong>quae</strong></span> <span class='ocrx_word' id='word_1_200' title='bbox 3084 1552 3148 1590; x_wconf 79' lang='lat' dir='ltr'><strong>ex</strong></span> <span class='ocrx_word' id='word_1_201' title='bbox 3190 1551 3362 1606; x_wconf 59' lang='lat' dir='ltr'><strong>aequo.</strong></span> 
     </span>
    </p>
   </div>
   <div class='ocr_carea' id='block_1_30' title="bbox 1813 1626 3338 1696">
    <p class='ocr_par' dir='ltr' id='par_1_30' title="bbox 1813 1626 3338 1696">
     <span class='ocr_line' id='line_1_30' title="bbox 1813 1626 3338 1696; baseline -0.001 -16"><span class='ocrx_word' id='word_1_202' title='bbox 1813 1628 2012 1682; x_wconf 84' lang='lat' dir='ltr'><strong>distant</strong></span> <span class='ocrx_word' id='word_1_203' title='bbox 2056 1642 2083 1679; x_wconf 88' lang='lat' dir='ltr'><strong>a</strong></span> <span class='ocrx_word' id='word_1_204' title='bbox 2118 1628 2243 1681; x_wconf 79' lang='lat' dir='ltr'><strong>totis</strong></span> <span class='ocrx_word' id='word_1_205' title='bbox 2271 1627 2436 1695; x_wconf 80' lang='lat' dir='ltr'><strong>signis</strong></span> <span class='ocrx_word' id='word_1_206' title='bbox 2460 1627 2675 1696; x_wconf 89' lang='lat' dir='ltr'><strong>tropicis</strong></span> <span class='ocrx_word' id='word_1_207' title='bbox 2696 1635 2753 1679; x_wconf 89' lang='lat' dir='ltr'><strong>ut</strong></span> <span class='ocrx_word' id='word_1_208' title='bbox 2782 1634 2906 1681; x_wconf 89' lang='lat' dir='ltr'><strong>sunt</strong></span> <span class='ocrx_word' id='word_1_209' title='bbox 2936 1627 3160 1689; x_wconf 82' lang='lat' dir='ltr'><strong>Gemini,</strong></span> <span class='ocrx_word' id='word_1_210' title='bbox 3201 1626 3338 1689; x_wconf 74' lang='lat' dir='ltr'><strong>Leo,</strong></span> 
     </span>
    </p>
   </div>
   <div class='ocr_carea' id='block_1_31' title="bbox 1814 1716 3341 1787">
    <p class='ocr_par' dir='ltr' id='par_1_31' title="bbox 1814 1716 3341 1787">
     <span class='ocr_line' id='line_1_31' title="bbox 1814 1716 3341 1787; baseline 0.001 -18"><span class='ocrx_word' id='word_1_211' title='bbox 1814 1716 2044 1781; x_wconf 80' lang='lat' dir='ltr'><strong>Taurus,</strong></span> <span class='ocrx_word' id='word_1_212' title='bbox 2072 1717 2253 1787; x_wconf 81' lang='lat' dir='ltr'><strong>Virgo,</strong></span> <span class='ocrx_word' id='word_1_213' title='bbox 2290 1733 2351 1771; x_wconf 90' lang='lat' dir='ltr'><strong>ac</strong></span> <span class='ocrx_word' id='word_1_214' title='bbox 2398 1719 2637 1787; x_wconf 89' lang='lat' dir='ltr'><strong>reliqua;</strong></span> <span class='ocrx_word' id='word_1_215' title='bbox 2677 1732 2795 1785; x_wconf 72' lang='lat' dir='ltr'><strong>qua:</strong></span> <span class='ocrx_word' id='word_1_216' title='bbox 2821 1718 3085 1787; x_wconf 84' lang='lat' dir='ltr'><strong>descripta</strong></span> <span class='ocrx_word' id='word_1_217' title='bbox 3132 1726 3256 1771; x_wconf 91' lang='lat' dir='ltr'><strong>sunt</strong></span> <span class='ocrx_word' id='word_1_218' title='bbox 3287 1718 3341 1771; x_wconf 91' lang='lat' dir='ltr'><strong>in</strong></span> 
     </span>
    </p>
   </div>
   <div class='ocr_carea' id='block_1_32' title="bbox 1816 1805 3343 1877">
    <p class='ocr_par' dir='ltr' id='par_1_32' title="bbox 1816 1805 3343 1877">
     <span class='ocr_line' id='line_1_32' title="bbox 1816 1805 3343 1877; baseline 0.001 -20"><span class='ocrx_word' id='word_1_219' title='bbox 1816 1806 1983 1860; x_wconf 86' lang='lat' dir='ltr'><strong>altero</strong></span> <span class='ocrx_word' id='word_1_220' title='bbox 2011 1806 2279 1877; x_wconf 86' lang='lat' dir='ltr'><strong>schemate</strong></span> <span class='ocrx_word' id='word_1_221' title='bbox 2301 1806 2413 1858; x_wconf 82' lang='grc' dir='ltr'>τῶν.</span> <span class='ocrx_word' id='word_1_222' title='bbox 2436 1805 2697 1874; x_wconf 76' lang='grc' dir='ltr'>συζύγων,</span> <span class='ocrx_word' id='word_1_223' title='bbox 2730 1807 3019 1861; x_wconf 84' lang='lat' dir='ltr'><strong>secundum</strong></span> <span class='ocrx_word' id='word_1_224' title='bbox 3041 1814 3267 1868; x_wconf 88' lang='lat' dir='ltr'><strong>veteres,</strong></span> <span class='ocrx_word' id='word_1_225' title='bbox 3287 1816 3343 1859; x_wconf 84' lang='lat' dir='ltr'><strong>ut</strong></span> 
     </span>
    </p>
   </div>
   <div class='ocr_carea' id='block_1_33' title="bbox 167 1895 1729 1988">
    <p class='ocr_par' dir='ltr' id='par_1_33' title="bbox 167 1916 1715 1988">
     <span class='ocr_line' id='line_1_33' title="bbox 167 1916 1715 1988; baseline 0.003 -19"><span class='ocrx_word' id='word_1_226' title='bbox 167 1916 498 1982; x_wconf 77' lang='grc' dir='ltr'>ἀκουόντων,</span> <span class='ocrx_word' id='word_1_227' title='bbox 536 1935 554 1967; x_wconf 86' lang='grc'>‹</span> <span class='ocrx_word' id='word_1_228' title='bbox 590 1917 939 1979; x_wconf 88' lang='lat' dir='ltr'><strong>audientium,</strong></span> <span class='ocrx_word' id='word_1_229' title='bbox 980 1936 1000 1969; x_wconf 73' lang='grc' dir='ltr'><strong><em>ι</em></strong></span> <span class='ocrx_word' id='word_1_230' title='bbox 1049 1917 1247 1973; x_wconf 88' lang='lat' dir='ltr'><strong>Paulus</strong></span> <span class='ocrx_word' id='word_1_231' title='bbox 1296 1920 1715 1988; x_wconf 77' lang='lat' dir='ltr'><strong>Alexandrinus,</strong></span> 
     </span>
    </p>
   </div>
   <div class='ocr_carea' id='block_1_34' title="bbox 1807 1895 3343 1988">
    <p class='ocr_par' dir='ltr' id='par_1_34' title="bbox 1812 1895 3343 1966">
     <span class='ocr_line' id='line_1_34' title="bbox 1812 1895 3343 1966; baseline 0.001 -17"><span class='ocrx_word' id='word_1_232' title='bbox 1812 1912 1999 1950; x_wconf 80' lang='lat' dir='ltr'><strong>eorum</strong></span> <span class='ocrx_word' id='word_1_233' title='bbox 2049 1905 2278 1950; x_wconf 89' lang='lat' dir='ltr'><strong>mentem</strong></span> <span class='ocrx_word' id='word_1_234' title='bbox 2325 1898 2707 1966; x_wconf 85' lang='lat' dir='ltr'><strong>interpretatus</strong></span> <span class='ocrx_word' id='word_1_235' title='bbox 2734 1905 2814 1952; x_wconf 86' lang='lat' dir='ltr'><strong>est</strong></span> <span class='ocrx_word' id='word_1_236' title='bbox 2846 1896 3121 1952; x_wconf 90' lang='lat' dir='ltr'><strong>Geminus.</strong></span> <span class='ocrx_word' id='word_1_237' title='bbox 3160 1895 3343 1966; x_wconf 87' lang='lat' dir='ltr'><strong>Itaque</strong></span> 
     </span>
    </p>
   </div>
   <div class='ocr_carea' id='block_1_35' title="bbox 166 2005 1713 2085">
    <p class='ocr_par' dir='ltr' id='par_1_35' title="bbox 166 2005 1713 2085">
     <span class='ocr_line' id='line_1_35' title="bbox 166 2005 1713 2085; baseline 0.003 -26"><span class='ocrx_word' id='word_1_238' title='bbox 166 2016 226 2059; x_wconf 89' lang='lat' dir='ltr'><strong>et</strong></span> <span class='ocrx_word' id='word_1_239' title='bbox 272 2005 516 2061; x_wconf 81' lang='lat' dir='ltr'><strong>Manilius</strong></span> <span class='ocrx_word' id='word_1_240' title='bbox 560 2007 878 2083; x_wconf 81' lang='lat' dir='ltr'><strong>intelligunt.</strong></span> <span class='ocrx_word' id='word_1_241' title='bbox 908 2006 1142 2085; x_wconf 63' lang='lat' dir='ltr'><strong>Tertium</strong></span> <span class='ocrx_word' id='word_1_242' title='bbox 1183 2023 1352 2078; x_wconf 88' lang='lat' dir='ltr'><strong>genus</strong></span> <span class='ocrx_word' id='word_1_243' title='bbox 1397 2010 1713 2073; x_wconf 78' lang='grc' dir='ltr'>οἰκειώσεως</span> 
     </span>
    </p>
   </div>
   <div class='ocr_carea' id='block_1_36' title="bbox 164 2098 1713 2169">
    <p class='ocr_par' dir='ltr' id='par_1_36' title="bbox 164 2098 1713 2169">
     <span class='ocr_line' id='line_1_36' title="bbox 164 2098 1713 2169; baseline 0.003 -19"><span class='ocrx_word' id='word_1_244' title='bbox 164 2104 262 2151; x_wconf 88' lang='lat' dir='ltr'><strong>est</strong></span> <span class='ocrx_word' id='word_1_245' title='bbox 298 2098 400 2150; x_wconf 84' lang='grc' dir='ltr'>τῶν</span> <span class='ocrx_word' id='word_1_246' title='bbox 432 2098 748 2167; x_wconf 79' lang='grc' dir='ltr'><strong>βλεπόντων,</strong></span> <span class='ocrx_word' id='word_1_247' title='bbox 784 2114 903 2154; x_wconf 81' lang='lat' dir='ltr'><strong>sese</strong></span> <span class='ocrx_word' id='word_1_248' title='bbox 933 2108 1118 2153; x_wconf 90' lang='lat' dir='ltr'><strong>mutuo</strong></span> <span class='ocrx_word' id='word_1_249' title='bbox 1147 2102 1607 2169; x_wconf 88' lang='lat' dir='ltr'><strong>conspicientium.</strong></span> <span class='ocrx_word' id='word_1_250' title='bbox 1646 2102 1713 2156; x_wconf 86' lang='lat' dir='ltr'><strong>Ut</strong></span> 
     </span>
    </p>
   </div>
   <div class='ocr_carea' id='block_1_37' title="bbox 164 2188 1262 2260">
    <p class='ocr_par' dir='ltr' id='par_1_37' title="bbox 164 2188 1262 2260">
     <span class='ocr_line' id='line_1_37' title="bbox 164 2188 1262 2260; baseline 0.005 -19"><span class='ocrx_word' id='word_1_251' title='bbox 164 2188 242 2244; x_wconf 86' lang='lat' dir='ltr'><strong>de</strong></span> <span class='ocrx_word' id='word_1_252' title='bbox 276 2189 658 2257; x_wconf 85' lang='lat' dir='ltr'><strong>posterioribus</strong></span> <span class='ocrx_word' id='word_1_253' title='bbox 688 2190 769 2244; x_wconf 90' lang='lat' dir='ltr'><strong>his</strong></span> <span class='ocrx_word' id='word_1_254' title='bbox 802 2191 1059 2245; x_wconf 88' lang='lat' dir='ltr'><strong>ambobus</strong></span> <span class='ocrx_word' id='word_1_255' title='bbox 1091 2207 1262 2260; x_wconf 83' lang='lat' dir='ltr'><strong>agam.</strong></span> 
     </span>
    </p>
   </div>
   <div class='ocr_carea' id='block_1_38' title="bbox 245 2277 1710 2353">
    <p class='ocr_par' dir='ltr' id='par_1_38' title="bbox 245 2277 1710 2353">
     <span class='ocr_line' id='line_1_38' title="bbox 245 2277 1710 2353; baseline 0.005 -23"><span class='ocrx_word' id='word_1_256' title='bbox 245 2277 562 2335; x_wconf 64' lang='lat' dir='ltr'><strong>Ptolemaeus</strong></span> <span class='ocrx_word' id='word_1_257' title='bbox 609 2281 1034 2352; x_wconf 77' lang='grc' dir='ltr'>προστάσσοντα,</span> <span class='ocrx_word' id='word_1_258' title='bbox 1082 2294 1133 2335; x_wconf 88' lang='lat' dir='ltr'><strong>et</strong></span> <span class='ocrx_word' id='word_1_259' title='bbox 1174 2283 1508 2337; x_wconf 80' lang='grc' dir='ltr'>ὑπακούοντα</span> <span class='ocrx_word' id='word_1_260' title='bbox 1559 2285 1710 2353; x_wconf 80' lang='lat' dir='ltr'><strong>signa</strong></span> 
     </span>
    </p>
   </div>
   <div class='ocr_carea' id='block_1_39' title="bbox 164 2368 1713 2444">
    <p class='ocr_par' dir='ltr' id='par_1_39' title="bbox 164 2368 1713 2444">
     <span class='ocr_line' id='line_1_39' title="bbox 164 2368 1713 2444; baseline 0.003 -21"><span class='ocrx_word' id='word_1_261' title='bbox 164 2378 356 2436; x_wconf 80' lang='lat' dir='ltr'><strong>vocat,</strong></span> <span class='ocrx_word' id='word_1_262' title='bbox 393 2370 459 2424; x_wconf 71' lang='grc' dir='ltr'><strong>τὰ</strong></span> <span class='ocrx_word' id='word_1_263' title='bbox 493 2373 608 2424; x_wconf 83' lang='grc' dir='ltr'>κατ’</span> <span class='ocrx_word' id='word_1_264' title='bbox 644 2374 762 2441; x_wconf 84' lang='grc' dir='ltr'>ῐσην</span> <span class='ocrx_word' id='word_1_265' title='bbox 791 2368 1066 2425; x_wconf 77' lang='grc' dir='ltr'>διάστασιν</span> <span class='ocrx_word' id='word_1_266' title='bbox 1084 2372 1191 2424; x_wconf 82' lang='grc' dir='ltr'><strong>ἀπὸ</strong></span> <span class='ocrx_word' id='word_1_267' title='bbox 1221 2373 1311 2426; x_wconf 75' lang='grc' dir='ltr'>τοῦ</span> <span class='ocrx_word' id='word_1_268' title='bbox 1344 2374 1526 2433; x_wconf 82' lang='grc' dir='ltr'>αὑτοῦ,</span> <span class='ocrx_word' id='word_1_269' title='bbox 1556 2375 1588 2444; x_wconf 84' lang='grc' dir='ltr'>ἢ</span> <span class='ocrx_word' id='word_1_270' title='bbox 1620 2375 1713 2427; x_wconf 78' lang='grc' dir='ltr'><strong>καὶ</strong></span> 
     </span>
    </p>
   </div>
   <div class='ocr_carea' id='block_1_40' title="bbox 161 2460 1709 2537">
    <p class='ocr_par' dir='ltr' id='par_1_40' title="bbox 161 2460 1709 2537">
     <span class='ocr_line' id='line_1_40' title="bbox 161 2460 1709 2537; baseline 0.003 -23"><span class='ocrx_word' id='word_1_271' title='bbox 161 2464 429 2534; x_wconf 74' lang='grc' dir='ltr'><strong>ὁποτέρου</strong></span> <span class='ocrx_word' id='word_1_272' title='bbox 472 2464 576 2517; x_wconf 82' lang='grc' dir='ltr'><strong>τῶν</strong></span> <span class='ocrx_word' id='word_1_273' title='bbox 626 2465 947 2535; x_wconf 74' lang='grc' dir='ltr'>ἰσημερινῶν</span> <span class='ocrx_word' id='word_1_274' title='bbox 982 2465 1216 2535; x_wconf 82' lang='grc' dir='ltr'>σημείων</span> <span class='ocrx_word' id='word_1_275' title='bbox 1257 2460 1709 2537; x_wconf 73' lang='grc' dir='ltr'>σχηματιζόμενα,</span> 
     </span>
    </p>
   </div>
   <div class='ocr_carea' id='block_1_41' title="bbox 160 2548 1712 2629">
    <p class='ocr_par' dir='ltr' id='par_1_41' title="bbox 160 2548 1712 2629">
     <span class='ocr_line' id='line_1_41' title="bbox 160 2548 1712 2629; baseline 0.005 -23"><span class='ocrx_word' id='word_1_276' title='bbox 160 2556 261 2607; x_wconf 75' lang='grc' dir='ltr'><strong>διὰ</strong></span> <span class='ocrx_word' id='word_1_277' title='bbox 297 2556 354 2607; x_wconf 81' lang='grc' dir='ltr'><strong>τὸ</strong></span> <span class='ocrx_word' id='word_1_278' title='bbox 376 2557 431 2607; x_wconf 78' lang='grc' dir='ltr'><strong>ἐν</strong></span> <span class='ocrx_word' id='word_1_279' title='bbox 452 2559 560 2618; x_wconf 84' lang='grc' dir='ltr'>τοῖς</span> <span class='ocrx_word' id='word_1_280' title='bbox 588 2556 717 2619; x_wconf 75' lang='grc' dir='ltr'>ἴσοις</span> <span class='ocrx_word' id='word_1_281' title='bbox 743 2548 948 2629; x_wconf 52' lang='grc' dir='ltr'>χ’ρόνοις</span> <span class='ocrx_word' id='word_1_282' title='bbox 977 2557 1333 2627; x_wconf 75' lang='grc' dir='ltr'>ἀναφέρεσθαι</span> <span class='ocrx_word' id='word_1_283' title='bbox 1353 2561 1443 2613; x_wconf 83' lang='grc' dir='ltr'>καὶ</span> <span class='ocrx_word' id='word_1_284' title='bbox 1468 2560 1555 2612; x_wconf 76' lang='grc' dir='ltr'><strong>ἐπὶ</strong></span> <span class='ocrx_word' id='word_1_285' title='bbox 1586 2561 1712 2614; x_wconf 81' lang='grc' dir='ltr'>ῖσων</span> 
     </span>
    </p>
   </div>
   <div class='ocr_carea' id='block_1_42' title="bbox 162 2646 1711 2717">
    <p class='ocr_par' dir='ltr' id='par_1_42' title="bbox 162 2646 1711 2717">
     <span class='ocr_line' id='line_1_42' title="bbox 162 2646 1711 2717; baseline 0.004 -20"><span class='ocrx_word' id='word_1_286' title='bbox 162 2646 545 2716; x_wconf 77' lang='grc' dir='ltr'><strong>παραλλήλων.</strong></span> <span class='ocrx_word' id='word_1_287' title='bbox 590 2666 607 2699; x_wconf 73' lang='grc' dir='ltr'><strong><em>ι</em></strong></span> <span class='ocrx_word' id='word_1_288' title='bbox 639 2646 767 2714; x_wconf 64' lang='lat' dir='ltr'><strong>Quae</strong></span> <span class='ocrx_word' id='word_1_289' title='bbox 808 2650 920 2717; x_wconf 81' lang='lat' dir='ltr'><strong>pari</strong></span> <span class='ocrx_word' id='word_1_290' title='bbox 967 2650 1246 2703; x_wconf 88' lang='lat' dir='ltr'><strong>intervallo</strong></span> <span class='ocrx_word' id='word_1_291' title='bbox 1291 2650 1359 2703; x_wconf 91' lang='lat' dir='ltr'><strong>ab</strong></span> <span class='ocrx_word' id='word_1_292' title='bbox 1405 2650 1589 2705; x_wconf 89' lang='lat' dir='ltr'><strong>eodem</strong></span> <span class='ocrx_word' id='word_1_293' title='bbox 1627 2651 1711 2705; x_wconf 88' lang='lat' dir='ltr'><strong>vel</strong></span> 
     </span>
    </p>
   </div>
   <div class='ocr_carea' id='block_1_43' title="bbox 163 2742 1710 2817">
    <p class='ocr_par' dir='ltr' id='par_1_43' title="bbox 163 2742 1710 2817">
     <span class='ocr_line' id='line_1_43' title="bbox 163 2742 1710 2817; baseline 0.003 -21"><span class='ocrx_word' id='word_1_294' title='bbox 163 2742 435 2797; x_wconf 84' lang='lat' dir='ltr'><strong>alterutro</strong></span> <span class='ocrx_word' id='word_1_295' title='bbox 466 2752 780 2810; x_wconf 89' lang='lat' dir='ltr'><strong>punctorum</strong></span> <span class='ocrx_word' id='word_1_296' title='bbox 807 2745 1258 2813; x_wconf 80' lang='lat' dir='ltr'><strong>aequinoctialium</strong></span> <span class='ocrx_word' id='word_1_297' title='bbox 1279 2746 1553 2811; x_wconf 89' lang='lat' dir='ltr'><strong>distantia,</strong></span> <span class='ocrx_word' id='word_1_298' title='bbox 1577 2747 1710 2817; x_wconf 78' lang='lat' dir='ltr'><strong>figu-</strong></span> 
     </span>
    </p>
   </div>
   <div class='ocr_carea' id='block_1_44' title="bbox 162 2832 1709 2903">
    <p class='ocr_par' dir='ltr' id='par_1_44' title="bbox 162 2832 1709 2903">
     <span class='ocr_line' id='line_1_44' title="bbox 162 2832 1709 2903; baseline 0.008 -24"><span class='ocrx_word' id='word_1_299' title='bbox 162 2842 331 2890; x_wconf 87' lang='lat' dir='ltr'><strong>ram,</strong></span> <span class='ocrx_word' id='word_1_300' title='bbox 387 2842 479 2882; x_wconf 91' lang='lat' dir='ltr'><strong>seu</strong></span> <span class='ocrx_word' id='word_1_301' title='bbox 527 2838 872 2899; x_wconf 82' lang='lat' dir='ltr'><strong>conspectum</strong></span> <span class='ocrx_word' id='word_1_302' title='bbox 928 2832 1177 2887; x_wconf 88' lang='lat' dir='ltr'><strong>habent:</strong></span> <span class='ocrx_word' id='word_1_303' title='bbox 1220 2835 1360 2902; x_wconf 86' lang='lat' dir='ltr'><strong>quod</strong></span> <span class='ocrx_word' id='word_1_304' title='bbox 1417 2836 1709 2903; x_wconf 61' lang='lat' dir='ltr'><strong>aequalibus</strong></span> 
     </span>
    </p>
   </div>
   <div class='ocr_carea' id='block_1_45' title="bbox 163 2918 1703 2994">
    <p class='ocr_par' dir='ltr' id='par_1_45' title="bbox 163 2918 1703 2994">
     <span class='ocr_line' id='line_1_45' title="bbox 163 2918 1703 2994; baseline 0.005 -23"><span class='ocrx_word' id='word_1_305' title='bbox 163 2918 505 2987; x_wconf 87' lang='lat' dir='ltr'><strong>temporibus</strong></span> <span class='ocrx_word' id='word_1_306' title='bbox 543 2921 805 2985; x_wconf 89' lang='lat' dir='ltr'><strong>oriantur,</strong></span> <span class='ocrx_word' id='word_1_307' title='bbox 836 2931 890 2976; x_wconf 91' lang='lat' dir='ltr'><strong>et</strong></span> <span class='ocrx_word' id='word_1_308' title='bbox 929 2924 982 2976; x_wconf 93' lang='lat' dir='ltr'><strong>in</strong></span> <span class='ocrx_word' id='word_1_309' title='bbox 1020 2924 1311 2993; x_wconf 56' lang='lat' dir='ltr'><strong>aequalibus</strong></span> <span class='ocrx_word' id='word_1_310' title='bbox 1352 2926 1642 2994; x_wconf 86' lang='lat' dir='ltr'><strong>parallelis.</strong></span> <span class='ocrx_word' id='word_1_311' title='bbox 1685 2946 1703 2978; x_wconf 80' lang='grc' dir='ltr'><strong><em>ι</em></strong></span> 
     </span>
    </p>
   </div>
   <div class='ocr_carea' id='block_1_46' title="bbox 162 3009 1709 3087">
    <p class='ocr_par' dir='ltr' id='par_1_46' title="bbox 162 3009 1709 3087">
     <span class='ocr_line' id='line_1_46' title="bbox 162 3009 1709 3087; baseline 0.006 -26"><span class='ocrx_word' id='word_1_312' title='bbox 162 3009 437 3087; x_wconf 86' lang='lat' dir='ltr'><strong>Zodiacus</strong></span> <span class='ocrx_word' id='word_1_313' title='bbox 466 3010 700 3065; x_wconf 91' lang='lat' dir='ltr'><strong>circulus</strong></span> <span class='ocrx_word' id='word_1_314' title='bbox 727 3012 795 3071; x_wconf 91' lang='lat' dir='ltr'><strong>ab</strong></span> <span class='ocrx_word' id='word_1_315' title='bbox 825 3014 1183 3083; x_wconf 70' lang='lat' dir='ltr'><strong>aequinoctiali</strong></span> <span class='ocrx_word' id='word_1_316' title='bbox 1215 3015 1463 3069; x_wconf 83' lang='lat' dir='ltr'><strong>bifariam</strong></span> <span class='ocrx_word' id='word_1_317' title='bbox 1499 3027 1709 3072; x_wconf 86' lang='lat' dir='ltr'><strong>secatur</strong></span> 
     </span>
    </p>
   </div>
   <div class='ocr_carea' id='block_1_47' title="bbox 164 3102 1711 3171">
    <p class='ocr_par' dir='ltr' id='par_1_47' title="bbox 164 3102 1711 3171">
     <span class='ocr_line' id='line_1_47' title="bbox 164 3102 1711 3171; baseline 0.006 -19"><span class='ocrx_word' id='word_1_318' title='bbox 164 3102 227 3154; x_wconf 87' lang='lat' dir='ltr'><strong>in</strong></span> <span class='ocrx_word' id='word_1_319' title='bbox 260 3102 473 3170; x_wconf 89' lang='lat' dir='ltr'><strong>punctis</strong></span> <span class='ocrx_word' id='word_1_320' title='bbox 500 3104 979 3171; x_wconf 83' lang='lat' dir='ltr'><strong>aequinoctialibus.</strong></span> <span class='ocrx_word' id='word_1_321' title='bbox 1011 3102 1148 3159; x_wconf 86' lang='lat' dir='ltr'><strong>Hinc</strong></span> <span class='ocrx_word' id='word_1_322' title='bbox 1177 3106 1547 3161; x_wconf 84' lang='lat' dir='ltr'><strong>semicirculus</strong></span> <span class='ocrx_word' id='word_1_323' title='bbox 1577 3108 1711 3163; x_wconf 89' lang='lat' dir='ltr'><strong>alter</strong></span> 
     </span>
    </p>
   </div>
   <div class='ocr_carea' id='block_1_48' title="bbox 162 3192 1781 3279">
    <p class='ocr_par' dir='ltr' id='par_1_48' title="bbox 162 3192 1781 3279">
     <span class='ocr_line' id='line_1_48' title="bbox 162 3192 1781 3279; baseline 0.007 -35"><span class='ocrx_word' id='word_1_324' title='bbox 162 3193 409 3247; x_wconf 87' lang='lat' dir='ltr'><strong>borealis</strong></span> <span class='ocrx_word' id='word_1_325' title='bbox 452 3192 669 3255; x_wconf 90' lang='lat' dir='ltr'><strong>dicitur,</strong></span> <span class='ocrx_word' id='word_1_326' title='bbox 722 3194 926 3251; x_wconf 87' lang='lat' dir='ltr'><strong>habens</strong></span> <span class='ocrx_word' id='word_1_327' title='bbox 972 3195 1122 3264; x_wconf 87' lang='lat' dir='ltr'><strong>signa</strong></span> <span class='ocrx_word' id='word_1_328' title='bbox 1164 3196 1399 3252; x_wconf 87' lang='lat' dir='ltr'><strong>borealia</strong></span> <span class='ocrx_word' id='word_1_329' title='bbox 1439 3214 1552 3260; x_wconf 75' lang='lat' dir='ltr'><strong>sex,</strong></span> <span class='ocrx_word' id='word_1_330' title='bbox 1591 3216 1708 3268; x_wconf 76' lang='lat' dir='ltr'><strong>quae</strong></span> <span class='ocrx_word' id='word_1_331' title='bbox 1734 3216 1781 3279; x_wconf 73' lang='grc' dir='ltr'>ρ</span> 
     </span>
    </p>
   </div>
   <div class='ocr_carea' id='block_1_49' title="bbox 162 3280 1704 3357">
    <p class='ocr_par' dir='ltr' id='par_1_49' title="bbox 162 3280 1704 3357">
     <span class='ocr_line' id='line_1_49' title="bbox 162 3280 1704 3357; baseline 0.004 -21"><span class='ocrx_word' id='word_1_332' title='bbox 162 3289 304 3336; x_wconf 86' lang='lat' dir='ltr'><strong>sunt</strong></span> <span class='ocrx_word' id='word_1_333' title='bbox 339 3280 513 3345; x_wconf 82' lang='lat' dir='ltr'><strong>Aries,</strong></span> <span class='ocrx_word' id='word_1_334' title='bbox 554 3282 785 3347; x_wconf 71' lang='lat' dir='ltr'><strong>Taunus,</strong></span> <span class='ocrx_word' id='word_1_335' title='bbox 819 3282 1063 3347; x_wconf 45' lang='lat' dir='ltr'><strong>Gemini,</strong></span> <span class='ocrx_word' id='word_1_336' title='bbox 1085 3284 1306 3351; x_wconf 89' lang='lat' dir='ltr'><strong>Cancer,</strong></span> <span class='ocrx_word' id='word_1_337' title='bbox 1335 3286 1462 3351; x_wconf 86' lang='lat' dir='ltr'><strong>Leo,</strong></span> <span class='ocrx_word' id='word_1_338' title='bbox 1505 3287 1704 3357; x_wconf 83' lang='lat' dir='ltr'><strong>Virgo;</strong></span> 
     </span>
    </p>
   </div>
   <div class='ocr_carea' id='block_1_50' title="bbox 161 3360 1705 3447">
    <p class='ocr_par' dir='ltr' id='par_1_50' title="bbox 161 3360 1705 3447">
     <span class='ocr_line' id='line_1_50' title="bbox 161 3360 1705 3447; baseline 0.006 -24"><span class='ocrx_word' id='word_1_339' title='bbox 161 3372 310 3425; x_wconf 85' lang='lat' dir='ltr'><strong>alter</strong></span> <span class='ocrx_word' id='word_1_340' title='bbox 341 3373 591 3429; x_wconf 88' lang='lat' dir='ltr'><strong>australis</strong></span> <span class='ocrx_word' id='word_1_341' title='bbox 629 3360 849 3428; x_wconf 82' lang='lat' dir='ltr'><strong>tetidem</strong></span> <span class='ocrx_word' id='word_1_342' title='bbox 890 3374 1057 3443; x_wconf 79' lang='lat' dir='ltr'><strong>signis</strong></span> <span class='ocrx_word' id='word_1_343' title='bbox 1098 3376 1375 3444; x_wconf 83' lang='lat' dir='ltr'><strong>praeditus,</strong></span> <span class='ocrx_word' id='word_1_344' title='bbox 1406 3393 1523 3447; x_wconf 66' lang='lat' dir='ltr'><strong>qua:</strong></span> <span class='ocrx_word' id='word_1_345' title='bbox 1561 3388 1705 3443; x_wconf 91' lang='lat' dir='ltr'><strong>sunt,</strong></span> 
     </span>
    </p>
   </div>
   <div class='ocr_carea' id='block_1_51' title="bbox 160 3460 1705 3540">
    <p class='ocr_par' dir='ltr' id='par_1_51' title="bbox 160 3460 1705 3540">
     <span class='ocr_line' id='line_1_51' title="bbox 160 3460 1705 3540; baseline 0.008 -27"><span class='ocrx_word' id='word_1_346' title='bbox 160 3460 353 3526; x_wconf 84' lang='lat' dir='ltr'><strong>Libra,</strong></span> <span class='ocrx_word' id='word_1_347' title='bbox 381 3462 653 3533; x_wconf 85' lang='lat' dir='ltr'><strong>Scorpius,</strong></span> <span class='ocrx_word' id='word_1_348' title='bbox 699 3464 1039 3540; x_wconf 80' lang='lat' dir='ltr'><strong>Sagittarius,</strong></span> <span class='ocrx_word' id='word_1_349' title='bbox 1090 3468 1471 3538; x_wconf 84' lang='lat' dir='ltr'><strong>Capricornus,</strong></span> <span class='ocrx_word' id='word_1_350' title='bbox 1524 3470 1705 3540; x_wconf 88' lang='lat' dir='ltr'><strong>Aqua-</strong></span> 
     </span>
    </p>
   </div>
   <div class='ocr_carea' id='block_1_52' title="bbox 161 3539 1707 3631">
    <p class='ocr_par' dir='ltr' id='par_1_52' title="bbox 161 3539 1707 3631">
     <span class='ocr_line' id='line_1_52' title="bbox 161 3539 1707 3631; baseline 0.007 -25"><span class='ocrx_word' id='word_1_351' title='bbox 161 3554 309 3618; x_wconf 88' lang='lat' dir='ltr'><strong>rius,</strong></span> <span class='ocrx_word' id='word_1_352' title='bbox 354 3552 570 3621; x_wconf 87' lang='lat' dir='ltr'><strong>Pisces;</strong></span> <span class='ocrx_word' id='word_1_353' title='bbox 630 3539 1065 3629; x_wconf 44' lang='lat' dir='ltr'><strong>borealia&#39;signa</strong></span> <span class='ocrx_word' id='word_1_354' title='bbox 1110 3567 1235 3614; x_wconf 89' lang='lat' dir='ltr'><strong>sunt</strong></span> <span class='ocrx_word' id='word_1_355' title='bbox 1279 3539 1707 3631; x_wconf 83' lang='grc' dir='ltr'>προστάσσοντα;</span> 
     </span>
    </p>
   </div>
   <div class='ocr_carea' id='block_1_53' title="bbox 162 3639 1709 3721">
    <p class='ocr_par' dir='ltr' id='par_1_53' title="bbox 162 3639 1709 3721">
     <span class='ocr_line' id='line_1_53' title="bbox 162 3639 1709 3721; baseline 0.006 -22"><span class='ocrx_word' id='word_1_356' title='bbox 162 3639 429 3701; x_wconf 88' lang='lat' dir='ltr'><strong>australia</strong></span> <span class='ocrx_word' id='word_1_357' title='bbox 457 3663 583 3702; x_wconf 91' lang='lat' dir='ltr'><strong>vero</strong></span> <span class='ocrx_word' id='word_1_358' title='bbox 610 3648 960 3703; x_wconf 84' lang='grc' dir='ltr'>ὑπακούοντα.</span> <span class='ocrx_word' id='word_1_359' title='bbox 1001 3650 1169 3721; x_wconf 80' lang='lat' dir='ltr'><strong>Cuius</strong></span> <span class='ocrx_word' id='word_1_360' title='bbox 1204 3652 1281 3707; x_wconf 88' lang='lat' dir='ltr'><strong>rei</strong></span> <span class='ocrx_word' id='word_1_361' title='bbox 1306 3668 1524 3709; x_wconf 85' lang='lat' dir='ltr'><strong>causam</strong></span> <span class='ocrx_word' id='word_1_362' title='bbox 1556 3654 1709 3708; x_wconf 76' lang='lat' dir='ltr'><strong>all‘ert</strong></span> 
     </span>
    </p>
   </div>
   <div class='ocr_carea' id='block_1_54' title="bbox 160 3738 1709 3814">
    <p class='ocr_par' dir='ltr' id='par_1_54' title="bbox 160 3738 1709 3814">
     <span class='ocr_line' id='line_1_54' title="bbox 160 3738 1709 3814; baseline 0.007 -23"><span class='ocrx_word' id='word_1_363' title='bbox 160 3738 490 3793; x_wconf 64' lang='lat' dir='ltr'><strong>Ptolemaeus</strong></span> <span class='ocrx_word' id='word_1_364' title='bbox 518 3742 658 3809; x_wconf 88' lang='lat' dir='ltr'><strong>quod</strong></span> <span class='ocrx_word' id='word_1_365' title='bbox 686 3742 742 3794; x_wconf 89' lang='lat' dir='ltr'><strong>in</strong></span> <span class='ocrx_word' id='word_1_366' title='bbox 777 3742 1083 3797; x_wconf 87' lang='lat' dir='ltr'><strong>borealibus</strong></span> <span class='ocrx_word' id='word_1_367' title='bbox 1110 3744 1277 3813; x_wconf 87' lang='lat' dir='ltr'><strong>signis</strong></span> <span class='ocrx_word' id='word_1_368' title='bbox 1313 3746 1567 3814; x_wconf 90' lang='lat' dir='ltr'><strong>paulatim</strong></span> <span class='ocrx_word' id='word_1_369' title='bbox 1594 3747 1709 3802; x_wconf 90' lang='lat' dir='ltr'><strong>dies</strong></span> 
     </span>
    </p>
   </div>
   <div class='ocr_carea' id='block_1_55' title="bbox 160 3832 1709 3907">
    <p class='ocr_par' dir='ltr' id='par_1_55' title="bbox 160 3832 1709 3907">
     <span class='ocr_line' id='line_1_55' title="bbox 160 3832 1709 3907; baseline 0.007 -26"><span class='ocrx_word' id='word_1_370' title='bbox 160 3838 468 3898; x_wconf 84' lang='lat' dir='ltr'><strong>augeantur</strong></span> <span class='ocrx_word' id='word_1_371' title='bbox 487 3872 499 3893; x_wconf 94' lang='lat'><strong>,</strong></span> <span class='ocrx_word' id='word_1_372' title='bbox 544 3832 596 3884; x_wconf 91' lang='lat' dir='ltr'><strong>in</strong></span> <span class='ocrx_word' id='word_1_373' title='bbox 624 3832 793 3887; x_wconf 81' lang='lat' dir='ltr'><strong>altero</strong></span> <span class='ocrx_word' id='word_1_374' title='bbox 816 3834 1223 3889; x_wconf 89' lang='lat' dir='ltr'><strong>contrahantur.</strong></span> <span class='ocrx_word' id='word_1_375' title='bbox 1248 3834 1329 3890; x_wconf 92' lang='lat' dir='ltr'><strong>0b</strong></span> <span class='ocrx_word' id='word_1_376' title='bbox 1358 3837 1409 3889; x_wconf 90' lang='lat' dir='ltr'><strong>id</strong></span> <span class='ocrx_word' id='word_1_377' title='bbox 1446 3837 1709 3907; x_wconf 87' lang='lat' dir='ltr'><strong>imperare</strong></span> 
     </span>
    </p>
   </div>
   <div class='ocr_carea' id='block_1_56' title="bbox 160 3920 1705 3996">
    <p class='ocr_par' dir='ltr' id='par_1_56' title="bbox 160 3920 1705 3996">
     <span class='ocr_line' id='line_1_56' title="bbox 160 3920 1705 3996; baseline 0.006 -22"><span class='ocrx_word' id='word_1_378' title='bbox 160 3921 247 3974; x_wconf 82' lang='lat' dir='ltr'><strong>illi</strong></span> <span class='ocrx_word' id='word_1_379' title='bbox 270 3920 482 3985; x_wconf 88' lang='lat' dir='ltr'><strong>debent,</strong></span> <span class='ocrx_word' id='word_1_380' title='bbox 512 3922 601 3977; x_wconf 88' lang='lat' dir='ltr'><strong>isti</strong></span> <span class='ocrx_word' id='word_1_381' title='bbox 628 3934 833 3993; x_wconf 85' lang='lat' dir='ltr'><strong>parere,</strong></span> <span class='ocrx_word' id='word_1_382' title='bbox 856 3941 922 3979; x_wconf 80' lang='lat' dir='ltr'><strong>ex</strong></span> <span class='ocrx_word' id='word_1_383' title='bbox 952 3926 1084 3980; x_wconf 88' lang='lat' dir='ltr'><strong>artis</strong></span> <span class='ocrx_word' id='word_1_384' title='bbox 1107 3926 1449 3996; x_wconf 73' lang='lat' dir='ltr'><strong>ineptissime</strong></span> <span class='ocrx_word' id='word_1_385' title='bbox 1471 3928 1705 3985; x_wconf 88' lang='lat' dir='ltr'><strong>decreto.</strong></span> 
     </span>
    </p>
   </div>
   <div class='ocr_carea' id='block_1_57' title="bbox 161 4009 1443 4087">
    <p class='ocr_par' dir='ltr' id='par_1_57' title="bbox 161 4009 1443 4087">
     <span class='ocr_line' id='line_1_57' title="bbox 161 4009 1443 4087; baseline 0.008 -24"><span class='ocrx_word' id='word_1_386' title='bbox 161 4009 285 4066; x_wconf 81' lang='lat' dir='ltr'><strong>Hac</strong></span> <span class='ocrx_word' id='word_1_387' title='bbox 307 4013 511 4067; x_wconf 85' lang='lat' dir='ltr'><strong>ratione</strong></span> <span class='ocrx_word' id='word_1_388' title='bbox 532 4014 692 4084; x_wconf 84' lang='lat' dir='ltr'><strong>signa</strong></span> <span class='ocrx_word' id='word_1_389' title='bbox 720 4014 810 4068; x_wconf 89' lang='lat' dir='ltr'><strong>illa</strong></span> <span class='ocrx_word' id='word_1_390' title='bbox 840 4016 981 4071; x_wconf 85' lang='lat' dir='ltr'><strong>inter</strong></span> <span class='ocrx_word' id='word_1_391' title='bbox 1010 4032 1067 4072; x_wconf 89' lang='lat' dir='ltr'><strong>se</strong></span> <span class='ocrx_word' id='word_1_392' title='bbox 1095 4018 1443 4087; x_wconf 90' lang='lat' dir='ltr'><strong>pariabimus.</strong></span> 
     </span>
    </p>
   </div>
   <div class='ocr_carea' id='block_1_58' title="bbox 852 4124 1032 4197">
    <p class='ocr_par' dir='ltr' id='par_1_58' title="bbox 852 4124 1032 4197">
     <span class='ocr_line' id='line_1_58' title="bbox 852 4124 1032 4197; baseline -0.006 -17"><span class='ocrx_word' id='word_1_393' title='bbox 852 4124 1032 4197; x_wconf 87' lang='lat' dir='ltr'><strong>Signa.</strong></span> 
     </span>
    </p>
   </div>
   <div class='ocr_carea' id='block_1_59' title="bbox 164 4237 1706 4309">
    <p class='ocr_par' dir='ltr' id='par_1_59' title="bbox 164 4237 1706 4309">
     <span class='ocr_line' id='line_1_59' title="bbox 164 4237 1706 4309; baseline 0.003 -15"><span class='ocrx_word' id='word_1_394' title='bbox 164 4237 515 4309; x_wconf 74' lang='lat' dir='ltr'><strong>lmperantia.</strong></span> <span class='ocrx_word' id='word_1_395' title='bbox 1315 4240 1706 4300; x_wconf 89' lang='lat' dir='ltr'><strong>Auscultantia.</strong></span> 
     </span>
    </p>
   </div>
   <div class='ocr_carea' id='block_1_60' title="bbox 286 4353 1365 4411">
    <p class='ocr_par' dir='ltr' id='par_1_60' title="bbox 286 4353 1365 4411">
     <span class='ocr_line' id='line_1_60' title="bbox 286 4353 1365 4411; baseline 0.005 -5"><span class='ocrx_word' id='word_1_396' title='bbox 286 4353 438 4411; x_wconf 85' lang='lat' dir='ltr'><strong>Aries</strong></span> <span class='ocrx_word' id='word_1_397' title='bbox 1182 4356 1365 4411; x_wconf 88' lang='lat' dir='ltr'><strong>Pisces</strong></span> 
     </span>
    </p>
   </div>
   <div class='ocr_carea' id='block_1_61' title="bbox 286 4423 1455 4495">
    <p class='ocr_par' dir='ltr' id='par_1_61' title="bbox 286 4423 1455 4495">
     <span class='ocr_line' id='line_1_61' title="bbox 286 4423 1455 4495; baseline 0.004 -20"><span class='ocrx_word' id='word_1_398' title='bbox 286 4423 494 4495; x_wconf 83' lang='lat' dir='ltr'><strong>&#39;_l_‘aurus</strong></span> <span class='ocrx_word' id='word_1_399' title='bbox 1184 4425 1455 4495; x_wconf 87' lang='lat' dir='ltr'><strong>Aquarius</strong></span> 
     </span>
    </p>
   </div>
   <div class='ocr_carea' id='block_1_62' title="bbox 285 4491 1546 4565">
    <p class='ocr_par' dir='ltr' id='par_1_62' title="bbox 285 4491 1546 4565">
     <span class='ocr_line' id='line_1_62' title="bbox 285 4491 1546 4565; baseline 0.003 -19"><span class='ocrx_word' id='word_1_400' title='bbox 285 4491 491 4565; x_wconf 64' lang='lat' dir='ltr'><strong>Gemini</strong></span> <span class='ocrx_word' id='word_1_401' title='bbox 1183 4491 1546 4565; x_wconf 70' lang='lat' dir='ltr'><strong>Capricornus</strong></span> 
     </span>
    </p>
   </div>
   <div class='ocr_carea' id='block_1_63' title="bbox 282 4560 1507 4632">
    <p class='ocr_par' dir='ltr' id='par_1_63' title="bbox 282 4560 1507 4632">
     <span class='ocr_line' id='line_1_63' title="bbox 282 4560 1507 4632; baseline 0.007 -18"><span class='ocrx_word' id='word_1_402' title='bbox 282 4560 486 4632; x_wconf 74' lang='lat' dir='ltr'><strong>Cancer</strong></span> <span class='ocrx_word' id='word_1_403' title='bbox 1186 4560 1507 4632; x_wconf 77' lang='lat' dir='ltr'><strong>Sagittarius</strong></span> 
     </span>
    </p>
   </div>
   <div class='ocr_carea' id='block_1_64' title="bbox 283 4629 1445 4703">
    <p class='ocr_par' dir='ltr' id='par_1_64' title="bbox 283 4629 1445 4703">
     <span class='ocr_line' id='line_1_64' title="bbox 283 4629 1445 4703; baseline 0.004 -19"><span class='ocrx_word' id='word_1_404' title='bbox 283 4629 389 4703; x_wconf 58' lang='lat' dir='ltr'><strong>Leo</strong></span> <span class='ocrx_word' id='word_1_405' title='bbox 1190 4629 1445 4703; x_wconf 77' lang='lat' dir='ltr'><strong>Scorpius</strong></span> 
     </span>
    </p>
   </div>
   <div class='ocr_carea' id='block_1_65' title="bbox 282 4698 1349 4772">
    <p class='ocr_par' dir='ltr' id='par_1_65' title="bbox 282 4698 1349 4772">
     <span class='ocr_line' id='line_1_65' title="bbox 282 4698 1349 4772; baseline 0.004 -20"><span class='ocrx_word' id='word_1_406' title='bbox 282 4698 442 4772; x_wconf 80' lang='lat' dir='ltr'><strong>Virgo</strong></span> <span class='ocrx_word' id='word_1_407' title='bbox 1188 4698 1349 4757; x_wconf 76' lang='lat' dir='ltr'><strong>Libra</strong></span> 
     </span>
    </p>
   </div>
   <div class='ocr_carea' id='block_1_66' title="bbox 240 4810 1708 4889">
    <p class='ocr_par' dir='ltr' id='par_1_66' title="bbox 240 4810 1708 4889">
     <span class='ocr_line' id='line_1_66' title="bbox 240 4810 1708 4889; baseline 0.003 -23"><span class='ocrx_word' id='word_1_408' title='bbox 240 4810 365 4867; x_wconf 64' lang='lat' dir='ltr'><strong>Haec</strong></span> <span class='ocrx_word' id='word_1_409' title='bbox 417 4815 558 4868; x_wconf 89' lang='lat' dir='ltr'><strong>enim</strong></span> <span class='ocrx_word' id='word_1_410' title='bbox 616 4816 765 4886; x_wconf 84' lang='lat' dir='ltr'><strong>signa</strong></span> <span class='ocrx_word' id='word_1_411' title='bbox 814 4825 940 4871; x_wconf 85' lang='lat' dir='ltr'><strong>sunt</strong></span> <span class='ocrx_word' id='word_1_412' title='bbox 975 4816 1292 4887; x_wconf 83' lang='grc' dir='ltr'>ῑσανάφορα,</span> <span class='ocrx_word' id='word_1_413' title='bbox 1324 4826 1376 4870; x_wconf 91' lang='lat' dir='ltr'><strong>et</strong></span> <span class='ocrx_word' id='word_1_414' title='bbox 1424 4818 1708 4889; x_wconf 76' lang='grc' dir='ltr'>ξσοπαράλ-</span> 
     </span>
    </p>
   </div>
   <div class='ocr_carea' id='block_1_67' title="bbox 158 4904 1707 4979">
    <p class='ocr_par' dir='ltr' id='par_1_67' title="bbox 158 4904 1707 4979">
     <span class='ocr_line' id='line_1_67' title="bbox 158 4904 1707 4979; baseline 0.004 -21"><span class='ocrx_word' id='word_1_415' title='bbox 158 4904 329 4977; x_wconf 76' lang='grc' dir='ltr'>ληλα,</span> <span class='ocrx_word' id='word_1_416' title='bbox 357 4909 499 4975; x_wconf 90' lang='lat' dir='ltr'><strong>quod</strong></span> <span class='ocrx_word' id='word_1_417' title='bbox 537 4906 810 4974; x_wconf 73' lang='lat' dir='ltr'><strong>aequaliter</strong></span> <span class='ocrx_word' id='word_1_418' title='bbox 841 4908 1043 4963; x_wconf 88' lang='lat' dir='ltr'><strong>distent</strong></span> <span class='ocrx_word' id='word_1_419' title='bbox 1076 4908 1142 4962; x_wconf 90' lang='lat' dir='ltr'><strong>ab</strong></span> <span class='ocrx_word' id='word_1_420' title='bbox 1179 4908 1438 4961; x_wconf 88' lang='lat' dir='ltr'><strong>ambobus</strong></span> <span class='ocrx_word' id='word_1_421' title='bbox 1466 4912 1707 4979; x_wconf 64' lang='lat' dir='ltr'><strong>aequino—</strong></span> 
     </span>
    </p>
   </div>
   <div class='ocr_carea' id='block_1_68' title="bbox 159 4984 1705 5067">
    <p class='ocr_par' dir='ltr' id='par_1_68' title="bbox 159 4984 1705 5067">
     <span class='ocr_line' id='line_1_68' title="bbox 159 4984 1705 5067; baseline 0.003 -19"><span class='ocrx_word' id='word_1_422' title='bbox 159 4995 420 5049; x_wconf 69' lang='lat' dir='ltr'><strong>ctialibus</strong></span> <span class='ocrx_word' id='word_1_423' title='bbox 446 4984 679 5065; x_wconf 85' lang='lat' dir='ltr'><strong>punctis.</strong></span> <span class='ocrx_word' id='word_1_424' title='bbox 708 4995 985 5066; x_wconf 63' lang='lat' dir='ltr'><strong>IEquales,</strong></span> <span class='ocrx_word' id='word_1_425' title='bbox 1021 4998 1262 5067; x_wconf 85' lang='lat' dir='ltr'><strong>inquam,</strong></span> <span class='ocrx_word' id='word_1_426' title='bbox 1296 4999 1578 5065; x_wconf 84' lang='lat' dir='ltr'><strong>parallelos</strong></span> <span class='ocrx_word' id='word_1_427' title='bbox 1606 5000 1705 5052; x_wconf 90' lang='lat' dir='ltr'><strong>ha-</strong></span> 
     </span>
    </p>
   </div>
   <div class='ocr_carea' id='block_1_69' title="bbox 162 5087 1706 5150">
    <p class='ocr_par' dir='ltr' id='par_1_69' title="bbox 162 5087 1706 5150">
     <span class='ocr_line' id='line_1_69' title="bbox 162 5087 1706 5150; baseline 0.002 -10"><span class='ocrx_word' id='word_1_428' title='bbox 162 5087 318 5150; x_wconf 89' lang='lat' dir='ltr'><strong>bent,</strong></span> <span class='ocrx_word' id='word_1_429' title='bbox 347 5102 453 5140; x_wconf 92' lang='lat' dir='ltr'><strong>non</strong></span> <span class='ocrx_word' id='word_1_430' title='bbox 492 5087 728 5150; x_wconf 87' lang='lat' dir='ltr'><strong>eosdem,</strong></span> <span class='ocrx_word' id='word_1_431' title='bbox 762 5096 820 5140; x_wconf 92' lang='lat' dir='ltr'><strong>ut</strong></span> <span class='ocrx_word' id='word_1_432' title='bbox 851 5089 1196 5144; x_wconf 83' lang='lat' dir='ltr'><strong>Camerarius</strong></span> <span class='ocrx_word' id='word_1_433' title='bbox 1242 5090 1420 5143; x_wconf 83' lang='lat' dir='ltr'><strong>vertit.</strong></span> <span class='ocrx_word' id='word_1_434' title='bbox 1468 5088 1524 5143; x_wconf 73' lang='grc' dir='ltr'>ιο</span> <span class='ocrx_word' id='word_1_435' title='bbox 1564 5092 1706 5145; x_wconf 90' lang='lat' dir='ltr'><strong>enim</strong></span> 
     </span>
    </p>
   </div>
   <div class='ocr_carea' id='block_1_70' title="bbox 160 5170 1707 5250">
    <p class='ocr_par' dir='ltr' id='par_1_70' title="bbox 160 5170 1707 5250">
     <span class='ocr_line' id='line_1_70' title="bbox 160 5170 1707 5250; baseline 0.003 -20"><span class='ocrx_word' id='word_1_436' title='bbox 160 5176 355 5246; x_wconf 83' lang='lat' dir='ltr'><strong>signis</strong></span> <span class='ocrx_word' id='word_1_437' title='bbox 376 5170 683 5234; x_wconf 84' lang='lat' dir='ltr'><strong>videntibus</strong></span> <span class='ocrx_word' id='word_1_438' title='bbox 716 5180 989 5244; x_wconf 89' lang='lat' dir='ltr'><strong>convenit,</strong></span> <span class='ocrx_word' id='word_1_439' title='bbox 1020 5196 1138 5250; x_wconf 56' lang='lat' dir='ltr'><strong>qua;</strong></span> <span class='ocrx_word' id='word_1_440' title='bbox 1166 5197 1193 5232; x_wconf 89' lang='lat' dir='ltr'><strong>a</strong></span> <span class='ocrx_word' id='word_1_441' title='bbox 1228 5180 1449 5249; x_wconf 89' lang='lat' dir='ltr'><strong>tropicis</strong></span> <span class='ocrx_word' id='word_1_442' title='bbox 1491 5181 1707 5250; x_wconf 90' lang='lat' dir='ltr'><strong>punctis</strong></span> 
     </span>
    </p>
   </div>
   <div class='ocr_carea' id='block_1_71' title="bbox 104 5264 1704 5343">
    <p class='ocr_par' dir='ltr' id='par_1_71' title="bbox 104 5264 1704 5343">
     <span class='ocr_line' id='line_1_71' title="bbox 104 5264 1704 5343; baseline 0.004 -27"><span class='ocrx_word' id='word_1_443' title='bbox 104 5342 113 5343; x_wconf 13' lang='grc' dir='ltr'>ί</span> <span class='ocrx_word' id='word_1_444' title='bbox 158 5280 232 5317; x_wconf 77' lang='lat' dir='ltr'><strong>ex</strong></span> <span class='ocrx_word' id='word_1_445' title='bbox 258 5272 415 5333; x_wconf 73' lang='lat' dir='ltr'><strong>teqtm</strong></span> <span class='ocrx_word' id='word_1_446' title='bbox 436 5264 638 5321; x_wconf 84' lang='lat' dir='ltr'><strong>distant</strong></span> <span class='ocrx_word' id='word_1_447' title='bbox 657 5266 752 5321; x_wconf 89' lang='lat' dir='ltr'><strong>:de</strong></span> <span class='ocrx_word' id='word_1_448' title='bbox 778 5268 976 5336; x_wconf 86' lang='lat' dir='ltr'><strong>quibus</strong></span> <span class='ocrx_word' id='word_1_449' title='bbox 1000 5271 1108 5340; x_wconf 86' lang='lat' dir='ltr'><strong>agit</strong></span> <span class='ocrx_word' id='word_1_450' title='bbox 1138 5270 1334 5324; x_wconf 89' lang='lat' dir='ltr'><strong>ibidem</strong></span> <span class='ocrx_word' id='word_1_451' title='bbox 1368 5270 1704 5325; x_wconf 70' lang='lat' dir='ltr'><strong>Ptolemaeus.</strong></span> 
     </span>
    </p>
   </div>
   <div class='ocr_carea' id='block_1_72' title="bbox 239 5350 1708 5433">
    <p class='ocr_par' dir='ltr' id='par_1_72' title="bbox 239 5350 1708 5433">
     <span class='ocr_line' id='line_1_72' title="bbox 239 5350 1708 5433; baseline 0.005 -27"><span class='ocrx_word' id='word_1_452' title='bbox 239 5356 408 5425; x_wconf 88' lang='lat' dir='ltr'><strong>Igitur</strong></span> <span class='ocrx_word' id='word_1_453' title='bbox 449 5358 677 5412; x_wconf 90' lang='lat' dir='ltr'><strong>alterum</strong></span> <span class='ocrx_word' id='word_1_454' title='bbox 716 5374 882 5429; x_wconf 88' lang='lat' dir='ltr'><strong>genus</strong></span> <span class='ocrx_word' id='word_1_455' title='bbox 910 5350 1231 5423; x_wconf 70' lang='grc' dir='ltr'><strong>οἱκειώσεως</strong></span> <span class='ocrx_word' id='word_1_456' title='bbox 1262 5368 1344 5415; x_wconf 87' lang='lat' dir='ltr'><strong>est</strong></span> <span class='ocrx_word' id='word_1_457' title='bbox 1372 5375 1555 5433; x_wconf 73' lang='lat' dir='ltr'><strong>eorum</strong></span> <span class='ocrx_word' id='word_1_458' title='bbox 1587 5375 1708 5429; x_wconf 69' lang='lat' dir='ltr'><strong>qua:</strong></span> 
     </span>
    </p>
   </div>
   <div class='ocr_carea' id='block_1_73' title="bbox 165 5446 1709 5522">
    <p class='ocr_par' dir='ltr' id='par_1_73' title="bbox 165 5446 1709 5522">
     <span class='ocr_line' id='line_1_73' title="bbox 165 5446 1709 5522; baseline 0.003 -23"><span class='ocrx_word' id='word_1_459' title='bbox 165 5446 450 5519; x_wconf 74' lang='grc' dir='ltr'>βλέποντα,</span> <span class='ocrx_word' id='word_1_460' title='bbox 465 5449 709 5519; x_wconf 72' lang='lat' dir='ltr'><strong>eidemin,</strong></span> <span class='ocrx_word' id='word_1_461' title='bbox 721 5450 994 5513; x_wconf 88' lang='lat' dir='ltr'><strong>dicuntur,</strong></span> <span class='ocrx_word' id='word_1_462' title='bbox 1009 5459 1061 5506; x_wconf 87' lang='lat' dir='ltr'><strong>et</strong></span> <span class='ocrx_word' id='word_1_463' title='bbox 1078 5451 1506 5522; x_wconf 75' lang='grc' dir='ltr'>ἰσοδυναμοῦντα,</span> <span class='ocrx_word' id='word_1_464' title='bbox 1520 5452 1709 5519; x_wconf 65' lang='lat' dir='ltr'><strong>aequali</strong></span> 
     </span>
    </p>
   </div>
   <div class='ocr_carea' id='block_1_74' title="bbox 162 5541 1705 5612">
    <p class='ocr_par' dir='ltr' id='par_1_74' title="bbox 162 5541 1705 5612">
     <span class='ocr_line' id='line_1_74' title="bbox 162 5541 1705 5612; baseline 0.003 -19"><span class='ocrx_word' id='word_1_465' title='bbox 162 5548 420 5610; x_wconf 73' lang='lat' dir='ltr'><strong>potestate</strong></span> <span class='ocrx_word' id='word_1_466' title='bbox 470 5541 713 5609; x_wconf 74' lang='lat' dir='ltr'><strong>prardita.</strong></span> <span class='ocrx_word' id='word_1_467' title='bbox 756 5543 911 5597; x_wconf 89' lang='lat' dir='ltr'><strong>-Sunt</strong></span> <span class='ocrx_word' id='word_1_468' title='bbox 958 5555 1135 5598; x_wconf 81' lang='lat' dir='ltr'><strong>autem</strong></span> <span class='ocrx_word' id='word_1_469' title='bbox 1180 5543 1465 5612; x_wconf 85' lang='lat' dir='ltr'><strong>ejusmodi,</strong></span> <span class='ocrx_word' id='word_1_470' title='bbox 1496 5558 1615 5611; x_wconf 86' lang='lat' dir='ltr'><strong>quae</strong></span> <span class='ocrx_word' id='word_1_471' title='bbox 1638 5558 1705 5597; x_wconf 78' lang='lat' dir='ltr'><strong>ex</strong></span> 
     </span>
    </p>
   </div>
   <div class='ocr_carea' id='block_1_75' title="bbox 164 5627 1706 5701">
    <p class='ocr_par' dir='ltr' id='par_1_75' title="bbox 164 5627 1706 5701">
     <span class='ocr_line' id='line_1_75' title="bbox 164 5627 1706 5701; baseline 0.001 -21"><span class='ocrx_word' id='word_1_472' title='bbox 164 5641 324 5699; x_wconf 78' lang='lat' dir='ltr'><strong>aequo</strong></span> <span class='ocrx_word' id='word_1_473' title='bbox 353 5627 556 5682; x_wconf 86' lang='lat' dir='ltr'><strong>distant</strong></span> <span class='ocrx_word' id='word_1_474' title='bbox 586 5629 655 5684; x_wconf 89' lang='lat' dir='ltr'><strong>ab</strong></span> <span class='ocrx_word' id='word_1_475' title='bbox 684 5632 947 5686; x_wconf 86' lang='lat' dir='ltr'><strong>alterutro</strong></span> <span class='ocrx_word' id='word_1_476' title='bbox 970 5631 1189 5686; x_wconf 88' lang='lat' dir='ltr'><strong>solstitii</strong></span> <span class='ocrx_word' id='word_1_477' title='bbox 1216 5643 1433 5701; x_wconf 89' lang='lat' dir='ltr'><strong>puncto.</strong></span> <span class='ocrx_word' id='word_1_478' title='bbox 1452 5630 1523 5683; x_wconf 83' lang='lat' dir='ltr'><strong>Ea</strong></span> <span class='ocrx_word' id='word_1_479' title='bbox 1546 5645 1706 5700; x_wconf 91' lang='lat' dir='ltr'><strong>porro</strong></span> 
     </span>
    </p>
   </div>
   <div class='ocr_carea' id='block_1_76' title="bbox 167 5718 1704 5789">
    <p class='ocr_par' dir='ltr' id='par_1_76' title="bbox 167 5718 1704 5789">
     <span class='ocr_line' id='line_1_76' title="bbox 167 5718 1704 5789; baseline 0.001 -18"><span class='ocrx_word' id='word_1_480' title='bbox 167 5724 360 5771; x_wconf 88' lang='lat' dir='ltr'><strong>mutuo</strong></span> <span class='ocrx_word' id='word_1_481' title='bbox 380 5732 439 5771; x_wconf 84' lang='lat' dir='ltr'><strong>se</strong></span> <span class='ocrx_word' id='word_1_482' title='bbox 465 5718 648 5773; x_wconf 87' lang='lat' dir='ltr'><strong>videre</strong></span> <span class='ocrx_word' id='word_1_483' title='bbox 678 5720 933 5774; x_wconf 86' lang='lat' dir='ltr'><strong>dicuntur</strong></span> <span class='ocrx_word' id='word_1_484' title='bbox 962 5720 1082 5775; x_wconf 91' lang='lat' dir='ltr'><strong>ideo</strong></span> <span class='ocrx_word' id='word_1_485' title='bbox 1104 5722 1245 5789; x_wconf 87' lang='lat' dir='ltr'><strong>quod</strong></span> <span class='ocrx_word' id='word_1_486' title='bbox 1280 5729 1333 5773; x_wconf 86' lang='lat' dir='ltr'><strong>ct</strong></span> <span class='ocrx_word' id='word_1_487' title='bbox 1354 5722 1469 5781; x_wconf 84' lang='lat' dir='ltr'><strong>dies</strong></span> <span class='ocrx_word' id='word_1_488' title='bbox 1495 5721 1704 5784; x_wconf 87' lang='lat' dir='ltr'><strong>diebus,</strong></span> 
     </span>
    </p>
   </div>
   <div class='ocr_carea' id='block_1_77' title="bbox 162 5807 1698 5880">
    <p class='ocr_par' dir='ltr' id='par_1_77' title="bbox 162 5807 1698 5880">
     <span class='ocr_line' id='line_1_77' title="bbox 162 5807 1698 5880; baseline 0.001 -19"><span class='ocrx_word' id='word_1_489' title='bbox 162 5813 219 5861; x_wconf 83' lang='lat' dir='ltr'><strong>et</strong></span> <span class='ocrx_word' id='word_1_490' title='bbox 247 5814 438 5861; x_wconf 84' lang='lat' dir='ltr'><strong>noctes</strong></span> <span class='ocrx_word' id='word_1_491' title='bbox 464 5807 712 5875; x_wconf 82' lang='lat' dir='ltr'><strong>noctibus</strong></span> <span class='ocrx_word' id='word_1_492' title='bbox 756 5811 986 5880; x_wconf 64' lang='lat' dir='ltr'><strong>aequales</strong></span> <span class='ocrx_word' id='word_1_493' title='bbox 1018 5809 1247 5871; x_wconf 81' lang='lat' dir='ltr'><strong>faciant;</strong></span> <span class='ocrx_word' id='word_1_494' title='bbox 1279 5820 1387 5865; x_wconf 91' lang='lat' dir='ltr'><strong>tum</strong></span> <span class='ocrx_word' id='word_1_495' title='bbox 1430 5809 1569 5878; x_wconf 90' lang='lat' dir='ltr'><strong>quod</strong></span> <span class='ocrx_word' id='word_1_496' title='bbox 1602 5809 1698 5863; x_wconf 80' lang='lat' dir='ltr'><strong>iis-</strong></span> 
     </span>
    </p>
   </div>
   <div class='ocr_carea' id='block_1_78' title="bbox 1814 1986 3339 2063">
    <p class='ocr_par' dir='ltr' id='par_1_78' title="bbox 1814 1986 3339 2063">
     <span class='ocr_line' id='line_1_78' title="bbox 1814 1986 3339 2063; baseline -0.001 -21"><span class='ocrx_word' id='word_1_497' title='bbox 1814 1988 2021 2042; x_wconf 89' lang='lat' dir='ltr'><strong>Cancer</strong></span> <span class='ocrx_word' id='word_1_498' title='bbox 2046 1994 2099 2041; x_wconf 87' lang='lat' dir='ltr'><strong>et</strong></span> <span class='ocrx_word' id='word_1_499' title='bbox 2130 1986 2491 2055; x_wconf 82' lang='lat' dir='ltr'><strong>Capricornus</strong></span> <span class='ocrx_word' id='word_1_500' title='bbox 2534 1986 2784 2039; x_wconf 83' lang='grc' dir='ltr'><strong>ἇϐλεπτοι</strong></span> <span class='ocrx_word' id='word_1_501' title='bbox 2837 1997 2963 2041; x_wconf 91' lang='lat' dir='ltr'><strong>sunt</strong></span> <span class='ocrx_word' id='word_1_502' title='bbox 3012 1997 3063 2063; x_wconf 87' lang='lat' dir='ltr'><strong>et</strong></span> <span class='ocrx_word' id='word_1_503' title='bbox 3104 1988 3339 2057; x_wconf 77' lang='grc' dir='ltr'>μοναχοὶ,</span> 
     </span>
    </p>
   </div>
   <div class='ocr_carea' id='block_1_79' title="bbox 1811 2064 3033 2140">
    <p class='ocr_par' dir='ltr' id='par_1_79' title="bbox 1811 2064 3033 2140">
     <span class='ocr_line' id='line_1_79' title="bbox 1811 2064 3033 2140; baseline -0.002 -8"><span class='ocrx_word' id='word_1_504' title='bbox 1811 2094 1909 2132; x_wconf 85' lang='lat' dir='ltr'><strong>nec</strong></span> <span class='ocrx_word' id='word_1_505' title='bbox 1936 2078 2062 2140; x_wconf 86' lang='lat' dir='ltr'><strong>alia,</strong></span> <span class='ocrx_word' id='word_1_506' title='bbox 2096 2080 2188 2132; x_wconf 90' lang='lat' dir='ltr'><strong>sed</strong></span> <span class='ocrx_word' id='word_1_507' title='bbox 2217 2093 2275 2132; x_wconf 91' lang='lat' dir='ltr'><strong>se</strong></span> <span class='ocrx_word' id='word_1_508' title='bbox 2304 2078 2418 2132; x_wconf 90' lang='lat' dir='ltr'><strong>sola</strong></span> <span class='ocrx_word' id='word_1_509' title='bbox 2446 2086 2789 2131; x_wconf 89' lang='lat' dir='ltr'><strong>contuentur.</strong></span> <span class='ocrx_word' id='word_1_510' title='bbox 3028 2064 3033 2067; x_wconf 59' lang='grc'><strong>’</strong></span> 
     </span>
    </p>
   </div>
   <div class='ocr_carea' id='block_1_80' title="bbox 1878 2165 3346 2237">
    <p class='ocr_par' dir='ltr' id='par_1_80' title="bbox 1878 2165 3346 2237">
     <span class='ocr_line' id='line_1_80' title="bbox 1878 2165 3346 2237; baseline 0.001 -20"><span class='ocrx_word' id='word_1_511' title='bbox 1878 2165 2087 2237; x_wconf 67' lang='lat' dir='ltr'><strong>Rursus</strong></span> <span class='ocrx_word' id='word_1_512' title='bbox 2112 2166 2604 2234; x_wconf 85' lang='lat' dir='ltr'><strong>imperantiasigna</strong></span> <span class='ocrx_word' id='word_1_513' title='bbox 2632 2174 2686 2219; x_wconf 89' lang='lat' dir='ltr'><strong>et</strong></span> <span class='ocrx_word' id='word_1_514' title='bbox 2718 2165 3073 2219; x_wconf 86' lang='lat' dir='ltr'><strong>auscultantia</strong></span> <span class='ocrx_word' id='word_1_515' title='bbox 3105 2173 3346 2219; x_wconf 84' lang='lat' dir='ltr'><strong>statuunt</strong></span> 
     </span>
    </p>
   </div>
   <div class='ocr_carea' id='block_1_81' title="bbox 1809 2257 3345 2325">
    <p class='ocr_par' dir='ltr' id='par_1_81' title="bbox 1809 2257 3345 2325">
     <span class='ocr_line' id='line_1_81' title="bbox 1809 2257 3345 2325; baseline 0.001 -15"><span class='ocrx_word' id='word_1_516' title='bbox 1809 2258 1991 2321; x_wconf 74' lang='lat' dir='ltr'><strong>iidem,</strong></span> <span class='ocrx_word' id='word_1_517' title='bbox 2017 2273 2135 2325; x_wconf 74' lang='lat' dir='ltr'><strong>qua:</strong></span> <span class='ocrx_word' id='word_1_518' title='bbox 2166 2272 2229 2311; x_wconf 83' lang='lat' dir='ltr'><strong>ex</strong></span> <span class='ocrx_word' id='word_1_519' title='bbox 2258 2272 2410 2324; x_wconf 66' lang='lat' dir='ltr'><strong>aequo</strong></span> <span class='ocrx_word' id='word_1_520' title='bbox 2441 2257 2644 2311; x_wconf 85' lang='lat' dir='ltr'><strong>distant</strong></span> <span class='ocrx_word' id='word_1_521' title='bbox 2679 2257 2745 2311; x_wconf 87' lang='lat' dir='ltr'><strong>ab</strong></span> <span class='ocrx_word' id='word_1_522' title='bbox 2769 2257 3231 2325; x_wconf 68' lang='lat' dir='ltr'><strong>mquinoctialibus</strong></span> <span class='ocrx_word' id='word_1_523' title='bbox 3258 2258 3345 2311; x_wconf 61' lang='lat' dir='ltr'><strong>in»</strong></span> 
     </span>
    </p>
   </div>
   <div class='ocr_carea' id='block_1_82' title="bbox 1810 2347 3343 2417">
    <p class='ocr_par' dir='ltr' id='par_1_82' title="bbox 1810 2347 3343 2417">
     <span class='ocr_line' id='line_1_82' title="bbox 1810 2347 3343 2417; baseline 0 -16"><span class='ocrx_word' id='word_1_524' title='bbox 1810 2348 1975 2417; x_wconf 85' lang='lat' dir='ltr'><strong>tegris</strong></span> <span class='ocrx_word' id='word_1_525' title='bbox 2000 2348 2188 2417; x_wconf 86' lang='lat' dir='ltr'><strong>signis,</strong></span> <span class='ocrx_word' id='word_1_526' title='bbox 2215 2349 2283 2400; x_wconf 91' lang='lat' dir='ltr'><strong>ita</strong></span> <span class='ocrx_word' id='word_1_527' title='bbox 2315 2356 2372 2400; x_wconf 89' lang='lat' dir='ltr'><strong>ut</strong></span> <span class='ocrx_word' id='word_1_528' title='bbox 2403 2348 2582 2416; x_wconf 86' lang='lat' dir='ltr'><strong>priora</strong></span> <span class='ocrx_word' id='word_1_529' title='bbox 2606 2347 2868 2409; x_wconf 84' lang='lat' dir='ltr'><strong>borealia,</strong></span> <span class='ocrx_word' id='word_1_530' title='bbox 2903 2347 3199 2415; x_wconf 86' lang='lat' dir='ltr'><strong>posteriora</strong></span> <span class='ocrx_word' id='word_1_531' title='bbox 3233 2349 3343 2401; x_wconf 85' lang='lat' dir='ltr'><strong>sint</strong></span> 
     </span>
    </p>
   </div>
   <div class='ocr_carea' id='block_1_83' title="bbox 1811 2434 3341 2507">
    <p class='ocr_par' dir='ltr' id='par_1_83' title="bbox 1811 2434 3341 2507">
     <span class='ocr_line' id='line_1_83' title="bbox 1811 2434 3341 2507; baseline -0.001 -16"><span class='ocrx_word' id='word_1_532' title='bbox 1811 2439 2083 2491; x_wconf 88' lang='lat' dir='ltr'><strong>australia.</strong></span> <span class='ocrx_word' id='word_1_533' title='bbox 2114 2436 2251 2507; x_wconf 83' lang='lat' dir='ltr'><strong>Ergo</strong></span> <span class='ocrx_word' id='word_1_534' title='bbox 2290 2445 2441 2489; x_wconf 82' lang='lat' dir='ltr'><strong>extra</strong></span> <span class='ocrx_word' id='word_1_535' title='bbox 2474 2444 2671 2491; x_wconf 85' lang='lat' dir='ltr'><strong>sortem</strong></span> <span class='ocrx_word' id='word_1_536' title='bbox 2717 2444 2848 2489; x_wconf 90' lang='lat' dir='ltr'><strong>sunt</strong></span> <span class='ocrx_word' id='word_1_537' title='bbox 2870 2434 3023 2490; x_wconf 81' lang='lat' dir='ltr'><strong>Aries</strong></span> <span class='ocrx_word' id='word_1_538' title='bbox 3074 2444 3126 2490; x_wconf 89' lang='lat' dir='ltr'><strong>et</strong></span> <span class='ocrx_word' id='word_1_539' title='bbox 3158 2436 3341 2503; x_wconf 82' lang='lat' dir='ltr'><strong>Libra,</strong></span> 
     </span>
    </p>
   </div>
   <div class='ocr_carea' id='block_1_84' title="bbox 1810 2514 3343 2597">
    <p class='ocr_par' dir='ltr' id='par_1_84' title="bbox 1810 2514 3343 2597">
     <span class='ocr_line' id='line_1_84' title="bbox 1810 2514 3343 2597; baseline -0.002 -16"><span class='ocrx_word' id='word_1_540' title='bbox 1810 2544 1981 2597; x_wconf 86' lang='lat' dir='ltr'><strong>neque</strong></span> <span class='ocrx_word' id='word_1_541' title='bbox 2012 2544 2069 2583; x_wconf 90' lang='lat' dir='ltr'><strong>se</strong></span> <span class='ocrx_word' id='word_1_542' title='bbox 2093 2529 2317 2583; x_wconf 90' lang='lat' dir='ltr'><strong>invicem</strong></span> <span class='ocrx_word' id='word_1_543' title='bbox 2347 2527 2600 2589; x_wconf 90' lang='lat' dir='ltr'><strong>audiunt,</strong></span> <span class='ocrx_word' id='word_1_544' title='bbox 2634 2542 2804 2595; x_wconf 82' lang='lat' dir='ltr'><strong>neque</strong></span> <span class='ocrx_word' id='word_1_545' title='bbox 2863 2529 2996 2591; x_wconf 89' lang='lat' dir='ltr'><strong>alia;</strong></span> <span class='ocrx_word' id='word_1_546' title='bbox 3030 2514 3122 2582; x_wconf 89' lang='lat' dir='ltr'><strong>sed</strong></span> <span class='ocrx_word' id='word_1_547' title='bbox 3159 2527 3343 2581; x_wconf 88' lang='lat' dir='ltr'><strong>solita-</strong></span> 
     </span>
    </p>
   </div>
   <div class='ocr_carea' id='block_1_85' title="bbox 1808 2614 3353 2689">
    <p class='ocr_par' dir='ltr' id='par_1_85' title="bbox 1808 2614 3353 2689">
     <span class='ocr_line' id='line_1_85' title="bbox 1808 2614 3353 2689; baseline -0.001 -18"><span class='ocrx_word' id='word_1_548' title='bbox 1808 2619 1889 2671; x_wconf 91' lang='lat' dir='ltr'><strong>ria</strong></span> <span class='ocrx_word' id='word_1_549' title='bbox 1920 2629 2063 2681; x_wconf 90' lang='lat' dir='ltr'><strong>sunt,</strong></span> <span class='ocrx_word' id='word_1_550' title='bbox 2093 2634 2155 2672; x_wconf 89' lang='lat' dir='ltr'><strong>ac</strong></span> <span class='ocrx_word' id='word_1_551' title='bbox 2180 2619 2673 2689; x_wconf 61' lang='lat' dir='ltr'><strong>pové§wva,ctetera</strong></span> <span class='ocrx_word' id='word_1_552' title='bbox 2700 2614 2961 2686; x_wconf 77' lang='grc' dir='ltr'><strong>ὁμόζωνα.</strong></span> <span class='ocrx_word' id='word_1_553' title='bbox 2983 2616 3054 2669; x_wconf 83' lang='lat' dir='ltr'><strong>Ea</strong></span> <span class='ocrx_word' id='word_1_554' title='bbox 3074 2618 3124 2670; x_wconf 92' lang='lat' dir='ltr'><strong>in</strong></span> <span class='ocrx_word' id='word_1_555' title='bbox 3148 2617 3353 2671; x_wconf 17' lang='lat' dir='ltr'><strong>tabella,</strong></span> 
     </span>
    </p>
   </div>
   <div class='ocr_carea' id='block_1_86' title="bbox 1810 2710 2457 2779">
    <p class='ocr_par' dir='ltr' id='par_1_86' title="bbox 1810 2710 2457 2779">
     <span class='ocr_line' id='line_1_86' title="bbox 1810 2710 2457 2779; baseline 0 -15"><span class='ocrx_word' id='word_1_556' title='bbox 1810 2712 2051 2779; x_wconf 83' lang='lat' dir='ltr'><strong>sequenti</strong></span> <span class='ocrx_word' id='word_1_557' title='bbox 2083 2710 2206 2764; x_wconf 84' lang='lat' dir='ltr'><strong>licet</strong></span> <span class='ocrx_word' id='word_1_558' title='bbox 2240 2710 2457 2764; x_wconf 90' lang='lat' dir='ltr'><strong>intueri.</strong></span> 
     </span>
    </p>
   </div>
   <div class='ocr_carea' id='block_1_87' title="bbox 2241 2815 2895 2890">
    <p class='ocr_par' dir='ltr' id='par_1_87' title="bbox 2241 2815 2895 2890">
     <span class='ocr_line' id='line_1_87' title="bbox 2241 2815 2895 2890; baseline -0.003 -17"><span class='ocrx_word' id='word_1_559' title='bbox 2241 2820 2402 2890; x_wconf 79' lang='lat' dir='ltr'><strong>Signa</strong></span> <span class='ocrx_word' id='word_1_560' title='bbox 2433 2820 2634 2875; x_wconf 83' lang='lat' dir='ltr'><strong>Manilii</strong></span> <span class='ocrx_word' id='word_1_561' title='bbox 2663 2827 2714 2875; x_wconf 88' lang='lat' dir='ltr'><strong>et</strong></span> <span class='ocrx_word' id='word_1_562' title='bbox 2747 2815 2895 2871; x_wconf 78' lang='lat' dir='ltr'><strong>Pauli</strong></span> 
     </span>
    </p>
   </div>
   <div class='ocr_carea' id='block_1_88' title="bbox 1808 2886 3337 3013">
    <p class='ocr_par' dir='ltr' id='par_1_88' title="bbox 1808 2886 3337 3013">
     <span class='ocr_line' id='line_1_88' title="bbox 1808 2886 3337 3013; baseline -0.002 -69"><span class='ocrx_word' id='word_1_563' title='bbox 1808 2888 2122 2958; x_wconf 85' lang='lat' dir='ltr'><strong>lmperantia</strong></span> <span class='ocrx_word' id='word_1_564' title='bbox 2305 2886 2327 2890; x_wconf 67' lang='grc'>⁷</span> <span class='ocrx_word' id='word_1_565' title='bbox 2427 2962 2469 3013; x_wconf 67' lang='grc' dir='ltr'>Α</span> <span class='ocrx_word' id='word_1_566' title='bbox 2505 2962 2515 2972; x_wconf 38' lang='grc'><strong>⁸</strong></span> <span class='ocrx_word' id='word_1_567' title='bbox 2972 2886 3337 2941; x_wconf 88' lang='lat' dir='ltr'><strong>Ausculantia.</strong></span> 
     </span>
     <span class='ocr_line' id='line_1_89' title="bbox 2476 2978 2580 3013; baseline 0 0"><span class='ocrx_word' id='word_1_568' title='bbox 2476 2978 2580 3013; x_wconf 85' lang='lat' dir='ltr'><strong>nes</strong></span> 
     </span>
    </p>
   </div>
   <div class='ocr_carea' id='block_1_89' title="bbox 2476 2978 2580 3014">
    <p class='ocr_par' dir='ltr' id='par_1_89' title="bbox 2476 2978 2580 3014">
     <span class='ocr_line' id='line_1_90' title="bbox 2476 2978 2580 3014; baseline 0.01 -1"><span class='ocrx_word' id='word_1_569' title='bbox 2476 2978 2580 3014; x_wconf 85' lang='lat' dir='ltr'><strong>nes</strong></span> 
     </span>
    </p>
   </div>
   <div class='ocr_carea' id='block_1_90' title="bbox 1926 3032 3013 3161">
    <p class='ocr_par' dir='ltr' id='par_1_90' title="bbox 1926 3032 3013 3161">
     <span class='ocr_line' id='line_1_91' title="bbox 2092 3032 2622 3101; baseline 0.006 -20"><span class='ocrx_word' id='word_1_570' title='bbox 2092 3039 2101 3081; x_wconf 65' lang='lat'><strong>&#39;,</strong></span> <span class='ocrx_word' id='word_1_571' title='bbox 2373 3048 2378 3052; x_wconf 81' lang='lat'>&#39;</span> <span class='ocrx_word' id='word_1_572' title='bbox 2427 3032 2622 3101; x_wconf 70' lang='grc' dir='ltr'><strong>ἄζυγος</strong></span> 
     </span>
     <span class='ocr_line' id='line_1_92' title="bbox 1926 3097 3013 3161; baseline 0.009 -10"><span class='ocrx_word' id='word_1_573' title='bbox 1926 3097 2139 3154; x_wconf 89' lang='lat' dir='ltr'><strong>Taurus</strong></span> <span class='ocrx_word' id='word_1_574' title='bbox 2422 3160 2425 3161; x_wconf 23' lang='grc' dir='ltr'><strong>ν</strong></span> <span class='ocrx_word' id='word_1_575' title='bbox 2833 3105 3013 3161; x_wconf 88' lang='lat' dir='ltr'><strong>Pisces</strong></span> 
     </span>
    </p>
   </div>
   <div class='ocr_carea' id='block_1_91' title="bbox 1922 3166 3101 3244">
    <p class='ocr_par' dir='ltr' id='par_1_91' title="bbox 1922 3166 3101 3244">
     <span class='ocr_line' id='line_1_93' title="bbox 1922 3166 3101 3244; baseline 0.005 -21"><span class='ocrx_word' id='word_1_576' title='bbox 1922 3166 2129 3244; x_wconf 62' lang='lat' dir='ltr'><strong>Gemini</strong></span> <span class='ocrx_word' id='word_1_577' title='bbox 2833 3175 3101 3244; x_wconf 90' lang='lat' dir='ltr'><strong>Aquarius</strong></span> 
     </span>
    </p>
   </div>
   <div class='ocr_carea' id='block_1_92' title="bbox 1921 3238 3192 3314">
    <p class='ocr_par' dir='ltr' id='par_1_92' title="bbox 1921 3238 3192 3314">
     <span class='ocr_line' id='line_1_94' title="bbox 1921 3238 3192 3314; baseline 0.008 -24"><span class='ocrx_word' id='word_1_578' title='bbox 1921 3238 2127 3314; x_wconf 72' lang='lat' dir='ltr'><strong>Cancer</strong></span> <span class='ocrx_word' id='word_1_579' title='bbox 2833 3238 3192 3314; x_wconf 71' lang='lat' dir='ltr'><strong>Capricornus</strong></span> 
     </span>
    </p>
   </div>
   <div class='ocr_carea' id='block_1_93' title="bbox 1920 3306 3156 3383">
    <p class='ocr_par' dir='ltr' id='par_1_93' title="bbox 1920 3306 3156 3383">
     <span class='ocr_line' id='line_1_95' title="bbox 1920 3306 3156 3383; baseline 0.005 -22"><span class='ocrx_word' id='word_1_580' title='bbox 1920 3306 2026 3383; x_wconf 62' lang='lat' dir='ltr'><strong>Leo</strong></span> <span class='ocrx_word' id='word_1_581' title='bbox 2835 3306 3156 3383; x_wconf 68' lang='lat' dir='ltr'><strong>Sagittarius</strong></span> 
     </span>
    </p>
   </div>
   <div class='ocr_carea' id='block_1_94' title="bbox 1920 3374 3090 3500">
    <p class='ocr_par' dir='ltr' id='par_1_94' title="bbox 1920 3374 3090 3500">
     <span class='ocr_line' id='line_1_96' title="bbox 1920 3374 3090 3450; baseline 0.009 -22"><span class='ocrx_word' id='word_1_582' title='bbox 1920 3374 2082 3447; x_wconf 76' lang='lat' dir='ltr'><strong>Virgo</strong></span> <span class='ocrx_word' id='word_1_583' title='bbox 2836 3374 3090 3450; x_wconf 72' lang='lat' dir='ltr'><strong>Scorpius</strong></span> 
     </span>
     <span class='ocr_line' id='line_1_97' title="bbox 2428 3446 2585 3500; baseline 0 -1"><span class='ocrx_word' id='word_1_584' title='bbox 2428 3446 2585 3500; x_wconf 79' lang='lat' dir='ltr'><strong>Libra</strong></span> 
     </span>
    </p>
   </div>
   <div class='ocr_carea' id='block_1_95' title="bbox 2429 3465 2640 3587">
    <p class='ocr_par' dir='ltr' id='par_1_95' title="bbox 2429 3465 2640 3587">
     <span class='ocr_line' id='line_1_98' title="bbox 2429 3465 2585 3500; baseline 0 -1"><span class='ocrx_word' id='word_1_585' title='bbox 2429 3465 2585 3500; x_wconf 74' lang='lat' dir='ltr'><strong>mora</strong></span> 
     </span>
     <span class='ocr_line' id='line_1_99' title="bbox 2429 3516 2640 3587; baseline 0.014 -17"><span class='ocrx_word' id='word_1_586' title='bbox 2429 3516 2640 3587; x_wconf 77' lang='grc' dir='ltr'><strong>ἄζυγος.</strong></span> 
     </span>
    </p>
   </div>
   <div class='ocr_carea' id='block_1_96' title="bbox 1875 3607 3353 3679">
    <p class='ocr_par' dir='ltr' id='par_1_96' title="bbox 1875 3607 3353 3679">
     <span class='ocr_line' id='line_1_100' title="bbox 1875 3607 3353 3679; baseline 0.007 -20"><span class='ocrx_word' id='word_1_587' title='bbox 1875 3607 2029 3663; x_wconf 84' lang='lat' dir='ltr'><strong>Aries</strong></span> <span class='ocrx_word' id='word_1_588' title='bbox 2058 3610 2237 3679; x_wconf 85' lang='lat' dir='ltr'><strong>itaque</strong></span> <span class='ocrx_word' id='word_1_589' title='bbox 2264 3607 2562 3678; x_wconf 82' lang='lat' dir='ltr'><strong>imperandi</strong></span> <span class='ocrx_word' id='word_1_590' title='bbox 2580 3610 2663 3664; x_wconf 87' lang='lat' dir='ltr'><strong>vel</strong></span> <span class='ocrx_word' id='word_1_591' title='bbox 2690 3612 3022 3667; x_wconf 87' lang='lat' dir='ltr'><strong>auscultandi</strong></span> <span class='ocrx_word' id='word_1_592' title='bbox 3049 3629 3169 3667; x_wconf 88' lang='lat' dir='ltr'><strong>cum</strong></span> <span class='ocrx_word' id='word_1_593' title='bbox 3195 3617 3353 3671; x_wconf 87' lang='lat' dir='ltr'><strong>nullo-</strong></span> 
     </span>
    </p>
   </div>
   <div class='ocr_carea' id='block_1_97' title="bbox 1810 3699 3340 3771">
    <p class='ocr_par' dir='ltr' id='par_1_97' title="bbox 1810 3699 3340 3771">
     <span class='ocr_line' id='line_1_101' title="bbox 1810 3699 3340 3771; baseline 0.007 -20"><span class='ocrx_word' id='word_1_594' title='bbox 1810 3700 2189 3753; x_wconf 87' lang='lat' dir='ltr'><strong>commercium</strong></span> <span class='ocrx_word' id='word_1_595' title='bbox 2243 3699 2422 3765; x_wconf 87' lang='lat' dir='ltr'><strong>habet,</strong></span> <span class='ocrx_word' id='word_1_596' title='bbox 2479 3700 2691 3756; x_wconf 88' lang='lat' dir='ltr'><strong>Libram</strong></span> <span class='ocrx_word' id='word_1_597' title='bbox 2743 3711 2920 3758; x_wconf 92' lang='lat' dir='ltr'><strong>autem</strong></span> <span class='ocrx_word' id='word_1_598' title='bbox 2979 3705 3138 3771; x_wconf 89' lang='lat' dir='ltr'><strong>videt,</strong></span> <span class='ocrx_word' id='word_1_599' title='bbox 3188 3715 3244 3761; x_wconf 92' lang='lat' dir='ltr'><strong>ut</strong></span> <span class='ocrx_word' id='word_1_600' title='bbox 3285 3715 3340 3763; x_wconf 86' lang='lat' dir='ltr'><strong>et</strong></span> 
     </span>
    </p>
   </div>
   <div class='ocr_carea' id='block_1_98' title="bbox 1807 3789 2241 3847">
    <p class='ocr_par' dir='ltr' id='par_1_98' title="bbox 1807 3789 2241 3847">
     <span class='ocr_line' id='line_1_102' title="bbox 1807 3789 2241 3847; baseline 0.007 -6"><span class='ocrx_word' id='word_1_601' title='bbox 1807 3789 2039 3844; x_wconf 89' lang='lat' dir='ltr'><strong>Arietem</strong></span> <span class='ocrx_word' id='word_1_602' title='bbox 2061 3789 2241 3847; x_wconf 88' lang='lat' dir='ltr'><strong>Libra.</strong></span> 
     </span>
    </p>
   </div>
   <div class='ocr_carea' id='block_1_99' title="bbox 1808 3899 3335 3972">
    <p class='ocr_par' dir='ltr' id='par_1_99' title="bbox 1808 3899 3335 3972">
     <span class='ocr_line' id='line_1_103' title="bbox 1808 3899 3335 3972; baseline 0.003 -18"><span class='ocrx_word' id='word_1_603' title='bbox 1808 3899 2092 3972; x_wconf 62' lang='lat' dir='ltr'><strong>Consilium</strong></span> <span class='ocrx_word' id='word_1_604' title='bbox 2110 3902 2215 3972; x_wconf 59' lang='lat' dir='ltr'><strong>ipse</strong></span> <span class='ocrx_word' id='word_1_605' title='bbox 2233 3917 2384 3954; x_wconf 76' lang='lat' dir='ltr'><strong>suum</strong></span> <span class='ocrx_word' id='word_1_606' title='bbox 2403 3910 2479 3955; x_wconf 74' lang='lat' dir='ltr'><strong>est</strong></span> <span class='ocrx_word' id='word_1_607' title='bbox 2495 3903 2642 3972; x_wconf 75' lang='lat' dir='ltr'><strong>Aries</strong></span> <span class='ocrx_word' id='word_1_608' title='bbox 2658 3920 2675 3955; x_wconf 90' lang='lat'><strong><em>:</em></strong></span> <span class='ocrx_word' id='word_1_609' title='bbox 2696 3913 2749 3955; x_wconf 85' lang='lat' dir='ltr'><strong>ut</strong></span> <span class='ocrx_word' id='word_1_610' title='bbox 2770 3906 2997 3971; x_wconf 74' lang='lat' dir='ltr'><strong>principe</strong></span> <span class='ocrx_word' id='word_1_611' title='bbox 3012 3905 3222 3972; x_wconf 82' lang='lat' dir='ltr'><strong>dignum</strong></span> <span class='ocrx_word' id='word_1_612' title='bbox 3239 3915 3335 3969; x_wconf 71' lang='lat' dir='ltr'><strong>est,</strong></span> 
     </span>
    </p>
   </div>
   <div class='ocr_carea' id='block_1_100' title="bbox 1805 3968 2583 4039">
    <p class='ocr_par' dir='ltr' id='par_1_100' title="bbox 1805 3968 2583 4039">
     <span class='ocr_line' id='line_1_104' title="bbox 1805 3968 2583 4039; baseline 0.003 -17"><span class='ocrx_word' id='word_1_613' title='bbox 1805 3968 1962 4022; x_wconf 83' lang='lat' dir='ltr'><strong>Audit</strong></span> <span class='ocrx_word' id='word_1_614' title='bbox 1998 3986 2069 4033; x_wconf 77' lang='lat' dir='ltr'><strong>se,</strong></span> <span class='ocrx_word' id='word_1_615' title='bbox 2101 3969 2408 4039; x_wconf 78' lang='lat' dir='ltr'><strong>Libramque</strong></span> <span class='ocrx_word' id='word_1_616' title='bbox 2432 3971 2583 4035; x_wconf 84' lang='lat' dir='ltr'><strong>videt,</strong></span> 
     </span>
    </p>
   </div>
   <div class='ocr_carea' id='block_1_101' title="bbox 1808 4072 3375 4151">
    <p class='ocr_par' dir='ltr' id='par_1_101' title="bbox 1808 4072 3375 4151">
     <span class='ocr_line' id='line_1_105' title="bbox 1808 4072 3375 4151; baseline 0.005 -20"><span class='ocrx_word' id='word_1_617' title='bbox 1808 4079 1883 4131; x_wconf 89' lang='lat' dir='ltr'><strong>ait</strong></span> <span class='ocrx_word' id='word_1_618' title='bbox 1910 4078 2178 4135; x_wconf 82' lang='lat' dir='ltr'><strong>Manilius.</strong></span> <span class='ocrx_word' id='word_1_619' title='bbox 2222 4077 2431 4135; x_wconf 79' lang='lat' dir='ltr'><strong>Taurus</strong></span> <span class='ocrx_word' id='word_1_620' title='bbox 2480 4079 2750 4151; x_wconf 75' lang='lat' dir='ltr'><strong>Virginem</strong></span> <span class='ocrx_word' id='word_1_621' title='bbox 2785 4082 2947 4148; x_wconf 88' lang='lat' dir='ltr'><strong>videt,</strong></span> <span class='ocrx_word' id='word_1_622' title='bbox 2990 4093 3043 4138; x_wconf 91' lang='lat' dir='ltr'><strong>et</strong></span> <span class='ocrx_word' id='word_1_623' title='bbox 3096 4072 3375 4139; x_wconf 75' lang='lat' dir='ltr'><strong>Piscibus</strong></span> 
     </span>
    </p>
   </div>
   <div class='ocr_carea' id='block_1_102' title="bbox 1807 4170 3341 4241">
    <p class='ocr_par' dir='ltr' id='par_1_102' title="bbox 1807 4170 3341 4241">
     <span class='ocr_line' id='line_1_106' title="bbox 1807 4170 3341 4241; baseline 0.005 -20"><span class='ocrx_word' id='word_1_624' title='bbox 1807 4170 2067 4239; x_wconf 85' lang='lat' dir='ltr'><strong>imperat;</strong></span> <span class='ocrx_word' id='word_1_625' title='bbox 2094 4170 2278 4226; x_wconf 91' lang='lat' dir='ltr'><strong>Pisces</strong></span> <span class='ocrx_word' id='word_1_626' title='bbox 2312 4171 2592 4241; x_wconf 89' lang='lat' dir='ltr'><strong>Scorpium</strong></span> <span class='ocrx_word' id='word_1_627' title='bbox 2627 4172 2824 4239; x_wconf 90' lang='lat' dir='ltr'><strong>vident,</strong></span> <span class='ocrx_word' id='word_1_628' title='bbox 2863 4182 2916 4227; x_wconf 90' lang='lat' dir='ltr'><strong>et</strong></span> <span class='ocrx_word' id='word_1_629' title='bbox 2956 4174 3180 4227; x_wconf 88' lang='lat' dir='ltr'><strong>audiunt</strong></span> <span class='ocrx_word' id='word_1_630' title='bbox 3202 4174 3341 4228; x_wconf 91' lang='lat' dir='ltr'><strong>Tau-</strong></span> 
     </span>
    </p>
   </div>
   <div class='ocr_carea' id='block_1_103' title="bbox 1808 4262 3337 4335">
    <p class='ocr_par' dir='ltr' id='par_1_103' title="bbox 1808 4262 3337 4335">
     <span class='ocr_line' id='line_1_107' title="bbox 1808 4262 3337 4335; baseline 0.001 -21"><span class='ocrx_word' id='word_1_631' title='bbox 1808 4275 1949 4327; x_wconf 87' lang='lat' dir='ltr'><strong>rum,</strong></span> <span class='ocrx_word' id='word_1_632' title='bbox 1979 4268 2032 4317; x_wconf 88' lang='lat' dir='ltr'><strong>et</strong></span> <span class='ocrx_word' id='word_1_633' title='bbox 2062 4262 2143 4317; x_wconf 86' lang='lat' dir='ltr'><strong>sic</strong></span> <span class='ocrx_word' id='word_1_634' title='bbox 2171 4263 2404 4332; x_wconf 82' lang='lat' dir='ltr'><strong>reliqua.</strong></span> <span class='ocrx_word' id='word_1_635' title='bbox 2435 4264 2504 4315; x_wconf 89' lang='lat' dir='ltr'><strong>At</strong></span> <span class='ocrx_word' id='word_1_636' title='bbox 2540 4262 2885 4333; x_wconf 88' lang='lat' dir='ltr'><strong>Demophilus</strong></span> <span class='ocrx_word' id='word_1_637' title='bbox 2919 4266 3337 4335; x_wconf 83' lang='grc' dir='ltr'>προστάσσοντα,</span> 
     </span>
    </p>
   </div>
   <div class='ocr_carea' id='block_1_104' title="bbox 1808 4353 3341 4422">
    <p class='ocr_par' dir='ltr' id='par_1_104' title="bbox 1808 4353 3341 4422">
     <span class='ocr_line' id='line_1_108' title="bbox 1808 4353 3341 4422; baseline 0.001 -14"><span class='ocrx_word' id='word_1_638' title='bbox 1808 4362 1861 4408; x_wconf 89' lang='lat' dir='ltr'><strong>et</strong></span> <span class='ocrx_word' id='word_1_639' title='bbox 1891 4354 2227 4407; x_wconf 82' lang='grc' dir='ltr'>ὑπακούοντα</span> <span class='ocrx_word' id='word_1_640' title='bbox 2254 4354 2442 4408; x_wconf 90' lang='lat' dir='ltr'><strong>eodem</strong></span> <span class='ocrx_word' id='word_1_641' title='bbox 2478 4368 2586 4422; x_wconf 90' lang='lat' dir='ltr'><strong>quo</strong></span> <span class='ocrx_word' id='word_1_642' title='bbox 2612 4353 2861 4409; x_wconf 87' lang='lat' dir='ltr'><strong>Manilius</strong></span> <span class='ocrx_word' id='word_1_643' title='bbox 2887 4365 2940 4409; x_wconf 87' lang='lat' dir='ltr'><strong>et</strong></span> <span class='ocrx_word' id='word_1_644' title='bbox 2959 4355 3155 4410; x_wconf 88' lang='lat' dir='ltr'><strong>Paulus</strong></span> <span class='ocrx_word' id='word_1_645' title='bbox 3182 4354 3341 4409; x_wconf 81' lang='lat' dir='ltr'><strong>modo</strong></span> 
     </span>
    </p>
   </div>
   <div class='ocr_carea' id='block_1_105' title="bbox 1807 4439 3341 4513">
    <p class='ocr_par' dir='ltr' id='par_1_105' title="bbox 1807 4439 3341 4513">
     <span class='ocr_line' id='line_1_109' title="bbox 1807 4439 3341 4513; baseline -0.001 -17"><span class='ocrx_word' id='word_1_646' title='bbox 1807 4439 2140 4506; x_wconf 87' lang='lat' dir='ltr'><strong>describens,</strong></span> <span class='ocrx_word' id='word_1_647' title='bbox 2172 4442 2274 4496; x_wconf 91' lang='lat' dir='ltr'><strong>hoc</strong></span> <span class='ocrx_word' id='word_1_648' title='bbox 2312 4458 2418 4497; x_wconf 92' lang='lat' dir='ltr'><strong>uno</strong></span> <span class='ocrx_word' id='word_1_649' title='bbox 2448 4443 2655 4509; x_wconf 69' lang='lat' dir='ltr'><strong>dill‘ert,</strong></span> <span class='ocrx_word' id='word_1_650' title='bbox 2689 4444 2835 4513; x_wconf 89' lang='lat' dir='ltr'><strong>quod</strong></span> <span class='ocrx_word' id='word_1_651' title='bbox 2886 4444 3117 4497; x_wconf 86' lang='lat' dir='ltr'><strong>Arietem</strong></span> <span class='ocrx_word' id='word_1_652' title='bbox 3173 4445 3341 4513; x_wconf 83' lang='lat' dir='ltr'><strong>impe-</strong></span> 
     </span>
    </p>
   </div>
   <div class='ocr_carea' id='block_1_106' title="bbox 1738 4531 3341 4609">
    <p class='ocr_par' dir='ltr' id='par_1_106' title="bbox 1738 4531 3341 4609">
     <span class='ocr_line' id='line_1_110' title="bbox 1738 4531 3341 4609; baseline 0.002 -22"><span class='ocrx_word' id='word_1_653' title='bbox 1738 4538 2016 4593; x_wconf 88' lang='lat' dir='ltr'><strong>Drantem</strong></span> <span class='ocrx_word' id='word_1_654' title='bbox 2079 4531 2251 4587; x_wconf 66' lang='lat' dir='ltr'><strong>Librae</strong></span> <span class='ocrx_word' id='word_1_655' title='bbox 2308 4536 2514 4599; x_wconf 85' lang='lat' dir='ltr'><strong>statuit,</strong></span> <span class='ocrx_word' id='word_1_656' title='bbox 2568 4542 2620 4588; x_wconf 89' lang='lat' dir='ltr'><strong>et</strong></span> <span class='ocrx_word' id='word_1_657' title='bbox 2678 4534 2895 4609; x_wconf 84' lang='lat' dir='ltr'><strong>Libram</strong></span> <span class='ocrx_word' id='word_1_658' title='bbox 2952 4535 3341 4590; x_wconf 89' lang='lat' dir='ltr'><strong>auscultantem</strong></span> 
     </span>
    </p>
   </div>
   <div class='ocr_carea' id='block_1_107' title="bbox 1805 4626 1994 4681">
    <p class='ocr_par' dir='ltr' id='par_1_107' title="bbox 1805 4626 1994 4681">
     <span class='ocr_line' id='line_1_111' title="bbox 1805 4626 1994 4681; baseline -0.011 0"><span class='ocrx_word' id='word_1_659' title='bbox 1805 4626 1994 4681; x_wconf 89' lang='lat' dir='ltr'><strong>Arieti.</strong></span> 
     </span>
    </p>
   </div>
   <div class='ocr_carea' id='block_1_108' title="bbox 1872 4710 3341 4784">
    <p class='ocr_par' dir='ltr' id='par_1_108' title="bbox 1872 4710 3341 4784">
     <span class='ocr_line' id='line_1_112' title="bbox 1872 4710 3341 4784; baseline -0.001 -16"><span class='ocrx_word' id='word_1_660' title='bbox 1872 4713 2050 4770; x_wconf 85' lang='lat' dir='ltr'><strong>Julius</strong></span> <span class='ocrx_word' id='word_1_661' title='bbox 2075 4715 2342 4769; x_wconf 88' lang='lat' dir='ltr'><strong>Firmicus</strong></span> <span class='ocrx_word' id='word_1_662' title='bbox 2365 4715 2459 4769; x_wconf 90' lang='lat' dir='ltr'><strong>lib.</strong></span> <span class='ocrx_word' id='word_1_663' title='bbox 2482 4712 2547 4773; x_wconf 82' lang='lat' dir='ltr'><strong>ll.</strong></span> <span class='ocrx_word' id='word_1_664' title='bbox 2572 4728 2691 4783; x_wconf 84' lang='lat' dir='ltr'><strong>cap.</strong></span> <span class='ocrx_word' id='word_1_665' title='bbox 2711 4710 3167 4779; x_wconf 74' lang='lat' dir='ltr'><strong>XXXll,videntia</strong></span> <span class='ocrx_word' id='word_1_666' title='bbox 3190 4714 3341 4784; x_wconf 83' lang='lat' dir='ltr'><strong>signa</strong></span> 
     </span>
    </p>
   </div>
   <div class='ocr_carea' id='block_1_109' title="bbox 1805 4803 3355 4873">
    <p class='ocr_par' dir='ltr' id='par_1_109' title="bbox 1805 4803 3355 4873">
     <span class='ocr_line' id='line_1_113' title="bbox 1805 4803 3355 4873; baseline -0.003 -12"><span class='ocrx_word' id='word_1_667' title='bbox 1805 4807 1991 4861; x_wconf 87' lang='lat' dir='ltr'><strong>eadem</strong></span> <span class='ocrx_word' id='word_1_668' title='bbox 2039 4824 2162 4861; x_wconf 91' lang='lat' dir='ltr'><strong>cum</strong></span> <span class='ocrx_word' id='word_1_669' title='bbox 2192 4807 2559 4869; x_wconf 85' lang='lat' dir='ltr'><strong>Ptolemaicis,</strong></span> <span class='ocrx_word' id='word_1_670' title='bbox 2590 4813 2642 4859; x_wconf 87' lang='lat' dir='ltr'><strong>et</strong></span> <span class='ocrx_word' id='word_1_671' title='bbox 2682 4803 2927 4873; x_wconf 77' lang='grc' dir='ltr'><strong>συζύγοις</strong></span> <span class='ocrx_word' id='word_1_672' title='bbox 2956 4805 3161 4860; x_wconf 88' lang='lat' dir='ltr'><strong>Gemini</strong></span> <span class='ocrx_word' id='word_1_673' title='bbox 3189 4804 3355 4869; x_wconf 70' lang='lat' dir='ltr'><strong>facit,</strong></span> 
     </span>
    </p>
   </div>
   <div class='ocr_carea' id='block_1_110' title="bbox 1804 4894 3341 4977">
    <p class='ocr_par' dir='ltr' id='par_1_110' title="bbox 1804 4894 3341 4977">
     <span class='ocr_line' id='line_1_114' title="bbox 1804 4894 3341 4977; baseline -0.003 -23"><span class='ocrx_word' id='word_1_674' title='bbox 1804 4915 1974 4969; x_wconf 87' lang='lat' dir='ltr'><strong>eaque</strong></span> <span class='ocrx_word' id='word_1_675' title='bbox 2026 4918 2083 4954; x_wconf 85' lang='lat' dir='ltr'><strong>se</strong></span> <span class='ocrx_word' id='word_1_676' title='bbox 2128 4916 2195 4953; x_wconf 82' lang='lat' dir='ltr'><strong>ex</strong></span> <span class='ocrx_word' id='word_1_677' title='bbox 2236 4899 2542 4962; x_wconf 73' lang='lat' dir='ltr'><strong>Ptolemaeo,</strong></span> <span class='ocrx_word' id='word_1_678' title='bbox 2570 4897 2856 4962; x_wconf 86' lang='lat' dir='ltr'><strong>Antiocho,</strong></span> <span class='ocrx_word' id='word_1_679' title='bbox 2886 4906 2939 4951; x_wconf 90' lang='lat' dir='ltr'><strong>et</strong></span> <span class='ocrx_word' id='word_1_680' title='bbox 2966 4894 3341 4977; x_wconf 45' lang='lat' dir='ltr'><strong>Dorotheo.Si-</strong></span> 
     </span>
    </p>
   </div>
   <div class='ocr_carea' id='block_1_111' title="bbox 1805 4985 3341 5058">
    <p class='ocr_par' dir='ltr' id='par_1_111' title="bbox 1805 4985 3341 5058">
     <span class='ocr_line' id='line_1_115' title="bbox 1805 4985 3341 5058; baseline -0.005 -13"><span class='ocrx_word' id='word_1_681' title='bbox 1805 4992 1969 5045; x_wconf 87' lang='lat' dir='ltr'><strong>donio</strong></span> <span class='ocrx_word' id='word_1_682' title='bbox 2020 4989 2324 5044; x_wconf 87' lang='lat' dir='ltr'><strong>describere</strong></span> <span class='ocrx_word' id='word_1_683' title='bbox 2372 4988 2677 5058; x_wconf 83' lang='lat' dir='ltr'><strong>proﬁtetur,</strong></span> <span class='ocrx_word' id='word_1_684' title='bbox 2725 4996 2883 5056; x_wconf 80' lang='lat' dir='ltr'><strong>atque</strong></span> <span class='ocrx_word' id='word_1_685' title='bbox 2910 4987 3137 5040; x_wconf 88' lang='lat' dir='ltr'><strong>antiscia</strong></span> <span class='ocrx_word' id='word_1_686' title='bbox 3167 4985 3341 5039; x_wconf 91' lang='lat' dir='ltr'><strong>nomi-</strong></span> 
     </span>
    </p>
   </div>
   <div class='ocr_carea' id='block_1_112' title="bbox 1806 5076 3339 5148">
    <p class='ocr_par' dir='ltr' id='par_1_112' title="bbox 1806 5076 3339 5148">
     <span class='ocr_line' id='line_1_116' title="bbox 1806 5076 3339 5148; baseline -0.002 -16"><span class='ocrx_word' id='word_1_687' title='bbox 1806 5089 1919 5141; x_wconf 86' lang='lat' dir='ltr'><strong>nat,</strong></span> <span class='ocrx_word' id='word_1_688' title='bbox 1942 5080 2195 5148; x_wconf 77' lang='lat' dir='ltr'><strong>nimirum</strong></span> <span class='ocrx_word' id='word_1_689' title='bbox 2218 5078 2359 5148; x_wconf 89' lang='lat' dir='ltr'><strong>quod</strong></span> <span class='ocrx_word' id='word_1_690' title='bbox 2399 5079 2616 5133; x_wconf 89' lang='lat' dir='ltr'><strong>umbras</strong></span> <span class='ocrx_word' id='word_1_691' title='bbox 2644 5094 2709 5132; x_wconf 80' lang='lat' dir='ltr'><strong>ex</strong></span> <span class='ocrx_word' id='word_1_692' title='bbox 2733 5090 2888 5145; x_wconf 67' lang='lat' dir='ltr'><strong>aequo</strong></span> <span class='ocrx_word' id='word_1_693' title='bbox 2914 5076 3339 5145; x_wconf 77' lang='lat' dir='ltr'><strong>respondentes,</strong></span> 
     </span>
    </p>
   </div>
   <div class='ocr_carea' id='block_1_113' title="bbox 1805 5164 3341 5233">
    <p class='ocr_par' dir='ltr' id='par_1_113' title="bbox 1805 5164 3341 5233">
     <span class='ocr_line' id='line_1_117' title="bbox 1805 5164 3341 5233; baseline -0.005 -7"><span class='ocrx_word' id='word_1_694' title='bbox 1805 5178 1860 5226; x_wconf 90' lang='lat' dir='ltr'><strong>et</strong></span> <span class='ocrx_word' id='word_1_695' title='bbox 1914 5168 2137 5233; x_wconf 74' lang='grc' dir='ltr'>ἐναλλὰξ</span> <span class='ocrx_word' id='word_1_696' title='bbox 2191 5168 2415 5223; x_wconf 81' lang='lat' dir='ltr'><strong>faciant.</strong></span> <span class='ocrx_word' id='word_1_697' title='bbox 2479 5166 2610 5221; x_wconf 82' lang='lat' dir='ltr'><strong>Nam</strong></span> <span class='ocrx_word' id='word_1_698' title='bbox 2649 5169 2705 5221; x_wconf 89' lang='lat' dir='ltr'><strong>in</strong></span> <span class='ocrx_word' id='word_1_699' title='bbox 2755 5164 2993 5220; x_wconf 86' lang='lat' dir='ltr'><strong>Geminis</strong></span> <span class='ocrx_word' id='word_1_700' title='bbox 3037 5175 3090 5221; x_wconf 90' lang='lat' dir='ltr'><strong>et</strong></span> <span class='ocrx_word' id='word_1_701' title='bbox 3133 5165 3341 5219; x_wconf 89' lang='lat' dir='ltr'><strong>Cancro</strong></span> 
     </span>
    </p>
   </div>
   <div class='ocr_carea' id='block_1_114' title="bbox 1806 5257 3343 5329">
    <p class='ocr_par' dir='ltr' id='par_1_114' title="bbox 1806 5257 3343 5329">
     <span class='ocr_line' id='line_1_118' title="bbox 1806 5257 3343 5329; baseline -0.005 -13"><span class='ocrx_word' id='word_1_702' title='bbox 1806 5262 2035 5329; x_wconf 68' lang='lat' dir='ltr'><strong>mquales</strong></span> <span class='ocrx_word' id='word_1_703' title='bbox 2068 5268 2193 5313; x_wconf 92' lang='lat' dir='ltr'><strong>sunt</strong></span> <span class='ocrx_word' id='word_1_704' title='bbox 2235 5270 2441 5322; x_wconf 85' lang='lat' dir='ltr'><strong>noctes,</strong></span> <span class='ocrx_word' id='word_1_705' title='bbox 2478 5258 2570 5313; x_wconf 86' lang='lat' dir='ltr'><strong>sed</strong></span> <span class='ocrx_word' id='word_1_706' title='bbox 2621 5258 2835 5311; x_wconf 87' lang='lat' dir='ltr'><strong>inverso</strong></span> <span class='ocrx_word' id='word_1_707' title='bbox 2872 5258 3062 5312; x_wconf 89' lang='lat' dir='ltr'><strong>ordine</strong></span> <span class='ocrx_word' id='word_1_708' title='bbox 3099 5276 3111 5311; x_wconf 94' lang='lat'>:</span> <span class='ocrx_word' id='word_1_709' title='bbox 3146 5257 3343 5325; x_wconf 80' lang='lat' dir='ltr'><strong>quippe</strong></span> 
     </span>
    </p>
   </div>
   <div class='ocr_carea' id='block_1_115' title="bbox 1809 5344 3343 5417">
    <p class='ocr_par' dir='ltr' id='par_1_115' title="bbox 1809 5344 3343 5417">
     <span class='ocr_line' id='line_1_119' title="bbox 1809 5344 3343 5417; baseline -0.004 -12"><span class='ocrx_word' id='word_1_710' title='bbox 1809 5354 2017 5405; x_wconf 70' lang='lat' dir='ltr'><strong>initium</strong></span> <span class='ocrx_word' id='word_1_711' title='bbox 2046 5352 2207 5406; x_wconf 92' lang='lat' dir='ltr'><strong>unius</strong></span> <span class='ocrx_word' id='word_1_712' title='bbox 2231 5351 2319 5404; x_wconf 84' lang='lat' dir='ltr'><strong>lini</strong></span> <span class='ocrx_word' id='word_1_713' title='bbox 2348 5351 2572 5403; x_wconf 89' lang='lat' dir='ltr'><strong>alterius</strong></span> <span class='ocrx_word' id='word_1_714' title='bbox 2603 5350 2871 5417; x_wconf 85' lang='lat' dir='ltr'><strong>congruit.</strong></span> <span class='ocrx_word' id='word_1_715' title='bbox 2899 5346 3059 5401; x_wconf 90' lang='lat' dir='ltr'><strong>Initio</strong></span> <span class='ocrx_word' id='word_1_716' title='bbox 3089 5344 3343 5399; x_wconf 83' lang='lat' dir='ltr'><strong>Gemino—</strong></span> 
     </span>
    </p>
   </div>
   <div class='ocr_carea' id='block_1_116' title="bbox 1811 5426 3351 5508">
    <p class='ocr_par' dir='ltr' id='par_1_116' title="bbox 1811 5426 3351 5508">
     <span class='ocr_line' id='line_1_120' title="bbox 1811 5426 3351 5508; baseline -0.005 -13"><span class='ocrx_word' id='word_1_717' title='bbox 1811 5458 1926 5495; x_wconf 90' lang='lat' dir='ltr'><strong>rum</strong></span> <span class='ocrx_word' id='word_1_718' title='bbox 1970 5443 2085 5496; x_wconf 91' lang='lat' dir='ltr'><strong>dies</strong></span> <span class='ocrx_word' id='word_1_719' title='bbox 2119 5449 2413 5508; x_wconf 87' lang='lat' dir='ltr'><strong>noctesque</strong></span> <span class='ocrx_word' id='word_1_720' title='bbox 2462 5438 2610 5507; x_wconf 89' lang='lat' dir='ltr'><strong>paria</strong></span> <span class='ocrx_word' id='word_1_721' title='bbox 2650 5426 2854 5491; x_wconf 82' lang='lat' dir='ltr'><strong>faciunt</strong></span> <span class='ocrx_word' id='word_1_722' title='bbox 2884 5452 3005 5491; x_wconf 85' lang='lat' dir='ltr'><strong>cum</strong></span> <span class='ocrx_word' id='word_1_723' title='bbox 3034 5435 3243 5497; x_wconf 87' lang='lat' dir='ltr'><strong>diebus,</strong></span> <span class='ocrx_word' id='word_1_724' title='bbox 3279 5447 3351 5487; x_wconf 14' lang='lat' dir='ltr'><strong>ac.</strong></span> 
     </span>
    </p>
   </div>
   <div class='ocr_carea' id='block_1_117' title="bbox 1808 5525 3347 5603">
    <p class='ocr_par' dir='ltr' id='par_1_117' title="bbox 1808 5525 3347 5603">
     <span class='ocr_line' id='line_1_121' title="bbox 1808 5525 3347 5603; baseline -0.008 -14"><span class='ocrx_word' id='word_1_725' title='bbox 1808 5534 2059 5589; x_wconf 91' lang='lat' dir='ltr'><strong>noctibus</strong></span> <span class='ocrx_word' id='word_1_726' title='bbox 2118 5534 2170 5586; x_wconf 95' lang='lat' dir='ltr'><strong>in</strong></span> <span class='ocrx_word' id='word_1_727' title='bbox 2233 5532 2337 5585; x_wconf 84' lang='lat' dir='ltr'><strong>line</strong></span> <span class='ocrx_word' id='word_1_728' title='bbox 2381 5529 2597 5585; x_wconf 89' lang='lat' dir='ltr'><strong>Cancri.</strong></span> <span class='ocrx_word' id='word_1_729' title='bbox 2632 5528 2709 5582; x_wconf 88' lang='lat' dir='ltr'><strong>Ita</strong></span> <span class='ocrx_word' id='word_1_730' title='bbox 2749 5528 2956 5582; x_wconf 91' lang='lat' dir='ltr'><strong>initium</strong></span> <span class='ocrx_word' id='word_1_731' title='bbox 3004 5525 3166 5603; x_wconf 85' lang='lat' dir='ltr'><strong>Tauri</strong></span> <span class='ocrx_word' id='word_1_732' title='bbox 3217 5538 3347 5577; x_wconf 88' lang='lat' dir='ltr'><strong>cum</strong></span> 
     </span>
    </p>
   </div>
   <div class='ocr_carea' id='block_1_118' title="bbox 1810 5613 3343 5691">
    <p class='ocr_par' dir='ltr' id='par_1_118' title="bbox 1810 5613 3343 5691">
     <span class='ocr_line' id='line_1_122' title="bbox 1810 5613 3343 5691; baseline -0.01 -10"><span class='ocrx_word' id='word_1_733' title='bbox 1810 5628 1913 5681; x_wconf 84' lang='lat' dir='ltr'><strong>ﬁne</strong></span> <span class='ocrx_word' id='word_1_734' title='bbox 1958 5624 2185 5691; x_wconf 89' lang='lat' dir='ltr'><strong>Leonis;</strong></span> <span class='ocrx_word' id='word_1_735' title='bbox 2214 5623 2334 5677; x_wconf 83' lang='lat' dir='ltr'><strong>ﬁnis</strong></span> <span class='ocrx_word' id='word_1_736' title='bbox 2366 5622 2508 5674; x_wconf 91' lang='lat' dir='ltr'><strong>illius</strong></span> <span class='ocrx_word' id='word_1_737' title='bbox 2541 5636 2663 5673; x_wconf 89' lang='lat' dir='ltr'><strong>cum</strong></span> <span class='ocrx_word' id='word_1_738' title='bbox 2702 5617 2862 5687; x_wconf 83' lang='lat' dir='ltr'><strong>hujus</strong></span> <span class='ocrx_word' id='word_1_739' title='bbox 2891 5615 3041 5669; x_wconf 89' lang='lat' dir='ltr'><strong>initio</strong></span> <span class='ocrx_word' id='word_1_740' title='bbox 3068 5613 3343 5669; x_wconf 84' lang='lat' dir='ltr'><strong>convenit.</strong></span> 
     </span>
    </p>
   </div>
   <div class='ocr_carea' id='block_1_119' title="bbox 1813 5699 3346 5778">
    <p class='ocr_par' dir='ltr' id='par_1_119' title="bbox 1813 5699 3346 5778">
     <span class='ocr_line' id='line_1_123' title="bbox 1813 5699 3346 5778; baseline -0.01 -10"><span class='ocrx_word' id='word_1_741' title='bbox 1813 5715 1902 5768; x_wconf 90' lang='lat' dir='ltr'><strong>Sic</strong></span> <span class='ocrx_word' id='word_1_742' title='bbox 1952 5712 2168 5766; x_wconf 89' lang='lat' dir='ltr'><strong>antiscii</strong></span> <span class='ocrx_word' id='word_1_743' title='bbox 2228 5713 2283 5765; x_wconf 89' lang='lat' dir='ltr'><strong>in</strong></span> <span class='ocrx_word' id='word_1_744' title='bbox 2329 5711 2535 5778; x_wconf 72' lang='lat' dir='ltr'><strong>sphmra</strong></span> <span class='ocrx_word' id='word_1_745' title='bbox 2570 5707 2821 5760; x_wconf 89' lang='lat' dir='ltr'><strong>dicuntur</strong></span> <span class='ocrx_word' id='word_1_746' title='bbox 2845 5718 2950 5759; x_wconf 92' lang='lat' dir='ltr'><strong>non</strong></span> <span class='ocrx_word' id='word_1_747' title='bbox 2984 5704 3157 5757; x_wconf 90' lang='lat' dir='ltr'><strong>solum</strong></span> <span class='ocrx_word' id='word_1_748' title='bbox 3200 5699 3346 5771; x_wconf 89' lang='lat' dir='ltr'><strong>quod</strong></span> 
     </span>
    </p>
   </div>
   <div class='ocr_carea' id='block_1_120' title="bbox 1816 5790 3343 5870">
    <p class='ocr_par' dir='ltr' id='par_1_120' title="bbox 1816 5790 3343 5870">
     <span class='ocr_line' id='line_1_124' title="bbox 1816 5790 3343 5870; baseline -0.012 -8"><span class='ocrx_word' id='word_1_749' title='bbox 1816 5809 2033 5862; x_wconf 86' lang='lat' dir='ltr'><strong>umbras</strong></span> <span class='ocrx_word' id='word_1_750' title='bbox 2066 5804 2121 5859; x_wconf 93' lang='lat' dir='ltr'><strong>iu</strong></span> <span class='ocrx_word' id='word_1_751' title='bbox 2152 5802 2392 5858; x_wconf 64' lang='lat' dir='ltr'><strong>diversas</strong></span> <span class='ocrx_word' id='word_1_752' title='bbox 2420 5810 2598 5870; x_wconf 84' lang='lat' dir='ltr'><strong>partes</strong></span> <span class='ocrx_word' id='word_1_753' title='bbox 2628 5800 2849 5870; x_wconf 69' lang='lat' dir='ltr'><strong>iaciant,</strong></span> <span class='ocrx_word' id='word_1_754' title='bbox 2875 5797 2966 5853; x_wconf 89' lang='lat' dir='ltr'><strong>sed</strong></span> <span class='ocrx_word' id='word_1_755' title='bbox 3010 5796 3171 5850; x_wconf 85' lang='lat' dir='ltr'><strong>etiam</strong></span> <span class='ocrx_word' id='word_1_756' title='bbox 3202 5790 3343 5863; x_wconf 89' lang='lat' dir='ltr'><strong>quod</strong></span> 
     </span>
    </p>
   </div>
  </div>
