4046 6320
145 475 302 535 1365

956 438 1404 530 DISSERTATIO
1440 474 1527 528 DE
1560 473 1742 531 ORTU
1774 472 1860 527 ΕΤ
1898 472 2163 529 OCCASU
2203 473 2519 530 SIDERUM.

3185 478 3336 535 {366.

143 597 256 665 qui
286 597 353 650 ad
392 597 656 665 negotium
682 604 924 651 nostrum
952 596 1237 665 pertinent,
1269 577 1575 650 auctoribus
1602 596 1696 648 ad-
1726 604 1770 660 Α
1797 593 1916 648 dem
1952 609 2017 648 ex
2048 594 2343 647 horizontis
2377 594 2617 663 partibus
2659 597 2916 657 oriantur,
2944 602 2998 651 et
3042 595 3096 649 i-n
3132 597 3331 655 iisdem

148 685 348 741 bibitis
392 684 671 740 Ptolemaeo
714 687 767 739 in
814 684 1105 739 Tetrabiblo
1133 686 1245 754 (lib.
1285 684 1346 754 l),
1376 684 1541 737 Paulo
1569 687 1691 739 Ale-

151 775 449 838 xandrino,
502 775 735 838 Manilio,
805 785 859 828 et
908 774 1161 830 Firmieo.
1216 776 1381 845 Igitur
1425 777 1573 843 signa
1604 784 1695 830 aut

149 878 290 921 sunt
337 869 526 931 οἰκεῖα,
576 884 596 917 ‹
633 867 935 933 familiaria,
970 887 987 917 ι
1027 870 1140 923 sive
1194 889 1210 919 ι
1251 877 1502 938 cognata;
1545 888 1561 920 ι
1602 878 1694 924 aut

148 957 440 1019 ἀσύνδετα,
486 976 503 1007 ι
554 958 915 1026 inconjuncta,
961 978 978 1008 ι
1025 968 1077 1011 et
1127 978 1145 1009 ι
1195 959 1389 1013 aliena.
1442 979 1460 1011 ι
1507 959 1692 1013 Priora

147 1047 433 1109 dicuntur,
450 1064 571 1117 quae
596 1050 972 1103 schematismo
995 1050 1193 1118 aliquo,
1226 1052 1304 1105 vel
1322 1051 1581 1104 οἰκειώσει
1613 1051 1692 1104 ἰη-

148 1145 243 1190 ter
279 1153 338 1192 se
372 1139 613 1193 devincta
652 1148 800 1205 sunt;
841 1142 1153 1210 posteriora,
1180 1158 1314 1211 qua:
1352 1143 1554 1195 nullum
1599 1143 1695 1195 ha-

147 1226 289 1282 bent
317 1245 381 1284 ex
412 1230 496 1294 iis,
529 1248 664 1301 quos
686 1232 1073 1302 astrologorum
1105 1250 1232 1289 usus
1260 1234 1502 1288 adscivit.
1535 1234 1693 1290 Sche-

148 1320 439 1375 matismus
467 1323 547 1374 vel
573 1332 655 1375 est
682 1321 818 1374 κατὰ
847 1323 1148 1392 διάμῖετρον,
1178 1331 1234 1375 ut
1255 1324 1408 1378 Aries
1428 1332 1481 1375 et
1506 1323 1686 1387 Libra,

147 1412 241 1462 vel
299 1411 431 1463 κατὰ
471 1412 744 1480 τρίγωνον,
777 1415 858 1466 vel
894 1414 1033 1467 κατὰ
1065 1414 1412 1485 τετράγωνον,
1438 1415 1516 1469 vel
1555 1415 1690 1467 κατὰ

146 1500 455 1566 ἑξάγωνον,
492 1504 557 1555 de
603 1504 797 1573 quibus
836 1502 1090 1557 Geminus
1132 1520 1249 1573 cap.
1298 1505 1345 1569 Ι,
1384 1514 1437 1559 et
1480 1519 1574 1559 nos
1620 1508 1684 1561 ad

144 1592 402 1645 eumdem
452 1593 504 1645 in
541 1592 692 1646 Notis
724 1593 961 1662 qumdam
994 1596 1415 1651 observavimus.
1449 1598 1685 1654 Alterum

143 1694 325 1747 genus
364 1682 698 1747 οἰκειώσεως,
728 1683 1021 1738 secundum
1048 1688 1190 1755 quod
1233 1687 1385 1757 signa
1431 1691 1531 1745 alia
1565 1700 1689 1745 sunt

138 1771 570 1838 προστάσσοντα,
625 1791 643 1821 ι
701 1773 1033 1843 imperantia,
1092 1794 1112 1826 ι
1172 1777 1271 1830 alia
1330 1779 1683 1845 ὑπακούοντα,

148 1878 169 1908 ι
219 1860 577 1913 auscultantia
631 1880 642 1915 :
700 1881 718 1911 ι
773 1878 890 1931 qua:
936 1865 1093 1919 ambo
1144 1870 1412 1921 communi
1470 1871 1686 1925 nomine

1793 680 2059 735 occidant.
2103 682 2274 751 Atque
2324 682 2436 738 hazc
2484 690 2608 737 sunt
2655 673 2855 749 σύζυγα
2895 684 3065 752 signa,
3097 698 3214 761 quae
3252 700 3328 742 et.

1792 767 2015 824 Gemino
2047 771 2296 838 superius
2318 772 2723 841 explicavimus,
2754 781 2811 825 ut
2838 772 3062 837 Gemini,
3088 775 3319 839 Cancer,

1793 858 2023 921 Taurus,
2052 858 2176 924 Leo,
2207 868 2260 913 et
2296 872 2507 923 caetera,
2542 861 2607 916 de
2630 861 2840 931 quibus
2873 862 2926 917 in
2949 861 3187 919 Notisad
3213 864 3318 921 Ge-

1791 950 1991 1002 minum
2027 950 2204 1017 aliqua
2232 950 2486 1005 diximus.

1871 1038 2150 1091 Ἀσὺνδετα
2205 1048 2258 1093 et
2312 1041 2822 1111 ἀπηλλοτριωμένα,
2883 1045 3210 1113 inconjuncta
3263 1058 3315 1103 et

1791 1128 1961 1181 aliena
2000 1132 2146 1198 signa
2188 1130 2458 1192 dicuntur,
2490 1146 2605 1199 qua:
2636 1134 2835 1188 nullius
2865 1136 3224 1189 schematismi
3252 1154 3316 1192 ex

1790 1218 2231 1273 antecedentibus
2262 1220 2380 1273 istis
2414 1222 2717 1275 societatem
2753 1235 2947 1277 coeunt
2973 1225 3218 1280 invicem.
3241 1228 3316 1281 Ita

1790 1307 2123 1362 Ptolemaeus.

1857 1400 1924 1450 At
1971 1399 2219 1455 Manilius
2260 1408 2315 1454 et
2370 1400 2569 1455 Paulus
2613 1402 3001 1458 Alexandrinus
3047 1404 3317 1460 audientia

1786 1489 2118 1551 etvidentia
2152 1489 2302 1560 signa
2340 1491 2513 1569 aliter_
2544 1495 2845 1559 explicanta
2870 1492 2999 1546 Nam
3042 1494 3181 1562 apud
3221 1512 3329 1551 eos.

1790 1580 2082 1633 videntium
2133 1583 2281 1650 paria
2302 1590 2559 1637 constant
2604 1584 2669 1637 iis
2709 1585 2876 1651 signis
2909 1600 3026 1653 qua:
3057 1601 3121 1639 ex
3163 1601 3335 1656 aequo.

1787 1670 1986 1725 distant
2030 1686 2057 1723 a
2091 1673 2217 1726 totis
2245 1672 2410 1741 signis
2433 1674 2648 1742 tr0picis
2670 1682 2727 1726 ut
2755 1682 2879 1728 sunt
2909 1675 3133 1738 Gemini,
3174 1676 3311 1739 Leo,

1788 1759 2017 1825 Taurus,
2044 1761 2226 1831 Virgo,
2263 1778 2324 1817 ac
2370 1765 2610 1833 reliqua;
2650 1779 2768 1832 quze
2794 1766 3058 1835 descripta
3104 1776 3228 1821 sunt
3259 1769 3313 1822 in

1788 1849 1955 1903 altero
1984 1851 2251 1921 schemate
2274 1851 2387 1903 τῶν.
2409 1851 2669 1921 συζύγων,
2702 1855 2991 1909 secundum
3012 1863 3239 1918 veteres,
3258 1866 3314 1909 ut

136 1949 470 2016 ἀκουόντων,
508 1970 525 2002 ε
562 1952 912 2017 audientium,
953 1974 972 2007 ,
1022 1955 1219 2011 panius
1270 1959 1687 2029 Aie-xandrinus’,
1720 1942 1761 1996 Β
1784 1954 1971 1993 eorum
2022 1950 2251 1995 mentem
2296 1943 2678 2011 interpretatus
2705 1953 2786 2000 est
2817 1943 3092 2000 Geminus.
3132 1945 3314 2015 Itaque

134 2049 199 2092 et
240 2038 488 2095 Manilius
532 2042 850 2120 intelligunt.
880 2044 1114 2124 Tertium
1155 2062 1323 2117 genus
1369 2051 1685 2115 οἰκειώσεως

132 2138 231 2184 est
269 2132 372 2183 τῶν
404 2133 719 2202 βλεπόντων,
755 2151 874 2191 sese
904 2146 1089 2191 mutuo
1118 2141 1578 2209 conspicientium.
1616 2144 1684 2197 Ut

131 2221 211 2277 de
244 2224 629 2291 posterioribus
659 2226 740 2281 his
772 2228 1030 2283 ambobus
1060 2245 1232 2299 agam.

213 2310 533 2370 Ptolemaeus
578 2317 1004 2387 προστάσσοντα,
1052 2332 1103 2373 et
1144 2323 1479 2377 ὑπακούοντα
1529 2326 1680 2394 signa

130 2411 325 2469 vocat,
362 2405 429 2458 τὰ
462 2408 578 2459 κατ’
614 2410 732 2477 ἴσην
761 2406 1161 2463 διάστασινὰπὸ
1190 2412 1281 2465 τοῦ
1314 2415 1495 2475 αὑτοῦ,
1526 2417 1557 2485 ἢ
1590 2417 1682 2468 καὶ

126 2497 398 2567 ὁποτέρου
440 2498 545 2552 τῶν
596 2502 916 2571 ἰσημερινῶν
951 2504 1185 2573 σημείων
1226 2500 1678 2577 σχηματιζόμενα,

126 2588 226 2640 διὰ
263 2590 323 2641 τὸ
344 2591 399 2642 ὲν
422 2593 529 2654 τοῖς
557 2592 686 2656 ἴσοις
711 2584 917 2664 χρόνοις
945 2595 1301 2665 ἀναφέρεσθαι
1322 2601 1412 2652 καὶ
1436 2601 1524 2653 ἐπὶ
1554 2602 1679 2656 ἴσων

128 2680 513 2750 παραλλήλων.
557 2701 575 2735 t
608 2681 735 2749 Quae
777 2687 888 2754 pari
934 2688 1214 2741 intervallo
1259 2690 1327 2743 ab
1372 2690 1557 2745 eodem
1594 2693 1679 2745 vel

125 2776 402 2830 alterutro
433 2788 748 2845 punctorum
774 2782 1225 2851 aequinoctialium
1246 2786 1519 2851 distantia,
1543 2788 1677 2858 figu-

122 2874 299 2923 ram,
353 2876 446 2916 seu
494 2874 839 2934 conspectum
896 2869 1143 2925 habent:
1187 2874 1327 2942 quod
1384 2877 1676 2944 :equalibus

126 2952 473 3020 temporibus
510 2956 771 3021 oriantur,
803 2968 856 3013 et
895 2960 949 3013 in
986 2963 1277 3031 aequalibus
1318 2966 1608 3033 parallelis.
1651 2988 1669 3020 ι

123 3042 404 3123 Zodiacus
432 3045 666 3101 circulus
693 3049 760 3107 ab
791 3051 1148 3120 aequinoctiali
1180 3054 1429 3108 bifariam
1464 3068 1675 3113 secatur

123 3136 191 3187 in
222 3136 439 3204 punctis
465 3140 943 3207 aequinoctialibus.
976 3141 1113 3197 Hinc
1142 3145 1511 3203 semicirculus
1542 3149 1676 3203 alter

121 3226 374 3282 borealis
418 3227 633 3291 dicitur,
686 3231 891 3287 habens
937 3232 1087 3303 signa
1130 3236 1362 3291 borealia
1403 3255 1516 3301 sex,
1555 3257 1745 3321 quaee

122 3323 266 3370 sunt
302 3315 477 3380 Aries,
519 3317 749 3399 Taurus,
783 3319 1026 3386 Gemini,
1049 3322 1270 3389 Cancer,
1298 3326 1425 3392 Leo,
1468 3328 1667 3399 Virgo;

120 3406 272 3459 alter
304 3408 555 3465 australis
593 3396 812 3465 totidem
853 3411 1020 3481 signis
1062 3416 1338 3482 prteditus,
1370 3434 1486 3487 quae
1524 3396 1667 3485 sunt,

120 3494 317 3561 Libra,
344 3496 617 3568 Scorpius,
662 3500 1002 3581 Sagittarius,
1052 3506 1433 3577 Capricornus,
1486 3510 1667 3581 Aqua—

118 3588 270 3652 rius,
318 3587 532 3656 Pisces;
593 3576 1027 3667 borealia'signa
1072 3606 1197 3652 sunt
1241 3602 1669 3671 προστάσσοντα;

120 3673 390 3735 australia
418 3697 545 3737 vero
572 3684 921 3741 ὑπακούοντα.
963 3688 1131 3759 Cujus
1165 3691 1241 3747 rei
1268 3707 1485 3748 causam
1518 3694 1671 3750 affert

117 3772 451 3827 Ptolemaeus
479 3777 619 3844 quod
648 3778 704 3831 in
739 3777 1043 3835 borealibus
1071 3783 1239 3852 signis
1274 3786 1529 3854 paulatim
1554 3788 1670 3844 dies

56 3860 61 3863 “
120 3872 429 3932 augeantur
447 3906 459 3927 ,
505 3867 557 3918 in
585 3867 753 3923 altero
776 3872 1183 3928 contrahantur.
1209 3872 1290 3929 0b
1319 3876 1369 3929 id
1407 3877 1671 3947 imperare

116 3955 205 4007 illi
227 3954 442 4019 debent,
471 3957 561 4011 isti
589 3969 793 4028 parere,
816 3978 883 4015 ex
912 3964 1043 4018 artis
1067 3965 1409 4035 ineptissima:
1430 3969 1665 4026 decreto.

119 4043 239 4099 Hac
264 4047 471 4101 ratione
490 4048 651 4119 signa
680 4050 770 4104 illa
800 4052 941 4107 inter
969 4069 1027 4109 se
1055 4056 1402 4125 pariabimus.

810 4160 991 4233 Signa.

122 4270 473 4343 lmperantia.
1272 4280 1664 4342 Auscultantia.

238 4387 396 4446 Aries
1140 4394 1322 4451 Pisces

238 4457 451 4534 laurus
1141 4465 1413 4534 Aquarius

237 4524 447 4604 Qemini
1140 4524 1503 4604 Capricornus

235 4594 442 4672 Cancer
1144 4594 1464 4672 Sagittarius

234 4663 346 4743 Leo
1144 4663 1401 4743 _Sc5rpius

232 4728 398 4806 Virgo
1144 4728 1305 4797 Libra

191 4845 322 4901 Haec
371 4850 512 4903 enim
569 4852 721 4922 signa
768 4862 895 4907 sunt
930 4854 1247 4927 ῐσανάφορα,
1278 4866 1331 4910 et
1379 4860 1665 4931 ίσοπαράλ-

116 4939 280 5010 ληλα,
312 4944 452 5009 quod
490 4942 765 5021 aequaliter
795 4945 998 5000 distent
1030 4946 1096 5000 ab
1134 4948 1392 5001 ambobus
1421 4954 1662 5021 acquino-

118 5029 373 5084 ctialibus
398 5018 633 5099 punctis.
661 5030 939 5102 IEquales,
975 5036 1216 5105 inquam,
1248 5018 1532 5106 parallelos
1561 5042 1660 5094 ha-

118 5121 267 5185 bent,
300 5136 405 5174 non
444 5123 682 5186 eosdem,
715 5133 773 5176 ut
804 5126 1149 5184 Camerarius
1196 5130 1373 5183 vertit.
1422 5129 1478 5185 1d
1518 5134 1660 5187 enim

118 5211 308 5280 signis
328 5204 637 5270 videntibus
669 5218 942 5282 convenit,
972 5234 1091 5288 qua:
1119 5236 1146 5272 a
1181 5220 1402 5289 tropicis
1445 5223 1660 5292 punctis

116 5314 179 5351 ex
204 5305 366 5368 alito
387 5300 591 5356 distant
610 5302 704 5358 :de
730 5304 929 5373 quibus
952 5309 1061 5379 agit
1090 5309 1285 5364 ibidem
1321 5310 1657 5367 Ptolemaeus.

185 5391 359 5461 Igitur
400 5393 629 5448 alterum
667 5410 835 5465 genus
862 5388 1183 5469 oixsttbcewc;
1213 5408 1296 5455 est
1323 5416 1507 5475 eorum
1539 5417 1660 5471 quae

122 5481 401 5551 βλέποντα,
416 5484 661 5556 videntia,
673 5486 945 5551 dicuntur,
960 5497 1013 5544 et
1030 5491 1457 5563 ἰσοδυναμοῦντα,
1471 5495 1660 5561 (aquati

120 5583 370 5642 potestate
421 5577 664 5643 prwdita.
707 5579 863 5634 ~Sunt
909 5594 1086 5636 autem
1131 5584 1415 5652 ejusmodi,
1446 5601 1565 5653 qua:
1588 5602 1655 5639 ex

122 5677 273 5734 azquo
303 5661 506 5717 distant
536 5665 605 5720 ab
634 5668 897 5723 alterutro
921 5670 1140 5724 solstitii
1166 5683 1383 5740 puncto.
1403 5671 1472 5725 Ea
1497 5688 1657 5742 porro

125 5760 310 5807 mutuo
328 5766 388 5806 se
416 5753 598 5809 videre
628 5756 884 5811 dicuntur
912 5758 1031 5813 ideo
1053 5762 1195 5828 quod
1229 5770 1282 5814 et
1304 5762 1419 5821 dies
1445 5763 1653 5827 diebus,

122 5847 170 5893 et
194 5848 388 5897 noctes
414 5843 661 5911 noctibus
706 5848 935 5916 aequales
968 5847 1196 5912 faciant;
1229 5861 1337 5905 tum
1380 5851 1518 5919 quod
1551 5852 1647 5905 iis-

1786 2031 1993 2085 Cancer
2018 2037 2070 2085 et
2101 2030 2463 2099 Capricornus
2505 2032 2755 2086 ἅϐλεπτοι
2808 2045 2934 2090 sunt
2983 2046 3034 2111 et
3074 2039 3309 2107 μοναχοὶ⁹

1782 2137 1881 2175 nec
1907 2122 2033 2183 alia,
2068 2124 2159 2175 sed
2188 2138 2245 2176 se
2275 2124 2388 2177 sola
2417 2132 2759 2178 contuentur.
2998 2114 3003 2115 ί

1849 2208 2057 2280 Rursus
2083 2211 2573 2279 itnperantiasigna
2602 2221 2656 2266 et
2688 2214 3043 2267 auscultantia
3075 2223 3315 2270 statuunt

1780 2300 1961 2364 iidem,
1987 2317 2105 2369 qua:
2135 2316 2199 2355 ex
2227 2317 2380 2369 aequo
2410 2302 2613 2357 distant
2648 2304 2713 2358 ab
2738 2305 3200 2373 aequinoctialibus
3229 2308 3315 2361 ἰηι-

1780 2392 1944 2460 tegris
1970 2392 2158 2461 signis,
2184 2393 2253 2445 ita
2284 2401 2341 2445 ut
2372 2393 2551 2461 priora
2574 2394 2836 2456 borealia,
2871 2396 3167 2463 posteriora
3202 2398 3312 2452 sint

1780 2482 2051 2534 australia.
2083 2480 2220 2552 Ergo
2258 2490 2409 2535 extra
2442 2490 2639 2537 sortem
2686 2491 2815 2537 sunt
2837 2483 2991 2539 Aries
3043 2493 3094 2539 et
3125 2485 3309 2553 Libra,

1779 2587 1949 2640 neque
1980 2588 2037 2626 se
2060 2573 2285 2627 invicem
2315 2573 2568 2636 audiunt,
2602 2590 2772 2642 neque
2831 2576 2963 2639 aiia;
2998 2562 3089 2630 sed
3126 2577 3311 2631 solita-

1776 2661 1856 2714 ria
1888 2672 2029 2725 sunt,
2060 2679 2121 2716 ac
2148 2665 2434 2733 μονόζωνα,
2452 2672 2641 2719 caetera
2668 2662 2927 2733 ὁμόζωνα.
2949 2664 3021 2718 Ea
3040 2667 3091 2719 in
3116 2667 3319 2721 tabella.

1777 2755 2019 2822 sequenti
2050 2753 2173 2808 licet
2208 2755 2423 2810 intueri.

2208 2864 2368 2935 Signa
2400 2866 2600 2921 Manilii
2628 2874 2680 2921 et
2712 2863 2861 2918 Pauli

1774 2930 2089 3001 lmperantia
2271 2930 2294 2935 ⁷
2399 3007 2434 3058 Α
2471 3008 2481 3017 ι
2938 2934 3302 2992 Ausculantia.

2393 3049 2409 3058 .
2442 3024 2546 3058 1⁸ιὲ5

2393 3024 2546 3060 Ατιρε

2338 3092 2342 3097 ‘
2392 3078 2587 3147 ἄζυγος

1891 3140 2104 3197 Taurus
2386 3206 2389 3209 _
2439 3140 2449 3141 ί
2507 3140 2519 3147 ’
2575 3140 2584 3142 ἡ
2798 3152 2977 3209 Pisces

1886 3209 2094 3291 Gemini
2797 3224 3065 3291 Aquarius

1885 3280 2092 3362 Cancer
2796 3280 3156 3362 Capricornus

1883 3350 1990 3432 Leo
2799 3350 3119 3432 §agittaritts

1884 3418 2045 3492 Virgo
2390 3492 2410 3499 _
2435 3494 2465 3499 __
2799 3418 3053 3499 Scorpius

2390 3492 2547 3547 Libra

2390 3562 2602 3633 ἄζυγος.

1837 3651 1991 3705 Aries
2020 3655 2198 3722 itaque
2226 3653 2523 3723 imperandi
2541 3658 2624 3711 vel
2650 3661 2984 3716 auscultandi
3011 3678 3131 3717 cum
3156 3667 3315 3721 nullo-

1770 3744 2151 3797 commercium
2204 3744 2382 3811 habet,
2439 3747 2653 3803 Libram
2704 3759 2881 3807 autem
2940 3754 3099 3821 videt,
3149 3766 3205 3811 ut
3246 3766 3301 3814 et

1768 3832 2000 3887 Arietem
2021 3833 2202 3891 Libra.

1769 3941 2052 4021 Consilium
2070 3946 2177 4021 ipse
2194 3962 2343 3999 suum
2363 3956 2439 4021 est
2454 3950 2601 4021 Aries
2618 3967 2634 4003 :
2656 3961 2709 4003 ut
2730 3954 2957 4020 principe
2972 3955 3182 4021 dignum
3199 3966 3295 4021 est,

1765 4011 1922 4065 Audit
1958 4029 2028 4077 se,
2061 4013 2367 4084 Libramque
2391 4017 2542 4081 videt,

1768 4122 1841 4174 ait
1870 4122 2137 4179 Manilius.
2182 4122 2391 4181 Taurus
2439 4125 2710 4197 Virginem
2744 4130 2907 4197 videt,
2948 4143 3001 4187 et
3054 4123 3335 4191 Piscibus

1765 4212 2026 4282 imperat;
2052 4213 2237 4271 Pisces
2271 4215 2552 4288 Scorpium
2586 4220 2783 4286 vident,
2821 4231 2874 4276 et
2914 4223 3139 4277 audiunt
3161 4226 3300 4279 Tau-

1767 4317 1907 4370 rum,
1938 4312 1990 4361 et
2020 4305 2101 4361 sic
2129 4307 2362 4377 reliqua.
2393 4310 2462 4361 At
2500 4308 2844 4381 Demophilus
2877 4316 3295 4384 προστάσσοντα,

1766 4405 1819 4450 et
1848 4398 2184 4451 ὑπακούοντα
2211 4399 2399 4453 eodem
2436 4414 2543 4468 quo
2570 4400 2818 4457 Manilius
2845 4412 2897 4458 et
2916 4403 3113 4460 Paulus
3140 4406 3299 4460 modo

1764 4484 2097 4551 describens,
2130 4487 2230 4541 hoc
2268 4503 2375 4543 uno
2404 4489 2612 4556 diﬂ‘ert,
2646 4492 2791 4561 quod
2843 4492 3074 4547 Arietem
3130 4495 3298 4564 impe-

1694 4581 1973 4636 Drantem
2036 4576 2208 4633 Libra:
2265 4582 2471 4645 statuit,
2524 4589 2576 4635 et
2636 4582 2851 4655 Libram
2908 4585 3298 4641 auscultantem

1761 4670 1950 4725 Arieti.

1828 4756 2005 4813 Julius
2031 4760 2297 4815 Firniicus
2320 4761 2413 4815 lib.
2438 4758 2502 4820 ll.
2528 4776 2646 4831 cap.
2666 4759 3121 4827 XXXll,videntia
3145 4764 3297 4834 signa

1760 4850 1946 4904 eadem
1995 4868 2117 4905 cum
2148 4851 2512 4915 Ptolemaicis,
2545 4860 2597 4906 et
2637 4851 2882 4921 συζύγοις
2911 4854 3115 4909 Gemini
3144 4855 3309 4920 facit,‘

1759 4957 1929 5012 eaque
1980 4962 2038 4998 se
2082 4960 2149 4998 ex
2191 4944 2497 5009 Ptolemaeo,
2525 4944 2810 5010 Antiocho,
2840 4954 2893 5000 et
2920 4946 3190 5028 Dorotheq
3210 4944 3296 5000 Si-

1759 5034 1923 5087 donio
1974 5033 2279 5089 describere
2326 5035 2631 5104 proﬁtetur,
2679 5044 2837 5105 atque
2864 5037 3090 5089 antiscia
3122 5036 3295 5089 nomi-

1759 5133 1872 5185 nat,
1896 5123 2149 5192 nimirum
2171 5123 2312 5192 quod
2353 5125 2569 5179 umbras
2598 5141 2662 5179 ex
2687 5138 2841 5193 azquo
2864 5127 3293 5194 respondentes,

1758 5222 1812 5269 et
1866 5212 2091 5277 ἐναλλὰξ
2144 5212 2371 5269 faciant.
2432 5212 2563 5269 Nam
2602 5216 2657 5268 in
2707 5212 2945 5270 Geminis
2990 5226 3043 5270 et
3086 5215 3294 5270 Cancro

1758 5306 1987 5373 aequales
2020 5312 2146 5358 sunt
2187 5315 2393 5369 noctes,
2430 5304 2522 5360 sed
2574 5305 2787 5359 inverso
2825 5308 3015 5362 ordine
3052 5326 3064 5361 :
3098 5307 3295 5375 quippe

1760 5397 1968 5449 ἱιιιιὶυιη
1998 5397 2159 5451 unius
2182 5396 2271 5449 lini
2300 5398 2524 5449 alterius
2555 5399 2824 5465 congruit.
2852 5396 3010 5451 Initio
3041 5395 3294 5450 Gemino-

1761 5501 1877 5539 rum
1921 5486 2036 5541 dies
2070 5494 2364 5555 noctesque
2413 5485 2562 5553 paria
2602 5484 2806 5540 faciunt
2836 5501 2957 5541 cum
2986 5484 3194 5548 diebus,
3230 5498 3296 5538 ac

1759 5577 2010 5633 noctibus
2068 5579 2121 5631 in
2183 5578 2288 5631 [ine
2332 5576 2549 5631 Cancri.
2582 5576 2660 5630 Ita
2700 5577 2908 5630 initium
2955 5575 3118 5653 Tauri
3168 5588 3297 5628 cum

1758 5671 1863 5723 ﬁne
1908 5669 2135 5736 Leonis;
2164 5668 2284 5723 ﬁnis
2316 5668 2458 5721 illius
2491 5683 2614 5721 cum
2652 5666 2813 5736 hujus
2842 5665 2993 5719 initio
3020 5664 3294 5719 convenit.

1762 5758 1851 5811 Sic
1901 5758 2116 5811 antiscii
2178 5759 2232 5810 in
2279 5758 2486 5824 sphaera
2520 5755 2772 5808 dicuntur
2795 5768 2901 5808 non
2935 5754 3107 5808 solum
3149 5750 3294 5821 quod

1765 5852 1981 5905 umbras
2015 5850 2070 5903 in
2100 5848 2341 5904 diversas
2371 5856 2548 5918 partes
2578 5848 2799 5919 jaciant,
2825 5846 2917 5903 sed
2961 5846 3120 5901 etiam
3152 5840 3293 5913 quod

3112 32 3223 39 g7“
3244 34 3387 41 —aw.k;
3418 36 3555 47 νηκῂτ
