4046 6320
704 275 843 334 I367

1671 281 1761 336 an
1798 281 2063 339 susse"
2091 283 2486 342 CHRONICON
2520 268 2890 353 Aper-:3an

3763 282 3870 337 15εὲ

704 390 930 449 alternis
955 397 1008 447 et
1034 393 1304 448 contrario
1327 394 1485 449 modo
1517 397 1749 466 aequales
1771 397 2248 462 habeant;etenim
2277 410 2323 465 Α
2349 398 2585 453 Arietem
2629 397 2766 452 dixit
2816 407 2922 450 non
2963 395 3152 450 videre
3184 394 3401 450 Libram
3427 401 3649 465 propter
3685 395 3870 465 interir-

705 483 905 538 antteci
950 485 1143 547 nostri,
1187 500 1309 538 cum
1337 495 1420 540 est
1449 487 1620 542 hiems
1653 489 1829 552 nobis,
1863 491 2105 544 umbram
2148 491 2242 543 ha-

705 572 834 629 bent
887 573 1221 640 breviorem;
1251 590 1351 630 nos
1393 591 1522 631 vero
1553 577 1918 647 longissimam
1955 597 1968 634 :
2000 580 2242 633 vicissim

704 675 906 734 autem,
934 683 1058 721 cum
1099 675 1342 722 mstatem
1379 669 1658 735 habemus,
1693 673 1897 728 umbra:
1927 681 2055 728 sunt
2088 674 2242 728 nobis

701 755 1061 815 brevissimae.
1096 758 1202 812 illis
1235 759 1578 827 longissimae.
1602 761 1736 814 Tum
1782 763 2087 831 praepositio
2122 765 2242 815 ἀντι

702 861 1092 916 nonnunquam
1143 851 1502 917 aequalitatem
1555 852 1840 921 signiﬁcat,
1873 853 2239 918 ιιιάντίθεος,

701 938 847 1004 quod
881 941 1084 993 notavit
1110 939 1344 996 Achilles
1376 941 1562 997 Tatius
1595 943 1658 996 ad
1691 945 1841 997 Arati
1871 943 2238 997 Phtrnomena.

700 1026 760 1080 in
791 1027 891 1083 hac
918 1029 1267 1085 antisciorum
1302 1034 1530 1097 ratione,
1569 1049 1632 1088 ac
1654 1035 1771 1089 loco
1799 1033 2015 1088 Firmici
2048 1036 2240 1088 imma-

699 1121 844 1171 niter
883 1117 1149 1173 aberravit
1175 1121 1256 1174 vir
1289 1123 1574 1183 maximus,
1610 1131 1668 1175 ut
1714 1123 1830 1191 ejus
1873 1124 2013 1177 simii
2063 1125 2242 1179 verbis

699 1214 841 1272 utar,
875 1210 966 1279 qui
1013 1212 1147 1264 nihil
1177 1228 1242 1266 ex
1285 1213 1406 1277 isto,
1441 1213 1544 1267 nisi
1577 1212 1776 1267 fastum
1831 1223 1884 1268 et
1914 1208 2256 1283 pmcipitem'

697 1300 1074 1356 conﬁdentiam
1095 1303 1379 1372 expressit.
1407 1303 1539 1358 Nam
1576 1307 1627 1359 in
1660 1304 1985 1368 Manilianis,
2015 1306 2241 1360 antiscia

696 1404 757 1445 se
784 1400 1019 1446 veterum
1052 1392 1315 1448 hactenus
1337 1395 1514 1464 ignota
1542 1396 1772 1464 primum
1809 1397 2046 1449 omnium
2078 1396 2244 1464 expli-

697 1495 853 1535 casse
878 1482 1044 1550 jactat
1066 1484 1140 1552 (p.
1167 1483 1267 1538 155
1295 1484 1504 1554 ε1159),
1525 1493 1578 1539 et
1609 1486 2012 1563 mathematicos
2033 1502 2238 1550 omnes,

705 1572 853 1638 quod
895 1574 1208 1628 nesciebant
1226 1575 1496 1629 docuisse.
1517 1574 1684 1646 igitur
1711 1578 1938 1633 antiscia
1973 1578 2242 1633 veteribus

697 1663 854 1730 signa
872 1663 961 1716 illa
981 1663 1147 1719 fuisse
1167 1665 1316 1730 dicit,
1333 1681 1450 1734 quae
1469 1681 1496 1718 a
1517 1668 1728 1736 punctis
1745 1679 1974 1738 quatuor
1990 1669 2240 1723 cardina-

701 1753 846 1807 libus
869 1769 932 1808 ex
961 1769 1113 1824 aequo
1141 1754 1369 1823 distant;
1393 1757 1492 1813 hoc
1522 1766 1606 1813 est
1628 1768 1734 1813 tam
1767 1761 2234 1830 audientia,quam

695 1844 956 1898 videntia.
985 1843 1154 1898 Porro
1211 1862 1332 1900 cum
1384 1848 1542 1902 iidem
1569 1859 1788 1905 veteres
1814 1852 2152 1920 aequinoctia,
2181 1859 2234 1904 et

693 1931 928 1988 solstitia
951 1934 1210 1987 committi
1241 1934 1522 1990 crederent
1544 1937 1597 1990 in
1617 1940 1744 1993 totis
1765 1937 2231 1991 dodecatemoriis.

695 2021 1023 2092 lricenisque
1051 2024 1329 2093 gradibus,
1363 2025 1487 2079 inde
1529 2026 1818 2089 accidisse,
1847 2036 1905 2080 ut
1925 2041 1978 2080 et
2007 2027 2232 2080 audien-

692 2111 767 2168 tia
793 2113 881 2167 illa
909 2113 1166 2175 facerent.
1202 2130 1321 2184 quae
1347 2130 1413 2169 ex
1442 2131 1596 2185 teque
1626 2117 1827 2171 distant
1850 2118 1916 2170 ab
1946 2118 2127 2172 Ariete
2151 2117 2233 2171 vel

691 2199 876 2267 Libra,
908 2209 960 2256 et
1008 2203 1261 2268 videntia,
1304 2221 1424 2274 qua:
1457 2206 1525 2261 ab
1569 2205 1780 2261 Cancro
1809 2213 1863 2260 et
1902 2205 2234 2277 Capricorno

690 2291 822 2348 totis
857 2308 921 2347 ex
959 2308 1112 2362 aequo
1144 2303 1348 2349 remota
1379 2305 1524 2350 sunt.
1580 2295 1704 2350 Haec
1753 2312 1784 2350 a
1847 2297 2075 2352 veritate
2109 2305 2236 2352 sunt

637 2449 639 2452 p
692 2381 1045 2443 alienissima.
1101 2381 1317 2440 Falsum
1350 2392 1434 2440 est
1476 2387 1726 2455 antiquos
1781 2386 2006 2440 antiscia
2062 2387 2237 2440 nomi-

690 2486 854 2528 nasse
882 2475 1031 2544 signa
1065 2475 1327 2547 ulla,quce
1345 2478 1412 2541 ab
1431 2477 1651 2548 integris
1675 2476 2038 2532 cardinalibus
2065 2477 2235 2548 signis

689 2564 884 2632 διωλιί
920 2565 1096 2634 spatio
1141 2568 1428 2631 distarent,
1471 2568 1736 2639 siquidem
1791 2569 1924 2638 ipsis
1959 2569 2232 2638 signorum

690 2651 864 2707 initiis
925 2653 1176 2710 cardines
1244 2655 1535 2728 atﬁgerent.
1592 2655 1728 2729 Tum
1781 2657 1835 2710 in
1885 2657 2235 2710 antisciorum

690 2740 958 2809 οικειώσει
987 2743 1102 2796 sola
1132 2754 1331 2813 puncta
1367 2744 1674 2799 solstitialia
1710 2745 1884 2804 locum
1913 2745 2234 2832 hcbuerunt,

690 2848 802 2888 non
831 2835 1261 2904 aequinoctialis;
1291 2850 1465 2905 neque
1513 2843 1625 2889 tota
1676 2838 1790 2904 ipsa
1835 2834 2029 2888 Cancri
2059 2841 2111 2886 et
2134 2832 2237 2886 Ca-

690 2925 932 2994 pricorni
971 2925 1422 2988 dodecatemoria,
1447 2923 1538 2979 sed
1570 2924 1660 2978 illa
1689 2925 1803 2994 ipsa
1836 2915 2032 2994 puncta
2058 2922 2238 2978 solsti—

689 3017 914 3078 tiorum.
955 3014 1170 3084 Nullum
1202 3015 1508 3069 vanissima:
1550 3015 1820 3084 Opinionis
1859 3023 2231 3084 argumentum

691 3102 840 3158 aliud
884 3101 1123 3173 Scaliger
1173 3105 1374 3167 attulit,
1414 3104 1518 3157 nisi
1558 3102 1772 3157 Firmici
1808 3104 1982 3158 locum
2011 3104 2126 3171 (lib.
2161 3101 2226 3162 ll.
2258 3098 2278 3124 τ

689 3207 742 3247 c.
778 3190 1014 3262 XXXII),
1047 3206 1207 3262 quem
1264 3191 1495 3260 pessime
1542 3192 1926 3260 interpretatus
1970 3197 2070 3244 est.
2100 3187 2231 3257 Ejus

689 3283 976 3352 scriptoris
1009 3283 1170 3337 verba
1202 3291 1329 3338 sunt
1365 3300 1378 3334 :
1420 3299 1439 3330 ‹
1475 3280 1736 3353 Antiscia,
1767 3280 2074 3335 Grzecorum
2106 3284 2232 3332 sunt

688 3373 850 3429 nobis
881 3374 1192 3444 magisterio
1239 3372 1454 3427 tradita.
1485 3371 1617 3426 Nolo
1641 3373 1785 3427 enim
1813 3372 2009 3442 aliquis
2056 3372 2235 3439 suspi-

691 3472 864 3529 cetur,
900 3465 1044 3534 quod
1100 3480 1207 3520 non
1265 3465 1336 3520 sit
1381 3464 1523 3533 apud
1555 3463 1768 3519 Graecos
1811 3464 1913 3518 iste
1947 3469 2232 3516 tractatus.

689 3555 827 3611 Nam
858 3557 903 3611 si
929 3557 1246 3613 Ptolemaeus
1261 3557 1462 3610 nullam
1486 3557 1644 3610 aliam
1677 3557 1936 3611 rationem
1968 3557 2232 3625 sequitur,

689 3646 798 3701 nisi
851 3647 1227 3711 antisciorum,
1267 3655 1322 3701 et
1373 3647 1693 3710 Antiochus,
1726 3661 1848 3700 cum
1903 3645 2035 3700 dicit
2092 3645 2234 3714 quod

690 3737 855 3807 Libra
880 3738 1114 3812 Arietem
1144 3748 1360 3810 propter
1390 3747 1610 3812 terram,
1641 3754 1760 3808 quae
1795 3738 1964 3794 media
1997 3747 2098 3804 est,
2127 3753 2235 3791 non

691 3829 904 3896 videat;
937 3830 1092 3903 quasi
1124 3815 1220 3900 per
1243 3831 1520 3900 speculum
1554 3832 1771 3900 quidem
1807 3831 2066 3885 rationem
2097 3830 2237 3886 anti-

692 3925 930 3979 sciorum
969 3927 1201 3996 attingit.
1247 3946 1266 3978 ι
1302 3925 1530 3995 Subjicit
1560 3925 1646 3979 bis
1686 3922 1950 3997 Firmicus
1974 3921 2232 3976 antiscio-

690 4030 816 4070 rum
869 4018 1286 4087 descriptionem
1326 4033 1392 4072 ex
1442 3999 1712 4070 'Dorotbeo
1751 4013 1993 4074 Sidonio,
2025 4013 2242 4081 qualem.

691 4121 795 4163 nos
852 4113 1006 4160 antea
1061 4107 1418 4170 reddidimus,
1453 4107 1703 4162 videlicet
1736 4106 1790 4160 in
1828 4121 1934 4174 qua
1974 4104 2125 4171 signa
2157 4101 2238 4154 di—

693 4200 839 4250 stant
870 4193 1147 4262 aequaliter
1185 4209 1213 4244 a
1253 4195 1467 4261 punctis
1497 4193 1718 4262 tropicis
1748 4213 1760 4246 :
1790 4208 1909 4263 quae
1938 4193 2097 4246 unica
2131 4197 2234 4252 est,

692 4291 747 4339 et
774 4283 1055 4337 verissima
1085 4281 1224 4336 ratio
1247 4282 1352 4332 τῶν
1385 4282 1693 4346 ἀντισκὶων,
1717 4282 1968 4336 vetustati
1999 4279 2232 4347 cognita.

2342 498 2486 544 ctam
2545 497 2766 542 terram.
2795 487 3004 553 Quibus
3051 487 3310 540 nimirum
3366 489 3727 558 signiﬁcabat,
3757 489 3870 541 alite!

2341 594 2463 633 esse
2516 581 2750 650 signum,
2773 579 2915 648 quod
2947 579 3107 632 Aries
3144 577 3311 640 videt,
3339 578 3444 631 hoc
3489 586 3576 631 est
3602 578 3868 646 Virginem.

2348 668 2496 734 Quid
2552 669 2842 723 absurdius
2893 666 3258 734 Scaligeriana
3302 668 3406 721 ista
3447 671 3674 728 ratione,
3704 668 3870 722 diciab

2351 759 2619 812 Antiocho
2649 760 2878 815 Arietem
2905 775 2965 812 ac
2987 759 3204 813 Libram
3234 759 3463 813 antiscia
3494 760 3673 827 signa,
3697 759 3790 811 hac
3811 773 3870 813 est

2351 849 2610 910 videntia,
2639 858 2700 902 ut
2751 850 3150 910 exJ’tolemaro
3201 843 3510 910 docuimus,
3562 864 3683 916 qua
3729 864 3784 901 se
3819 851 3868 901 ah

2342 945 2541 993 terram
2596 941 2929 1009 interjectam
2982 942 3164 995 videre.
3209 956 3318 995 non
3361 940 3634 1010 possunt?
3680 937 3736 992 Si
3775 941 3870 1009 ,Ξὶέο

2343 1045 2507 1081 ποντα
2536 1039 2680 1093 sunt,
2707 1031 3012 1099 cujusmodi
3050 1032 3163 1084 sola
3195 1039 3324 1086 sunt
3357 1031 3591 1084 antiscia
3611 1072 3625 1093 ,
3657 1031 3870 1100 profata

2339 1119 2521 1174 videre
2553 1135 2611 1174 se
2641 1131 2830 1175 mutuo
2861 1121 3074 1175 debent.
3105 1120 3294 1176 Caecus
3324 1121 3620 1175 admodum
3661 1122 3781 1181 fuit,
3807 1125 3872 1175 si-

2340 1211 2616 1280 miumque
2653 1225 2968 1281 properans,
2985 1227 3107 1265 cum
3126 1213 3271 1266 hunc
3295 1211 3517 1281 Firmici
3555 1215 3733 1268 locum
3755 1214 3871 1282 lege-

2339 1307 2440 1362 ret,
2467 1302 2560 1372 qui
2582 1309 2690 1354 tam
2727 1310 2969 1373 apertum
2996 1303 3305 1357 conﬂictum
3337 1305 3626 1358 sententis
3651 1320 3760 1358 sua
3784 1320 3870 1357 nos

2339 1391 2735 1456 animadvertit.
2784 1391 2850 1446 Et
2892 1401 3074 1447 tamen
3123 1394 3323 1464 saepius
3361 1393 3432 1448 de
3466 1395 3718 1449 antisciis
3746 1404 3872 1450 vate.

2339 1495 2458 1533 rum
2482 1495 2511 1533 a
2538 1496 2596 1536 se
2627 1483 2858 1551 primum
2887 1483 3170 1552 explicatis
3202 1492 3256 1537 et
3283 1483 3577 1552 patefactis
3604 1483 3872 1552 triumphat

2341 1570 2578 1640 scaliger
2612 1589 2625 1624 :
2665 1573 2718 1626 in
2745 1573 2942 1642 quibus
2974 1573 3105 1626 nihil
3135 1572 3266 1626 vidit
3302 1573 3548 1626 omnino.

2407 1659 2687 1731 Postremo
2734 1673 2793 1718 ut
2850 1662 2918 1716 ad
2963 1661 3169 1716 Manilii
3226 1673 3279 1716 et
3332 1661 3489 1716 Pauli
3547 1662 3869 1716 Alexandrini

2264 1740 2308 1796 Β
2333 1751 2571 1813 videntia
2600 1759 2653 1806 et
2679 1752 2952 1820 audientia
2986 1753 3140 1822 signa
3165 1753 3350 1807 redeat
3379 1755 3582 1816 oratio,
3609 1755 3868 1818 verisimiige

2332 1849 2416 1893 est
2471 1839 2610 1894 hanc
2669 1841 2885 1906 illorum
2931 1841 3220 1904 rationem,
3255 1855 3376 1909 quae
3407 1842 3569 1908 paria
3619 1841 3866 1909 signorum

2333 1931 2565 1985 instituit
2594 1930 2884 2002 ejusmodi,
2905 1946 3025 2002 quze
3052 1946 3160 1984 non
3203 1946 3230 1984 a
3257 1931 3476 2001 punctis
3498 1931 3868 1995 cardinalibcs,

2332 2021 2424 2074 sed
2468 2021 2549 2087 ab;
2579 2022 2804 2091 integris
2837 2036 3024 2076 eorum
3061 2022 3520 2076 dodecatemoriis
3560 2025 3682 2092 pari
3725 2024 3870 2092 spatio

2331 2109 2553 2175 distant,
2586 2127 2652 2165 ex
2679 2112 2768 2165 illa
2797 2120 3058 2174 veterum,
3081 2127 3243 2180 quam
3271 2127 3436 2181 supra
3462 2112 3859 2171 declararimus.

2331 2199 2587 2270 Opinione
2638 2205 3079 2276 manasschute
3124 2207 3323 2271 puncta
3353 2199 3546 2276 eadem
3585 2214 3696 2253 non

2334 2292 2635 2360 signorum,
2676 2291 2769 2345 sed
2809 2291 3004 2345 mediis
3030 2290 3166 2364 ipsis
3195 2290 3549 2358 ascripserat.
3579 2288 3658 2342 lta
3698 2291 3870 2358 quippe

2333 2379 2444 2434 tam
2499 2381 2820 2450 imperantia
2875 2388 2928 2434 et
2981 2382 3345 2453 au'scultantia
3376 2380 3588 2435 distant
3617 2382 3872 2450 aquaiiter

2335 2473 2404 2526 ab
2451 2463 2919 2543 aequinoctialibus
2967 2472 3203 2543 punctis,
3233 2487 3396 2542 quam
3446 2486 3480 2525 a
3529 2473 3870 2543 tropicisﬁié-

2333 2578 2532 2630 ποντα;
2599 2564 2823 2617 antiscia
2849 2579 2976 2618 vero
3003 2564 3273 2617 nominari
3299 2563 3415 2617 sola
3443 2563 3564 2617 haec
3594 2566 3869 2632 posteriora

2333 2654 2550 2708 debent.
2594 2653 2668 2707 De
2717 2654 2868 2708 hisce
2911 2653 3037 2707 vide
3088 2652 3868 2724 Mirandulanidisputationent

2333 2745 2426 2798 lib.
2454 2743 2519 2796 Vl
2547 2752 2735 2798 contra
2765 2744 2950 2798 astrol.
2979 2759 3100 2812 cap.
3132 2742 3249 2812 ΧΠ.

2886 2854 3111 2909 CAPUT
3154 2854 3288 2908 Vill.

2336 2945 2414 3000 De
2437 2945 2798 3016 dignoscendis
2825 2947 3092 2998 stellarum
3125 2947 3326 2999 ortibus
3373 2955 3424 3003 et
3453 2947 3742 3008 occasibus,
3762 2965 3874 3016 qua:

2402 3024 2522 3068 'rum
2545 3015 2682 3082 apud
2710 3024 2945 3068 auctores
2978 3017 3170 3068 mentio
3211 3016 3275 3084 fit
3311 3031 3330 3066 :
3369 3032 3485 3084 qua:
3513 3032 3596 3068 res
3624 3015 3868 3069 certisa-

2395 3087 2616 3159 gtttis,_et
2646 3085 2890 3159 exemptis
2914 3086 3223 3159 instrgitnr;
3250 3083 3661 3159 Theophrastus,
3699 3085 3865 3159 farre,

2312 3192 2320 3196 -
2395 3149 2647 3215 'Plinius,
2688 3149 3000 3214 Columella,
3033 3149 3602 3222 Ptolema’us,laliique
3641 3156 3716 3208 rei
3760 3157 3869 3206 ἰίέιη

2408 3225 2590 3285 strati,
2623 3224 2700 3277 ret
2735 3223 3024 3292 emendati;
3057 3240 3171 3292 qum
3196 3225 3262 3276 sit
3293 3225 3594 3275 admissura
3635 3234 3871 3292 tempora-

2403 3294 2506 3357 ria,
2536 3304 2585 3346 et
2619 3296 2869 3346 serotina.
2899 3291 3146 3346 Ceneseos
3181 3293 3326 3346 locus
3354 3296 3654 3361 exponitur.

2416 3382 2517 3447 Qui
2546 3397 2610 3436 ex
2646 3381 3023 3435 astronomicis
3069 3380 3267 3434 tabulis
3304 3389 3691 3448 computantur
3716 3388 3869 3440 ortus,

2337 3469 2631 3538 obitusque
2686 3469 2981 3532 stellarum,
3028 3467 3215 3536 quales
3267 3467 3323 3520 in
3382 3466 3489 3520 ﬁne
3557 3468 3682 3520 libri
3729 3467 3869 3536 primi

2333 3561 2741 3630 descripsimus,
2766 3561 2801 3614 ii
2830 3561 2938 3614 veri
2971 3569 3115 3626 sunt,
3138 3568 3191 3613 et
3222 3559 3484 3630 ἀκριϐεῖς,
3515 3574 3617 3613 nec
3640 3559 3707 3612 ad
3735 3561 3872 3628 liqui-

2334 3655 2460 3706 dum
2511 3661 2847 3722 apparentes,
2879 3653 3039 3704 etiam
3073 3651 3300 3714 beliaci;
3330 3665 3454 3702 nam
3484 3651 3542 3702 in
3581 3649 3686 3702 hoc
3714 3658 3872 3718 poste-

2333 3742 2462 3796 riori
2511 3758 2702 3813 genere
2753 3742 2839 3812 (de
2893 3741 3098 3795 caeteris
3144 3743 3286 3794 enim
3324 3741 3609 3809 explorata
3646 3757 3738 3794 res
3787 3749 3871 3798 est.

2335 3847 2670 3903 nequaquam
2701 3848 2795 3899 eos
2838 3833 2953 3887 visu
2977 3847 3143 3901 posse
3175 3832 3440 3903 discerni)
3474 3833 3711 3886 extremi
3731 3847 3875 3902 appr.

2334 3927 2546 3980 ritionis
2577 3927 2792 3979 termini
2827 3927 3182 3996 colliguntur;
3217 3925 3318 3978 hoc
3347 3935 3430 3979 est
3451 3933 3734 3978 momenta
3757 3925 3872 3993 ipsa.

2335 4018 2389 4070 in
2423 4019 2622 4086 quibus
2655 4018 2726 4071 ita
2773 4019 2947 4087 primo
3007 4027 3347 4085 postremove
3374 4023 3704 4078 cernuntur.
3736 4025 3793 4068 ut
3814 4016 3876 4066 ei-

2335 4115 2419 4160 tra
2448 4122 2509 4162 ea
2535 4108 2709 4161 videri
2741 4107 3010 4162 desinant.
3047 4105 3409 4170 Quamobrem
3443 4105 3589 4175 quod
3621 4113 3741 4158 tum
3773 4121 3875 4174 pro-

2335 4198 2458 4266 pius
2507 4197 2823 4269 contingunt
2859 4196 3191 4251 horizontem
3213 4234 3228 4258 ,
3258 4203 3311 4248 et
3343 4195 3647 4263 interjectis
3677 4195 3873 4248 nebulis

2344 4304 2408 4343 ac
2424 4288 2714 4358 vaporibus
2746 4287 3058 4356 plerumque
3076 4287 3244 4340 latent
3267 4283 3538 4346 adhuc,et
3567 4286 3875 4340 intuentium

691 4377 761 4428 At
794 4374 1035 4447 Scaliger
1058 4389 1121 4427 ex
1148 4373 1253 4427 illis
1285 4370 1503 4446 Fil‘mici
1536 4373 1712 4426 verbis
1750 4373 1950 4442 colligit
1979 4371 2232 4441 primum.
2265 4385 2310 4440 ι)
2341 4379 2667 4432 frustrantur
2711 4377 2931 4442 oculos,
2965 4376 3091 4430 hinc
3121 4374 3262 4444 apud
3306 4375 3605 4443 scriptores
3646 4391 3777 4428 raro
3805 4375 3874 4426 ilia

692 4467 760 4518 τὰ
792 4468 1196 4534 προστάσσοντα
1234 4472 1454 4528 tantum,
1486 4471 1539 4518 et
1585 4462 1916 4516 ὑπακούοντα
1954 4479 1970 4511 t
2010 4460 2236 4514 antiscia

693 4557 877 4609 vocari
915 4575 931 4607 ι
971 4573 1001 4608 a
1059 4554 1288 4624 Firniico
1326 4567 1478 4623 :tum
1528 4555 1754 4620 antiscia
1801 4553 2048 4606 Antiochi
2101 4550 2236 4605 falso

692 4663 816 4719 cum
849 4645 1189 4719 Ptolemaicis
1222 4646 1498 4710 confundi,
1541 4661 1661 4700 cum
1695 4646 1801 4700 sint
1830 4646 2073 4706 diversa;
2111 4658 2234 4695 nam

691 4736 942 4791 Antiochi
971 4736 1197 4796 antiscia
1226 4745 1351 4790 sunt
1381 4735 1467 4789 illa
1495 4745 1755 4797 veterum,
1787 4737 1837 4799 in
1867 4735 2061 4804 quibus
2085 4747 2236 4786 com-

691 4831 842 4902 paria
874 4828 1025 4898 signa
1052 4828 1118 4881 ab
1140 4827 1365 4896 integris
1398 4826 1846 4880 dodecatemoriis
1870 4824 2236 4878 cardinalibus

691 4935 755 4986 ex
783 4934 934 4987 teque
969 4925 1331 4987 removentur,
1365 4925 1422 4970 ut
1459 4923 1584 4979 sunt
1613 4915 1768 4991 Aries
1810 4923 1864 4970 et
1901 4915 2079 4970 Libra.
2112 4914 2235 4969 Haec

695 5007 1061 5078 Scaliger.’ln
1087 5007 1289 5078 quibus
1330 5018 1436 5061 tam
1475 5008 1540 5061 ab
1585 5007 1660 5060 rei
1712 5007 1956 5069 veritate,
1992 5021 2167 5075 quam
2202 5021 2232 5059 a

693 5107 873 5153 mente
920 5098 1137 5168 Firmici
1201 5109 1348 5159 totus
1409 5099 1642 5173 aberrat.
1694 5097 1960 5168 Fir‘micus
2008 5099 2235 5153 antiscia

694 5191 808 5245 sola
855 5191 943 5244 illa
979 5193 1128 5259 signa
1166 5191 1432 5252 nominat,
1461 5206 1578 5261 quze
1608 5189 1924 5254 Ptolemaeus
1954 5189 2231 5258 βλέποντα,

693 5291 802 5330 non
836 5278 1172 5346 imperantia,
1201 5279 1454 5331 nimirum
1477 5295 1537 5332 ea
1569 5279 1983 5346 duntaxat,qu:e
2032 5294 2059 5332 a
2103 5295 2236 5347 pun-

695 5367 798 5419 ctis
845 5368 1221 5421 solstitialibus
1276 5368 1556 5436 aequaliter
1596 5368 1834 5433 distant;
1873 5382 1969 5421 nec
1999 5376 2124 5422 sunt
2151 5369 2232 5421 di-

693 5470 869 5518 versa,
909 5472 1027 5525 qua;
1071 5457 1370 5528 Antiochus
1400 5458 1696 5522 astruebat,
1733 5460 1800 5512 ab
1831 5459 2075 5513 antisciis
2112 5458 2236 5512 Pto-

695 5546 867 5600 lemrci
911 5557 1002 5600 aut
1048 5546 1287 5603 Firmici.
1323 5549 1644 5602 Antiochum
1689 5550 1763 5602 ait
1803 5547 2067 5604 Firmicus
2099 5551 2236 5602 anti-

693 5639 931 5708 Sciorum
994 5639 1227 5694 obscure
1277 5641 1587 5712 meminisse
1632 5641 1812 5702 verbis
1855 5641 1995 5705 illis,
2039 5642 2235 5710 quibus

2336 4469 2526 4524 eadem
2557 4467 2935 4538 exprimuntur
2985 4474 3245 4534 tempora,
3279 4480 3396 4533 qua:
3442 4465 3756 4518 tabularum
3785 4479 3875 4516 me.

2335 4559 2533 4612 thodus
2565 4543 2809 4625 exhibet;
2841 4557 2934 4613 sed
2965 4559 3238 4626 aliquanto
3275 4556 3529 4618 anteTvel
3568 4565 3779 4624 postea,
3802 4569 3874 4606 or-

2336 4657 2425 4704 tus
2448 4659 2501 4705 ct
2521 4664 2750 4716 occasus
2779 4650 2854 4702 illi
2887 4648 3214 4711 referuntur.
3240 4647 3317 4714 Ac
3349 4654 3479 4717 sunt
3504 4660 3568 4699 ea
3599 4644 3872 4714 repetenda

2336 4741 2615 4804 memoria,
2652 4756 2772 4810 qua:
2797 4756 2864 4794 ex
2897 4737 3122 4792 Gemino
3149 4739 3286 4806 (cap.
3314 4736 3405 4798 Xl,
3430 4751 3552 4806 pag.
3583 4735 3674 4804 28)
3714 4733 3872 4803 capite

2335 4829 2498 4898 hujus
2519 4830 2636 4883 libri
2661 4831 2822 4884 tertio
2843 4827 3197 4894 tradidimus;
3228 4834 3380 4880 ortus
3407 4840 3750 4894 occasusque
3774 4838 3871 4874 ma-

2334 4921 2539 4974 tutinos
2597 4936 2774 4985 veros,
2808 4920 2920 4974 sive
2961 4933 3070 4972 non
3121 4927 3462 4988 apparentes,
3499 4915 3712 4985 priores
3764 4927 3869 4966 esse

2336 5011 2694 5081 φαινομένοις,
2730 5011 2781 5065 id
2807 5014 2892 5070 est
2923 5025 2943 5058 ι
2975 5008 3420 5077 apparentibus»
3447 5013 3638 5060 contra
3662 5018 3870 5071 vesper-

2333 5103 2480 5155 tinos
2510 5107 2827 5170 apparentes
2856 5099 3006 5168 prius
3041 5098 3285 5152 accidere
3312 5110 3473 5164 quam
3503 5107 3661 5148 veros
3692 5110 3706 5145 :
3740 5090 3868 5162 quod

2334 5201 2388 5246 et
2423 5207 2512 5246 res
2568 5193 2683 5260 ipsa
2737 5190 2925 5251 docet,
2955 5195 3008 5241 et
3055 5202 3174 5257 qua:
3203 5187 3255 5240 in
3287 5184 3604 5240 laterculum
3651 5183 3869 5252 conjeci-

2334 5298 2456 5337 mus
2506 5281 2749 5350 exempla
2778 5281 3168 5334 demonstrant.
3196 5276 3273 5331 ibi
3312 5277 3456 5329 enim
3489 5273 3679 5329 beliaci
3706 5285 3863 5334 ortus,

2337 5371 2448 5424 sive
2470 5371 2717 5423 matutini
2746 5377 3084 5438 apparentes,
3110 5366 3362 5421 cosmicis
3385 5366 3711 5434 posteriores
3737 5376 3864 5422 sunt.

2335 5473 2388 5518 et
2418 5477 2645 5516 occasus
2678 5461 2886 5525 heliaci,
2907 5462 3018 5514 sive
3043 5464 3366 5529 apparentes
3387 5457 3700 5527 vespertini,
3728 5471 3864 5510 acm-

2337 5551 2562 5621 nyclios,
2592 5566 2685 5604 seu
2716 5550 3053 5619 vespertinos
3093 5563 3250 5602 veros
3288 5548 3641 5607 antecedunt.
3670 5546 3804 5600 Tum
3824 5547 3866 5596 in

2338 5641 2661 5712 vespertinis
2691 5641 2900 5696 ortibus
2921 5652 2973 5695 et
2994 5638 3274 5718 matutinis
3300 5639 3606 5704 occasibus,
3634 5655 3662 5692 a
3693 5638 3868 5708 quibus
