4046 6320
152 425 287 487 1389

958 436 1405 499 DISSERTATIO
1442 442 1530 498 DE
1567 444 1750 523 QRTU
1779 445 1866 500 ET
1902 444 2170 506 OCCASU
2213 447 2529 505 SIDERUH.

3188 425 3321 511 ἐστο

153 536 306 636 longe
333 543 528 598 absunt
555 543 771 612 heliaci,
803 548 942 605 idem
977 556 1244 620 usuvenit,
1277 557 1354 610 uti
1390 573 1490 614 nos
1516 562 1689 630 capite
1718 566 1760 622 Α
1789 576 2044 615 occasum
2091 563 2412 627 cosmicum,
2444 572 2499 618 et
2550 570 2727 619 ortum
2762 566 3139 636 acronychum.
3169 566 3320 633 Quod

156 633 250 689 illo
276 636 834 695 declaravimus.Cum
862 644 1002 697 enim
1033 646 1113 699 sol
1140 656 1325 702 contra
1351 651 1508 719 primi
1539 653 1684 707 orbis

152 726 404 796 impetum
426 744 613 785 versus
632 733 833 785 ortivas
866 734 985 788 coeli
1010 744 1190 804 partes
1211 739 1278 792 ab
1294 740 1534 796 occiduis
1557 756 1683 794 suo-

150 825 240 885 pte
283 825 428 872 motu
461 819 721 889 rapiatur,
754 823 983 887 stellam,
1024 826 1113 879 ubi
1161 839 1481 884 consecutus
1521 838 1623 893 est,
1651 846 1681 884 a

152 917 300 975 tergo
326 908 601 990 relinquit,
632 915 687 965 et
718 910 771 963 in
802 915 1185 981 consequentia
1217 919 1387 987 magis
1407 922 1682 990 magisque

148 994 356 1047 nititur.
406 994 482 1048 Ita
516 989 576 1050 tit
622 1007 702 1061 ut,
757 1013 878 1053 cum
921 1002 1128 1054 stellam
1161 1003 1215 1055 in
1243 1006 1446 1060 oriente
1474 989 1680 1075 positus

147 1085 480 1139 occidentem
509 1101 575 1140 ex
603 1088 829 1142 adverso
870 1092 1109 1159 respicit,
1146 1094 1236 1161 qui
1273 1102 1355 1148 est
1386 1110 1544 1149 verus
1589 1111 1682 1148 co-

148 1176 351 1231 smicus
389 1192 635 1242 occasus,
671 1179 845 1234 adhuc
877 1196 992 1236 eam
1029 1182 1193 1237 radiis
1230 1184 1521 1247 abscondat
1545 1186 1678 1250 suis,

144 1279 247 1318 nec
295 1264 463 1319 videri
516 1266 748 1334 patiatur
788 1276 993 1339 :7post,
1025 1270 1114 1322 ubi
1167 1271 1374 1339 longius
1397 1271 1677 1336 abscessit,

144 1362 270 1407 ante
301 1354 445 1409 illius
474 1348 650 1408 ortum
683 1338 934 1423 paulatim
966 1358 1241 1413 cadentem
1264 1338 1674 1430 prospiciamus,

141 1444 287 1512 quod
320 1445 563 1513 pluribus
617 1446 808 1523 deinde
854 1447 1042 1502 diebus
1090 1448 1304 1503 accidit.
1337 1450 1378 1503 E
1406 1452 1677 1505 contrario

140 1549 267 1587 cum
300 1535 353 1588 in
377 1536 652 1590 occidente
682 1537 761 1590 sol
791 1543 895 1601 est,
924 1539 1223 1606 oppositam
1258 1539 1461 1595 habens
1487 1555 1517 1594 e
1563 1540 1678 1594 dia-

137 1633 315 1678 metro
345 1625 551 1679 stellam
581 1627 670 1695 qui
707 1635 786 1681 est
814 1610 973 1680 verus
1021 1636 1173 1681 ortus
1216 1629 1382 1683 stellae
1417 1630 1677 1699 vesperti-

139 1732 288 1786 nus,
322 1716 573 1786 deinceps
602 1718 839 1772 eamdem
877 1718 1149 1773 occultare
1185 1721 1375 1790 pergit,
1424 1722 1491 1775 ad
1537 1737 1679 1776 eam-

135 1821 249 1892 que
283 1807 536 1875 paulatim
566 1808 790 1877 adrepit.
826 1807 1005 1878 Itaque
1033 1817 1159 1864 ante
1185 1818 1393 1880 tempus
1420 1813 1548 1866 illud
1577 1828 1675 1882 op-

131 1884 428 1979 positionis
484 1898 725 1967 pluribus
776 1899 967 1953 diebus
1024 1914 1274 1955 occasum
1334 1901 1444 1971 jam
1509 1884 1747 1957 solemB

128 1998 334 2045 exortu
364 2006 461 2046 suo
496 1993 646 2047 stella
686 2001 972 2048 consecuta
1008 1994 1199 2061 fuerat,
1231 2010 1389 2064 quem
1419 2010 1678 2065 apparen-

132 2088 251 2135 tem
283 2087 457 2138 ortum
487 2084 849 2150 vespertinum
882 2084 1181 2137 nominant.

206 2168 349 2224 Hinc
383 2169 524 2240 apud
566 2172 856 2240 scriptores
887 2174 1045 2227 etiam
1073 2172 1215 2236 illos,
1249 2173 1342 2241 qui
1371 2174 1676 2230 uniusmodi

126 2260 265 2315 cceli
309 2265 561 2330 positum,
593 2261 1129 2332 observationemque
1164 2265 1331 2318 secuti
1381 2274 1525 2330 sunt,
1560 2268 1677 2335 plu-

122 2352 297 2405 ribus
323 2351 510 2406 diebus
539 2361 682 2415 ante,
712 2354 792 2407 vel
822 2362 943 2422 post
969 2361 1190 2409 exortus
1219 2369 1395 2419 veros,
1425 2370 1679 2410 occasus-

126 2457 245 2511 que
270 2481 288 2506 ,
312 2443 582 2497 stellarum
615 2444 803 2511 φάσεις
833 2450 1083 2497 notantur
1110 2464 1123 2499 :
1149 2446 1289 2514 quod
1312 2446 1385 2499 illi
1416 2461 1677 2515 apparen-

125 2542 220 2586 tes
252 2531 365 2586 fere
401 2534 695 2588 consectati
731 2541 875 2588 sunt.
907 2533 1034 2599 Qum
1057 2536 1178 2603 quia
1213 2550 1317 2588 non
1346 2552 1453 2589 uno
1486 2538 1573 2591 die
1616 2552 1681 2591 ac

124 2629 414 2675 momento
475 2624 757 2687 accidunt,
786 2624 907 2677 ideo
948 2625 1047 2678 sub
1080 2625 1263 2679 eadem
1303 2632 1540 2696 tempora
1569 2628 1680 2696 ple-

122 2726 374 2781 rumque
416 2721 749 2781 repetuntur,
797 2721 851 2767 et
898 2714 963 2767 ad
1018 2715 1131 2768 dies
1181 2724 1541 2783 prepagautur
1583 2718 1681 2769 ali-

123 2812 296 2873 quot.
338 2802 440 2857 Sed
499 2804 553 2856 in
603 2804 670 2858 iis
717 2803 1063 2874 designandis
1104 2806 1406 2875 complures
1454 2807 1681 2862 obscure

124 2893 456 2961 loquuntur,
490 2906 551 2945 ac
580 2892 863 2961 perplexe;
896 2896 988 2962 qui
1030 2908 1128 2947 nec
1169 2886 1382 2947 ortuum
1435 2903 1489 2948 et
1527 2911 1681 2950 occa-

125 2997 303 3037 suum
343 2989 601 3051 tempora,
631 2997 804 3051 neque
852 2984 1079 3051 speciem
1120 2994 1299 3052 aperte
1345 2984 1675 3055 signiﬁcant,

123 3086 203 3125 ac
231 3070 319 3124 vix
347 3073 667 3139 conjectura:
698 3072 915 3127 lectoris
946 3073 1039 3125 ulli
1072 3075 1203 3128 satis
1224 3074 1466 3128 idoneam
1496 3091 1681 3130 ansam

124 3162 392 3217 oil'erunt.
427 3162 612 3233 Itaque
635 3180 736 3217 usu
770 3178 833 3218 ac
856 3164 1060 3232 judicio
1089 3166 1404 3235 cumprimis
1435 3183 1571 3236 opus
1599 3176 1682 3223 est

125 3252 207 3306 ad
246 3266 313 3307 ea
344 3252 788 3318 discernenda,in
824 3255 1019 3323 quibus
1056 3256 1134 3308 vel
1165 3256 1328 3318 nulla,
1364 3257 1447 3310 vel
1488 3258 1679 3327 exigua

123 3341 206 3395 ad
232 3339 692 3410 pronuntiandum
744 3341 957 3409 φάσεων
990 3358 1160 3412 genus
1206 3357 1518 3414 argumenta
1553 3361 1681 3415 sup-

123 3438 353 3503 petunt.
394 3431 614 3486 Accedit
662 3432 902 3485 locorum
948 3434 1332 3503 regionumque
1377 3435 1677 3501 diversitas,

123 3525 194 3578 in
230 3522 431 3592 quibus
477 3531 629 3579 ortus
674 3531 728 3577 et
756 3538 981 3577 occasus
1021 3524 1099 3587 illi
1135 3524 1363 3593 ﬁebant;
1400 3514 1551 3594 eujus
1584 3543 1678 3581 va-

124 3611 355 3667 rietatis
378 3618 622 3667 auctores
645 3628 784 3681 saepe
808 3613 1018 3667 ratione
1034 3614 1215 3668 habita
1240 3616 1409 3680 nulla,
1429 3632 1547 3687 qua
1562 3617 1681 3672 aliis

123 3712 307 3773 atque
336 3703 453 3757 aliis
485 3703 766 3758 observata
798 3712 923 3759 sunt
950 3704 1083 3759 locis
1125 3720 1188 3758 ae
1230 3708 1555 3776 temporibus
1582 3723 1682 3762 nec

124 3796 339 3867 iisdem
366 3810 430 3849 ex
458 3796 923 3865 parapegmatibus
948 3796 1214 3861 confecta,
1251 3799 1577 3867 permiscent
1602 3798 1683 3853 in-

122 3889 319 3941 vicem
352 3904 364 3937 :
392 3901 509 3955 qua:
545 3901 632 3941 res
657 3900 943 3951 morosam,
978 3901 1041 3940 ac
1063 3888 1439 3956 propemodum
1465 3889 1682 3943 inextri-

122 3976 377 4031 cabilem
404 3976 627 4029 istarum
656 3990 837 4029 rerum
865 3977 1325 4046 investigationem
1362 3979 1508 4034 facit.

207 4065 327 4121 Sed
355 4076 411 4120 ut
443 4067 497 4119 in
532 4067 598 4121 iis
626 4067 981 4137 inquirendis.
1008 4067 1183 4139 quoad
1210 4068 1323 4122 ﬁeri
1348 4076 1539 4137 potest,
1565 4084 1683 4124 ccr-
1712 4076 1717 4081 '

123 4170 252 4216 tam
292 4159 501 4215 tirones
541 4161 682 4215 viam
715 4170 931 4217 teneant
962 4177 1025 4217 ac
1065 4164 1337 4233 regulam,
1382 4164 1502 4231 hoc,
1539 4164 1679 4234 quod

121 4252 310 4316 paulo
340 4263 463 4307 ante
498 4252 751 4317 diximus,
803 4255 1199 4321 animadverso,
1243 4256 1494 4309 nimirum
1531 4273 1685 4325 appa-

121 4351 334 4400 rentes
367 4344 543 4410 potius
575 4344 785 4411 φάσεις,
817 4361 977 4414 quam
1018 4362 1192 4410 veras,
1226 4349 1293 4401 ab
1328 4350 1682 4417 scriptoribus

118 4432 392 4489 adhiberi
441 4451 455 4486 :
497 4438 614 4487 tum
662 4449 725 4488 eo
772 4451 1008 4505 quoque,
1042 4446 1361 4508 apparentes
1421 4448 1570 4494 ortus
1629 4448 1683 4494 et

114 4540 379 4599 occasus
411 4526 702 4580 matutinos
745 4530 1070 4594 posteriores
1106 4545 1226 4585 esse
1270 4532 1445 4597 veris';
1479 4516 1686 4602 priores

120 4626 334 4674 autem
368 4626 684 4686 apparentes
717 4626 867 4674 ortus
895 4627 947 4674 et
986 4636 1216 4677 occasus
1260 4638 1381 4678 esse
1424 4625 1687 4692 vesperti-

118 4727 249 4767 nos
297 4724 459 4779 quam
516 4725 674 4765 veros
708 4729 719 4764 :
750 4711 858 4775 his,
910 4713 1153 4781 inquam,
1193 4716 1439 4783 cognitis,
1477 4717 1686 4771 ratione

116 4802 382 4874 quadam
426 4801 573 4869 quod
597 4802 843 4856 volumus
885 4818 1250 4873 assequemur.
1286 4803 1553 4875 Imprimis
1588 4808 1687 4878 igi-

114 4906 232 4951 tur
277 4890 486 4945 zodiaci
529 4900 805 4962 punctum,
830 4908 935 4963 quo
968 4909 1089 4946 cum
1116 4894 1386 4962 proposita
1420 4896 1571 4949 stella
1594 4911 1685 4949 su-

112 4994 241 5053 pra
295 4976 543 5046 infraque
605 4978 938 5056 horizontem
997 4982 1257 5049 pervenit,
1308 4997 1373 5035 ex
1428 4983 1686 5039 laterculo

110 5076 373 5132 uestro,
407 5069 510 5132 vel,
553 5069 599 5123 si
636 5070 689 5122 in
717 5085 781 5124 eo
812 5071 1257 5125 non'continetur
1283 5111 1296 5133 ,
1336 5088 1398 5125 ex
1435 5076 1686 5129 methodo

112 5166 422 5216 canonum
455 5158 735 5227 explorare
784 5162 1051 5215 convenit.
1110 5159 1329 5225 Deinde,
1382 5163 1425 5216 si
1480 5174 1685 5218 certum

113 5246 275 5303 anni
320 5252 531 5316 tempus
582 5245 648 5300 ab
706 5255 927 5301 auctore
965 5248 1269 5310 definiatur,
1306 5249 1529 5316 gradum
1554 5251 1686 5302 ecli-

110 5340 306 5411 ptica:
342 5338 809 5402 ωνανατέλλοντα,
838 5339 923 5393 vel
958 5339 1385 5406 συγκαταδύοντα
1419 5340 1603 5395 confer
1633 5342 1688 5396 in

108 5424 838 5491 KalendariumJulianum,
868 5428 922 5480 in
954 5441 1121 5496 eoque
1146 5430 1417 5483 caelestem
1451 5444 1686 5483 mensem

107 5522 401 5578 observa,
425 5518 510 5571 cui
526 5518 725 5587 gradus
740 5519 834 5595 ille
857 5519 1131 5587 competit.
1163 5518 1219 5572 Si
1249 5518 1364 5573 dies
1388 5520 1453 5572 ab
1471 5527 1690 5574 auctore

110 5615 205 5671 sit
262 5623 580 5678 expressus,
626 5611 872 5679 idemque
899 5626 1023 5665 cum
1072 5612 1285 5665 invento
1318 5611 1413 5664 abs
1438 5619 1489 5665 te
1518 5611 1687 5680 gradu

109 5697 478 5762 consentiat,
534 5682 710 5753 ortum
766 5715 885 5755 esse
919 5700 1245 5761 cosmicum,
1298 5698 1381 5751 vel
1436 5712 1687 5753 occasum

107 5787 513 5865 acronychum
565 5788 851 5861 intelliges.
897 5788 1270 5863 Sinopposita
1318 5790 1370 5841 in
1404 5795 1553 5857 parte
1595 5788 1684 5849 sit,

1788 653 1833 705 si
1872 660 2082 722 tempus
2114 654 2412 725 ὁλοσχερῶς
2436 655 2809 710 tantummodo
2851 658 3173 712 declaratum
3205 659 3320 714 fue-

1784 742 1877 803 rit,
1944 758 2011 795 ex
2066 752 2316 797 contextu
2363 746 2623 801 orationis
2672 746 2788 815 ipso
2824 747 3164 801 divinandum
3195 751 3319 814 erit,

1783 844 1904 884 cum
1943 846 2006 885 ea
2044 833 2294 886 cautione
2339 841 2397 886 ut
2420 849 2486 889 ex
2513 835 2727 891 duobus
2762 838 3075 907 propinquis
3112 838 3320 894 ortibus

1781 927 1835 974 et
1864 922 2164 987 occasibus,
2181 932 2523 993 apparentem
2548 927 2727 995 potius
2746 927 2911 996 eligas
2932 944 3089 997 quam
3113 944 3316 993 verum,

1781 1008 1886 1062 nisi
1935 1016 2182 1079 uterque,
2217 999 2360 1080 quod
2408 1014 2587 1068 rarius
2633 1025 2735 1075 est,
2772 1017 2838 1067 ab
2882 1017 3144 1086 scriptore
3173 1033 3319 1071 com-

1781 1098 2104 1165 prehensum
2134 1099 2331 1166 fuerit;
2363 1108 2475 1155 tum
2496 1103 2641 1157 enim
2676 1114 2854 1158 utrum
2888 1115 3010 1161 utro
3039 1111 3188 1177 prius
3226 1109 3317 1173 sit,

1782 1202 1846 1241 ex
1886 1189 1952 1243 iis
1993 1205 2114 1257 quae
2160 1192 2319 1261 paulo
2350 1206 2511 1261 supra
2547 1196 2997 1265 praescripsimus,
3029 1199 3320 1255 observan-

1779 1276 1905 1329 dum
1940 1279 2062 1332 crit.

1848 1363 1908 1419 Si
1958 1375 2078 1420 ortu
2117 1370 2200 1422 vel
2231 1385 2430 1430 occasu
2483 1379 2758 1443 utcunque
2794 1383 3068 1445 concepto,
3092 1377 3157 1430 de
3186 1384 3321 1432 tem-

1776 1470 1905 1524 pore
1961 1458 2271 1526 conjectura
2313 1459 2553 1515 facienda
2592 1470 2694 1526 est,
2733 1479 2799 1517 ex
2858 1465 3095 1520 auctoris
3139 1465 3319 1519 verbis

1779 1545 2078 1614 colligenda
2134 1547 2340 1615 species
2386 1554 2665 1604 est.ortus
2710 1551 2878 1619 ipsius
2926 1558 3017 1604 aut
3058 1566 3314 1618 occasus;

1775 1640 1959 1701 postea
1983 1644 2239 1702 punctum
2272 1634 2476 1690 zodiaci
2526 1650 2645 1689 cum
2692 1639 2844 1692 stella
2871 1640 3071 1704 oriens,
3108 1639 3193 1692 vel
3220 1638 3314 1694 de-

1776 1724 2059 1791 scendens,
2094 1727 2149 1780 in
2175 1725 2496 1791 Kalendario
2526 1728 2932 1796 requirendum;
2960 1731 3172 1784 demum
3200 1730 3312 1784 veri

1778 1830 1846 1868 an
1881 1817 2188 1886 apparentia
2219 1826 2431 1893 tempus
2463 1820 2553 1881 sit.
2587 1820 2794 1885 itidem,
2839 1830 2897 1874 ut
2943 1835 3130 1889 supra,
3179 1820 3310 1875 deli-

1774 1907 1972 1967 beraud
1985 1923 2094 1962 um.

1844 1994 1902 2049 In
1937 1995 2023 2049 bis
2067 1994 2238 2050 stellis
2268 2009 2409 2063 quas.
2428 1993 2744 2058 laterculum
2773 2002 3014 2049 nostrum
3044 1995 3319 2065 superiore

1774 2084 1931 2148 libro,
1966 2086 2142 2155 capite
2171 2098 2356 2143 octavo
2404 2084 2666 2147 continet,
2700 2084 2934 2139 laborem
2966 2085 3106 2149 hunc
3139 2086 3318 2141 suble-

1774 2182 1901 2227 vant
1935 2190 2190 2243 expressa
2221 2184 2435 2228 ortuum
2465 2173 2703 2237 omnium
2762 2188 3157 2247 occasuutnque
3202 2189 3317 2228 mo—

1775 2273 1973 2319 menta.
2002 2262 2198 2318 Verum
2249 2266 2536 2334 quoniam,
2575 2274 2633 2316 ut
2687 2266 2928 2333 proxime
2978 2263 3331 2327 antecedente

1776 2354 1951 2423 capite
2013 2354 2215 2407 dictum
2285 2362 2388 2419 est,
2445 2355 2679 2419 nondum
2736 2354 2941 2423 liquido
3002 2362 3318 2424 apparentes

1776 2453 1926 2501 ortus
1956 2451 2008 2499 et
2038 2460 2266 2507 occasus
2320 2448 2701 2509 astronomico,
2733 2460 2892 2515 quem
2924 2445 2995 2499 ibi
3036 2448 3318 2515 persequi-

1776 2549 1918 2596 mur.
1949 2535 2182 2605 calculoJ
2203 2535 2591 2602 coniiciuntur,
2624 2538 2828 2591 idcirco
2856 2538 2948 2605 qui
2988 2537 3055 2590 ab
3076 2537 3321 2605 auctori-

1777 2628 1879 2682 bus
1926 2626 2237 2681 indicantur
2285 2636 2437 2683 ortus
2460 2637 2511 2683 et
2543 2644 2793 2691 occasus,
2829 2634 2987 2698 prout
3015 2627 3208 2696 exiguo
3238 2626 3319 2679 in-
3386 2696 3389 2697 ν

1779 2716 2002 2770 tervallo
2044 2716 2127 2769 sui
2175 2731 2444 2785 quemque
2487 2718 2701 2786 generis
2747 2726 2920 2771 ortum
2962 2730 3321 2785 occasumque

1777 2813 2018 2860 aetatum
2063 2807 2117 2858 in
2145 2805 2329 2860 tabula
2372 2814 2735 2872 antevertunt,
2764 2812 2855 2877 aut
2896 2787 3212 2875 sequuntur,
3246 2808 3320 2859 ita

1778 2896 1947 2949 eidem
1994 2894 2296 2948 ascribendi
2344 2903 2489 2949 sunt.
2795 2950 2797 2954 ,

1850 2983 2114 3049 Quoniam
2144 3001 2270 3039 vero
2298 2985 2528 3040 diversis
2547 3000 2577 3039 e
2605 2985 3089 3056 parapegmatibus,
3111 2984 3214 3037 hoc
3238 2991 3321 3037 est

1779 3076 1999 3141 Italicis,
2053 3075 2253 3131 Graecis
2302 3074 2749 3146 et‘i‘gyptiacis,
2780 3084 2871 3129 aut
2920 3076 3320 3143 interjectarum

1780 3163 2075 3235 regionum,
2126 3165 2244 3219 sine
2288 3166 2399 3218 ullo
2440 3164 2708 3219 interdum
2742 3164 3077 3229 discrimine,
3110 3179 3227 3232 quae
3254 3162 3322 3217 de

1781 3255 1948 3311 stellis
1974 3254 2232 3330 referunt,
2265 3255 2557 3325 scriptores
2588 3256 2915 3319 hauserunt;
2959 3254 3083 3308 hinc
3118 3254 3322 3321 judicio

1779 3345 1845 3397 ad
1873 3360 1935 3399 ea
1973 3344 2329 3400 discernenda
2357 3361 2492 3415 opus
2525 3354 2629 3410 est,
2668 3356 2720 3400 et
2744 3346 2799 3398 in
2834 3346 3024 3406 stellis,
3053 3359 3187 3413 quas
3221 3344 3316 3397 dc-

1780 3433 2116 3502 scripsimus,
2144 3433 2211 3486 ad
2247 3436 2535 3503 utrumque
2563 3434 2686 3487 coeli
2730 3430 2984 3504 positum,
3015 3431 3237 3489 Romani
3266 3442 3322 3487 ct

1777 3522 2145 3587 Alexandrini,
2200 3523 2490 3578 lentandus
2543 3532 2625 3579 est
2667 3524 2954 3577 calculus:
3004 3532 3321 3577 caeterorum

1781 3619 2048 3667 tractuum
2079 3622 2353 3682 utcunque
2380 3629 2444 3669 ex
2479 3614 2586 3667 illis
2616 3614 2753 3667 ratio
2784 3613 3072 3679 constabit.

1848 3703 1937 3781 Sic
1959 3705 2014 3756 in
2042 3703 2404 3758 anterioribus
2451 3704 2533 3757 vel
2555 3704 2944 3773 posterioribus
2969 3704 3181 3758 Iuliana
3210 3702 3321 3757 edi-

1778 3784 1925 3852 tione
1945 3797 2175 3860 sazeulis,
2205 3797 2389 3866 paucis
2422 3797 2533 3850 illic
2560 3796 2672 3851 fere
2700 3795 2983 3861 detractis;
3019 3797 3103 3852 hic
3128 3794 3321 3849 additis

1780 3889 1848 3942 ad
1906 3886 2117 3948 Juliano
2162 3888 2390 3957 tempori
2430 3896 2810 3956 congruentem
2857 3888 3069 3940 modum
3115 3873 3319 3950 diebus,

1780 3990 1928 4035 ortus
1991 3996 2324 4049 occasusque
2388 3981 2664 4035 stellarum
2730 3980 3192 4049 investigabimus.
3258 3979 3319 4035 In

1781 4070 1974 4139 quibus
2000 4072 2250 4125 omnibus
2276 4073 2451 4125 otiosa
2485 4063 2568 4125 est
2602 4071 2764 4131 nimis
2812 4082 3061 4135 accurata
3089 4070 3320 4139 diligen-

1780 4162 1874 4223 tia,
1930 4161 2036 4214 imo
2066 4150 2249 4224 stulta,
2283 4178 2403 4215 cum
2432 4177 2498 4217 ne
2529 4170 2778 4217 auctores
2808 4162 3021 4231 quidem
3057 4162 3155 4225 illi,
3184 4175 3320 4230 quos

1782 4250 1997 4320 assequi
2016 4251 2311 4317 studemus,
2330 4258 2534 4307 tantam
2562 4253 2617 4306 in
2656 4267 2719 4308 ea
2751 4253 2853 4307 sibi
2879 4267 2936 4305 re
2960 4252 3317 4321 praestandam

1781 4344 2105 4413 putaverint.

1850 4432 2021 4487 Nimis
2053 4448 2115 4487 ea
2159 4432 2345 4499 jejune
2383 4447 2447 4486 ac
2486 4446 2680 4502 parum
2718 4432 2924 4491 utiliter
2966 4432 3323 4501 praescribun-

1716 4517 1760 4571 D
1789 4534 1892 4587 tur,
1924 4524 2029 4578 nisi
2079 4524 2338 4591 exemplis
2386 4539 2520 4577 usus
2573 4522 2786 4576 illorum
2836 4524 3110 4598 aperiatur
3140 4540 3151 4574 :
3179 4521 3323 4589 quod

1785 4618 1871 4671 hic
1908 4618 1959 4670 in
1990 4618 2176 4686 paucis
2205 4616 2269 4669 ad
2296 4616 2522 4670 aliorum
2549 4615 2820 4684 specimen
2859 4614 3217 4681 experiemur.
3245 4612 3317 4664 De

1788 4706 1926 4763 Sirio
1979 4716 2032 4761 et
2076 4706 2328 4774 Vergiliis
2378 4708 2532 4775 plura
2590 4705 2939 4774 sequentibus
2967 4702 3230 4772 capitibus
3257 4716 3323 4755 ex

1785 4800 2034 4854 instituto
2087 4798 2347 4852 dicemus.
2394 4796 2576 4864 Itaque
2626 4795 2815 4848 horum
2870 4794 3029 4847 modo
3066 4794 3323 4862 exemplis

1786 4887 2193 4943 abstinebimus.

1852 4976 2139 5030 Arcturum
2186 4974 2583 5043 Theophrastus
2635 4972 2689 5027 in
2737 4973 2830 5028 lib.
2861 4971 2929 5025 IV
2964 4972 3105 5026 Hist.
3131 4972 3321 5039 plant.,
3412 5000 3418 5007 ε

1786 5084 1902 5137 cap.
1948 5066 2038 5118 Xll
2083 5064 2457 5118 Boedromioni
2509 5066 2783 5132 imputat:
2825 5078 2923 5117 nec
2974 5062 3039 5116 de
3079 5068 3219 5122 ortu,
3256 5076 3324 5114 an

1786 5172 1981 5213 occasu
2013 5156 2280 5224 loquatur,
2324 5155 2543 5218 indicat.
2579 5155 2684 5224 Τὴν
2716 5154 2771 5207 δὲ
2810 5154 2973 5223 τομὴν
3000 5152 3200 5223 ὡραίαν
3230 5151 3326 5219 (ait

1787 5246 1852 5300 de
1904 5244 2109 5297 calamo
2141 5244 2330 5314 tibiali)
2375 5242 2479 5313 πρὸ
2513 5241 2858 5309 Ἀντιγενίδου
2901 5241 3016 5310 μὲν,
3052 5239 3187 5310 ἡνίκ’
3230 5236 3326 5307 ne.

1785 5338 1907 5391 λουν
1927 5336 2227 5399 ἀπλάστως,
2262 5338 2350 5390 ὑπ’
2375 5337 2695 5408 Ἀρκτούρῳ,
2725 5331 3120 5405 Βοηδρομιῶνος
3143 5330 3323 5400 μηνός.

1791 5448 1811 5481 ι
1845 5428 1985 5483 ϐεεόί
2014 5429 2331 5497 tempestive
2357 5429 2567 5490 solitas,
2601 5441 2775 5493 usque
2815 5425 2882 5479 ad
2928 5421 3319 5491 Autigenidem,

1788 5536 1909 5573 cum
1942 5518 2115 5572 adhuc
2144 5520 2444 5588 simplicius
2471 5520 2600 5572 tibia
2630 5525 2923 5579 uterentur,
2943 5515 3041 5569 sub
3069 5513 3321 5573 Arcturo.

1788 5625 1972 5664 mense
2022 5608 2427 5663 Boedromione.
2472 5627 2489 5658 ι
2527 5607 2600 5661 De
2630 5618 2752 5659 mm
2800 5616 2977 5659 tamen
3031 5602 3325 5671 intelligen-

1788 5698 1913 5752 dum
1946 5712 2083 5760 esse,
2114 5696 2400 5765 persuadet
2433 5695 2627 5766 gradus
2664 5694 2915 5763 Virginis,
2941 5707 3048 5761 quo
3078 5707 3198 5745 cum
3230 5688 3324 5742 Ju-

1789 5790 1929 5843 Iiano
1953 5790 2147 5844 sazculo
2171 5803 2329 5856 supra
2355 5787 2613 5841 tinitorem
2640 5786 2997 5849 attollebatur,
3020 5796 3205 5847 nempe
3237 5781 3319 5834 H.
