4046 6320
767 413 898 470 I371

1743 421 1833 474 AD
1871 419 2134 475 EUSEBII
2159 419 2551 476 CIIBONICON
2592 412 2943 475 APPENDIX.

3840 415 3941 469 I53

769 530 898 583 Item
921 529 989 583 de
1018 529 1224 586 heliaco
1256 540 1309 586 et
1340 542 1634 604 apparente
1661 530 1808 602 loqui
1837 536 2178 603 perspicuum
2209 524 2310 595 est,
2343 542 2385 596 Α
2484 534 2736 604 Polybius
2775 532 2940 589 Iib."I
2983 531 3175 587 scribit
3203 528 3507 604 'Romanos
3560 528 3635 583 in'
3676 527 3892 582 Africam
3922 546 3936 584 ἱ

768 633 881 676 ῑυηι
909 622 1054 692 quod
1079 612 1400 692 apparentes
1424 627 1626 694 potius,
1659 641 1820 694 quam
1853 642 2010 679 veros
2038 627 2104 679 ab
2131 635 2315 679 aucto-

765 715 922 768 ribus
954 715 1244 768 memorari
1273 715 1529 780 diximus,
1573 725 1687 768 tum
1719 717 1862 784 quod
1897 718 1950 769 in
1984 716 2219 786 Virginis
2247 718 2315 770 '27

765 803 988 873 gradum
1030 803 1267 881 incidere
1299 805 1542 862 videmus
1601 808 1865 861 heliacum
1907 815 2108 870 ortmu,
2143 803 2200 860 id
2231 815 2316 862 est

765 911 954 949 verum
982 906 1035 950 et
1059 897 1375 950 cosmiCum.
1406 895 1770 952 Parthenonis
1815 913 1977 965 porro
2022 913 2163 952 xxvu
2199 898 2314 951 dies

765 987 820 1038 in
842 979 1162 1041 Kalendario
1185 985 1253 1040 ad
1284 984 1614 1055 Septembris
1645 1005 1734 1041 xxx
1773 989 2098 1055 adnotatur;
2139 987 2316 1042 Theo-

768 1077 974 1146 phrasti
1007 1091 1136 1133 vero
1175 1081 1377 1134 saeculo
1403 1081 1608 1149 aliquot
1650 1088 1772 1134 ante
1801 1079 1990 1133 diebus
2017 1079 2310 1133 accidebat.

770 1168 1007 1240 Denique
1048 1169 1490 1227 Boedromionem
1523 1172 1725 1225 scimus
1769 1170 1990 1223 tertium
2038 1171 2107 1223 ab
2134 1171 2315 1224 solsti-

768 1261 881 1313 tiali
932 1277 1168 1318 mensem
1228 1262 1399 1317 fuisse
1463 1260 1729 1315 lunarem.
1762 1260 2080 1314 Ptolemaeus
2129 1268 2314 1314 uoster

767 1359 944 1404 ortum
1016 1353 1228 1407 confert
1303 1352 1520 1406 Arcturi
1585 1352 1651 1405 iu.
1695 1366 1818 1404 xxvi
1881 1349 2208 1420 Septembris
2259 1340 2348 1403 et.

768 1441 1019 1500 Octobris
1052 1458 1138 1506 tu,
1169 1450 1334 1498 recte.

833 1530 1038 1587 Plinius
1053 1533 1168 1602 (lib.
1191 1531 1372 1600 XVIII,
1387 1549 1438 1588 c.
1459 1529 1670 1600 XXVI),
1690 1532 1928 1586 eamdem
1953 1530 2164 1584 Arcturi
2187 1531 2313 1584 stel-

765 1622 873 1676 lam
904 1625 1098 1678 asserit
1125 1630 1368 1677 exortum
1401 1624 1764 1691 vespertinum
1801 1623 1977 1675 facere
2007 1637 2080 1673 vti
2113 1617 2312 1674 Kalen-

767 1714 865 1768 das
901 1711 1100 1776 Martii,
1129 1712 1423 1767 Columella
1455 1728 1582 1765 vero
1617 1727 1666 1764 Ix
1701 1710 1991 1766 Kalendas.
2049 1713 2101 1764 lu
2157 1713 2314 1766 later-

768 1804 894 1855 culo
949 1810 1138 1858 nostro
1195 1804 1533 1874 acronychus
1587 1812 1807 1856 exortus
1867 1802 2082 1854 Arcturi
2138 1801 2196 1854 lit
2254 1803 2308 1856 in

768 1892 937 1958 gradu
968 1891 1200 1946 Piscium
1251 1893 1337 1957 Η,
1369 1893 1420 1947 id
1465 1903 1548 1948 est
1598 1892 1922 1962 chthyonos
1965 1909 2072 1958 xw,
2103 1908 2222 1963 quae
2255 1894 2309 1947 in

770 1981 1092 2038 Kalendario
1141 1981 1316 2038 Martii
1371 2001 1403 2038 v
1458 1983 1730 2059 convenit.
1779 1981 2008 2045 Verum,
2057 1989 2115 2037 ut
2171 1998 2316 2054 saepe

769 2074 977 2128 dictam
1012 2082 1118 2137 est,
1154 2083 1306 2129 ortus
1341 2075 1680 2145 vespertinus
1718 2089 1898 2135 verus,
1931 2089 2088 2143 quem
2132 2075 2314 2129 tabula

769 2167 988 2234 praebet,
1020 2167 1287 2236 posterior
1325 2176 1408 2221 est
1456 2166 1756 2236 apparenti.
1805 2163 1928 2219 Ideo
1968 2166 2172 2235 aliquot
2198 2167 2315 2220 die-

771 2255 873 2310 bus
908 2264 1025 2323 post
1055 2271 1309 2312 occasum
1355 2257 1521 2312 solem
1562 2257 1811 2312 exoriens
1849 2257 2000 2311 stella
2032 2265 2315 2326 prospecta

770 2338 876 2410 est,
903 2347 1075 2403 donec
1100 2363 1283 2401 verum
1335 2349 1402 2402 ad
1441 2357 1686 2402 exortum
1722 2348 2043 2417 perveniret.
2088 2347 2154 2400 At
2199 2345 2318 2399 Fir-

770 2438 944 2493 micus
986 2439 1078 2492 lib.
1120 2436 1255 2500 VIII,
1308 2453 1431 2508 cap.
1480 2438 1622 2502 XIV,
1672 2439 1961 2492 Arcturum
2021 2438 2207 2492 scribit
2263 2438 2315 2491 in

769 2537 922 2598 parte
978 2527 1256 2598 Sagittarii
1303 2531 1490 2599 quinta
1542 2539 1719 2584 ortum
1773 2529 1998 2584 facere:
2043 2529 2185 2599 quod
2234 2537 2316 2582 est

771 2619 1140 2674 fulsissimum.
1174 2620 1440 2676 Oecasum
1475 2621 1840 2691 acronychdm
1889 2620 2086 2674 alicubi
2118 2620 2316 2690 legerat

771 2712 826 2763 in
861 2725 924 2764 ea
953 2719 1104 2780 parte
1146 2711 1298 2766 ﬁeri:
1331 2726 1429 2782 pro
1457 2726 1563 2781 quo
1595 2712 1962 2781 imprudenter
1991 2719 2164 2766 ortum
2195 2711 2314 2765 red-

767 2801 923 2884 didit.
967 2801 1316 2874 Acronycbus
1374 2819 1602 2859 occasus
1648 2803 1859 2858 Juliauo
1920 2803 2115 2858 saeculo
2160 2803 2318 2856 ﬁebat

769 2891 825 2945 in
879 2901 1032 2962 parte
1081 2892 1355 2963 Sagittarii
1414 2897 1469 2960 ι,
1532 2895 1772 2950 heliacus
1826 2906 2005 2949 autem
2057 2897 2112 2949 in
2167 2904 2317 2963 parte

770 2983 982 3053 Scorpii
1015 2983 1314 3039 undecima.
1348 2985 1519 3039 Porro
1554 2986 1835 3039 undecima
1866 2986 1980 3039 dies
2006 2984 2317 3054 Scorpionis

769 3075 943 3145 pridie
978 3073 1158 3130 Nonas
1187 3075 1513 3132 Novembres
1550 3075 1605 3129 in
1643 3085 1832 3130 nostro
1864 3075 2184 3129 Kalendario
2219 3090 2315 3128 no-

724 3239 738 3248 .
765 3173 916 3219 tatur
941 3184 954 3220 :
991 3166 1135 3220 circa
1163 3181 1323 3237 quem
1349 3167 1497 3222 'diem
1527 3182 1555 3219 a
1589 3165 1762 3220 Plinio
1804 3175 1856 3221 et
1900 3166 2190 3220 Columella
2221 3179 2315 3234 po-
2343 3185 2387 3245 ο

770 3255 940 3319 nitur,
979 3255 1083 3310 hoc
1110 3263 1194 3310 est
1223 3255 1406 3326 paucis
1451 3264 1574 3311 ante
1605 3255 1817 3318 diebus,
1849 3260 1910 3307 ut
1951 3270 2015 3307 ex
2046 3252 2311 3307 Kalenda-

770 3346 873 3410 rio,
913 3361 1075 3416 quem
1115 3347 1489 3402 exambobus
1528 3355 1581 3401 et
1618 3345 1811 3400 Ovidio
1851 3342 2204 3408 confecimus,
2249 3345 2316 3397 li-

769 3442 918 3506 Quet,
943 3437 1198 3508 quoniam
1226 3451 1491 3508 apparens
1515 3452 1745 3493 occasus
1769 3436 2110 3506 vespertinus
2133 3451 2316 3490 verum

770 3528 1060 3582 antecedit.
1115 3525 1355 3596 Denique
1407 3528 1700 3582 Celumella
1747 3528 1841 3580 lib.
1895 3526 1988 3590 IX,
2025 3541 2144 3596 cap.
2179 3525 2318 3592 XIV,

771 3617 965 3672 scribit
989 3617 1275 3672 Arcturum
1296 3619 1425 3671 oriri
1452 3627 1572 3688 post
1589 3618 2094 3687 quinquagesimum
2122 3631 2152 3668 a
2179 3616 2322 3668 caui-

769 3709 893 3762 cula
922 3708 1064 3762 diem
1095 3724 1111 3761 :
1143 3707 1286 3776 quod
1313 3707 1379 3762 de
1406 3715 1528 3762 ortu
1560 3707 1765 3761 heliaco
1791 3720 1975 3760 verum
2000 3712 2100 3760 est.
2135 3704 2313 3758 Sirius

769 3800 1045 3855 oriebatur
1074 3798 1270 3854 Caasari
1296 3800 1600 3855 Leontonos
1635 3813 1750 3860 vui,
1783 3798 1836 3852 id
1877 3806 1958 3852 est
1997 3795 2221 3867 Augusti
2257 3813 2316 3860 ιι,

767 3889 1036 3944 Arcturus
1086 3874 1459 3942 Partheuonos
1501 3902 1671 3950 xxvu,
1717 3886 2058 3941 intervallum
2108 3886 2319 3941 dierum

768 3978 1165 4050 quinquaginta
1193 3979 1512 4034 solidorum.

838 4074 1090 4129 Orionem
1124 4065 1526 4143 TheOphrastus
1547 4071 1620 4127 ait
1641 4072 1769 4124 oriri
1795 4069 1866 4122 ἐν’
1884 4072 2030 4140 ἀρχῇ
2054 4069 2152 4139 τῆς
2181 4066 2323 4120 ὀπώ-

766 4182 904 4237 ραςο
937 4166 1109 4218 δύνειν
1145 4169 1202 4218 ὲν
1234 4167 1372 4236 ἀρχῇ
1399 4161 1491 4216 τοῖ’)
1525 4163 1804 4232 χειμῶνος,
1846 4161 1939 4215 ubi
1977 4159 2193 4231 ὀπώραν
2221 4173 2319 4227 pro

771 4258 1070 4312 inclinante
1092 4256 1202 4325 jam
1234 4265 1417 4310 aestate
1440 4257 1624 4320 sumit,
1662 4254 1853 4310 diebus
1896 4253 2103 4322 aliquot
2133 4267 2160 4304 a
2192 4266 2320 4305 con-

773 4347 915 4403 fecto
959 4347 1210 4401 solstitio.
1261 4345 1318 4399 In
1361 4347 1645 4410 laterculo,
1687 4345 1871 4400 lucida
1909 4343 2061 4415 pedis
2107 4341 2324 4398 Orionis

771 4441 1040 4494 heliacum
1086 4446 1268 4492 ortum
1321 4437 1449 4492 facit
1486 4437 1806 4504 Carcinonis
1860 4453 2011 4499 xviu,
2048 4434 2173 4489 Julii
2222 4451 2317 4489 xu.

2421 625 2606 678 Sicilia
2640 625 2917 693 trajecisse
2950 624 3091 677 inter
3121 629 3302 675 ortum
3339 619 3557 675 Orionis
3602 630 3662 674 et
3708 619 3850 682 Sirii,
3878 619 3935 672 in-

2417 715 2701 769 commoda
2756 721 3090 783 tempestate.
3143 710 3334 765 Ortum
3384 711 3682 780 utrobique
3729 710 3935 777 intelligit

2407 805 2707 858 Iicliacum.
2737 803 2870 856 Nam
2904 801 3079 857 Sirius
3109 800 3414 854 Leontonos
3446 815 3567 861 vm,
3613 802 3828 853 ineunte
3858 799 3933 850 Ae-

2415 905 2597 964 gusto,
2626 892 2791 948 Orion
2832 895 2990 963 paqu
3022 901 3142 961 post
3175 893 3460 947 solstitium
3494 892 3630 944 oriri
3663 890 3929 958 incipiebat.

2413 985 2554 1055 Ergo
2581 984 2722 1040 Julio
2751 1001 2934 1039 mense
2961 987 3306 1054 navigarunt.
3341 982 3431 1036 Sic
3462 981 3739 1036 Hesiodus
3780 983 3933 1034 missis

2413 1091 2480 1131 ac
2507 1077 2717 1130 tritura:
2744 1085 2958 1145 tempus
2986 1075 3386 1130 circumscribit
3415 1073 3639 1128 Orionis
3670 1083 3884 1127 exortu:

2483 1228 2499 1243 .
2542 1229 2556 1242 .
2594 1229 2609 1243 .
2646 1183 2780 1241 Εὗτ⁹
2813 1187 2889 1240 ἂν
2918 1186 3115 1255 πρῶτα
3147 1186 3308 1255 φανῇ
3337 1162 3520 1254 μένὸς
3563 1187 3853 1252 Ὠρίωνος

2411 1320 2432 1338 τι
2483 1342 2497 1352 .
2537 1336 2552 1351 .
2595 1337 2609 1350 .
2648 1297 2778 1352 Cum
2804 1300 3028 1367 primunt
3071 1307 3318 1367 apparere
3351 1283 3502 1365 rapit
3543 1296 3709 1351 robur
3734 1294 3930 1350 Orionis.

2481 1406 2679 1461 Leonis
2714 1406 2769 1460 in
2798 1416 3013 1476 pectore
3065 1397 3211 1460 clara
3259 1406 3414 1460 stella
3451 1404 3658 1459 occidit
3694 1421 3830 1458 xxru
3863 1402 3931 1457 J2-

2411 1499 2611 1562 nuarii,
2646 1506 2704 1550 ut
2742 1498 2931 1552 scribit
2969 1497 3296 1559 Columella;
3322 1505 3380 1549 ut
3420 1495 3675 1559 Ovidius,
3721 1510 3855 1548 xxiv.
3891 1494 3930 1546 In

2411 1588 2672 1640 laterculo
2699 1596 2886 1641 nostro
2914 1586 3098 1640 eadem
3129 1586 3283 1641 stella
3307 1585 3593 1655 Hydronos
3628 1587 3786 1638 tertio
3806 1599 3930 1636 mane

2409 1678 2627 1740 occidit,
2663 1692 2886 1746 prorsus
2917 1683 2976 1729 ut
3013 1673 3235 1730 Ovidius
3276 1674 3458 1736 refert,
3508 1671 3754 1726 Januarii
3811 1689 3928 1725 xxiv.

2410 1767 2588 1832 Quare
2617 1767 2683 1821 de
2714 1781 2911 1820 occasu
2947 1765 3189 1826 (δοεωίρο
3215 1761 3512 1832 capiendus
3550 1769 3658 1816 est.
3699 1763 3764 1813 At
3799 1761 3930 1814 Cale

2340 1869 2379 1923 Β
2409 1857 2566 1910 mella
2589 1855 2782 1909 Leonis
2813 1857 3010 1908 claram
3041 1856 3095 1908 in
3136 1862 3352 1923 pectore
3391 1852 3603 1905 stellam
3647 1851 3839 1919 exoriri
3868 1866 3932 1904 as-

2415 1947 2547 2002 serit
2577 1963 2630 2000 ut
2663 1940 2924 2002 Kalendas
2963 1945 3187 2015 Augusti
3224 1951 3278 1998 et
3317 1944 3492 2013 pridie
3518 1937 3704 1997 Nonas
3735 1942 3930 2011 Augusti

2414 2037 2646 2094 Leonem
2683 2038 2814 2092 oriri
2841 2038 3100 2092 medium.
3135 2036 3290 2102 Quod
3315 2035 3383 2091 de
3411 2036 3621 2090 heliaco
3652 2051 3758 2088 non
3787 2045 3932 2102 potest

2416 2129 2622 2198 accipi;
2652 2131 2743 2199 qui
2783 2128 3091 2182 Leontonos
3121 2143 3274 2188 xvut,
3323 2127 3549 2196 Augusti
3594 2143 3674 2179 xu
3713 2126 3932 2194 primitur

2413 2221 2663 2288 occmpit,
2694 2221 2760 2274 ad
2785 2235 2968 2274 verum
3003 2226 3055 2271 ct
3087 2218 3381 2272 cosmicum
3412 2217 3600 2270 referri
3641 2225 3830 2286 potest.
3857 2219 3931 2266 At-

2414 2312 2504 2378 qui
2551 2309 2756 2364 Plinius
2806 2310 2900 2363 lib.
2937 2307 3136 2373 XVIII,
3175 2323 3295 2377 cap.
3341 2306 3576 2374 XXVIII,
3606 2327 3626 2358 ι
3656 2311 3811 2362 tertio
3850 2306 3933 2359 Κλ

2413 2382 2636 2464 Iettdas,
2691 2401 2798 2465 ait,
2875 2399 3101 2468 Augusti
3166 2400 3366 2453 mensis
3439 2400 3588 2466 regia
3638 2399 3694 2451 in
3748 2406 3934 2468 pedore

2415 2492 2610 2545 Leonis
2634 2491 2786 2545 stella
2817 2491 3078 2544 matutino
3106 2489 3305 2543 Cazsari
3349 2489 3705 2559 immergitur.
3737 2508 3755 2540 ι
3787 2489 3934 2543 Hate-

2413 2582 2584 2635 tinum
2624 2597 2876 2636 occasum
2928 2583 3039 2635 haec
3077 2580 3239 2634 verba
3290 2581 3702 2653 demonstrant,
3756 2581 3844 2650 qui
3893 2581 3933 2632 in

2415 2671 2636 2740 Aquarii
2679 2672 2848 2740 gradu
2881 2671 3061 2731 tertio,
3083 2669 3327 2724 Januarii
3349 2685 3475 2724 xxiv
3499 2671 3717 2725 accidit.
3747 2670 3934 2725 Maride

2415 2780 2510 2820 sus
2536 2778 2666 2833 ergo
2689 2763 2841 2816 locus
2869 2773 2953 2816 est
2981 2761 3158 2825 Plinii,
3185 2777 3252 2816 ac
3295 2761 3578 2832 legendum
3620 2763 3838 2816 omnino
3872 2773 3936 2817 est

2419 2873 2439 2904 ι
2479 2854 2723 2922 emergit,
2759 2873 2776 2903 ο
2804 2854 2886 2907 vel
2913 2872 2931 2902 ι
2984 2854 3298 2922 emergitur,
3335 2871 3353 2903 ι
3389 2854 3443 2907 id
3483 2861 3572 2908 est
3619 2853 3789 2906 oritur
3833 2869 3933 2907 cum

2416 2945 2550 3000 sole.

2500 3037 2756 3092 Geminus
2821 3051 3070 3090 occasum
3138 3034 3335 3091 Leonis
3393 3045 3757 3091 consentanee
3813 3037 3937 3105 ponit

2418 3131 2635 3202 Aquarii
2689 3130 2945 3186 secundo.
3004 3123 3324 3184 Ptolemaeus
3376 3123 3597 3182 Leonici
3654 3130 3937 3182 basiliscnm

2419 3222 2662 3277 Occidere
2699 3223 2886 3276 scribit
2911 3238 2959 3274 vt
2984 3220 3251 3276 Kalendas
3287 3219 3588 3284 Februarii,
3629 3222 3742 3276 sive
3763 3219 3937 3273 Janua-

2373 3316 2484 3368 ~rii
2538 3331 2703 3368 xxvn.
2752 3312 2970 3368 Graecus
3026 3321 3204 3367 autem
3256 3329 3285 3365 a
3335 3313 3493 3366 nobis
3547 3314 3729 3367 editus
3775 3314 3940 3366 Statuit

2416 3405 2654 3473 ejusdem
2684 3420 2936 3462 occasum
2976 3405 3031 3457 in
3055 3402 3320 3467 Januarii,
3375 3404 3459 3459 vel
3503 3402 3639 3474 Tybi
3685 3418 3832 3466 xxu;
3860 3417 3939 3455 nec

2416 3512 2522 3550 non
2557 3497 2777 3561 Mecbir,
2809 3498 2890 3552 vel
2927 3493 3208 3551 Februarii
3253 3511 3326 3552 vt.
3375 3496 3579 3550 Sextus
3607 3493 3804 3551 Hechir
3827 3509 3938 3549 oea-

2417 3589 2562 3646 veuit
2585 3586 2832 3643 Januarii
2860 3588 3072 3646 ultimo.

2486 3680 2630 3732 Inter
2656 3677 2867 3749 Hyades
2895 3675 3231 3733 lucidissima
3261 3684 3367 3741 est,
3389 3691 3510 3746 quae
3536 3676 3594 3731 in
3619 3675 3773 3730 ocqu
3799 3673 3936 3727 Tauri

2416 3762 2591 3838 'posita
2617 3768 2916 3823 Palilicium
2948 3769 3101 3823 sidus
3141 3783 3172 3823 a
3215 3766 3476 3822 Romanis
3524 3777 3770 3822 vocatur.
3797 3764 3936 3819 Ocea-

2419 3875 2537 3912 sum
2561 3859 2804 3930 Hyadum
2844 3858 3010 3914 refert
3049 3859 3318 3915 Hesiodus
3358 3860 3414 3914 in
3446 3859 3590 3914 idem
3627 3868 3831 3927 tempus
3853 3872 3936 3923 quo

2418 3949 2659 4005 Pleiades
2683 3958 2736 4006 et
2765 3949 2932 4004 Orion
2967 3950 3256 4016 occidunt;
3288 3950 3452 4018 idque
3506 3949 3741 4003 aratioai
3769 3963 3933 4017 opper-

2419 4037 2607 4096 tunum
2634 4058 2755 4098 esse
2784 4041 2976 4096 scribit
3005 4043 3059 4095 in
3095 4041 3334 4097 secundo
3357 4041 3530 4095 libro:

2513 4146 2523 4151 “
2602 4188 2604 4190 τ
2739 4179 2783 4206 -.
2825 4190 2842 4204 .
2883 4192 2898 4204 .
2937 4193 2950 4205 .
2995 4190 3008 4202 .
3050 4151 3245 4218 Αὐτὰρ
3271 4150 3525 4217 ἐπὴνδῆ

2417 4188 2709 4288 Πλητάδες
2727 4193 2805 4275 0'"
2818 4190 3008 4284 ὶθὰδὲέ
3025 4188 3538 4285 τζῖὲῗὲἕᾝὸἓὲέὲ
3577 4220 3836 4288 Ὠρίωνος

2418 4287 2686 4346 Δύνωσιν
2715 4331 2730 4355 ,
2760 4292 2874 4343 τότ’
2897 4290 3072 4343 ἔπειτ’
3100 4290 3314 4356 ἀρότου
3329 4287 3708 4359 μεμνημένος
3725 4287 3874 4344 εἶναι.

2419 4425 2425 4451 ⁸
2491 4420 2594 4475 Hic
2632 4435 2884 4476 occasum
2932 4421 3258 4474 matutinum
3295 4419 3410 4476 sive
3434 4419 3737 4474 cosmicum
3767 4417 3931 4490 signiﬁ-

775 4531 880 4585 Sed
918 4528 1282 4599 Theophrasti
1325 4529 1543 4592 saeculo,
1590 4536 1645 4583 et
1692 4528 1921 4582 Athenis
1964 4527 2226 4582 maturius
2269 4527 2320 4580 id

2423 4521 2529 4565 cat.
2560 4509 2691 4563 Nam
2721 4512 2775 4565 in
2806 4513 3067 4566 laterculo
3091 4520 3277 4566 nostro
3315 4509 3620 4565 Palilicium
3646 4527 3800 4566 mane
3824 4511 3932 4565 oeti-

776 4623 955 4676 liebat.
985 4620 1184 4676 Verum
1221 4627 1342 4690 post
1393 4629 1547 4673 ortus
1597 4618 1790 4673 heliaci
1836 4618 1978 4672 diem
2009 4631 2076 4672 ex
2123 4617 2322 4671 tabulis

775 4712 1076 4767 (onfectum
1112 4721 1431 4780 apparentes
1465 4710 1623 4764 iidem
1670 4715 1824 4762 ortus
1870 4707 2121 4761 matutini
2174 4721 2324 4775 repe-

775 4815 980 4858 tuntur.
1022 4802 1206 4872 Itaque
1249 4809 1578 4873 propagatus
1625 4800 1714 4854 hic
1757 4807 1910 4853 ortus
1945 4807 2030 4852 est
2060 4798 2228 4869 usque
2257 4797 2323 4851 ad

772 4894 989 4964 ὀπώρας
1018 4893 1252 4947 initium.
1282 4893 1350 4959 At
1373 4893 1673 4947 matutinus
1707 4905 1935 4946 occasus
1962 4889 2202 4958 ejusdem
2242 4889 2325 4941 lu-

774 4987 907 5040 cidae
951 4985 1176 5055 contigit
1222 4982 1548 5054 SeorpiOnos
1591 5000 1646 5047 v,
1692 4981 1946 5037 Octobris
1977 4998 2099 5034 xm
2129 4998 2145 5046 ;
2178 4996 2326 5034 some

776 5079 951 5133 media
981 5076 1310 5145 Scorpionos
1331 5090 1408 5130 xu
1442 5076 1663 5138 occidit,
1693 5073 2011 5142 Novembris
2038 5089 2068 5122 v
2093 5091 2108 5140 ;
2140 5072 2325 5125 hume-

775 5184 869 5222 rus
897 5155 1082 5224 dexter
1111 5167 1440 5236 Scorpionos
1470 5181 1582 5230 xxI,
1625 5164 1943 5220 Novembris
1987 5179 2091 5217 xrv.
2144 5163 2326 5231 Itaque

773 5275 959 5316 verum
981 5272 1064 5316 est
1098 5260 1317 5314 ineunte
1344 5259 1519 5312 hieme
1548 5255 1800 5312 Orionem
1845 5255 2129 5309 occidisse.
2178 5254 2324 5306 Con-

775 5354 998 5406 veniunt
1025 5362 1078 5406 et
1121 5366 1244 5421 qua
1279 5352 1347 5406 de
1391 5348 1607 5404 Orionis
1641 5357 1766 5404 ortu
1812 5347 1881 5400 ab
1926 5344 2135 5408 Ovidio,
2160 5345 2323 5399 Colu-

775 5445 955 5506 mella,
989 5449 1042 5497 et
1073 5441 1250 5496 Plinio
1277 5442 1599 5512 produntur,
1631 5448 1689 5494 ut
1720 5453 1845 5494 eum
1883 5452 2072 5491 zonam
2109 5436 2327 5490 OI‘II‘I'YI

777 5534 1044 5590 Kalendas
1069 5532 1198 5588 Julii
1231 5542 1483 5592 asserunt
1521 5514 1745 5586 Ovidius
1789 5536 1846 5585 et
1896 5527 2125 5583 Plinius.
2158 5527 2329 5582 Media

778 5626 976 5695 quippe
1021 5625 1172 5680 stella
1227 5625 1384 5680 baltei
1417 5625 1471 5678 in
1504 5621 1734 5692 Egypto
1772 5619 2108 5674 Carcinonos
2134 5628 2328 5688 quarto

781 5717 981 5771 lieliace
1012 5718 1282 5774 oriebatur
1313 5716 1494 5771 Roma:
1530 5729 1673 5780 xvu;
1706 5711 1799 5768 sed
1832 5722 1953 5767 ante
1983 5713 2117 5765 hanc
2151 5713 2206 5765 in
2235 5727 2328 5765 eo-

781 5807 898 5861 dem
924 5807 1098 5862 balteo
1132 5809 1296 5862 altera
1325 5808 1621 5876 consurgit.

2421 4605 2500 4660 dit
2528 4605 2583 4658 in
2611 4603 2777 4674 gradu
2802 4606 2835 4660 9
2869 4605 3080 4673 Scorpii
3109 4603 3311 4665 Romae,
3343 4602 3397 4656 id
3429 4612 3512 4658 est
3547 4601 3855 4657 Novembris
3873 4600 3926 4651 Ξ.

2420 4711 2530 4765 quo
2555 4694 2642 4748 die
2661 4691 2957 4748 Columella
2984 4691 3150 4747 Tauri
3179 4701 3344 4762 caput
3359 4706 3618 4747 occasum
3641 4690 3814 4746 facere
3829 4688 3932 4744 scri-

2421 4787 2522 4851 bit,
2554 4793 2611 4840 ut
2651 4793 2706 4840 et
2731 4785 2989 4841 Geminus
3040 4801 3107 4840 ex
3149 4784 3393 4853 Calippo.
3421 4784 3494 4836 At
3522 4784 3579 4837 in
3608 4781 3831 4854 Egypto
3850 4797 3932 4836 rs:-

2421 4883 2632 4938 tutinus
2657 4897 2882 4938 occasus
2925 4881 3084 4936 (iebat
3123 4881 3177 4934 in
3206 4879 3376 4950 gradu
3421 4877 3637 4949 Scorpii
3663 4877 3930 4933 undecima

2420 4975 2737 5031 Novembris
2767 4992 2835 5030 tv.
2860 4975 3026 5029 Porro
3047 4975 3188 5030 idem
3211 4971 3512 5025 Columella
3531 4970 3784 5027 Suculam
3812 4980 3932 5022 male

2423 5066 2668 5126 occidere
2711 5067 2788 5124 ait
2835 5081 2923 5121 xxx
2969 5061 3304 5127 Novembris,
3371 5075 3586 5115 necnon
3651 5055 3930 5128 Bbapsodas

2426 5157 2514 5212 ille
2550 5157 2650 5211 sub
2692 5155 2909 5210 nomine
2950 5151 3279 5208 Ptolemaeis!
3312 5149 3548 5205 Leonico
3592 5148 3789 5205 editus.
3829 5145 3930 5199 Nam

2425 5245 2642 5301 Grmeus
2675 5253 2863 5301 noster
2893 5245 2948 5298 in
2977 5242 3315 5306 Novembris,
3347 5241 3432 5295 vel
3468 5240 3641 5310 Athyr
3670 5254 3760 5292 xv:
3794 5235 3930 5290 Saca-

2425 5338 2801 5393 larumortum
2842 5333 3165 5388 matutinum
3207 5332 3465 5402 conjicit.,
3490 5330 3646 5400 Apud
3683 5327 3928 5384 Gemina

2426 5427 2670 5499 Hyadum
2713 5437 2944 5488 occasus
2986 5423 3076 5479 die
3114 5423 3446 5494 Scorpionos
3489 5437 3661 5486 xxvu,
3686 5424 3755 5476 ex
3778 5420 3927 5474 Eucte-

2428 5536 2620 5587 mone;
2642 5536 2705 5574 ex
2737 5518 2979 5580 Eudoxo,
3002 5532 3130 5574 xxnx
3158 5513 3444 5584 contingit,
3467 5514 3562 5584 qui
3587 5511 3718 5568 Julii
3743 5513 3928 5567 Caesars

2419 5624 2583 5672 aetate
2602 5611 2998 5684 respondebant
3025 5607 3344 5666 Novembris
3387 5609 3458 5660 ix
3501 5614 3555 5662 et
3600 5622 3751 5672 nu;
3779 5604 3930 5657 Euat-

2429 5709 2603 5762 monis
2633 5713 2758 5761 vero
2779 5713 2832 5774 et
2867 5702 3070 5758 Eudoxi
3111 5701 3332 5764 saeculo,
3376 5699 3495 5755 dies
3541 5701 3670 5754 illos
3695 5692 3928 5752 antem-ab

2434 5794 2581 5856 bant.
2608 5799 2704 5854 Hic
2725 5805 2807 5853 est
2834 5811 3098 5867 apparens
3125 5808 3354 5849 occasus
3381 5792 3685 5847 matutinus
3706 5785 3929 5853 Hm
