4046 6320
45 143 153 329 ι

136 441 286 497 1375
918 438 1367 499 DISSERTATIO
1398 443 1487 497 DE
1524 442 1687 531 ORT}

1787 444 1834 499 ιτ
1875 444 2138 502 occasu
2180 429 2522 503 smenuu.‘
3193 440 3326 498 um

132 556 355 627 quiest
383 558 508 612 veru“
530 560 820 627 posterior.
851 553 974 614 Ideo
1019 567 1142 631 post
1176 560 1470 617 cosmicum
1504 577 1687 617 verum
1716 566 1762 620 Δ
1792 561 1979 618 Romae
2010 563 2169 619 fiebat
2201 568 2256 618 in
2287 562 2456 633 gradu
2482 557 2795 630 Capricorni
2820 556 3119 619 undecimo,
3153 556 3205 611 id
3240 564 3329 611 εει

136 646 215 699 ad
262 647 378 701 dies
422 649 622 717 aliqum
668 649 1009 704 extenditur:
1038 650 1483 718 quemadmodum
1532 654 1697 705 ortus"
1784 654 2025 710 Januarii
2078 672 2152 719 ιι;
2203 654 2541 709 Alexandria:
2609 649 2856 719 in-gradu
2897 648 3121 716 quinto,
3171 656 3325 702 sexto

134 738 486 804 Vespertinus
516 751 676 791 verus
722 737 987 805 posterior
1029 746 1112 792 est
1154 738 1555 807 apparentibus,
1590 739 1683 803 qui
1785 744 2007 801 KalemL
2054 745 2173 799 Jan,
2229 744 2545 799 Ptolemaeus
2602 741 2819 795 Graecus
2872 737 3198 803 Decembris,
3240 751 3327 802 vel

136 826 395 895 Pluribus
416 827 605 882 ἀίεδυε
654 836 777 881 θυῖε
798 828 948 883 “lum
984 842 1125 895 saepe
1162 834 1481 896 τερθῐυηῑυῐ
1504 826 1561 880 in
1585 825 1687 879 Fa-
1785 836 1982 891 Chceac
2016 852 2185 902 xxvii,
2212 843 2265 890 et
2302 850 2409 889 xxx
2436 832 2684 901 Aquilam
2711 830 2953 885 occidere
2980 830 3054 883 ait
3078 841 3327 897 vespere;

138 915 271 969 stis.
318 914 488 970 Verus
539 926 760 970 exortus
824 919 1163 988 vespertinus
1209 916 1435 971 Palilicii
1492 915 1687 971 sideris
1786 926 2009 981 Gemino
2058 941 2273 995 quoque
2324 924 2550 993 septimo
2597 921 2908 991 Capricorni
2959 920 3099 978 idem
3151 920 3327 974 evenit

136 1004 276 1059 Julii
316 1015 571 1077 tempore,
607 1007 929 1077 Scorpionos
956 1025 1067 1073 ιιι,
1100 1006 1414 1063 Novembris
1440 1023 1531 1061 xiv
1559 1021 1690 1061 con-

140 1099 390 1168 gruebat,
418 1108 538 1168 post
568 1114 753 1153 verum
780 1114 1032 1155 occasum
1073 1101 1412 1153 matutinum.
1448 1096 1554 1152 Sed
1592 1112 1690 1166 ap-

138 1202 345 1257 parens
398 1197 551 1243 ortus
602 1191 941 1258 vespertinus
986 1190 1319 1259 praecedebat
1360 1207 1374 1243 :
1422 1204 1583 1258 quem
1638 1204 1691 1247 γι

138 1277 486 1346 Novembris,
525 1281 609 1335 vel
650 1281 839 1351 Athyr,
882 1280 1126 1335 Graecum
1156 1279 1425 1333 Ptolemaei
1471 1292 1691 1347 parape-

140 1384 273 1438 gma
322 1369 568 1424 collocat.
609 1368 867 1426 Geminus
911 1377 1089 1424 autem
1128 1370 1374 1441 Zygonos
1417 1382 1551 1431 xxii,
1581 1366 1691 1420 Eu-

142 1459 275 1512 doxi
305 1460 537 1527 seculo;
570 1459 775 1516 Plinius
806 1462 898 1515 lib.
928 1460 1113 1525 XVIII,
1162 1476 1282 1529 cap.
1322 1458 1511 1522 XXXI,
1543 1465 1692 1513 sexto

140 1550 415 1607 Kalendas
459 1551 775 1607 Novembris
822 1552 1051 1607 Suculas
1099 1553 1175 1605 ait
1224 1551 1423 1606 exoriri
1459 1551 1689 1619 vesperi,

138 1640 335 1695 eodem
394 1640 602 1697 scilicet
654 1650 942 1712 apparente
991 1649 1134 1697 ortu.
1185 1641 1307 1694 Mox
1348 1653 1475 1695 vero
1522 1639 1694 1708 pridie

141 1730 417 1787 Kalendas
451 1731 779 1803 Novembres
807 1732 1002 1788 Caesari
1024 1732 1155 1786 dicit
1185 1734 1389 1787 exoriri
1421 1744 1544 1785 cum
1581 1730 1693 1784 sole

144 1821 401 1885 Suculas.
431 1822 607 1879 Falso.
665 1824 797 1878 Nam
847 1824 900 1878 id
959 1836 1125 1879 verno
1175 1832 1415 1893 tempore
1467 1820 1682 1877 accidit.

1788 1024 2006 1070 auctore
2047 1008 2395 1069 Euctemone.
2427 1012 2679 1065 Eamdem
2709 1025 2867 1064 mane
2896 1010 3026 1065 oriri
3070 1009 3325 1063 vicesimo

1790 1112 1939 1159 sexto
1966 1102 2215 1158 Toxonos
2249 1102 2512 1158 referebat
2539 1100 2812 1154 Eudoxus.
2853 1096 2944 1153 Sic
2976 1099 3031 1151 in
3068 1097 3328 1151 laterculo

1790 1205 1975 1249 nostro
2010 1201 2162 1248 ortus
2205 1193 2349 1248 illius
2390 1191 2634 1246 heliacus
2662 1192 2719 1243 in
2743 1201 2909 1242 xxvm
2957 1186 3207 1241 Toxonos
3242 1186 3327 1238 ιιι-ο

1790 1286 1979 1351 currit,
2014 1285 2107 1353 qui
2136 1293 2222 1339 est
2254 1282 2566 1337 Decembris
2612 1297 2724 1333 xxi.
2766 1279 2981 1333 Crzecus
3009 1276 3328 1331 Ptolemaeus

1790 1376 2120 1438 Decembris,
2155 1374 2236 1429 vel
2266 1374 2467 1428 Chmac
2506 1388 2630 1425 xxv.
2674 1370 2989 1440 Rhapsodus
3025 1384 3057 1422 a
3094 1366 3328 1421 Leonico

1789 1469 1965 1523 editus
2007 1465 2261 1519 mendose
2308 1464 2487 1518 habet.
2514 1470 2689 1517 ortum
2721 1460 3091 1529 vespertinum
3123 1455 3327 1525 Aquilae

1791 1572 1846 1609 ιιι
1869 1554 2090 1629 Kalend.
2112 1552 2331 1607 Januar.
2353 1551 2452 1615 Hic
2478 1551 2618 1606 enim
2642 1552 2695 1607 in
2713 1549 2878 1621 gradu
2906 1547 3249 1603 Geminorum
3272 1562 3328 1600 Ix

1791 1645 2033 1715 contigit,
2066 1642 2211 1698 Junii
2233 1660 2293 1707 ιι,
2332 1643 2419 1697 cui
2459 1651 2512 1697 et
2549 1636 3164 1701 ColumellaetPlinius
3199 1637 3327 1690 asti-

1792 1734 2062 1804 pulantur,
2112 1748 2318 1789 necnon
2347 1731 2589 1799 Ovidius,
2634 1732 2765 1801 quin
2798 1736 2850 1785 et
2878 1728 3159 1799 Rapsodus
3188 1727 3327 1796 ipse-

1792 1835 1924 1880 met.

143 1912 380 1982 Scripsit
407 1922 497 1967 aut
524 1914 759 1969 scribere
777 1914 983 1979 debuit,
1005 1933 1023 1965 ι
1046 1928 1171 1968 cum
1198 1884 1312 1968 sole
1331 1911 1634 1968 occidente.
1659 1931 1677 1963 ι
1715 1884 1756 1937 Β
1852 1912 2024 1981 Varro
2053 1911 2144 1967 lib.
2188 1908 2233 1963 Il
2270 1910 2345 1965 De
2382 1927 2437 1964 re
2478 1886 2696 1973 rustica:
2730 1923 2847 1976 cap.
2900 1905 2988 1961 II:
3028 1924 3046 1958 ι
3095 1904 3327 1973 Tempus

138 2000 451 2055 Palilicium
504 2004 654 2059 sidus
710 2003 851 2060 idem
905 2003 1113 2059 Plinius
1157 2004 1298 2057 libro
1340 2002 1525 2064 XVIII,
1565 2018 1683 2072 cap.

138 2090 338 2155 XXVI,
364 2092 526 2147 refert
551 2094 795 2149 occidere
834 2110 1056 2162 vespere
1092 2110 1158 2148 ex
1185 2092 1425 2148 Caesaris
1452 2092 1683 2154 calculo,

139 2199 219 2236 xv
266 2183 530 2239 Kalendas
561 2184 748 2247 Maias,
790 2185 841 2239 id
883 2195 967 2239 est
1004 2185 1235 2261 Crionos
1263 2198 1412 2247 xxvi,
1444 2197 1603 2253 quem
1630 2182 1684 2234 in

140 2272 293 2326 diem
328 2273 565 2331 heliacus
590 2288 815 2328 occasus
857 2274 1002 2331 illius
1040 2288 1106 2328 ex
1144 2274 1345 2328 nostris
1383 2271 1685 2327 ratiociniis

142 2362 358 2417 incidit.
391 2362 714 2431 Ptolemaeus
760 2364 976 2417 Leonici
1025 2364 1253 2419 Suculas
1298 2364 1372 2418 ait
1412 2376 1687 2433 emergere

142 2454 352 2523 Aprilis
372 2472 440 2509 VI.
461 2454 571 2510 lmo
592 2457 1045 2525 immergebantur
1076 2456 1166 2510 illo
1198 2464 1455 2526 tempore,
1489 2464 1541 2509 et
1566 2461 1688 2524 post

141 2560 401 2599 occasum
453 2547 617 2609 solem
670 2547 1072 2608 condebantur.
1134 2547 1279 2617 quod
1327 2546 1525 2615 Aprilis
1574 2561 1685 2599 xvii

142 2642 419 2702 postremo
446 2634 729 2706 faciebant.
772 2635 909 2690 Hinc
950 2635 1089 2705 apud
1134 2635 1379 2690 eumdem
1418 2649 1495 2688 xu
1532 2633 1688 2704 Apri-

141 2724 237 2787 lis,
265 2739 352 2787 xv,
385 2739 470 2777 xvi
497 2732 549 2778 et
579 2740 686 2778 xvii
726 2726 983 2779 occultari
1029 2741 1248 2794 vespere
1280 2727 1549 2779 dicuntur.
1594 2724 1688 2777 Et-

137 2814 293 2869 enim
334 2822 484 2871 ortus
527 2814 753 2871 Palilicii
786 2817 1084 2871 matutinus
1120 2830 1386 2887 apparens
1422 2818 1584 2887 ccepit
1629 2818 1687 2871 in

139 2905 375 2961 Julianis
404 2903 579 2961 Fastis
610 2904 932 2976 Didymonos
962 2923 1037 2969 xi,
1063 2906 1209 2961 Junii
1249 2923 1320 2959 iv.
1351 2906 1498 2962 Unde
1526 2909 1688 2963 casti-

141 2997 357 3067 gandus
387 3005 469 3052 est
503 2997 816 3053 Ptolemaeus
863 2997 1045 3053 Gmce
1092 3013 1123 3051 a
1171 2999 1325 3055 nobis
1351 3000 1554 3066 editus;
1596 3001 1685 3070 qui

137 3088 295 3143 Junii
331 3102 388 3141 ιιι
424 3088 655 3142 lucidam
684 3087 1004 3144 Sucularum
1042 3090 1115 3142 ait
1142 3091 1386 3145 occidere
1422 3106 1643 3161 vespere
1669 3131 1684 3156 ,

1784 2006 2047 2075 optimum
2079 2003 2146 2057 ad
2186 2000 2572 2055 admittendum
2604 1999 2692 2071 (de
2736 1998 2927 2052 ovibus
2974 1995 3230 2064 loquitur)
3259 1995 3328 2048 ab

1783 2095 1997 2150 Arcturi
2025 2108 2221 2147 occasu
2252 2091 2321 2155 ad
2348 2092 2553 2160 Aquin
2582 2104 2855 2145 occasum.
2893 2106 2911 2139 ι
2950 2085 3155 2143 Plinius
3192 2100 3327 2153 quo-

1784 2205 1887 2257 que
1910 2188 2004 2240 lib.
2038 2184 2173 2248 VIII,
2196 2199 2245 2239 c.
2271 2182 2455 2236 XLVII
2492 2202 2505 2236 :
2547 2202 2569 2233 ι
2606 2182 2791 2237 Coitus
2818 2178 3071 2235 omnibus
3120 2176 3189 2231 ab
3225 2179 3325 2229 Ar-

1784 2279 1923 2333 cturi
1953 2292 2171 2340 occasu,
2198 2275 2342 2345 quod
2366 2283 2451 2330 est
2478 2290 2525 2327 a.
2560 2274 2613 2328 d.
2644 2274 2861 2328 tertium
2891 2272 3017 2325 Idus
3044 2268 3229 2332 Maias,
3256 2268 3325 2321 ad

1782 2370 1987 2440 Aquilae
2020 2383 2292 2433 occasum,
2325 2367 2380 2421 id
2408 2374 2493 2421 est
2520 2381 2617 2420 xui
2659 2364 2925 2418 Kalendas
2967 2362 3253 2432 AuguStas.
3297 2377 3319 2409 ι

1783 2458 1860 2513 Ita
1885 2460 2139 2529 legendus
2176 2458 2263 2513 hic
2312 2458 2487 2521 locus,
2530 2456 2624 2526 qui
2665 2456 2824 2524 vulgo
2858 2453 3177 2521 depravatus
3218 2458 3321 2503 est.

1783 2548 2093 2621 Intelligunt
2122 2547 2409 2617 utrobique
2439 2546 2736 2601 cosmicum
2777 2558 3025 2600 occasum
3070 2541 3182 2595 sive
3212 2555 3325 2592 ma-
3412 2566 3415 2567 ν

1780 2640 2057 2703 tutinum;
2098 2636 2241 2692 nam
2295 2637 2563 2692 Arcturus
2622 2636 2677 2690 in
2734 2635 3080 2689 Geminorum
3134 2642 3326 2701 quarto

1784 2728 1953 2799 gradu
1985 2727 2277 2798 incipiebat
2312 2729 2579 2790 occidere,
2618 2728 2672 2781 id
2708 2736 2791 2783 est
2830 2726 2949 2780 Maii
2992 2742 3182 2791 xxvm,
3216 2724 3326 2779 Ro-

1783 2836 1915 2883 maa;
1948 2818 2289 2874 Alexandriae
2333 2833 2461 2873 vero
2509 2816 2791 2871 Tauronos
2828 2832 2947 2881 xm,
2988 2816 3041 2868 id
3089 2823 3171 2870 est
3202 2814 3325 2867 Maii

1782 2920 1934 2966 sexto
1960 2928 1974 2963 :
1997 2910 2187 2977 Aquila
2222 2924 2375 2963 mane
2406 2909 2530 2963 item
2558 2908 2761 2962 occidit
2790 2906 2969 2959 Roma:
2994 2905 3325 2959 Carcinonos

1784 3018 1952 3067 XXVII,
1978 3000 2031 3054 id
2060 3008 2142 3055 est
2182 3016 2257 3054 xu
2300 2999 2567 3054 Kalendas
2612 3002 2900 3069 Augustas.
2951 2996 3065 3051 lloc
3111 3004 3326 3065 tempus

1786 3093 2098 3147 admissurae
2126 3091 2341 3145 unicum
2370 3091 2560 3145 ovibus
2590 3091 2748 3145 ambo
2776 3090 2850 3143 illi
2882 3089 3145 3144 tribuunt.
3177 3088 3328 3143 Post-

139 3179 292 3250 quod
317 3186 401 3233 est
426 3178 639 3234 falsum.
664 3180 785 3234 Ideo
814 3182 990 3235 statim
1020 3179 1162 3234 Junii
1191 3196 1265 3233 vu
1309 3181 1459 3251 ἑῷος,
1493 3182 1685 3251 inquit,
1713 3213 1756 3270 ε
1786 3196 1848 3234 ea
1880 3181 2126 3250 concepti
2162 3180 2286 3249 agni
2331 3180 2554 3233 invalidi
2603 3188 2748 3244 sunt,
2781 3180 2855 3232 ait
2894 3179 3099 3235 Plinius
3134 3198 3149 3234 :
3188 3194 3325 3249 quos

141 3269 432 3324 ἐπιτέλλει.
472 3268 588 3323 Νοιι
633 3272 812 3325 minus
858 3272 1202 3339 castigandus
1256 3282 1337 3327 est
1383 3272 1685 3339 Geminus,

1797 3290 1815 3327 ς
1861 3270 2054 3325 cordos
2091 3290 2110 3321 ι
2138 3270 2342 3337 antiqui
2380 3272 2661 3325 vocabant.
2688 3268 2885 3323 Verum
2923 3270 3146 3323 alterum
3190 3276 3351 3337 prie-3

142 3361 243 3429 qui
275 3359 559 3413 Tauronos
602 3359 689 3413 die
720 3375 866 3412 xxxii
912 3360 1081 3429 ponit‘
1110 3370 1283 3413 ortum
1325 3363 1707 3432 vespertinunf'
1790 3372 1935 3418 terea
1988 3372 2200 3432 tempus
2256 3362 2441 3425 fuisse,
2484 3369 2537 3414 et
2585 3360 2800 3430 quidem
2845 3361 3221 3415 nonnullorum
3259 3376 3326 3413 ex

142 3449 413 3522 Hyadum.
469 3447 573 3503 Pro
615 3464 721 3518 quo
768 3450 1062 3503 matutinus
1112 3450 1521 3507 substituendus
1566 3461 1686 3517 est;

144 3556 310 3612 quem
338 3540 661 3612 Didymonos
692 3557 727 3595 v
755 3555 899 3605 mox,
942 3539 1164 3594 Eudoxo
1208 3551 1445 3607 auctore,
1480 3544 1687 3597 statuit.

213 3633 505 3704 Capellam,
532 3649 649 3703 quae
672 3644 753 3689 est
792 3635 846 3686 in
880 3633 1093 3703 Auriga:
1125 3641 1302 3704 tergo,
1342 3635 1528 3689 scribit
1560 3634 1688 3688 Ovi-

143 3727 296 3790 dius,
330 3734 383 3782 et
412 3726 702 3782 Columella
732 3725 928 3779 exoriri
976 3725 1230 3781 Kalendis
1269 3726 1440 3782 Maiis.
1483 3726 1690 3782 Plinius

142 3833 246 3871 vm
291 3819 491 3873 mensis
529 3818 791 3887 ejusdem.
832 3815 945 3869 Hoc
990 3817 1043 3869 in
1097 3814 1329 3886 IEgypto
1365 3832 1549 3872 verum
1607 3824 1691 3871 est

141 3908 219 3962 de
264 3917 386 3961 ortu
417 3909 655 3973 heliaco,
690 3907 792 3978 qui
832 3908 886 3959 in
933 3905 1213 3961 Tauronos
1256 3909 1340 3961 die
1383 3924 1434 3961 rx
1479 3907 1686 3962 incidit.

142 4000 335 4054 Romae
363 4008 561 4064 autem,
590 3976 818 4054 Criono's
844 4014 973 4059 xvn,
1004 3997 1202 4066 Aprilis
1234 4012 1347 4051 vui.
1370 3997 1688 4054 Ptolemams

141 4096 336 4144 noster
363 4086 536 4141 Martii
567 4103 713 4148 xxix,
749 4094 802 4141 et
832 4086 1031 4155 Aprilis
1075 4101 1205 4139 xvm
1252 4085 1435 4157 Capra:
1471 4090 1690 4143 matuti-

100 4180 106 4187 ’
140 4193 281 4234 num
319 4184 494 4231 ortum
522 4176 754 4232 exhibet.
789 4174 1045 4230 Geminus
1087 4191 1152 4229 ex
1197 4176 1519 4233 Enetemone
1554 4178 1689 4233 Tau-

142 4282 317 4323 τοποε
349 4283 424 4322 IX.

218 4357 537 4426 Delphinum
567 4356 789 4413 Ovidius
828 4359 903 4413 ait
936 4378 1156 4438 vespere
1187 4364 1318 4418 oriri
1350 4380 1403 4417 Iv
1430 4362 1561 4418 ‘Idus
1596 4361 1689 4417 Ju-

142 4461 275 4502 nias
303 4465 318 4499 Ζ

1788 3454 2038 3523 opinione
2069 3452 2425 3517 commodius,
2452 3451 2591 3505 idem
2620 3466 2741 3505 mox
2773 3449 2981 3505 Plinius
3012 3450 3214 3507 indicat
3240 3451 3325 3505 his

1786 3547 2003 3602 verbis:
2041 3565 2059 3598 ‹
2096 3544 2249 3600 Multi
2277 3545 2534 3599 hibernos
2574 3558 2739 3612 agnos
2786 3542 3073 3612 praferunt
3101 3542 3321 3597 vernis:

1787 3638 2041 3709 quoniam
2069 3637 2241 3706 magis
2270 3635 2484 3691 intersit
2511 3644 2633 3689 ante
2675 3634 2983 3694 solstitium.
3010 3646 3170 3702 quam
3205 3644 3327 3685 ante

1787 3731 2054 3791 brumam,
2086 3726 2267 3781 firmos
2288 3740 2447 3782 esse:
2482 3727 2763 3794 solumque
2806 3724 2908 3778 hoc
2951 3723 3148 3777 animal
3182 3723 3327 3774 utili-

1786 3826 1868 3872 ter
1895 3818 2083 3871 bruma
2110 3817 2278 3873 nasci.
2317 3834 2337 3868 ι
2370 3814 2628 3887 Virgilius
2675 3814 2718 3868 Il
2754 3813 2936 3884 Georg.
2964 3816 3104 3870 inter
3145 3812 3327 3867 laudes

1787 3908 1949 3963 Italia:
1975 3922 2091 3962 eam
2122 3915 2385 3970 recenset,
2411 3906 2557 3977 quod
2585 3905 2678 3972 ibi,

1854 4022 1946 4076 Bis
1974 4018 2202 4091 gravida:
2230 4010 2467 4086 pecudes.

1786 4137 1901 4202 Quo
1930 4134 2149 4189 Servius
2177 4132 2443 4203 pertinere
2467 4130 2599 4184 illud
2630 4128 2817 4184 Bucol.
2846 4127 2890 4182 Il
2913 4136 3071 4199 putat
3101 4147 3116 4183 :

1854 4247 1961 4301 Lac
1992 4246 2118 4300 mihi
2149 4260 2251 4299 non
2275 4252 2456 4298 testate
2488 4216 2694 4307 novum,
2739 4258 2841 4296 non
2870 4240 3061 4310 frigore
3087 4240 3231 4309 deﬁt.

1854 4359 2209 4425 Quamobrem
2250 4358 2477 4414 feturam
2524 4355 2680 4409 aliam
2716 4355 2992 4419 aestivam,
3029 4353 3187 4406 aliam
3241 4353 3326 4409 hi-

1787 4454 2007 4508 bernam
2043 4450 2210 4512 fuisse
2236 4448 2546 4518 conjectura
2570 4453 2674 4510 est,
2715 4461 2819 4500 non
2850 4446 2905 4500 in
2936 4445 3086 4501 Italia
3113 4445 3283 4502 solum
3305 4482 3320 4505 ,

220 4536 419 4617 Napim
440 4552 602 4617 puppe
630 4538 809 4617 sederis
851 4539 1109 4617 Delphina
1147 4542 1447 4617 videbimur,
1475 4545 1658 4614 inquit,
1726 4543 1769 4597 D
1794 4542 1887 4597 sed
1918 4542 2079 4596 etiam
2114 4541 2170 4595 in
2199 4539 2437 4602 Oriente,
2473 4546 2533 4593 ut
2576 4538 2629 4592 in
2664 4536 2821 4609 Syria
2846 4546 2900 4592 et
2924 4534 3320 4615 Mesopotamia.

294 4608 526 4661 Humida
553 4624 669 4661 cum
697 4609 845 4675 pulso
876 4608 977 4666 no.1:
998 4614 1097 4671 erit
1120 4622 1236 4666 orta
1269 4613 1371 4669 die.

219 4720 576 4775 Consentium
632 4716 843 4774 Plinius
894 4727 947 4773 et
999 4720 1309 4777 Columella.
1348 4722 1685 4779 Laterculum

140 4826 368 4881 quoque
425 4818 668 4863 nostrum
720 4810 1049 4872 adamussim
1110 4812 1374 4867 convenit.
1422 4813 1554 4867 Nam
1607 4817 1685 4868 lu-

141 4902 274 4957 cida
301 4900 482 4953 caudae
513 4899 753 4969 Delphini
784 4902 1146 4970 acronychum
1174 4910 1417 4955 exortum
1449 4904 1521 4957 ibi
1560 4903 1687 4961 facit

140 4988 478 5058 Didymonos
507 5004 615 5046 xvu
650 4991 887 5057 praecise,
913 4990 1002 5060 qui
1030 4999 1111 5045 est
1142 5007 1192 5060 iv
1224 4992 1347 5045 Idus
1368 4991 1570 5048 Junias.

218 5079 436 5150 Lyram,
479 5093 574 5135 seu
619 5079 888 5133 ﬁdiculam
948 5078 1194 5136 occidere
1255 5096 1472 5149 vespere
1528 5082 1687 5136 Colu-

140 5171 315 5227 mella
350 5185 463 5241 xxu
492 5167 757 5233 Januarii,
792 5169 1018 5225 Ovidius
1042 5187 1175 5226 xxm
1202 5172 1568 5241 prodiderunt.
1596 5172 1689 5228 Est

140 5263 241 5318 hic
272 5260 513 5315 heliacus
540 5274 787 5324 occasus,
816 5276 925 5315 non
949 5261 1307 5331 acronychus,
1333 5268 1391 5314 ut
1418 5275 1448 5314 ι
1470 5262 1688 5331 quibus—

142 5352 279 5407 dam
308 5358 544 5405 notatur.
581 5349 717 5404 Nam
756 5351 993 5407 heliacus
1042 5368 1267 5409 occasus
1309 5351 1457 5422 Lyra:
1497 5353 1688 5410 accidit

146 5441 443 5515 Ilydronos
468 5458 543 5506 vi,
572 5441 812 5496 Januarii
842 5428 1010 5497 xxvii.

215 5533 467 5602 Aquilam
511 5549 564 5586 iv
605 5533 723 5588 Kal.
751 5534 1033 5589 Januarias
1077 5536 1323 5591 occidere
1350 5550 1568 5603 vespere
1592 5552 1687 5588 au-

145 5632 271 5676 ctor
317 5627 402 5675 est
432 5618 740 5673 .Columella
778 5608 868 5675 lib.
921 5620 989 5683 XI
1020 5662 1035 5684 ,
1079 5638 1197 5693 cap.
1240 5622 1301 5679 II.
1350 5621 1554 5677 Plinius
1591 5623 1683 5678 lib.

148 5710 336 5779 XVIII,
382 5725 502 5783 cap.
552 5710 738 5779 XXVI,
788 5714 945 5768 tertio
1002 5714 1266 5769 Kalendas
1314 5716 1367 5769 in
1414 5717 1591 5770 Attica
1632 5726 1686 5771 et

151 5803 400 5862 Iinitimis
430 5800 585 5859 locis.
620 5802 693 5859 De
722 5819 918 5861 occasu
968 5806 1169 5861 heliaco
1225 5807 1547 5877 loquuntur;
1593 5810 1685 5879 qui

1789 4633 2059 4689 Ceneseos
2095 4646 2217 4702 cap.
2248 4630 2416 4695 XXX,
2438 4629 2501 4683 41
2535 4638 2587 4685 et
2613 4629 2703 4692 η,
2750 4624 2941 4698 duplex
2985 4626 3097 4679 haec
3125 4625 3324 4680 admis-

1790 4740 1915 4779 sura
1948 4723 2315 4795 signiﬁcatur:
2343 4731 2569 4791 quarum
2611 4734 2714 4773 una
2768 4717 3105 4787 tempestiva,
3157 4716 3325 4769 altera

1791 4816 2028 4871 serotina
2058 4802 2491 4881 dicitur.ltaque
2517 4809 2682 4864 Jacob
2709 4808 2761 4861 in
2784 4808 3076 4862 maturiore
3109 4817 3161 4862 et
3196 4818 3326 4861 tem-

1789 4905 1995 4975 pestiva
2026 4905 2388 4960 decorticatas
2413 4917 2478 4957 ex
2508 4908 2659 4970 parte
2696 4900 2875 4970 virgas
2896 4899 3059 4954 alveis
3082 4898 3325 4967 impone-

1789 4996 1899 5060 bat,
1926 5003 1985 5049 ut
2016 4996 2177 5049 variae
2216 5008 2280 5046 ac
2327 4992 2612 5057 maculosae
2653 4991 2883 5059 pecudes
2932 4997 3320 5051 nascerentur,

1790 5103 1909 5157 qua:
1934 5088 1986 5140 in
2016 5084 2318 5139 mercedem
2354 5082 2457 5139 sibi
2490 5090 2793 5149 cesserant;
2838 5082 2977 5151 quod
3015 5082 3192 5152 priore
3231 5080 3322 5132 illa

1794 5178 1963 5232 l‘etura
1986 5175 2280 5230 valentiora
2325 5184 2379 5232 et
2415 5173 2719 5229 robustiora
2744 5188 2935 5244 pecora
2956 5173 3319 5243 gignerentur.

1792 5268 1848 5321 In
1890 5268 2121 5321 serotina
2162 5265 2346 5336 virgas
2369 5277 2474 5319 non
2506 5266 2757 5335 ponebat,
2791 5272 2849 5317 ut
2875 5279 2942 5319 ex
2964 5278 3029 5318 ea
3064 5273 3203 5318 nata:
3232 5277 3322 5331 pe-

1789 5357 1974 5420 cudes,
2020 5370 2141 5425 quae
2188 5356 2565 5413 imbecilliores
2607 5362 2802 5420 erant,
2834 5350 3067 5408 Labanis
3116 5361 3319 5409 essent.

1790 5450 1958 5515 Quem
2011 5446 2079 5500 ad
2135 5447 2312 5500 locum
2356 5445 2711 5517 Hieronymus
2748 5445 2806 5499 in
2858 5443 3063 5501 Tradit.
3108 5451 3162 5498 et
3211 5442 3321 5500 Au-

1784 5539 2037 5609 gustinus
2068 5536 2268 5603 Quwst.
2300 5551 2398 5590 xcv
2422 5537 2474 5589 in
2503 5535 2627 5591 Cen.
2646 5535 2729 5599 bis
2746 5535 2809 5609 in
2833 5532 3229 5605 Mesopotamia,
3261 5540 3321 5585 ut

1790 5640 1839 5682 et
1869 5628 1923 5682 in
1956 5627 2124 5690 Italia,
2152 5625 2402 5696 gravidas
2440 5640 2558 5681 esse
2596 5624 2826 5694 pecudes
2870 5629 3135 5679 asserunt.
3164 5638 3185 5670 ι
3218 5618 3322 5677 Na-

1790 5728 1909 5771 tura
1938 5725 2111 5769 autem
2156 5715 2455 5791 Italicarum
2491 5715 2691 5780 ovium,
2720 5723 2774 5768 et
2796 5711 3189 5782 Mesopotamia:
3214 5726 3317 5763 una

1793 5826 1913 5867 esse
1973 5808 2221 5872 traditur,
2260 5826 2277 5858 ι
2316 5810 2389 5861 ait
2439 5805 2808 5877 Hieronymus.
2862 5802 2963 5860 Sed
3014 5804 3065 5858 in
3119 5803 3318 5857 consti-
