4112 6314
758 453 897 512 1375

1721 461 1811 515 AD
1847 461 2110 519 EUSEBII
2143 462 2526 520 CHRONICON
2564 461 2918 519 APPENDIX‘.

3799 461 3953 518 ’1371

757 567 954 624 tuenda
1005 569 1322 627 admissura
1369 570 1650 641 utriusque
1715 581 2033 644 tempestate
2097 565 2301 629 variant
2333 581 2377 637 Α
2402 590 2578 629 annus
2601 583 2685 631 est
2715 574 2850 629 dies.
2891 571 3062 642 Cujus
3099 572 3241 628 veris
3281 573 3455 642 instar
3486 580 3570 628 est
3593 587 3777 649 mane,
3805 575 3946 642 quod

758 664 1022 714 auctores.
1053 659 1186 714 Nam
1225 661 1314 715 alii
1347 663 1720 732 tempestivam
1760 680 1880 720 esse
1927 674 2116 735 putant
2156 682 2296 730 eam,

755 764 875 817 quae
919 764 1044 806 vere
1095 751 1150 804 lit
1191 771 1202 805 ε
1243 752 1568 816 serotinam,
1609 757 1995 813 autumnalem.
2035 760 2112 810 Ita
2150 760 2298 814 Aben

755 839 914 904 Ezra,
951 843 1148 910 aliique
1183 857 1249 896 ex
1276 841 1531 907 Hebrzcis,
1562 860 1698 913 quos
1726 844 2053 907 Munsterus,
2081 845 2296 917 Fagius,

755 926 1026 984 Merccrus
1073 941 1390 999 sequuntur,
1442 948 1508 988 ex
1540 936 1741 990 nostris
1781 935 2058 992 Perrerius
2098 948 2151 992 et
2181 921 2300 993 Del-

753 1019 888 1072 rius.
945 1019 1047 1072 Alii
1099 1029 1287 1075 contra
1345 1031 1718 1092 tempestivam
1780 1027 2134 1081 admissuram
2208 1045 2302 1082 au-

753 1119 961 1173 tumno,
991 1112 1281 1166 serotinam
1313 1129 1436 1168 vere
1471 1115 1668 1168 factam
1707 1117 2054 1171 arbitrantur.
2089 1118 2165 1172 Ita
2197 1118 2303 1173 Va-

753 1201 950 1257 tahlus.
975 1201 1084 1258 Nec
1126 1205 1282 1259 aliter
1308 1214 1528 1261 sanctus
1582 1206 1936 1278 Hieronymus
1981 1211 2036 1263 in
2072 1209 2298 1276 Tradit.,

752 1293 799 1348 si
842 1293 960 1362 ejus
1005 1295 1165 1349 verba
1203 1296 1485 1367 diligenter
1535 1299 1861 1355 attendimus
1895 1320 1906 1354 :
1941 1319 1960 1351 (
1995 1301 2051 1355 Si
2087 1303 2302 1372 quando
2367 1360 2372 1365 ,

750 1399 879 1439 oves
907 1393 959 1439 et
984 1401 1159 1456 caprae
1206 1389 1380 1456 primo
1413 1397 1654 1460 tempore
1699 1391 2149 1456 ascendebantur,
2176 1388 2302 1462 quia

749 1477 940 1530 melior
963 1493 1163 1533 vernus
1195 1486 1278 1534 est
1311 1478 1473 1543 fetus,
1509 1489 1634 1536 ante
1669 1481 1814 1550 ipsas
1846 1483 2077 1552 ponebat
2103 1484 2300 1553 virgas,

749 1574 808 1620 ut
829 1567 1224 1623 varia'soboles
1257 1580 1588 1625 nasceretur.
1625 1591 1642 1623 ι
1675 1571 1886 1628 Vcrnus
1923 1574 2061 1628 fetus
2096 1583 2178 1630 est
2211 1579 2303 1646 qui

747 1673 873 1714 vere
917 1661 1183 1714 nascitur.
1222 1659 1376 1715 Hunc
1428 1678 1557 1732 ergo
1605 1664 1781 1717 hieme
1826 1665 2063 1731 ineunte,
2090 1669 2172 1721 vel
2209 1684 2304 1720 au-

747 1758 934 1805 tumno
960 1751 1242 1804 desinente
1268 1752 1411 1820 gigni
1453 1754 1711 1822 oportuit.
1746 1752 1886 1808 Oves
1913 1757 2054 1809 enim
2084 1765 2293 1812 uterum

747 1837 930 1892 ferunt
977 1840 1251 1894 mensibus
1289 1841 1544 1910 quinque,
1577 1844 1660 1895 vel
1695 1842 1885 1898 diebus
1920 1859 2024 1909 CL;
2070 1851 2128 1898 ut
2170 1846 2293 1899 Ari-

2397 673 2510 718 tum
2559 681 2651 720 aer
2699 671 3026 733 temperatus
3075 662 3186 728 sit;
3240 663 3494 718 meridies
3527 665 3730 719 aestatis
3787 666 3951 718 instar

2397 761 2516 817 est;
2565 762 2824 806 autumno
2870 752 3293 820 pomeridianum
3349 760 3560 822 tempus
3608 753 3788 807 simile
3841 763 3948 817 est;

2397 843 2590 897 hiemis
2619 844 2789 897 instar
2820 843 2995 896 tristis
3022 849 3105 896 est
3146 857 3388 910 vespera,
3421 857 3474 896 es
3510 843 3653 917 quod
3693 843 3949 914 deinceps

2401 935 2669 1002 sequitur.
2719 954 2736 986 ι

2469 1023 2592 1076 Hac
2621 1030 2839 1092 propter
2880 1035 3134 1076 occasum
3176 1020 3392 1075 Arcturi
3417 1028 3423 1032 '
3449 1031 3503 1075 et
3535 1021 3741 1091 Aquila!
3794 1026 3948 1093 paulo
3991 1090 3996 1093 η

2401 1098 2529 1166 sunt
2555 1113 2829 1182 disputata
2869 1110 3062 1164 fusius.
3093 1110 3170 1163 Ac
3198 1109 3264 1164 de
3296 1111 3530 1164 methodi
3560 1127 3662 1165 usu
3693 1119 3746 1165 et
3769 1128 3947 1166 exem-

2400 1204 2504 1272 plis
2538 1204 2836 1256 hactenus:
2881 1216 3108 1270 quorum
3147 1202 3397 1254 tractatio
3432 1216 3553 1254 cum
3595 1202 3661 1255 ad
3695 1201 3950 1256 imitatio-

2401 1309 2524 1348 nem
2569 1294 2840 1362 proposita
2875 1292 3142 1346 tironibus
3189 1306 3308 1345 esse
3336 1290 3537 1353 debuit,
3572 1300 3685 1344 tum
3721 1308 3949 1361 seqnen—

2401 1386 2546 1442 tibus
2573 1387 2627 1439 in
2662 1385 2832 1450 libris,
2863 1399 2926 1438 ac
2955 1382 3415 1452 disputationibus
3448 1382 3596 1436 utilis
3631 1391 3715 1438 est
3744 1382 3948 1440 futura.

3001 1494 3224 1551 CAPUT
3263 1495 3350 1549 IX.

2408 1606 2488 1660 Dc-
2517 1616 2636 1659 ortu
2671 1615 2719 1660 et
2761 1623 2946 1660 occasu
2985 1604 3328 1674 Vergiliarum
3378 1604 3709 1674 explicantur
3740 1621 3806 1656 ea
3835 1622 3948 1671 que

2472 1675 2535 1727 ab
2567 1677 2793 1745 antiquis
2822 1672 3094 1745 memoriae;
3116 1684 3234 1745 sunt
3273 1676 3498 1739 prodita.
3547 1672 3749 1745 Virgilii
3779 1675 3850 1726 de
3887 1677 3947 1726 iis

2471 1745 2611 1825 locus
2643 1741 3036 1826 inextricabilis.
3056 1741 3294 1811 Plerique
3319 1752 3549 1796 auctores
3575 1744 3828 1808 explicati
3859 1753 3946 1794 aut

2473 1823 2731 1883 castigati.

747 1930 964 1985 stoteles
1009 1937 1196 1984 auctor
1233 1890 1321 1986 es;
1359 1890 1540 1986 libiVl
1587 1933 1729 1988 Hist.
1765 1937 1948 1999 anim.,
1988 1890 2041 1990 εἰ
2083 1936 2286 1993 Plinius

2459 1922 2735 1992 Praecipua
2776 1890 3222 1993 apudvantiquos
3268 1921 3572 1977 observatio
3617 1921 3720 1975 fuit
3763 1919 3947 1992 Vergi-

745 2017 866 2071 loco
895 2018 986 2071 cit.

816 2105 884 2160 Ut
912 2107 1035 2160 huic
1064 2109 1349 2178 posteriori
1383 2109 1660 2165 sententiae
1689 2111 1893 2168 faveam
1922 2114 2100 2184 potius
2129 2131 2288 2186 quam

743 2195 917 2261 alteri,
950 2196 1075 2251 facit
1115 2198 1244 2252 illud
1276 2200 1570 2270 imprimis,
1610 2203 1751 2272 quod
1786 2223 1804 2254 ‹
1837 2207 2147 2274 temporarii
2185 2227 2203 2260 ι
2239 2215 2292 2262 et

746 2306 766 2338 ι
809 2289 1028 2342 serotini
1067 2308 1084 2339 ι
1118 2292 1376 2345 vocabula
1423 2293 1556 2346 alias
1605 2295 1658 2347 in
1687 2295 1858 2348 sacris
1899 2297 2091 2352 litteris
2129 2315 2290 2353 usur—

692 2382 695 2383 ⁷
741 2387 937 2447 pentur
986 2379 1051 2432 ad
1103 2396 1223 2434 eum
1278 2381 1517 2445 modum,
1563 2398 1726 2452 quem
1779 2385 1869 2437 illa
1920 2385 2174 2440 defendit.
2223 2386 2291 2441 Ut

741 2482 866 2520 cum
902 2469 1072 2523 imber
1103 2473 1460 2538 temporarius
1486 2480 1538 2525 et
1569 2473 1841 2528 serotinus
1876 2475 2070 2530 dicitur
2099 2476 2291 2532 Deute-

741 2574 862 2613 ron.
896 2575 973 2624 Il,
1000 2561 1084 2624 14,
1129 2560 1290 2615 Hebr.
1321 2547 1513 2646 W52:
1548 2573 1688 2628 .1117,
1719 2565 1870 2628 ὑετὸς
1903 2564 2162 2635 πρὼῖμος,
2201 2569 2290 2620 καὶ

739 2649 946 2719 Cal-tuo;
973 2649 1138 2717 Quem
1168 2653 1232 2706 ad
1268 2653 1442 2706 locum
1487 2653 1552 2708 ll.
1603 2654 1851 2710 Selomoh
1883 2666 2000 2716 m1?
2029 2660 2290 2728 interpre-

739 2745 889 2791 tatur
914 2739 980 2793 de
1005 2740 1202 2807 pluvia,
1239 2756 1358 2809 qum
1387 2750 1504 2809 post
1543 2729 1835 2797 sementem
1863 2745 2059 2800 cadens
2089 2754 2285 2800 terram

738 2837 791 2882 et
824 2838 972 2884 satus
1005 2830 1209 2900 irrigat,
1234 2815 1430 2916 mpm:
1456 2847 1581 2886 vero
1607 2833 1672 2886 de
1700 2848 1762 2886 ea
1787 2848 1905 2902 qua!
1931 2833 2032 2888 sub
2059 2845 2286 2888 messem

735 2920 902 2973 venit.
958 2918 1056 2973 Cui
1102 2927 1154 2974 et
1200 2920 1348 2974 Aben
1383 2920 1516 2974 Ezra
1550 2925 1839 2984 consentit,
1872 2939 2084 2978 necnon
2121 2923 2286 2978 David

737 3009 982 3064 Kimhius
1042 3010 1096 3062 in
1139 3025 1253 3077 cap.
1286 3009 1349 3062 11
1378 3009 1539 3075 Joel.,
1594 3027 1732 3065 cam.
1780 3013 1868 3075 24,
1918 3013 2006 3067 ubi
2064 3022 2287 3083 utraque

736 3099 918 3167 pluvia
977 3106 1327 3165 memoratur,
1378 3115 1440 3153 ac
1493 3103 1864 3170 tempestivam
1915 3104 1988 3156 ait
2039 3091 2283 3160 Kimhius

713 3205 922 3263 .tucnse
951 3190 1309 3244 Marcheswan
1339 3191 1580 3247 accidere
1601 3233 1616 3256 ,
1679 3195 1967 3248 serotinam
2004 3197 2055 3250 in
2093 3195 2277 3252 Nisan.

734 3281 1019 3334 Chaldaeus
1055 3280 1248 3334 ibidem
1279 3282 1566 3336 scrotinam
1595 3283 1800 3338 confert
1832 3279 1889 3338 in
1921 3284 2107 3343 Nisan.

729 3384 732 3388 '
781 3367 943 3439 Origo
959 3370 1328 3439 appellationis
1344 3372 1623 3442 utriusque
1639 3373 1854 3443 duplex,
1872 3383 1928 3429 ut
1942 3377 2148 3445 opinor,
2167 3376 2280 3434 fuit.

734 3458 914 3513 Prima
938 3470 992 3513 et
1031 3460 1404 3538 antiquissima
1432 3477 1498 3516 ex
1528 3463 1643 3531 ipsa
1662 3479 1841 3519 rerum
1881 3474 2091 3529 natura,
2115 3475 2167 3522 et
2192 3485 2284 3523 ru-

735 3551 995 3605 sticorum
1019 3565 1241 3620 operum
1284 3568 1384 3606 usu
1409 3558 1460 3606 et
1482 3555 1858 3610 commoditate
1875 3559 2125 3613 manavit.
2151 3557 2283 3614 Nam

727 3654 796 3694 ea
834 3643 1146 3709 tempestiva
1185 3639 1292 3696 dici
1350 3643 1557 3706 solent,
1581 3657 1596 3669 '
1628 3659 1746 3712 qua:
1789 3653 2015 3711 mature,
2076 3654 2129 3702 et
2183 3650 2283 3704 sub

733 3733 907 3801 ipsum
943 3733 1154 3786 initium
1189 3733 1480 3800 accidunt;
1531 3735 1791 3798 serotina,
1819 3751 1937 3805 qua:
1967 3737 2190 3803 tardius,
2230 3747 2284 3794 et

732 3823 835 3878 sub
857 3823 1080 3877 exitum.
1131 3822 1305 3892 Opera
1358 3823 1536 3880 omnis
1585 3826 1789 3879 rustica
1834 3827 1902 3880 ab
1945 3829 2186 3883 aratione
2228 3835 2282 3884 et

721 3925 970 3973 semente
1005 3917 1215 3987 incipit,
1249 3923 1302 3972 et
1333 3917 1386 3970 in
1416 3933 1646 3973 messem
1677 3918 1898 3974 desinit.
1945 3919 2074 3987 Quae
2117 3922 2280 3992 igitur

711 3998 908 4079 pluvia
956 4008 1058 4062 sub
1113 4009 1286 4077 ipsum
1337 4009 1597 4064 arationis
1648 4026 1712 4063 ac
1761 4013 2017 4068 sementis
2071 4022 2278 4082 tempus

727 4087 912 4174 afﬂuit,
937 4114 998 4154 ea
1031 4101 1348 4167 tempestiva
1377 4107 1433 4153 et
1467 4111 1674 4154 matura
1709 4101 1814 4155 dici
1849 4111 2086 4157 meretur
2120 4123 2132 4157 :
2161 4119 2278 4174 quae

726 4170 884 4258 paulo
914 4199 1038 4243 ante
1068 4204 1317 4252 messem,
1351 4189 1501 4243 tarda
1527 4198 1579 4260 et
1610 4191 1864 4245 serotina.
1903 4193 2081 4247 Altera
2115 4170 2277 4250 causa

727 4279 794 4352 ab
829 4279 956 4332 anni
997 4280 1173 4334 civilis
1219 4279 1443 4334 exordio
1497 4283 1698 4350 petitur
1743 4301 1755 4336 :
1791 4298 1948 4353 quem
1996 4284 2164 4340 Judaei
2208 4287 2276 4340 ab

726 4379 987 4427 autumno
1011 4378 1064 4425 et
1093 4371 1234 4426 Tisri
1263 4373 1700 4442 auspicabantur.
1739 4374 1922 4445 Itaque
1961 4379 2274 4447 tempestiva

725 4468 874 4516 recte
894 4460 1249 4521 vocabantur,
1271 4478 1390 4530 qua:
1414 4463 1632 4518 ineunte
1655 4479 1796 4518 anno
1819 4483 1833 4531 ;
1870 4467 2124 4530 serotina,
2157 4484 2274 4538 quae

2399 2014 2614 2077 liarum,
2669 2030 2802 2084 quas
2847 2013 3019 2067 Grzeci
3078 2012 3334 2076 Πλεῖάδας
3383 2014 3669 2068 dixerunt:
3709 2013 3854 2068 adeo
3892 2024 3946 2066 ut

2399 2105 2467 2158 ab
2494 2103 2599 2159 illis
2627 2103 2822 2156 πλειὼν
2849 2113 3076 2158 vocatus
3102 2104 3172 2157 sit
3203 2118 3394 2162 annus.
3420 2109 3478 2157 ut
3507 2101 3674 2158 refert
3715 2103 3868 2156 Theo
3891 2103 3942 2156 in

2397 2191 2685 2248 Comment.
2733 2192 2800 2245 ad
2839 2193 3077 2246 Aratum.
3125 2191 3440 2262 Lyc0phrou
3489 2203 3636 2249 certe
3683 2193 3944 2256 πλειιῖινος

2390 2284 2709 2338 vocabulum
2744 2299 2842 2353 pro
2878 2299 3020 2338 anno
3051 2284 3236 2348 sumit,
3271 2284 3356 2338 his
3387 2284 3605 2340 vezbis:

2402 2424 2410 2436 κ
2453 2396 2553 2459 Εις
2584 2393 2759 2447 πέντε
2789 2411 2905 2447 που
2942 2393 3233 2459 πλειῶνας
3261 2396 3495 2462 ἱμείρων
3518 2389 3755 2464 .lézovc.

2458 2502 2691 2572 Quinque
2722 2503 2924 2556 circiter
2951 2519 3113 2576 annos
3149 2502 3265 2556 lecti
3297 2503 3528 2571 cupidus.

2389 2612 2539 2680 Quod
2583 2622 2637 2668 et
2671 2612 2968 2685 Hesychius
3001 2614 3179 2678 habet,
3223 2615 3324 2668 etsi
3370 2616 3587 2668 alteram
3639 2614 3804 2685 hujus
3848 2632 3942 2685 ap-

2388 2702 2692 2772 pellationis
2715 2718 2933 2758 causam
2965 2701 3117 2757 allert
3153 2723 3166 2757 :
3203 2703 3332 2756 Ἀπὸ
3359 2703 3450 2756 τοῦ
3483 2705 3682 2768 πάντας
3707 2706 3806 2774 τῆς
3840 2707 3945 2775 γῆς

2387 2795 2509 2859 τοὺς
2543 2795 2786 2864 καρποὺς
2817 2793 3300 2865 συμπληροῦσθαιε
3339 2815 3357 2846 ι
3387 2796 3530 2865 quod
3577 2796 3785 2850 fructus
3826 2814 3944 2850 om-

2385 2899 2481 2939 nes
2511 2891 2664 2938 tcrrze
2700 2884 2850 2954 pleni
2875 2899 2938 2938 eo
2991 2893 3234 2938 vertente
3271 2886 3603 2954 proveniant.
3640 2905 3660 2936 ι
3694 2885 3780 2941 E2
3823 2887 3942 2941 sit:

2385 2981 2512 3027 sunt
2539 2971 2594 3025 in
2630 2979 2778 3041 tergo
2803 2970 2987 3034 Tauri,
3021 2987 3249 3025 numero
3276 2988 3390 3034 sex,
3418 2974 3508 3024 aiti
3527 2971 3803 3028 Geminus.
3836 2973 3941 3044 Hy-

2391 3065 2553 3131 ginus
2588 3080 2606 3112 ‹
2642 3063 2782 3116 inter
2810 3062 3107 3117 ﬁnitionem
3150 3078 3231 3116 con
3246 3064 3390 3132 poris
3422 3061 3583 3116 Tauri
3629 3073 3682 3118 et
3711 3065 3936 3124 caudam

2384 3153 2579 3207 Arietis
2619 3171 2637 3204 ι
2674 3152 2890 3207 easdem
2945 3153 3127 3219 locat;
3198 3153 3395 3206 Aratus
3439 3168 3604 3224 prope
3656 3153 3960 3210 sinistram

2308 3252 2349 3309 ς,
2381 3243 2686 3310 ἐπιγουνίδα
2725 3242 2940 3305 Persei,
2985 3257 3147 3312 quam
3186 3258 3370 3298 vocem
3412 3246 3557 3298 varie
3613 3244 3936 3315 interpretes

2344 3375 2352 3380 .
2386 3341 2730 3402 acceperunt.

2459 3438 2716 3510 'A’erOé
2736 3441 2790 3493 οἱ
2817 3439 3034 3510 σκαιῆς
3054 3441 3422 3509 ἐπιγουνίδος
3442 3440 3618 3510 ἤλιθα
3641 3439 3829 3494 πᾶσαι

2452 3508 2747 3577 Πληῖάδες
2784 3509 3115 3578 φορέονται.

2382 3621 2570 3678 Cicero
2604 3641 2617 3676 :

2449 3735 2517 3788 At
2546 3743 2750 3804 propter
2773 3733 2954 3788 lterum
2986 3749 3118 3802 genu
3149 3733 3288 3786 omni
3315 3747 3378 3786 ex
3415 3743 3562 3804 paru-
3587 3733 3780 3787 locatas

2451 3802 2646 3857 Parva'
2675 3803 2922 3874 Vergilias
2954 3804 3092 3856 tenui
3127 3818 3243 3856 cum
3274 3804 3383 3856 luce
3419 3802 3630 3856 videbis.

2380 3893 2614 3949 Avienus
2644 3911 2658 3946 :

2445 4004 2692 4060 Pleiades
2725 4004 2934 4072 femoris
2963 4005 3158 4073 pariter
3187 4002 3283 4057 sub
3319 4003 3422 4072 ﬁne
3453 4004 3650 4056 sinistri

2447 4075 2670 4130 Perseus
2702 4075 2962 4144 protollit.

2445 4187 2783 4258 Hipparchus
2820 4187 2914 4240 lib.
2952 4183 2968 4237 Ι
2994 4185 3084 4248 Εἰς
3108 4185 3176 4238 τὰ
3208 4187 3504 4254 φαινόμενα
3534 4191 3693 4254 negat
3714 4184 3923 4240 vicina

2375 4292 2495 4333 esse
2520 4293 2659 4347 genu
2685 4277 2909 4331 sinistro
2937 4274 3138 4328 Persei.
3166 4275 3352 4344 Itaque
3378 4275 3678 4343 ἐπιγουνίδα
3703 4276 3920 4344 quidam

2375 4367 2441 4426 ad
2464 4384 2591 4423 crus
2631 4369 2898 4438 integrum
2928 4368 3249 4422 retulerunt.
3289 4365 3425 4422 Vide
3457 4367 3743 4423 Theonem.
3769 4368 3917 4421 Idem

2373 4455 2710 4527 Hipparchus
2739 4459 2974 4513 Attalum
3006 4457 3370 4529 reprehendit,
3395 4459 3538 4527 quod
3563 4474 3650 4515 sex
3677 4473 3793 4514 esse
3828 4471 3915 4512 scr

726 4548 1026 4624 inclinante,
1052 4547 1268 4602 fiebant.
1313 4549 1434 4602 Haec
1467 4550 1513 4603 si
1542 4565 1667 4605 vera
1710 4560 1856 4614 sunt,
1894 4554 2133 4623 profecto
2165 4571 2271 4612 non
2303 4574 2347 4629 ι)
2375 4547 2455 4600 ιθε
2484 4547 2699 4607 dixerit.
2729 4562 2850 4602 Cum
2885 4549 2994 4602 δίηι
3038 4561 3266 4601 numero
3295 4556 3522 4617 septem,
3552 4556 3610 4602 υῑ
3645 4557 3696 4602 ει
3719 4547 3915 4604 Aratus

724 4637 832 4691 alio
864 4653 1025 4692 sensu
1060 4639 1378 4707 tempestiva
1407 4649 1460 4694 et
1501 4643 1740 4696 serotina
1775 4643 1948 4697 fetura
1979 4646 2046 4700 ab
2081 4646 2269 4703 iisdem
2316 4675 2323 4683 -

719 4727 918 4784 Judaais
953 4738 1209 4792 usurpata
1233 4732 1464 4808 videtur,
1501 4750 1660 4804 quam
1691 4751 1798 4804 quo
1827 4738 2058 4806 pluviam
2097 4740 2272 4808 appel-

721 4819 884 4874 latam
943 4835 1006 4875 ac
1051 4822 1361 4877 distinctam
1395 4793 1556 4880 \inter
1607 4841 1794 4882 omnes
1829 4793 2104 4882 convenit.
2131 4793 2267 4882 lldeo

721 4913 1090 4982 tempestivam
1122 4916 1480 4971 admissuram
1513 4919 1876 4973 autumnalem
1904 4957 1919 4981 ,
1952 4919 2264 4982 serminam,

719 5023 940 5062 vernam
966 5017 1060 5062 aut
1092 5011 1327 5065 aestivam
1358 5014 1579 5084 intelligi
1612 5029 1709 5084 par
1731 5022 1830 5070 est.
1879 5031 1886 5039 ·

785 5099 932 5154 Alias
960 5109 1156 5166 autem,
1197 5117 1259 5155 ac
1288 5113 1507 5173 propter
1537 5105 1734 5160 diversi
1768 5107 1983 5176 generis
2011 5119 2267 5176 opportu.

717 5191 915 5245 nitates
948 5179 1348 5261 tempestivum,
1375 5194 1485 5248 sive
1511 5195 1752 5265 πρὼῖμον
1803 5196 1854 5248 id
1895 5195 2000 5249 dici
2030 5203 2260 5265 poterat,

716 5281 859 5352 quod
914 5297 1038 5337 vere
1084 5285 1322 5350 accidit;
1379 5288 1708 5351 serotinum,
1772 5289 1911 5357 quod
1971 5288 2264 5340 inclinante

714 5371 824 5444 jam
855 5388 1016 5436 anno,
1038 5377 1298 5444 siquidem
1329 5385 1387 5431 ut
1415 5379 1478 5432 ad
1505 5381 1596 5434 lib.
1628 5379 1669 5432 ll
1701 5379 1889 5450 Odyss.
1920 5380 2020 5434 sub
2052 5379 2260 5432 initium

716 5467 966 5521 observat
994 5466 1556 5540 Eustathiusthxpo;
1586 5490 1667 5536 τις
1697 5471 1935 5534 ἐνιαυτὸς
1962 5472 2166 5541 ἡμέρα·
2195 5466 2262 5540 ἦς

717 5551 803 5610 οἷα
849 5559 944 5627 μὲν
985 5557 1140 5629 ἐαρή
1184 5563 1362 5630 πρωῖα
1394 5561 1482 5614 διὰ
1530 5562 1589 5616 τὸ
1629 5562 1923 5632 τηνικαῦτα.
1968 5561 2257 5631 εὔκρατον

719 5648 870 5719 θέρος
897 5650 953 5702 δὲ
977 5646 1084 5703 οἷον
1111 5653 1171 5704 τὸ
1200 5653 1295 5722 τῆς
1320 5655 1532 5724 ἡμέρας
1562 5654 1721 5725 μέσον
1740 5673 1752 5685 ·
1783 5651 2099 5723 φθινοπώρῳ
2122 5652 2175 5704 δὲ
2195 5650 2261 5703 τὰ

718 5742 843 5811 περὶ
878 5742 1051 5813 δείλην
1093 5744 1261 5797 ἔοικε·
1309 5744 1568 5816 χειμῶνος
1597 5746 1651 5798 δὲ
1694 5747 1845 5815 δίκην
1889 5742 2258 5813 «magmate:

718 5836 785 5914 ’ςὰ
812 5838 942 5911 πρὸς
983 5841 1236 5912 ἑσπέραν,
1287 5845 1378 5897 καὶ
1431 5844 1700 5897 ἐπέκεινα.
1743 5861 1761 5893 t
1799 5841 2001 5910 Parvus
2041 5839 2254 5910 quidam

2372 4635 2592 4701 cecinit;
2645 4636 2737 4690 sed
2772 4650 2931 4689 unam
2988 4637 3208 4692 minime
3255 4652 3530 4707 apparere.
3572 4635 3727 4688 Addit
3768 4633 3912 4688 Theo

2368 4727 2693 4796 triangulum
2723 4727 2844 4781 illas
2875 4725 3069 4789 facere,
3094 4728 3251 4796 cujus
3273 4728 3418 4783 basis
3452 4727 3517 4780 ad
3546 4734 3718 4782 ortum
3743 4729 3911 4797 respi-

2367 4818 2474 4881 cit;
2501 4833 2671 4886 neque
2709 4832 2903 4887 magno
2939 4819 3113 4886 spatio
3151 4819 3455 4873 contineri:
3491 4819 3681 4886 quippe
3714 4818 3765 4871 in
3793 4819 3909 4871 lon-

2366 4905 2658 4974 gitudinem
2691 4921 2853 4958 unum
2887 4906 3134 4973 gradum,
3167 4907 3222 4959 in
3249 4905 3581 4961 latitudinem
3604 4908 3788 4976 ἣμισυ,
3815 4909 3906 4962 καὶ

2364 4996 2564 5063 ὄγδοον,
2589 5011 2870 5064 occupare,
2895 4995 2994 5049 hoc
3019 5004 3102 5050 est
3125 4997 3502 5070 sexagesimas,
3534 4996 3613 5057 573
3646 4994 3764 5064 ιβ,
3788 4993 3895 5048 Ha-

2364 5103 2482 5142 rum
2517 5088 2714 5152 media,
2757 5101 2875 5158 qua:
2905 5095 2956 5142 et
2998 5085 3177 5140 lucida
3223 5084 3502 5151 Pleiadum
3545 5085 3757 5145 dicitur,
3789 5101 3905 5139 ma-

2363 5179 2658 5249 gnitudinis
2693 5187 2776 5233 est
2803 5178 3006 5243 tertiae;
3037 5187 3242 5232 caetera:
3272 5179 3495 5246 quintae,
3539 5184 3592 5229 et
3622 5187 3793 5231 sextae.
3824 5175 3906 5230 ita

2363 5288 2482 5325 cum
2523 5273 2729 5341 exigua:
2755 5271 2885 5332 sint,
2916 5284 3229 5338 magnarum
3275 5279 3453 5325 tamen
3499 5281 3675 5320 rerum
3704 5267 3906 5337 signiﬁ-

2363 5363 2607 5416 cationes
2636 5361 2837 5416 habere
2866 5359 3245 5415 credebantur.
3271 5360 3492 5438 Cicero:

2363 5471 2463 5525 llas
2500 5464 2671 5526 tenues
2698 5487 2853 5538 parvo
2891 5470 3119 5524 labentes
3153 5470 3341 5522 lumine
3372 5467 3562 5520 lucent.

2361 5543 2430 5594 At
2467 5558 2709 5612 magnum
2729 5557 2910 5594 nomen
2939 5542 3071 5611 signi
3103 5541 3401 5607 clarumque
3428 5548 3659 5592 vocatur.

2429 5653 2558 5707 Nam
2590 5660 2642 5708 et
2673 5652 2900 5716 aestatis,
2937 5659 3097 5721 atque
3125 5649 3319 5702 hiemis
3351 5648 3521 5708 initia.
3547 5653 3600 5701 et
3615 5647 3901 5707 messium.

2362 5754 2522 5815 atque
2549 5745 2850 5798 arationum
2879 5753 3118 5812 tempora
3149 5739 3577 5810 distinguebant:
3609 5738 3688 5793 sic
3711 5746 3769 5805 ut
3795 5735 3906 5789 nul-

2362 5839 2468 5893 lius
2509 5836 2701 5893 sideris
2738 5835 2935 5890 clarior
2964 5833 3102 5904 apud
3137 5841 3404 5897 auctores,
3443 5841 3534 5886 aut
3574 5828 3907 5899 frequentia:
