4046 6320
85 361 228 443 tan

856 372 1303 429 DISSEIITATIO
1343 375 1428 428 DE
1471 376 1652 435 ORTU
1698 381 1783 434 ET
1814 382 2078 438 OCCASU
2120 384 2440 469 SIDEBUM.

3148 396 3284 451 1578

77 484 265 531 exstet
297 480 571 535 memoria.
603 481 711 537 Nos
759 487 821 538 ad
867 502 959 541 eos
1003 489 1353 545 illustrandos
1382 492 1482 546 hoc
1515 494 1634 548 loco
1662 502 1707 555 Α
1735 497 1892 550 telem
1929 500 2172 567 sequitur
2206 502 2300 555 lib.
2332 502 2401 556 IX
2440 501 2604 565 Hist,
2624 518 2742 573 cap.
2770 503 2880 568 XL,
2904 510 2992 575 qui
3021 514 3073 560 et
3096 507 3189 562 lib.
3217 509 3279 574 V,

75 566 194 645 duo
229 570 468 638 quaedam
515 575 899 643 explicabimus
946 598 958 632 :
1008 582 1236 633 alterum
1289 584 1355 637 de
1392 590 1632 653 tempore

75 666 238 712 ortus
268 659 498 724 illarum,
543 673 595 716 et
625 679 851 721 occasus
887 709 900 731 ,
934 670 1160 722 alterum
1192 673 1257 725 de
1296 674 1420 725 anni
1464 676 1653 742 partiA

72 748 253 814 tione,
270 766 424 819 quam
447 753 632 807 iisdem
661 763 866 810 veteres
887 760 1186 829 assignant.
1213 761 1454 818 Totidem
1485 765 1629 818 enim

73 837 261 904 capita
300 846 424 891 sunt
462 841 513 892 in
546 840 776 896 Pliniani
807 847 1183 902 exercitatoris
1214 850 1491 904 incondita
1530 851 1630 903 fari

73 927 287 994 ragine,
320 928 372 981 in
397 945 554 999 quam
582 933 739 1001 paulo
770 944 887 1002 post
922 937 1277 1006 inquiremus.

149 1015 227 1070 De
266 1026 384 1071 ortu
425 1035 727 1092 occasuque
758 1025 1027 1079 Pleiadum
1065 1030 1176 1081 triti
1225 1037 1368 1096 sunt,
1401 1048 1496 1085 nec
1542 1041 1624 1085 ta-

71 1122 202 1160 men
236 1111 666 1176 prmtermittendi
699 1131 885 1171 versus
911 1117 1123 1172 Hesiodi
1146 1119 1187 1172 ll
1224 1122 1377 1188 Ἕργ.

75 1219 417 1296 ῃληῖάδςιξν,
444 1223 824 1296 Ἀτλᾳγενέων
847 1228 1350 1296 ἐπιτελλομενάων

79 1289 356 1365 ’ᾼρχξσθ
389 1289 635 1365 ἀμητοῦ·
670 1296 896 1365 ἀρότοιο
924 1297 989 1348 δὲ
1019 1289 1462 1365 δυὰσομενὰων.

79 1358 160 1406 AZ
181 1355 261 1432 dri
285 1374 369 1410 τοι
398 1355 613 1432 fungi;
640 1355 820 1416 τέκαὶ
855 1364 1048 1432 ἤματα
1074 1355 1516 1432 τεσέαράκοντα

69 1426 440 1498 Ιςεκρύφαται
458 1445 469 1457 ο
501 1426 667 1494 αὖτις
697 1433 762 1482 δὲ
786 1426 1214 1498 περὶπλομένου
1241 1426 1511 1490 ἐνιαυτοῖ

71 1494 405 1558 (Pais-errat,
434 1499 700 1564 ταπρῶτα
733 1494 1199 1570 χαρὰσσομένοιο
1242 1505 1502 1572 σιδήρου.

79 1601 391 1657 Pleiadibus
421 1608 630 1661 Atlante
657 1612 792 1663 natis
823 1613 1103 1667 orientibus

79 1669 262 1741 Incipe
285 1691 524 1739 messem;
562 1681 844 1731 arationem
878 1698 990 1734 vero
1017 1685 1382 1741 occidentibus.

75 1740 446 1821 Quw'quidem
493 1759 662 1798 noctes
689 1759 736 1800 et
764 1752 870 1801 dies
901 1753 1247 1821 quadraginta

78 1811 420 1880 Occultantur
443 1830 460 1862 .'
485 1831 690 1868 rursum
723 1833 837 1869 vero
873 1811 1292 1878 circumvolvente
1320 1841 1372 1878 se
1412 1843 1546 1880 anno

79 1878 368 1944 Apparent,
393 1883 615 1949 primum
655 1896 710 1955 ut
753 1889 956 1940 acuitur
985 1890 1199 1957 ferrum.

143 1986 244 2041 Hic
273 1993 588 2046 matutinum
627 2004 803 2049 ortum
855 2000 1190 2069 φαινόμενον,
1241 2005 1351 2057 sive
1395 2007 1614 2074 ἡλιακὸν

69 2077 389 2146 signiﬁcari,
417 2096 478 2136 ac
505 2083 650 2136 δύσιν
683 2084 841 2154 ἑῴαν,
875 2089 985 2141 sive
1015 2105 1264 2144 occasum
1298 2097 1612 2161 cosmicum,

73 2183 144 2221 ne
179 2172 329 2236 pueri
372 2173 582 2240 quidem
619 2178 884 2230 nesciunt.
943 2177 1156 2233 Hesiodi
1201 2186 1396 2237 saecqu
1458 2195 1611 2243 ortus

68 2257 160 2311 ille
189 2261 530 2330 contingebat
558 2265 610 2317 in
642 2265 836 2319 Tauro.
868 2267 1042 2323 Stellae
1071 2279 1197 2325 sunt
1225 2273 1465 2345 Vergiliae
1494 2280 1612 2347 plu-

69 2363 197 2402 res:
242 2367 344 2403 una
375 2362 457 2408 est
489 2369 550 2407 ex
593 2357 659 2410 iis
701 2358 926 2412 lucidior
962 2364 1189 2429 caeteris,
1228 2369 1613 2436 magnitudinis

68 2439 263 2493 tertiae.
315 2440 386 2495 Ea
438 2452 671 2513 tempore
727 2447 943 2502 Hesiodi
982 2454 1259 2508 occidebat
1307 2457 1508 2513 heliace
1558 2460 1614 2514 in

67 2531 238 2595 gradu
269 2533 463 2587 Arietis
497 2534 547 2596 4,
576 2536 621 2588 8'
643 2555 655 2601 ;
681 2537 949 2594 oriebatur
976 2543 1026 2595 in
1057 2539 1218 2597 Tauri
1239 2550 1402 2616 gradu
1428 2551 1512 2613 II,
1535 2552 1609 2606 4ο.

67 2617 136 2668 At
177 2621 345 2687 prima
382 2625 534 2676 stella
564 2642 752 2681 versus
777 2631 1107 2687 occidentem
1149 2651 1398 2691 occasum
1440 2642 1610 2695 helia-

66 2722 192 2760 cum
227 2707 451 2763 faciebat
485 2712 541 2764 in
577 2718 744 2782 gradu
787 2717 1006 2782 Arietis,
1041 2722 1094 2787 Ο,
1137 2722 1238 2775 51’.
1268 2722 1608 2783 Intervallum

67 2798 208 2850 inter
249 2814 499 2856 occasum
541 2805 725 2872 primas
773 2805 1069 2874 Pleiadum,
1120 2822 1172 2866 et
1205 2822 1381 2870 ortum
1421 2819 1610 2875 lucida:

67 2889 270 2955 gradus
298 2890 384 2942 40.
418 2891 605 2947 Merito
636 2895 812 2965 itaque
851 2900 1042 2956 diebus
1085 2905 1344 2960 abscondi
1375 2914 1608 2979 quadra-

66 2981 214 3042 ginta
254 2977 513 3050 Vergilias
541 2988 683 3040 canit
714 2988 992 3046 Ilesiodus.
1021 2991 1111 3046 Sol
1140 2995 1191 3047 in
1223 2977 1450 3052 Ariete‘m
1481 3016 1608 3055 vero

67 3078 219 3121 motu
255 3073 462 3125 subibat
488 3073 703 3130 Hesiodi
744 3086 982 3148 tempore
1023 3081 1195 3137 Martii
1222 3102 1369 3142 xxxt.
1401 3088 1606 3160 Quippe

1733 600 1854 654 cap.
1896 585 2032 639 XXII
2078 590 2180 641 mel
2222 599 2385 658 negat
2427 590 2541 644 ﬁeri
2577 602 2698 646 ante
2728 591 3082 662 Vergiliarum
3123 611 3282 650 exor-

1733 684 1866 730 tum.
1918 676 2020 730 Sed
2069 693 2166 730 cur
2209 678 2474 733 Pleiadem
2519 683 2810 736 occidendo
2854 684 3055 738 Piscem
3092 688 3165 740 ait
3198 688 3280 741 fu-

1729 763 1889 829 gere?
1933 763 2173 832 Servius,
2222 783 2282 820 ac
2322 771 2539 837 reliqui,
2583 787 2720 840 quos
2757 773 2888 835 vidi,
2933 776 3277 843 interpretes,

1731 856 2017 909 australem
2049 855 2254 911 Piscem
2287 860 2607 929 intelligunt,
2640 863 2795 929 cujus
2827 865 2878 916 in
2910 880 2971 918 os
3007 867 3278 934 Aquarius

1727 957 1918 1010 aquam
1961 944 2223 1010 infundit;
2259 949 2399 1002 unde
2427 958 2478 1003 et
2523 965 2758 1018 aquosus
2789 953 3009 1006 dicitur.
3045 955 3141 1008 Hic
3184 973 3278 1010 au-

1728 1039 1834 1086 tem
1868 1050 1930 1086 eo
1962 1046 2199 1105 tempore
2227 1042 2416 1103 oritur,
2452 1057 2557 1109 quo
2591 1041 2830 1096 Pleiades
2867 1046 3143 1100 occidunt.
3185 1051 3278 1102 At-

1731 1123 1826 1190 qui
1863 1123 2060 1178 falsum
2097 1128 2240 1180 istud
2284 1138 2385 1185 est.
2419 1131 2548 1182 Nam
2583 1147 2688 1199 quo
2716 1142 2987 1188 memento
3011 1137 3182 1192 Pleias
3221 1141 3276 1194 in

1722 1227 1920 1267 occasu
1949 1219 2210 1271 matutino
2242 1221 2340 1272 sita
2370 1229 2452 1274 est
2482 1224 2534 1274 in
2567 1224 2862 1277 elevatione
2890 1226 3020 1293 poli,
3046 1229 3146 1280 sub
3168 1245 3275 1297 qua

1720 1314 1873 1370 poeta
1924 1307 2175 1373 scripsit,
2223 1324 2284 1361 os
2333 1309 2504 1364 Piscis
2535 1305 2786 1367 australis
2828 1331 3012 1382 parum
3056 1318 3208 1372 abest
3241 1335 3273 1372 a

1718 1394 2012 1448 meridiano
2035 1397 2276 1450 inferiori
2299 1417 2310 1458 ;
2337 1415 2506 1468 eoque
2536 1405 2641 1456 situ
2669 1407 2910 1473 proxime
2934 1407 3270 1474 perfunctum
3314 1405 3320 1413 ’

1717 1491 1817 1542 est,
1871 1499 2028 1551 quem
2078 1483 2396 1540 Ptolemaeus
2444 1491 2674 1557 appellat
2725 1493 2854 1560 ἑῷον
2897 1495 3271 1563 προμεσουρά-

1717 1586 1880 1638 νημα.
1913 1572 2100 1626 ϐαδιεπὶ
2135 1591 2348 1643 quoque
2385 1577 2560 1644 pisces
2603 1589 2727 1633 ante
2759 1581 3020 1649 Vergilias
3065 1591 3262 1642 ortum,

1715 1669 1767 1713 et
1791 1677 2041 1716 occasum
2073 1665 2296 1718 faciunt.
2322 1666 2443 1722 Ideo
2473 1671 2817 1738 quaarendttm
2840 1683 2941 1737 est,
2966 1687 3073 1740 quo
3100 1688 3261 1725 sensu

1714 1748 1890 1804 Pleias
1922 1753 2121 1822 piscem
2153 1756 2363 1824 fugiens
2393 1759 2640 1813 occidere
2681 1760 2892 1814 dicatur
2934 1778 2962 1814 a
3003 1761 3260 1831 .Virgilio;

1645 1821 1690 1878 Β
1716 1842 1859 1910 quod
1905 1821 2009 1898 nisi
2055 1844 2120 1897 de
2164 1821 2400 1901 instante
2449 1849 2624 1902 sidere
2665 1851 2844 1919 aliquo
2873 1853 3119 1920 usurpari
3156 1867 3263 1904 non

1717 1932 1870 1984 solet.
1911 1931 1997 1986 Sic
2034 1935 2174 1985 enim
2204 1946 2346 1990 recte
2376 1936 2605 2002 Quintus
2645 1939 2872 1993 Calaber
2909 1942 3001 1994 lib.
3046 1940 3084 1991 V
3124 1941 3262 1995 hanc

1713 2022 1952 2072 eamdem
2015 2015 2284 2078 Pleiadem
2351 2025 2600 2080 Orionem
2663 2028 2954 2098 fugientem
3009 2033 3259 2087 occidere
3313 2042 3324 2058 "

1715 2110 1899 2162 scribit
1937 2128 1949 2161 :

1715 2282 1730 2298 .
1758 2246 1812 2297 .'.
1843 2286 1854 2297 .
1875 2282 1894 2315 ς
1923 2287 1934 2298 .
1967 2248 1998 2298 ὀ
2023 2245 2074 2298 δ’
2095 2245 2182 2312 ἄρ’
2217 2247 2309 2315 ἤϊε
2339 2227 2585 2302 λαὶλαπι
2615 2246 2745 2315 ἴσος

1712 2313 2044 2389 ἕμξρδαλέῃ
2075 2313 2403 2389 cruri—spirat
2427 2313 3053 2389 καταιτίσίβεϐριθυίῃ
3075 2340 3084 2349 ·

1874 2381 2041 2457 saepest
2064 2381 2327 2457 radiaret
2346 2387 2513 2453 τέρας
2544 2381 2805 2454 κρυεροῖο
2833 2381 3054 2457 ᾠόϐοιόξ

1711 2449 2440 2525 Πτιηζέιςεῦτκᾴκάμαντός
2463 2449 2524 2520 ἐξ·
2565 2449 2849 2510 Ὧκέανοῖό
2872 2449 3085 2525 ῥέεθρα

1711 2521 1869 2572 Δύεθ’
1897 2521 2378 2575 ὑποπτὼσσουσα
2405 2527 2759 2590 περικλυτὸν
2787 2521 3043 2593 Ὠῥίωνά.

1777 2629 1908 2685 Nam
1940 2630 2182 2686 Pleiades
2214 2649 2408 2687 occasu
2448 2637 2711 2689 matutino
2741 2639 2990 2691 Orionem
3035 2648 3249 2694 antece-

1709 2717 1861 2772 dunt.
1892 2721 1957 2772 At
2007 2721 2070 2775 de
2117 2712 2376 2790 piscibus,
2429 2728 2721 2792 praesertim
2767 2726 2833 2780 de
2877 2729 3121 2793 australi,
3155 2733 3251 2800 qui

1707 2809 1918 2863 dicatur
1948 2810 2195 2880 equidem
2225 2828 2332 2866 non
2364 2814 2538 2868 video.

1775 2899 2124 2970 Vergiliarum
2149 2907 2324 2955 ortum‘
2356 2900 2879 2968 Varro,Columella,
2903 2903 3107 2959 Plinius
3134 2906 3248 2958 alii—

1706 3009 1812 3064 que
1835 2994 2102 3058 scribunt,
2135 3002 2256 3062 post
2283 2995 2398 3048 dies
2431 3005 2574 3057 XLIV,
2615 2997 2698 3048 vel
2729 3008 2891 3047 vaur
2917 2996 2983 3048 ab
3009 2997 3246 3063 aequino-

1705 3085 1814 3137 ctio
1835 3099 1999 3137 verno
2026 3085 2353 3153 contingere.
2388 3083 2556 3137 Varro
2583 3085 2716 3140 libro
2748 3085 2786 3148 I,
2818 3088 2987 3160 capite
3010 3086 3240 3148 XXVIII,

66 3173 209 3212 anno
255 3159 372 3215 Per.
414 3161 522 3216 Jul.
569 3167 704 3218 57M
749 3184 907 3223 verus
948 3171 1098 3226 locus
1139 3173 1280 3229 Solis
1311 3177 1364 3229 in
1408 3148 1604 3235 Arielis
1631 3148 1672 3204 Ο
1703 3173 1819 3227 dies
1844 3187 1964 3225 SLW
1993 3172 2259 3241 ΡΓἝΠΠῘΗ
2289 3175 2464 3228 caeleri
2498 3185 2616 3227 οοῑο
2647 3181 2699 3226 εί
2727 3178 3114 3244 quadraginta;
3142 3177 3248 3231 δυ’

66 3250 221 3302 initio
261 3253 358 3304 fuit
387 3254 609 3309 Athenis
648 3254 820 3310 Martii
864 3276 1012 3326 xxxr,
1057 3262 1187 3315 hora
1220 3275 1341 3332 post
1377 3270 1604 3324 mediam

67 3350 281 3393 noctem
313 3343 362 3403 l,
403 3343 505 3397 24'.
535 3344 716 3413 Itaque
744 3347 982 3403 Taurum
1024 3352 1421 3420 ingrediebatur
1446 3360 1604 3426 Apri-

66 3429 130 3479 lis
165 3445 292 3482 xxx.
319 3429 440 3483 Maii
481 3435 704 3501 proinde
733 3452 784 3488 xl
819 3437 904 3491 die
949 3439 1125 3492 lucida
1158 3439 1433 3494 Pleiadum
1464 3446 1604 3498 orie-

66 3517 245 3572 batur.
275 3519 471 3574 Ultima
504 3538 630 3577 vero
652 3523 923 3579 Pleiadum
959 3529 1024 3582 ad
1058 3531 1315 3586 orientem
1345 3532 1466 3587 Maii
1495 3551 1600 3600 xvi,

65 3623 170 3675 quo
193 3617 429 3679 tempore
462 3617 652 3669 messis
691 3618 979 3689 incipiebat
1011 3624 1064 3676 in
1099 3625 1326 3680 Graecia.

132 3698 369 3756 Occasus
394 3707 701 3760 earumdem
728 3712 1018 3767 matutinus
1055 3715 1105 3766 iu
1131 3715 1300 3770 Libra:
1337 3717 1401 3771 19
1437 3720 1600 3788 gradu

65 3789 240 3852 fiebat,
291 3792 383 3845 sed
426 3795 692 3864 ἀληθινὸς,
735 3813 835 3851 nec
880 3805 1239 3870 aspectabilis.
1285 3806 1406 3860 Ideo
1459 3811 1602 3863 circa

65 3873 276 3932 initium
306 3882 511 3953 Scorpii
544 3881 920 3952 ἐπικατὰδυσις
949 3895 1236 3965 φαινομένη
1266 3897 1478 3960 accidit,
1517 3900 1601 3953 in-

64 3975 221 4020 eunte
248 3968 550 4026 Novembri.
583 3973 713 4028 Nam
755 3979 1133 4045 aequinoctium
1172 3988 1478 4040 autumnale
1508 4004 1602 4055 per

63 4056 202 4109 idem
239 4066 443 4128 tempus
484 4062 669 4117 incidit
698 4066 751 4118 in
777 4067 1026 4123 Octobris
1057 4071 1287 4125 initium.
1333 4073 1470 4129 Tum
1505 4078 1604 4146 igi-

65 4156 150 4199 tur
199 4151 474 4215 aratiouis,
523 4169 583 4208 ac
628 4158 851 4214 sationis
909 4168 1116 4232 tempus
1166 4167 1406 4235 appetit,
1457 4169 1600 4238 quod

67 4237 316 4307 Virgilius
346 4243 428 4297 his
457 4246 701 4301 versibus
741 4253 1009 4318 expressit
1037 4271 1049 4304 :

66 4348 192 4426 Ante
211 4350 309 4426 tibi
346 4352 475 4426 Ecce
498 4355 787 4426 Atlantides
817 4363 1221 4426 abscondantur,

66 4415 352 4500 gnosiaque
381 4423 611 4500 ardentis
643 4425 851 4500 decedat
879 4431 1031 4481 stella
1059 4415 1291 4500 Coronte,

69 4480 247 4538 Debita
267 4480 416 4555 quam
441 4492 598 4544 sulcis
625 4497 915 4548 committas
934 4480 1159 4565 semina,
1184 4480 1286 4556 etc:

133 4616 320 4683 Eoum,
356 4621 406 4674 id
437 4633 518 4677 est
553 4628 868 4681 matutinum
899 4636 1432 4706 occasumjutelligit,
1465 4656 1589 4705 non,

66 4711 120 4753 ut
158 4704 376 4758 Servius
405 4717 574 4777 putat,
612 4715 893 4777 lieliacum,
934 4720 1023 4786 qui
1051 4729 1103 4772 et
1136 4704 1378 4790 imperite
1411 4704 1595 4796 Vergi-

67 4794 160 4846 lias
189 4795 262 4847 ait
304 4814 322 4845 ε
354 4797 639 4854 Novembri
675 4820 858 4858 mense
893 4810 1128 4878 incipere
1171 4828 1276 4865 non
1324 4817 1529 4873 videri;
1570 4838 1587 4869 ι

65 4885 210 4948 quasi
247 4885 298 4937 in
326 4885 546 4956 Scorpio
577 4891 689 4944 siue
718 4897 883 4949 radiis
918 4900 1048 4951 solis
1079 4900 1454 4956 obscurentur.

135 4971 203 5025 De
245 4976 428 5029 eodem
461 4987 582 5030 ortu
623 4990 673 5032 et
717 4997 911 5036 occasu
953 4985 1208 5054 Virgilius
1251 5005 1460 5059 quoque
1495 4995 1586 5048 lib.

68 5059 128 5110 IV
159 5060 340 5131 Georg.
364 5069 622 5130 meminit,
644 5071 733 5123 ubi
768 5071 833 5126 de
859 5075 1059 5143 duplici
1093 5080 1264 5133 mellis
1291 5081 1586 5137 vindemia:

68 5169 154 5252 Eis
182 5174 417 5252 gravidos
449 5193 632 5252 cogunt
666 5181 838 5252 fetus:
880 5184 981 5236 duo
1014 5195 1241 5252 tempora
1273 5191 1486 5242 messis:

71 5239 286 5307 Taygete
313 5244 470 5295 simul
497 5239 551 5298 6s
583 5239 734 5300 teriis
765 5252 985 5304 ostendit
1018 5239 1283 5307 honestum

71 5307 262 5386 Pleias,
285 5321 342 5386 _et
382 5312 573 5386 oceani
595 5329 789 5379 spretos
819 5321 941 5385 pede
971 5325 1187 5386 reppulit
1220 5342 1413 5378 amnes.

73 5376 168 5458 Aut
196 5379 382 5458 eadem.
407 5382 549 5434 sidus
578 5376 774 5458 fugiens
806 5376 890 5439 ubi
926 5376 1090 5442 Piscis
1113 5396 1293 5458 aquosi

74 5442 286 5497 Tristior
312 5449 548 5502 hibernas
578 5442 702 5504 'cue'lo
728 5454 985 5508 descendit
1021 5461 1071 5509 in
1103 5442 1288 5513 undas.

135 5533 227 5587 Ilic
257 5535 361 5589 duo
394 5548 628 5607 tempora
664 5546 833 5596 mellis
873 5549 1099 5600 metendi
1138 5549 1427 5604 describit:
1461 5553 1590 5607 alte-

75 5635 181 5674 rum
215 5634 334 5692 post
359 5638 532 5679 ortum
564 5629 851 5692 Pleiadum,
878 5651 1038 5688 verno
1069 5647 1333 5704 tempore;
1365 5640 1585 5694 alterum

76 5721 336 5779 autumno,
367 5724 484 5784 post
509 5732 755 5774 occasum
788 5725 1100 5778 matutinum
1129 5742 1139 5775 :
1173 5727 1222 5779 in
1250 5743 1355 5796 quo
1382 5731 1584 5785 Aristo-

1707 3264 1920 3316 lumella
1953 3264 2088 3315 libro
2120 3262 2208 3323 IX,
2251 3264 2423 3331 capite
2463 3261 2581 3314 XIV
2626 3265 2734 3331 (qui
2783 3272 2957 3319 tamen
2987 3266 3120 3318 libro
3151 3266 3240 3329 XI,

1703 3351 1874 3418 capite
1898 3349 1959 3414 II,
1994 3350 2159 3404 Nonis
2186 3349 2328 3412 Maii,
2361 3351 2413 3403 id
2447 3359 2529 3404 est
2558 3367 2679 3404 κων
2708 3353 2793 3406 die
2835 3356 2902 3406 ab
2924 3355 3242 3422 aequinoctio

1702 3441 1910 3493 easdem
1969 3441 2097 3492 oriri
2152 3440 2416 3508 scripsit);
2468 3439 2670 3495 Plinius
2719 3443 2809 3495 lib.
2867 3442 3061 3506 XVIII,
3119 3459 3236 3513 cap.

1702 3523 1864 3577 XXV.
1900 3524 2010 3578 Hoc
2047 3527 2160 3580 sive
2204 3528 2269 3582 de
2297 3531 2423 3594 .sola
2465 3529 2738 3584 Pleiadum
2784 3532 3237 3600 splendidissima,

1702 3613 2038 3680 maximaque
2070 3616 2313 3683 capiatur
2341 3657 2355 3681 ,
2400 3618 2512 3670 sive
2551 3618 2615 3671 de
2658 3627 2769 3672 toto
2812 3615 3124 3688 asterismo;
3153 3639 3240 3677 ve-

1702 3715 1818 3752 rum
1844 3718 1951 3755 non
1981 3711 2081 3755 est.
2116 3703 2244 3758 Nam
2269 3706 2411 3778 illius
2441 3716 2593 3762 ortus
2620 3709 2858 3763 heliacus
2887 3709 3066 3764 Romae
3096 3715 3240 3766 acci-

1702 3788 1858 3841 debat
1892 3791 1943 3841 in
1976 3791 2160 3842 ultima
2190 3796 2338 3859 parte
2364 3794 2546 3857 Tauri,
2578 3799 2928 3864 sexagesimo,
2960 3808 3010 3852 et
3038 3815 3101 3852 eo
3131 3815 3239 3854 am-

1699 3879 1840 3945 plius
1869 3878 1950 3930 die
1991 3880 2058 3932 ab
2082 3881 2324 3948 ingressu
2356 3884 2409 3935 in
2440 3887 2705 3939 Arietem:
2740 3888 2838 3940 hoc
2883 3898 2965 3941 est
2995 3889 3079 3942 die
3112 3889 3236 3944 Maii

1701 3983 1790 4018 xx.
1823 3965 1915 4019 Sin
1940 3967 2004 4021 de
2027 3976 2139 4021 toto
2175 3973 2457 4026 asterismo
2485 3974 2536 4026 id
2561 3975 2958 4049 intelligendum
2989 3985 3090 4041 est,
3114 3977 3238 4032 Ver-

1699 4056 1943 4124 giliarum
1997 4057 2087 4109 illa
2142 4060 2313 4123 stella,
2362 4078 2481 4129 quae
2529 4078 2594 4116 ex
2653 4065 3006 4119 lucidioribus
3063 4068 3234 4123 tribus

1700 4147 1928 4199 maxime
1960 4145 2026 4198 ad
2060 4149 2318 4203 orientem
2355 4154 2602 4219 pertinet,
2638 4169 2776 4207 anno
2819 4158 2992 4223 primo
3024 4155 3233 4212 Juliano

1699 4235 1969 4288 oriebatur
1997 4237 2197 4292 heliace
2228 4240 2280 4292 in
2328 4244 2493 4309 gradu
2541 4243 2883 4297 Geminorum
2917 4247 2966 4307 5,
3015 4247 3113 4300 hoc
3151 4255 3235 4302 est

1698 4324 1886 4378 diebus
1919 4325 1987 4378 ab
2020 4328 2342 4395 tequiuoctio
2386 4333 2613 4399 amplius
2663 4336 2934 4403 sexaginta
2974 4339 3228 4403 quinque.

1626 4453 1668 4506 Β
1701 4409 1811 4464 Hoc
1839 4429 1962 4466 vero
1988 4414 2209 4468 Metonis
2245 4420 2440 4472 saeculo
2467 4421 2518 4472 in
2552 4436 2612 4474 ea
2647 4424 2909 4490 positione
2937 4426 3079 4487 coeli,
3113 4442 3231 4493 qua:

1695 4509 1778 4552 est
1805 4501 2046 4563 Athenis,
2101 4505 2341 4574 contigit.
2392 4507 2523 4562 Nam
2576 4511 2778 4578 periodi
2820 4512 3040 4565 Julianae
3089 4530 3230 4569 anno

1694 4589 1849 4651 4285,
1875 4592 1964 4658 qui
1992 4596 2264 4660 proximus
2287 4606 2367 4649 est
2389 4598 2454 4650 ab
2483 4614 2546 4651 eo
2600 4616 2706 4668 quo
2733 4601 2903 4655 Meton
2941 4605 3228 4658 solstitium

1693 4678 2031 4744 observabat,
2057 4692 2206 4737 ortus
2227 4686 2465 4741 heliacus
2509 4689 2696 4743 lucida:
2724 4690 2996 4745 Pleiadum
3042 4695 3230 4749 incidit

1694 4767 1746 4819 in
1781 4767 1942 4822 Tauri
1971 4770 2190 4836 gradum
2219 4775 2305 4837 18,
2330 4776 2433 4838 ιδ’,
2465 4779 2554 4845 qui
2587 4779 2639 4830 in
2665 4779 2782 4832 Maii
2815 4798 2880 4835 xv
2907 4783 3044 4835 diem
3071 4785 3232 4836 circi-

1694 4863 1776 4909 ter
1823 4859 2016 4911 saaculo
2061 4862 2151 4913 ilio
2202 4867 2544 4933 congruebat.
2579 4867 2977 4937 Equinoctium
3006 4887 3226 4927 vernum

1691 4948 2034 4999 commissum
2075 4958 2157 5001 est
2185 4967 2324 5004 anno
2367 4970 2522 5022 quem
2565 4957 2819 5022 diximus,
2852 4958 3027 5012 Martii
3055 4977 3223 5023 xxvii,

1693 5031 1820 5083 hora
1862 5033 1914 5094 Ο,
1958 5035 2038 5086 28¹
2085 5037 2325 5091 Athenis.
2376 5041 2649 5110 Ingressus
2691 5045 2744 5098 in
2796 5044 3033 5098 Taurum
3093 5063 3224 5100 vero

1691 5128 1837 5171 motu
1877 5125 2126 5176 convenit
2171 5126 2368 5193 Aprilis
2394 5145 2539 5191 xxvi,
2568 5132 2698 5183 hora
2729 5133 2814 5195 I8,
2841 5133 2943 5186 56'.
2990 5135 3065 5186 Ita
3104 5150 3222 5202 gra-

1691 5207 1814 5260 dum
1846 5207 2005 5261 Tauri
2043 5213 2124 5274 18,
2158 5214 2238 5266 48'
2273 5219 2442 5268 tenuit
2466 5220 2544 5272 sol
2569 5235 2629 5270 ea
2661 5228 2816 5274 nocte
2845 5223 3076 5285 circiter,
3106 5238 3224 5291 quae

1692 5296 1831 5348 inter
1858 5313 1944 5349 xtv
1975 5308 2026 5351 et
2060 5318 2125 5353 xv
2156 5303 2274 5355 Maii
2320 5307 2639 5369 intercessit,
2684 5309 2784 5362 hoc
2814 5319 2896 5364 est
2943 5313 3028 5365 die
3057 5328 3218 5366 vam

1690 5396 1807 5451 post
1839 5390 2236 5453 aequinoctium.

1757 5472 1835 5522 Ad
1884 5474 1982 5526 hoc
2023 5486 2230 5546 tempus
2272 5481 2606 5535 intervallum
2653 5485 2754 5538 hoc
2801 5489 3004 5540 dierum
3055 5505 3218 5540 vaut

1688 5562 2066 5626 aequinoctium
2131 5569 2269 5621 inter
2317 5578 2368 5623 et
2406 5582 2578 5624 ortum
2625 5577 2943 5628 matutinum
2987 5576 3218 5630 Pleiadis

1689 5649 1872 5701 referri
1904 5651 2088 5705 debet:
2124 5672 2224 5708 non
2252 5658 2314 5708 ad
2350 5658 2616 5713 Iulianum
2647 5667 2919 5725 saeculum,
2956 5684 3125 5734 neque
3153 5669 3214 5719 ad

1690 5737 2081 5807 situnrﬂouuc,
2112 5745 2199 5796 sed
2225 5743 2454 5799 Gracim.
2486 5747 2614 5801 Cum
2641 5759 2811 5803 autem
2849 5753 3214 5814 celebsrrima,
