4112 6314
738 397 903 453 1379

1746 390 1834 445 AD
1871 388 2134 447 EUSEBII
2170 388 2553 446 CllllONlCON
2596 388 2947 444 APPENDIX.

3758 370 3783 457 χ
3822 386 3946 445 1380

763 526 816 570 et
844 514 1038 580 ubique
1060 521 1347 581 propagata
1380 510 1603 566 Metonis
1634 512 2103 566 euneadccaeteris
2129 519 2293 571 esset,
2325 513 2371 569 Α
2399 507 2563 563 Tauri
2604 518 2759 565 sexta
2797 518 2949 580 parte
2996 510 3245 563 oriuntur
3284 508 3545 564 Pleiades.
3579 524 3598 557 s
3634 503 3769 574 (Etsi
3810 505 3943 557 aliud

766 619 827 657 ac
861 617 1203 674 parapegma,
1248 617 1313 655 ex
1357 616 1528 669 eoque
1577 609 1875 669 temporum
1905 604 2046 654 ratio
2083 602 2308 655 ducere-

762 702 871 755 tur,
906 708 1025 762 quae
1055 690 1125 746 ad
1149 692 1570 760 «navigationem,
1600 692 2014 759 agriculturam,
2061 699 2114 746 et
2144 692 2193 743 id
2224 704 2311 761 ge~

762 801 867 838 nus
898 786 1001 838 alia
1035 784 1380 851 gubernanda
1414 782 1694 838 transferri
1734 784 1895 849 solet;
1930 783 2118 852 perdiu
2148 798 2213 836 ex
2245 782 2309 835 il-

762 877 871 929 lius
912 875 1225 943 przcscripto
1264 882 1478 927 ortuum
1517 881 1571 928 et
1605 880 1894 928 occasuum
1926 873 1980 925 in
2018 873 2210 932 stellis,
2245 886 2307 925 ac

762 972 1136 1033 tempestatum
1174 965 1346 1033 spatia
1386 964 1615 1023 dimensi
1639 972 1763 1017 sunt
1800 978 1815 1014 :
1856 962 2102 1030 quamvis
2143 978 2306 1016 accu-

762 1054 990 1109 ratiores
1011 1055 1404 1124 insequentium
1426 1060 1859 1109 astronomorum
1886 1052 2079 1106 calculi
2123 1052 2307 1123 paula-

762 1146 857 1196 tim
889 1144 1000 1197 hatc
1026 1158 1145 1196 esse
1168 1150 1371 1196 mutata
1395 1142 1807 1206 convincerent;
1847 1142 1940 1196 sed
1965 1142 2106 1211 quod
2142 1142 2307 1196 semel

762 1231 1005 1299 populari
1042 1246 1165 1293 usu,
1198 1245 1262 1284 ac
1294 1230 1509 1299 publice
1548 1230 1835 1291 sancitum,
1883 1231 2221 1295 inveteravit,
2253 1231 2304 1285 id

766 1320 1135 1389 imperitorum
1183 1335 1247 1374 ac
1291 1320 1616 1375 rusticorum
1669 1322 1966 1388 praesertim
1994 1336 2063 1376 ex
2102 1322 2306 1377 animis

760 1409 916 1462 evelli
938 1417 1097 1478 atque
1124 1411 1433 1478 extorqueri
1463 1408 1675 1464 difﬁcile
1700 1418 1899 1478 potest.

830 1498 903 1553 De
954 1500 1056 1553 hoc
1104 1500 1328 1554 Metonis
1362 1514 1525 1561 anno,
1578 1515 1641 1554 ac
1688 1508 2061 1571 parapegmate
2107 1502 2175 1554 ad
2226 1500 2302 1564 id,

760 1589 902 1657 quod
928 1590 1184 1653 diximus,
1224 1589 1466 1660 apposite
1504 1588 1697 1646 Festus
1734 1591 1972 1646 Avienus
2012 1591 2067 1645 in
2094 1595 2303 1647 Arateis

761 1680 834 1733 ita
865 1681 1083 1751 scripsit
1111 1698 1125 1734 τ

830 1812 985 1867 Illius
1012 1809 1079 1867 ad
1107 1830 1345 1867 numeros
1375 1815 1582 1881 prolixa
1613 1814 1858 1869 decennii:
1893 1830 2105 1869 rursum

832 1884 1097 1950 Adjecisse
1117 1881 1291 1937 Meton
1322 1882 1575 1948 Cecropea
1594 1884 1792 1936 dicitur
1820 1895 1931 1938 arte
1956 1902 1974 1939 :

832 1952 1126 2019 lnseditque
1154 1954 1367 2015 animis,
1393 1955 1553 2005 tenuit
1586 1969 1691 2006 rem
1723 1952 1926 2006 σηπία
1952 1954 2117 2007 solers

835 2020 1105 2085 Protinus,
1133 2032 1178 2075 et
1206 2023 1383 2091 longos
1405 2023 1663 2079 inventum
1691 2024 1830 2075 misit
1854 2025 1909 2077 in
1933 2039 2122 2077 minos.

831 2132 1184 2197 Quamobrem
1215 2133 1426 2187 tametsi
1460 2132 1531 2187 ab
1558 2134 1885 2204 Hipparcho,
1921 2145 1974 2189 et
2000 2136 2121 2190 aliis
2150 2134 2304 2190 dein-

762 2240 889 2293 ceps
912 2240 1092 2278 rerum
1124 2224 1423 2279 caelestium
1451 2224 1658 2292 peritis,
1692 2226 1861 2279 multa
1891 2226 1944 2279 in
1976 2229 2305 2282 astronomia

762 2321 1239 2393 ac’tempestatum
1287 2314 1666 2369 distributione
1717 2324 2046 2369 commutata
2085 2315 2309 2371 innova-

681 2466 684 2471 t
762 2412 925 2473 taque
946 2404 1077 2467 sint,
1105 2403 1260 2458 haesit
1292 2414 1470 2458 tamen
1496 2416 1660 2473 penes
1706 2406 1915 2475 vulgus,
1942 2414 1996 2460 et
2019 2407 2071 2460 in
2094 2409 2308 2462 rusticae

763 2495 843 2548 rei
880 2495 1173 2563 praisertim
1212 2494 1693 2559 administratione,
1715 2504 1872 2552 vetus
1905 2497 1994 2550 illa
2033 2507 2087 2552 et
2142 2497 2339 2554 Meto-A

765 2584 886 2637 nica
912 2586 1083 2637 ratio:
1112 2594 1168 2637 ut
1202 2584 1256 2638 in
1280 2585 1371 2639 lib.
1400 2582 1491 2647 IX,
1524 2599 1644 2654 cap.
1670 2584 1786 2639 XIV
1811 2582 2111 2663 Columella
2142 2597 2307 2642 testa-

764 2678 873 2725 tur.
921 2672 1041 2738 Quo
1082 2688 1146 2727 ex
1190 2688 1383 2743 genere
1428 2672 1778 2743 Vergiliarum
1807 2676 1895 2731 ille
1932 2692 2051 2732 esse
2096 2677 2307 2731 videtur

759 2771 912 2819 ortus
932 2764 1139 2818 dierum
1173 2772 1293 2831 post
1319 2766 1698 2832 aequinoctium
1730 2774 1853 2822 octo
1879 2775 1933 2821 et
1956 2767 2305 2838 quadraginta

760 2854 938 2921 spatio
987 2852 1260 2907 deﬁnitus.
1310 2853 1464 2917 Quod
1508 2870 1629 2908 cum
1684 2854 1750 2907 ad
1779 2854 1969 2908 Attica:
2013 2855 2198 2920 situm,
2225 2857 2305 2911 uti

760 2941 965 2996 dictum
1015 2950 1118 3001 est,
1166 2940 1392 2996 Metonis
1441 2948 1597 2997 aetate
1653 2943 1964 3012 pertineret,
1999 2953 2197 3000 temere
2239 2947 2306 3001 ad

760 3028 922 3082 Italiae
964 3017 1225 3097 positum,
1268 3036 1584 3099 aetatemque
1629 3045 1783 3085 suam
1824 3029 2053 3085 Romani
2095 3039 2308 3091 traxere

2406 608 2489 652 est
2529 600 2658 653 oriri
2690 588 2742 652 in
2769 606 2918 652 sexta
2948 606 3101 667 parte
3130 597 3316 661 Tauri,
3341 598 3489 651 aliud
3517 594 3759 649 Taurum
3786 593 3945 648 Pleia-

2404 686 2501 741 das
2542 696 2693 742 sexta
2734 695 2883 756 parte
2922 687 3005 740 sui
3049 687 3279 743 tollere:
3313 686 3419 740 hoc
3449 686 3594 739 enim
3647 694 3753 742 est.
3800 692 3941 738 sexta

2404 784 2556 846 parte
2611 778 2772 846 signi,
2819 777 2911 846 qui
2968 784 3097 829 sunt
3152 775 3350 846 gradus
3408 790 3462 829 v.
3519 772 3625 827 Sed
3680 769 3943 827 Firmicus

2406 877 2615 923 sextum
2653 866 2878 937 gradum
2923 866 3214 935 concepit.)
3262 864 3371 921 Nec
3412 864 3568 917 aliter
3606 863 3945 932 intelligenda

2406 964 2533 1010 sunt
2561 958 2795 1013 obscura
2812 956 2977 1011 Plinii
3005 956 3167 1011 verba
3192 954 3370 1016 lib.Il,
3396 968 3516 1023 cap.
3544 953 3763 1007 XLVII:
3799 973 3819 1003 ε
3850 952 3944 1004 Da-

2403 1057 2493 1102 tus
2521 1057 2604 1102 est
2640 1054 2816 1102 autem
2854 1046 3306 1115 huichavonio)
3333 1056 3553 1100 exortus
3590 1043 3942 1114 Vergiliarum

2407 1138 2460 1190 in
2494 1136 2716 1192 totidem
2764 1138 3007 1205 partibus
3039 1136 3222 1199 Tauri,
3254 1152 3345 1191 sex
3388 1136 3578 1192 diebus
3616 1143 3743 1190 ante
3781 1134 3942 1189 Maias

2404 1229 2549 1284 Idus.
2609 1248 2627 1280 s
2672 1227 2774 1282 Ubi
2818 1229 3038 1283 totidem
3084 1235 3268 1298 partes
3299 1242 3421 1283 esse
3466 1228 3621 1291 dicit,
3648 1238 3779 1296 quot
3825 1235 3943 1281 sunt

2403 1320 2518 1375 dies
2548 1326 2671 1374 ante
2712 1318 2879 1375 Maias
2921 1318 3063 1374 Idus.
3108 1318 3179 1372 Ut
3215 1332 3402 1374 verum
3454 1326 3539 1374 est
3585 1317 3802 1373 Hesiodi
3848 1333 3940 1373 sa-

2402 1414 2524 1467 culo
2554 1414 2609 1467 in
2650 1409 3119 1487 Bmotialucidam
3148 1406 3422 1465 Pleiadum
3461 1409 3679 1464 circiter
3722 1424 3775 1463 vt
3821 1410 3941 1463 ldus

2403 1502 2569 1556 Maias
2596 1510 2774 1555 ortum
2803 1488 3070 1556 heliacum
3100 1500 3316 1563 fecisse,
3354 1515 3459 1553 non
3487 1506 3669 1553 tamen
3712 1499 3766 1552 in
3796 1508 3944 1567 parte

2402 1600 2552 1646 sexta
2581 1591 2767 1655 Tauri,
2798 1594 2893 1647 sed
2934 1593 2990 1645 in
3016 1607 3091 1654 xt,
3125 1592 3208 1646 vel
3240 1607 3345 1657 xu;
3379 1592 3453 1645 ita
3489 1590 3681 1645 falsum
3720 1598 3802 1645 est
3846 1589 3941 1643 hoc

2402 1684 2559 1738 Plinii
2618 1685 2815 1740 saeculo
2868 1685 3165 1753 contigisse
3216 1685 3270 1737 in
3319 1683 3504 1745 Italia,
3562 1681 3800 1743 Graecia,
3862 1682 3940 1733 vel

2406 1774 2657 1846 Egypto.
2692 1775 2781 1829 Sic
2806 1776 3006 1845 passim
3038 1776 3106 1830 ab
3135 1776 3444 1832 auctoribus
3472 1772 3860 1828 incondite.bis
3880 1772 3943 1825 de

2408 1867 2565 1920 rebus
2597 1865 2761 1918 multa
2799 1864 3071 1930 dicuntur,
3104 1879 3223 1934 quze
3250 1866 3315 1918 ad
3352 1864 3662 1919 methodum
3702 1856 3939 1918 nostram

2405 1954 2660 2033 exigenda
2696 1963 2841 2010 sunt.
2885 1956 3041 2025 Apud
3080 1954 3360 2011 Geminum
3405 1953 3939 2011 Pleias‘Euctemoni

2404 2046 2580 2099 oritur
2613 2034 2711 2098 ιιίιι
2735 2045 2823 2100 die
2863 2044 3166 2111 Tauronos,
3198 2061 3230 2100 a
3260 2062 3366 2116 quo
3411 2057 3465 2100 et
3501 2045 3708 2101 aestatis
3733 2045 3941 2099 initium

2403 2134 2621 2204 petitur.
2645 2135 2714 2188 At
2736 2134 2957 2189 Eudoxo
2981 2134 3221 2190 Pleiades
3259 2145 3431 2189 ortum
3466 2134 3667 2188 faciunt
3693 2134 3782 2188 die
3809 2148 3939 2186 χχιι.

2402 2226 2512 2282 Nos
2540 2228 2765 2282 Athenis
2797 2226 3027 2281 Metonis
3068 2236 3311 2295 tempore
3346 2236 3527 2279 ortum
3565 2223 3832 2278 heliacum
3865 2222 3942 2275 lu-

2403 2319 2535 2377 cidae
2557 2316 2910 2387 Vergiliarum
2943 2316 3246 2371 invenimus
3272 2317 3325 2369 in
3349 2314 3519 2385 gradu
3546 2312 3712 2367 Tauri
3740 2312 3827 2377 19,
3860 2313 3941 2365 ul~

2404 2410 2549 2462 timte
2572 2422 2699 2460 vero
2726 2404 2960 2461 Pleiadis
2989 2406 3043 2459 in
3067 2406 3235 2475 gradu
3262 2405 3352 2467 24,
3393 2405 3497 2460 53'.
3528 2404 3673 2458 inter
3703 2404 3803 2459 bas
3832 2419 3945 2457 am.

2403 2497 2500 2550 bas
2526 2496 2701 2550 media
2728 2505 2811 2551 est
2842 2496 3109 2566 posterior
3125 2483 3428 2550 observatio
3452 2495 3681 2550 Gemini.
3700 2494 3760 2549 In
3780 2495 3941 2555 libro,

2403 2590 2493 2657 qui
2540 2587 2826 2642 Ptolema‘o
2854 2588 3150 2657 inscriptus
3174 2598 3276 2649 est,
3308 2588 3374 2642 de
3404 2589 3768 2644 inerrantibus
3810 2589 3943 2642 stel—

2403 2679 2491 2745 lis,
2526 2676 2884 2749 Vergiliarum
2916 2686 3135 2733 exortus
3168 2679 3382 2747 ponitur
3425 2678 3625 2748 Aprilis
3671 2695 3713 2741 t,
3763 2686 3879 2731 tum
3913 2693 3941 2730 x

2405 2770 2675 2826 Kalendas
2730 2770 2917 2831 Maias,
2967 2770 3069 2823 hoc
3134 2778 3216 2824 est
3265 2785 3376 2824 χχιι
3438 2769 3631 2839 April.,
3671 2778 3783 2822 tum
3837 2768 3943 2823 No-

2404 2864 2489 2918 nis
2520 2861 2685 2929 :Maii,
2729 2868 2784 2916 et
2829 2877 2880 2914 tv
2931 2860 3053 2916 ldus
3112 2871 3166 2916 et
3210 2876 3270 2914 ιιι
3330 2860 3594 2917 Kalendas
3650 2857 3816 2913 Junii.
3868 2860 3941 2913 Ita

2408 2968 2557 3007 more
2589 2966 2689 3007 suo
2720 2952 2956 3019 scriptor
2989 2952 3078 3005 ille
3113 2952 3307 3019 partim
3336 2950 3489 3012 falsa,
3522 2952 3719 3020 partim
3753 2952 3944 3007 alienis
3968 3020 3985 3030 ρ

2405 3043 2543 3098 facta
2594 3044 2925 3112 temporibus
2979 3043 3035 3095 in
3071 3042 3310 3096 eamdem
3353 3041 3637 3111 Myconum
3684 3043 3939 3097 inferciit.

763 3118 1255 3213 scriptores._P_ene
1302 3118 1550 3213 Ovidium
1593 3122 2064 3213 prmtemiseram,
2110 3127 2201 3196 qui
2249 3128 2302 3181 iu
2330 3156 2371 3213 ε
2409 3133 2560 3200 (Nam
2599 3134 2654 3188 in
2698 3131 2883 3188 Graeco
2927 3134 3096 3197 nulla,
3153 3142 3210 3187 ut
3266 3134 3321 3187 in
3370 3133 3519 3187 Notis
3569 3134 3940 3192 observamus.

761 3205 938 3263 Fastis
983 3206 1257 3277 Pleiadum
1292 3220 1469 3265 ortum
1498 3212 1553 3265 in
1592 3228 1649 3265 ιιι
1696 3211 1822 3267 Idus
1860 3212 2026 3270 Maias
2054 3217 2296 3287 coniicit,

759 3301 852 3369 qui
884 3308 968 3357 est
990 3317 1091 3355 xut
1115 3301 1251 3366 dies,
1274 3309 1327 3357 et
1352 3303 1418 3355 ab
1449 3304 1770 3372 aequinoctio
1798 3306 2295 3377 quinquagesimus,

760 3390 828 3444 ab
863 3390 1105 3459 ingressu
1134 3406 1294 3460 porro
1322 3393 1377 3445 in
1407 3382 1668 3455 Arietem,
1699 3410 1861 3463 quem
1889 3397 1977 3451 ille
2005 3413 2073 3452 xv
2102 3397 2298 3453 Kalen-

760 3477 861 3535 das
890 3481 1095 3549 Apriles
1119 3472 1325 3549 statuit,
1349 3482 1823 3555 quinquageslmus
1843 3488 2123 3556 septimus.
2150 3490 2297 3544 Theo

762 3571 819 3624 in
844 3570 1055 3624 Arateis
1083 3571 1492 3627 Commentariis
1522 3572 1768 3630 Pleiadas
1807 3577 1940 3631 oriri
1970 3580 2168 3634 asserit
2192 3596 2297 3634 xxv

760 3660 963 3715 mensis
989 3658 1300 3715 Pharmutbi
1321 3680 1335 3715 :
1356 3666 1447 3732 qui
1468 3663 1525 3717 in
1550 3680 1620 3721 xx
1643 3663 1783 3719 diem
1806 3664 2005 3735 Aprilis
2025 3670 2187 3735 cadit,
2208 3672 2296 3725 ὅτε

762 3750 853 3803 καὶ
886 3748 980 3802 τοῦ
1024 3749 1249 3822 θερίζειν
1287 3753 1474 3824 καιρὸς
1510 3754 1566 3807 ἐν
1605 3753 1877 3825 Αἰγύπτῳ.
1912 3756 2075 3817 Addit
2107 3761 2296 3817 diebus

704 3856 711 3861 '
760 3849 879 3910 post
910 3842 1701 3922 aequinoctium'quinquaginta
1728 3845 1937 3901 duobus
1976 3848 2026 3901 id
2058 3848 2210 3914 ﬁeri,
2232 3866 2296 3906 ac

758 3943 874 3990 tum
892 3936 1057 3991 solem
1082 3936 1137 3991 in
1165 3935 1329 3991 Tauri
1352 3946 1503 4009 parte
1525 3949 1646 3996 esSe
1668 3956 1804 3996 xvii.
1850 3941 1959 3999 Nos
1987 3943 2052 3997 ad
2074 3944 2298 3999 Alexan-

759 4026 890 4080 driae
935 4029 1095 4083 situm
1150 4028 1385 4085 Theonis
1434 4046 1568 4095 aavo,
1628 4032 1733 4087 hoc
1776 4040 1857 4088 est
1908 4050 2050 4089 anno
2095 4036 2295 4093 Christi

758 4130 943 4180 cccu,
979 4127 1157 4174 ortum
1202 4120 1465 4175 heliacum
1512 4122 1704 4177 lucida:
1738 4121 2010 4178 Pleiadum
2053 4126 2295 4182 animad‘

759 4209 1017 4261 vertimus
1052 4209 1107 4269 in
1139 4211 1306 4278 gradu
1337 4210 1498 4266 Tauri
1545 4230 1668 4273 xxv.
1713 4213 2117 4283 Equinoctium
2165 4224 2294 4273 tunc

759 4309 876 4353 erat
909 4299 964 4354 in
1006 4298 1179 4353 Martii
1216 4317 1343 4355 xxi:
1376 4319 1407 4357 a
1434 4320 1541 4373 quo
1572 4306 1744 4374 putati
1772 4306 1889 4361 dies
1931 4322 2001 4359 LII
2043 4308 2295 4363 desinunt

757 4388 816 4443 in
852 4407 883 4445 ν
927 4389 1049 4444 ldus
1096 4390 1281 4454 Maias,
1310 4393 1360 4445 id
1404 4403 1487 4449 est
1518 4397 1570 4449 in
1600 4412 1653 4449 χι
1686 4395 1831 4459 Maii,
1870 4396 2057 4467 Epiphi
2082 4415 2191 4453 χνι.
2222 4402 2292 4454 At

758 4494 880 4548 quae
910 4480 964 4534 in
992 4488 1229 4536 extrema
1248 4484 1467 4550 cuspide
1502 4496 1583 4538 est
1612 4486 1677 4539 ad
1712 4488 1993 4553 orientem,
2022 4488 2289 4543 heliacum

758 4578 936 4627 ortum
960 4562 1145 4627 habuit
1173 4573 1229 4628 in
1257 4575 1423 4645 gradu
1470 4574 1633 4629 Tauri
1665 4578 1754 4642 29,
1782 4580 1882 4645 55',
1925 4578 2050 4633 Maii
2074 4580 2290 4636 circiter

757 4676 889 4714 xvu.
918 4660 1099 4730 Itaque
1132 4678 1240 4716 non
1277 4663 1343 4718 de
1372 4665 1597 4727 heliaco,
1629 4666 1723 4720 sed
1761 4668 1827 4722 de
1857 4670 2092 4724 cosmico
2117 4671 2291 4740 loqui-

760 4761 867 4805 tur.
906 4749 1114 4806 Rursus
1148 4751 1362 4809 Hesiodi
1404 4756 1599 4810 szeculo
1644 4757 1697 4811 in
1728 4757 1931 4813 Boeotia
1959 4761 2145 4815 eadem
2177 4762 2291 4816 haec

762 4841 828 4893 ad
875 4843 1136 4897 orientem
1178 4852 1443 4912 postrema
1488 4845 1762 4901 Pleiadum
1808 4859 1983 4904 ortum
2026 4852 2288 4907 heliacum

759 4928 988 4985 faciebat
1018 4933 1070 4986 in
1092 4934 1259 5004 gradu
1281 4932 1443 4989 Tauri
1468 4936 1552 4999 I7,
1575 4938 1675 4991 hoc
1702 4948 1783 4993 est
1814 4941 1867 4993 in
1896 4941 1978 5003 l6,
2009 4943 2051 4993 7'
2079 4957 2093 4993 :
2129 4951 2289 5011 atque

760 5024 833 5076 ita
862 5020 1097 5083 Theonis
1122 5026 1281 5080 verba
1312 5028 1568 5095 capienda
1596 5040 1723 5085 sunt
1751 5033 1805 5086 in
1846 5034 1935 5087 illa
1961 5036 2288 5089 scholiorum

760 5114 1024 5176 niiscella,
1059 5132 1177 5184 qua)
1207 5130 1378 5186 neque
1418 5127 1678 5189 tempora,
1708 5137 1882 5191 neque
1918 5127 2078 5179 situm
2114 5128 2289 5195 regio-

759 5217 887 5255 num
917 5201 1213 5271 distinguit,
1242 5207 1516 5275 )siquidem
1560 5210 1628 5263 ad
1676 5210 1935 5265 heliacum
1965 5216 2285 5283 pertineant.

826 5291 1073 5348 Manilius
1121 5295 1212 5348 lib.
1248 5295 1314 5361 V,
1343 5297 1602 5369 Vergilias
1626 5303 1755 5356 oriri
1805 5307 1991 5360 scribit
2039 5309 2091 5360 in
2140 5319 2289 5361 sexta

760 5391 909 5452 parte
920 5384 1101 5450 Tauri;
1120 5386 1197 5450 sic
1214 5389 1352 5442 enim
1371 5389 1511 5446 illius
1529 5393 1687 5447 verba
1706 5394 2097 5465 interpretanda
2120 5407 2247 5455 suut
2271 5416 2285 5452 :

828 5504 1027 5581 Taurus
1056 5509 1110 5560 in
1144 5507 1380 5581 adversus
1401 5528 1620 5581 pra’ccps
1644 5525 1699 5567 ut
1730 5517 1934 5569 tollitur
1962 5530 2104 5572 ortus

827 5572 985 5629 Sexta
1006 5586 1149 5642 parte
1176 5580 1258 5631 sui
1280 5572 1525 5637 certantes
1554 5572 1680 5637 lucis
1710 5586 1774 5637 ad
1809 5604 1969 5640 auras

829 5642 1064 5699 Pleiades
1093 5648 1255 5719 ducit.

756 5731 854 5789 Cui
884 5735 1170 5789 asscntitur
1212 5734 1472 5794 Firmicus
1502 5742 1615 5815 _lib.
1658 5741 1787 5809 VIII,
1820 5760 1937 5817 cap.
1968 5746 2054 5801 VII
2086 5766 2097 5801 :
2156 5769 2172 5800 ι
2220 5749 2279 5805 In
2309 5818 2319 5830 ο

2400 3227 2676 3283 Pleiadum
2733 3227 2991 3298 mentio.)
3025 3226 3199 3293 κρυοά
3265 3236 3440 3281 autem
3501 3228 3634 3281 oriri
3688 3214 3943 3281 Kalendis

2396 3320 2668 3389 Aprilibus
2690 3321 2785 3381 ait,
2816 3320 3288 3375 hallucinationem
3319 3335 3437 3374 esse
3459 3319 3542 3373 vel
3570 3320 3826 3381 auctoris,
3857 3322 3958 3379 vel.

2398 3410 2713 3479 interpretis
2743 3418 2993 3480 apparet;
3039 3425 3162 3463 nam
3206 3411 3366 3465 tertio
3394 3409 3645 3480 post_die
3686 3425 3940 3475 occasum

2395 3500 2512 3570 ejus
2545 3502 2725 3571 posuit
2754 3520 2767 3555 :
2798 3502 2889 3570 qui
2922 3502 3107 3570 utique
3129 3509 3305 3555 ortum
3336 3501 3624 3556 antecedit.
3770 3570 3777 3573 _

2462 3591 2537 3646 De
2579 3607 2777 3645 occasu
2827 3590 3102 3645 Pleiadum
3137 3606 3244 3645 non
3277 3592 3452 3646 minor
3494 3602 3579 3648 est
3610 3596 3933 3661 scriptorum

2395 3680 2659 3747 varietas;
2702 3681 3024 3734 matutinum
3064 3682 3206 3736 enim
3252 3680 3344 3735 alii
3385 3680 3574 3736 diebus
3609 3696 3765 3735 vatu
3812 3690 3939 3750 post

2391 3770 2772 3840 aequinoctium
2821 3770 3125 3825 autumnale
3171 3769 3449 3825 deﬁniunt.
3489 3770 3565 3824 lta
3596 3770 3734 3824 Plin.
3768 3772 3802 3824 l.
3840 3769 3934 3836 XI,

2394 3878 2441 3917 c.
2483 3859 2619 3927 XVI,
2653 3862 2744 3916 ubi
2790 3862 3026 3916 et.diem
3087 3861 3316 3931 praﬁnit
3360 3861 3484 3917 ldus
3530 3861 3848 3917 Novembris
3904 3878 3934 3914 a

2398 3966 2505 4021 quo
2534 3958 2677 4005 retro
2704 3951 2872 4019 putati
2904 3951 3020 4005 dies
3055 3966 3219 4005 χιγιιι
3256 3951 3508 4006 desinunt
3533 3954 3587 4006 in
3634 3967 3775 4005 xxvu
3820 3947 3931 4005 ’5ο-

2392 4042 2669 4111 ptembrls.
2701 4040 2877 4107 Quare
2905 4049 3026 4109 post
3047 4041 3425 4110 aequinoctium
3460 4040 3750 4110 Sosigenis,
3781 4042 3931 4111 quod

2391 4132 2449 4185 in
2487 4145 2612 4185 xxvt
2647 4130 2974 4201 Septembris
3013 4128 3220 4185 Plinius
3258 4132 3509 4194 contulit,
3554 4133 3667 4186 dies
3712 4132 3783 4185 illi
3831 4148 3933 4203 pu-

2392 4220 2543 4274 tandi
2572 4228 2717 4273 sunt.
2742 4221 2809 4273 At
2831 4219 2969 4274 idem
2991 4218 3197 4275 Plinius
3226 4220 3318 4276 lib.
3349 4220 3413 4287 ll,
3443 4237 3562 4291 cap.
3584 4221 3780 4284 XLVII,
3806 4234 3932 4293 post

2391 4310 2764 4378 aequinoctium
2790 4311 3111 4369 autummale
3136 4311 3323 4372 diebus
3347 4312 3735 4373 thv‘occidere
3760 4312 3934 4367 Pleia-

2390 4401 2488 4455 das
2515 4401 2622 4463 ait,
2655 4390 2815 4469 idque
2862 4416 2921 4457 ιιι
2962 4401 3083 4456 Idus
3116 4400 3430 4457 Novembris
3464 4404 3595 4457 ﬁeri.
3628 4402 3737 4459 [Ioc
3763 4404 3930 4459 modo

2321 4471 2363 4526 θ
2390 4490 2769 4561 aequinoctium
2802 4502 3059 4561 congruet
3088 4491 3417 4561 Septembris
3450 4509 3640 4556 xxvut,
3660 4495 3743 4547 vel
3769 4509 3926 4547 χχιι.
3955 4546 3961 4563 ς

2386 4583 2547 4651 Atqui
2578 4581 2717 4637 idem
2753 4585 2914 4637 etiam
2947 4583 3141 4652 repetit
3167 4597 3285 4652 cap.
3320 4582 3461 4635 XXV
3504 4584 3625 4637 libri
3647 4582 3834 4647 XVIII,
3864 4602 3926 4639 ex

2388 4674 2611 4727 Caesaris
2636 4674 2966 4742 praescripto.
2993 4674 3283 4727 Columella
3309 4674 3404 4727 lib.
3426 4673 3513 4735 IX,
3545 4689 3658 4743 cap.
3694 4674 3841 4737 XIV,
3862 4676 3930 4729 ab

2386 4764 2707 4832 aequinoctio
2768 4764 2962 4818 diebus
3024 4779 3091 4815 χι
3142 4763 3387 4817 occidere
3438 4762 3925 4821 Pleiadas‘refert.

2388 4849 2557 4905 Varro
2588 4853 2682 4906 lib.
2730 4851 2771 4909 1.
2817 4867 2937 4921 cap.
2977 4849 3215 4917 XXVIII,
3249 4852 3441 4909 diebus
3485 4870 3649 4909 χχχιι.
3684 4854 3760 4908 Ad
3812 4856 3929 4910 btet:

2385 4941 2591 4999 Plinius
2623 4944 2717 4997 lib.
2750 4942 2933 5007 XVIII,
2966 4959 3085 5013 cap.
3118 4944 3283 5009 XXV,
3315 4960 3569 5001 occasum
3602 4948 3926 5001 matutinum

2386 5032 2660 5088 Pleiadum
2710 5050 2775 5089 ex
2825 5034 3059 5092 Hesiodo
3109 5036 3332 5090 tradidit
3377 5037 3489 5090 ﬁeri
3526 5051 3647 5089 cum
3678 5038 3929 5105 aequino-

2387 5126 2549 5178 ctium
2594 5126 2835 5179 autumni
2883 5127 3274 5181 conﬁceretur:
3316 5142 3381 5181 ex
3416 5125 3636 5182 Thalete
3664 5143 3792 5183 vero
3840 5130 3928 5183 die

2388 5231 2510 5276 xxv,
2543 5216 2940 5270 Anaximandro
2973 5234 3116 5280 χχιχ,
3148 5216 3473 5273 Euctemone
3498 5233 3680 5271 vam.

2455 5304 2528 5363 Ex
2558 5306 2643 5359 bis
2672 5306 2921 5360 omnibus
2959 5307 3099 5362 Julio
3142 5306 3339 5361 Caesari
3386 5308 3619 5361 maxime
3662 5305 3925 5361 Varronis

2388 5393 2475 5446 illa
2514 5395 2773 5448 sententia
2801 5397 3068 5465 congruit,
3096 5398 3140 5450 si
3162 5395 3228 5451 de
3258 5412 3452 5453 occasu
3477 5397 3743 5451 matutino
3769 5413 3923 5458 vero,

2386 5495 2491 5533 non
2522 5491 2810 5549 apparente
2842 5474 3020 5536 sermo
3053 5484 3143 5537 sit.
3190 5483 3346 5538 Hunc
3376 5487 3520 5538 enim
3567 5484 3925 5555 deprehendi-

2384 5586 2505 5625 mus
2542 5574 2591 5623 in
2627 5572 2794 5641 gradu
2830 5570 3035 5643 Scorpii
3073 5576 3130 5636 ᾗ,
3187 5576 3283 5641 IT.
3337 5574 3425 5628 Sic
3469 5576 3631 5629 etiam
3682 5576 3921 5629 ’Πιειῐριὶς

2386 5666 2645 5727 tempore,
2685 5660 2784 5712 hoc
2815 5670 2895 5716 est
2922 5676 3062 5717 anno
3092 5662 3543 5731 perioditluliana:
3567 5664 3728 5726 4113,
3758 5678 3919 5715 orea-

2387 5766 2477 5807 sus
2513 5751 2651 5806 idem
2695 5752 2990 5807 matutinus
3014 5768 3176 5807 verus
3205 5756 3256 5807 in
3288 5752 3510 5824 gradum
3547 5751 3725 5807 Librae
3755 5746 3918 5807 XXIV
