4112 6314
118 470 121 473 _
162 411 302 467 1581

976 394 1424 457 lilSSEl‘tTATlO
1464 399 1550 453 DE
1586 396 1770 453 ORTU
1813 394 1897 450 ET
1936 397 2201 451 OCCASU
2241 396 2558 467 SIDERUM.

3235 400 3377 457 1582

160 525 472 595 competit:
516 524 657 593 quod
696 532 779 577 cst
824 524 1101 577 eximium.
1153 520 1372 581 Verum,
1415 530 1473 571 ut
1517 535 1581 573 ex
1622 517 1728 571 Gc-
1756 525 1795 578 Α
1824 517 1942 577 σίας
1993 517 2194 584 potius,
2245 529 2409 584 quam
2463 516 2531 568 ad
2573 521 2795 574 exactos
2836 523 2991 569 ortus
3038 527 3371 584 occasusque

162 619 325 671 mino
355 627 409 669 et
443 614 728 667 Ptolennro
777 630 938 682 supra
968 613 1386 667 demmtstratum
1425 617 1527 671 est,
1559 619 1711 662 ortus

163 708 536 776 acronycbus,
569 716 621 759 et
657 721 882 759 occasus
925 705 1217 756 matutinus
1253 717 1405 755 verus
1443 700 1511 751 ab
1550 715 1715 768 appa-

164 800 421 851 rentibus
449 798 779 865 discrepant.
820 796 1092 860 Quantum
1130 810 1256 847 vero
1288 794 1427 845 inter
1459 800 1716 858 utrosque

164 889 389 941 dierum
441 888 783 954 interjeetum
838 888 927 945 sit,
978 901 1007 937 a
1060 884 1292 943 nemine,
1325 882 1467 950 quod
1526 881 1713 939 sciam,

164 979 505 1048 esplicatum
536 986 618 1032 est
648 997 661 1033 :
696 978 955 1031 interesse
987 983 1161 1029 autem
1193 975 1414 1042 aliquot,
1446 982 1550 1025 tam
1584 970 1719 1023 ratio

168 1071 319 1140 ipsa,
354 1084 513 1139 quam
536 1070 865 1138 experientia
900 1069 1110 1121 ροιινίηι
1133 1068 1191 1121 it.
1222 1065 1486 1130 Quocirca
1524 1062 1721 1114 Anaxi-

165 1161 406 1214 mander
432 1160 498 1212 de
527 1168 813 1227 apparente
846 1158 1117 1233 Pleiadum
1150 1170 1380 1217 occasu,
1424 1153 1619 1236 Thales
1655 1152 1721 1205 de

168 1265 310 1303 vero
338 1251 625 1318 capiendus
656 1260 756 1304 est.
808 1250 863 1301 In
896 1248 1129 1302 Hesiodo
1160 1247 1296 1298 ratio
1339 1259 1447 1298 non
1487 1250 1718 1297 constat.

168 1337 314 1392 Nam
345 1341 517 1393 lucida
548 1339 820 1393 Pleiadum
851 1338 970 1406 ejus
993 1338 1188 1390 sarculo
1213 1348 1466 1388 occasum
1504 1333 1724 1384 matuti-

170 1448 311 1487 num
356 1435 541 1486 habuit
575 1434 626 1486 in
653 1432 819 1502 gradu
858 1431 1029 1484 Librae
1054 1430 1141 1492 l8,
1169 1428 1269 1482 47'.
1316 1426 1433 1481 Non
1462 1422 1593 1479 levis
1614 1424 1725 1477 for-

170 1532 328 1577 tasse
356 1524 589 1592 suspicio
631 1534 733 1585 est,
768 1522 1000 1575 Plinium
1040 1536 1135 1587 per
1177 1518 1590 1587 imprudentiam
1634 1531 1727 1569 oc-

169 1629 366 1666 casum
397 1614 711 1664 matutinum
739 1625 832 1678 pro
863 1610 1068 1662 heliaco
1102 1608 1416 1675 smnpsissc.
1454 1604 1551 1658 llic
1583 1606 1727 1658 enim

174 1701 400 1757 llesiodi
425 1703 621 1756 sarculo
646 1699 1029 1771 propemodum
1055 1698 1109 1751 in
1138 1698 1515 1766 aequinoctium
1542 1696 1727 1748 incur-

171 1792 271 1843 rit.
313 1789 587 1860 Siquidem
630 1806 661 1844 c
704 1788 1061 1842 lucidioribus
1096 1788 1291 1848 tribus,
1320 1801 1439 1853 qua:
1480 1786 1545 1838 ad
1593 1785 1729 1839 occi-

1818 614 2117 675 respectum
2156 605 2441 661 habuerint
2482 606 2848 665 mathematici
2898 614 3107 661 veteres
3153 607 3208 660 in
3252 608 3369 661 suis

1818 696 2309 767 parapegmatibus,
2355 706 2671 764 argmnento
2719 706 2822 761 est,
2872 697 3037 766 quod.
3086 704 3145 751 ut
3202 696 3369 753 refert

1816 787 1964 841 Theo
2012 789 2064 840 in
2110 787 2339 852 Arateis,
2382 796 2763 857 parapegmata
2799 804 2901 844 sua
2938 788 3150 859 publice
3177 801 3371 859 propo-

1818 881 2017 933 nebant
2067 894 2191 932 cum
2235 879 2515 948 prtesagiis
2547 888 2950 948 tempestatum,
2983 889 3286 943 ventorum,
3316 891 3370 935 ct

1819 971 1871 1022 id
1906 986 2074 1039 genus
2112 971 2361 1033 aliorum,
2392 987 2510 1041 qua:
2550 986 2690 1023 anno
2728 978 2841 1025 toto
2875 969 3058 1023 futura
3093 973 3373 1047 prtesclve-

1820 1068 1958 1114 rant.
2001 1060 2178 1114 Verba
2213 1060 2450 1115 Theonis
2496 1061 2657 1129 digna
2704 1069 2847 1123 sunt,
2892 1075 3011 1129 qua:
3058 1060 3149 1115 hic
3204 1064 3374 1117 ascri-

1821 1150 2016 1203 batttut‘
2040 1165 2053 1201 :
2085 1150 2149 1201 Oi.
2174 1149 2232 1201 δὲ
2260 1150 2394 1219 μετὰ
2421 1150 2649 1202 Μέτωνα
2676 1150 2992 1220 ἀστρονόμοι
3016 1148 3113 1202 καὶ
3146 1152 3373 1213 πίνακας

1827 1244 1883 1292 ὲν
1912 1243 2028 1301 ταῖς
2058 1240 2271 1292 πόλεσιν
2299 1240 2496 1309 ἔθηκαν
2530 1241 2655 1310 περὶ
2691 1241 2798 1292 τῶν
2831 1241 2924 1293 τοῦ
2965 1240 3116 1311 ἡλίου
3148 1258 3378 1313 περιφο-

1802 1329 1929 1407 ἱρῶν
1980 1328 2086 1380 τῶν
2134 1330 2795 1401 ὲννεακαιδεκαετηρξδων,
2850 1331 2930 1384 ὅτι
2985 1331 3104 1383 καθ’
3152 1331 3411 1405 ἕκαστον,

1821 1417 2061 1469 ἐνιαυτὸν
2087 1417 2288 1469 τοιόσδε
2337 1418 2487 1470 ἔσται
2531 1418 2751 1487 χειμὼν,
2783 1420 2875 1475 καὶ
2903 1421 3098 1489 τοιόνδξ
3124 1419 3243 1490 ἔαρ,
3282 1421 3375 1473 καὶ

1821 1507 2018 1558 τοιόνδε
2056 1507 2229 1577 Θέρος,
2275 1508 2367 1559 καὶ
2411 1508 2611 1561 τοιόνδε
2662 1509 3016 1580 φθινόπωρον,
3046 1511 3142 1563 καὶ
3185 1511 3372 1563 τοιοίδε

1822 1584 2039 1667 ἄνεμοὶο
2074 1598 2168 1651 καὶ
2207 1598 2373 1650 πολλὰ
2411 1600 2545 1667 πρὸς
2592 1599 2869 1668 βιωφελεῐς
2903 1600 3089 1670 χρείας
3130 1604 3238 1663 τοῖς
3282 1602 3376 1653 ἀν-
3420 1618 3423 1619 '

1825 1688 2079 1759 θρώποις.
2120 1688 2240 1743 Haec
2272 1698 2449 1743 autem
2483 1689 2660 1745 omnia
2707 1707 2814 1744 non
2857 1693 2911 1748 in
2956 1692 3088 1761 ipsis
3126 1701 3375 1746 astrono-

1827 1781 2093 1835 micorum
2125 1788 2341 1834 ortuum
2370 1782 2452 1832 vel
2498 1796 2789 1836 occasuum
2825 1781 3139 1849 momentis,
3164 1784 3257 1853 sed
3285 1782 3377 1838 ali-

172 1882 397 1937 dentem
428 1883 618 1953 vergit,
653 1896 906 1935 occasum
942 1882 1206 1934 beliacum
1226 1877 1454 1932 faciebat
1482 1878 1535 1931 in
1560 1877 1728 1946 gradu
1758 1862 1800 1920 Β
1826 1872 2044 1941 quando
2074 1878 2218 1933 ante,
2252 1871 2332 1923 vel
2366 1878 2486 1937 post
2516 1871 2792 1924 observari
2831 1871 3027 1925 solent.

174 1972 381 2024 Arietis
426 1971 621 2039 primo,
660 1969 714 2023 id
743 1962 905 2029 esto.
950 1969 1066 2034 51';
1102 1968 1378 2022 orientalis
1408 1969 1463 2021 in
1506 1969 1727 2039 cuspide

175 2065 285 2117 sita
314 2065 368 2115 in
395 2062 562 2131 gradu
589 2063 643 2124 2,
680 2062 780 2123 ιδ’,
826 2060 1267 2127 splendidissima
1306 2061 1546 2112 omnium
1582 2062 1636 2112 in
1668 2061 1724 2123 4,

174 2155 246 2206 8'.
291 2152 426 2205 Vide
472 2166 632 2219 quam
682 2151 819 2204 belle
874 2152 939 2204 ad
993 2151 1133 2202 hunc
1171 2150 1396 2203 modum
1446 2151 1727 2203 ratiocinia

174 2252 498 2313 congruant.
526 2242 656 2294 Nam
689 2242 755 2294 de
779 2256 974 2295 occasu
1015 2242 1280 2294 matutino
1313 2240 1601 2295 falsissima
1639 2255 1727 2295 res

173 2344 284 2387 est.
319 2333 549 2387 Metonis
580 2347 740 2401 porro
786 2343 1042 2400 tempore,
1084 2331 1325 2401 adeoque
1361 2331 1727 2392 Euctemonis,

174 2440 409 2479 occasus
441 2425 737 2477 matutinus
771 2438 929 2478 verus
956 2422 1190 2478 Pleiadis
1213 2424 1267 2476 in
1306 2422 1479 2476 Libra
1517 2424 1606 2484 27,
1647 2406 1729 2476 Μ’

175 2516 433 2568 convenit
467 2532 480 2569 :
521 2516 589 2569 ad
620 2516 763 2585 quod
812 2514 970 2584 spatii
1003 2514 1211 2585 aliquid
1252 2519 1469 2568 acmdat
1517 2522 1729 2581 oportet

176 2606 247 2658 ad
280 2621 451 2672 usque
484 2606 823 2675 φαινόμενον,
854 2605 1011 2670 cujus
1043 2606 1202 2657 etiam
1232 2604 1542 2673 apparentis
1571 2618 1729 2657 occa-

175 2709 278 2747 sus
312 2693 508 2760 gradus
536 2694 699 2761 aliqui
721 2700 866 2745 sunt.
890 2691 1023 2745 Nam
1054 2693 1335 2761 paulatim,
1372 2692 1460 2744 ubi
1491 2693 1731 2760 longius-

176 2781 303 2834 cule
331 2783 399 2834 ab
427 2780 670 2849 opposita
710 2780 832 2834 coeli
861 2782 1078 2849 regione
1124 2780 1206 2835 sol
1237 2779 1570 2843 discesserit,
1620 2791 1726 2833 tam

176 2870 235 2922 in
274 2878 417 2931 ortu,
445 2883 604 2937 quam
636 2868 689 2921 in
729 2883 927 2923 occasu
968 2869 1121 2923 stella
1149 2869 1518 2938 conspicitur;
1564 2865 1730 2939 idque

176 2959 436 3013 continue
462 2960 517 3011 iit
558 2959 749 3013 diebus
772 2959 999 3028 aliquot.
1016 2958 1274 3014 Geminus
1294 2960 1437 3013 enim
1466 2959 1638 3027 capite
1661 2956 1729 3010 XI

177 3050 373 3103 scribit
408 3064 563 3104 veros
610 3060 765 3104 ortus
813 3058 868 3104 et
917 3065 1144 3105 occasus
1184 3036 1476 3104 matutinos
1522 3051 1729 3119 priores

176 3155 306 3193 esse
342 3140 760 3209 apparentibus;
812 3142 867 3193 in
913 3143 1240 3211 vespertinis
1282 3150 1474 3196 contra
1510 3141 1727 3209 priores

177 3244 307 3283 esse
342 3230 483 3283 veris
517 3236 854 3296 apparentes.
900 3227 1067 3298 Igitur
1102 3239 1424 3301 apparentes
1471 3237 1644 3287 ortus.
1675 3237 1753 3287 ct.

176 3332 412 3371 occasus
445 3316 715 3378 matutini,
740 3332 874 3385 quas
905 3317 1073 3370 Graeci
1101 3320 1483 3387 προανατολὰς,
1516 3327 1569 3373 et
1600 3335 1729 3386 προ-

179 3405 501 3468 καταδύσεις
542 3405 680 3474 ἑῴας
701 3406 1027 3475 φαινομένας
1062 3409 1375 3471 norninant,
1416 3408 1610 3476 smpius
1643 3422 1729 3461 re-

181 3498 335 3565 petiti
378 3512 532 3559 veros
564 3503 883 3565 sequuntur,
916 3497 1151 3570 quandiu
1195 3498 1451 3551 mediocri
1497 3497 1729 3552 intersti-

178 3592 261 3643 tio
295 3590 426 3644 solis
462 3596 639 3642 ortum
676 3588 875 3642 cadens
908 3588 991 3641 vel
1026 3588 1207 3642 oriens
1251 3588 1405 3643 stella
1435 3588 1725 3656 praevertit.

182 3681 279 3733 Sic
320 3681 479 3734 etiam
514 3688 639 3733 ante
686 3680 1049 3747 vespertinum
1096 3686 1274 3731 ortum
1330 3677 1624 3739 stellarum,
1674 3684 1728 3730 et

180 3786 442 3825 occasum
510 3768 755 3839 ἀληθινὸν
796 3769 940 3827 ﬁunt
1004 3776 1327 3840 apparentes
1386 3768 1724 3836 complures;

181 3860 362 3931 quoad
406 3858 823 3928 modicospatio
854 3857 1131 3912 conditum
1153 3859 1323 3913 solem
1348 3867 1484 3916 ortu
1498 3873 1619 3936 suo,
1648 3859 1727 3912 vel

183 3967 383 4006 occasu
413 3953 565 4005 stella
599 3950 973 4018 consequitur.

254 4043 386 4108 Quae
412 4044 627 4097 demum
656 4041 936 4096 varietatis
965 4042 1110 4096 illius
1137 4041 1315 4097 all‘erri
1341 4056 1501 4094 causa
1528 4048 1724 4110 potest,

184 4150 350 4204 quam
380 4139 539 4188 etiam
568 4135 742 4190 aetatis
782 4136 923 4188 inter
954 4133 1217 4202 ejusdem,
1251 4146 1314 4185 ac
1359 4132 1595 4200 regionis
1635 4146 1728 4184 au-

183 4233 367 4279 ctores
396 4226 703 4293 plerumque
732 4225 1006 4277 cernimus
1030 4242 1041 4277 :
1078 4224 1205 4276 dum
1248 4223 1385 4277 alius
1410 4222 1724 4284 orientibus,

185 4315 568 4368 cadentibusve
602 4315 773 4368 stellis
802 4315 906 4367 alia
937 4314 1237 4384 pratscribit
1266 4322 1527 4379 tempora,
1560 4312 1728 4364 diem-

146 4462 151 4467 .
183 4421 293 4474 que
311 4403 579 4466 diffundit,
606 4412 663 4457 ut
703 4405 770 4457 ab
801 4405 869 4457 iis
908 4402 1176 4465 terminis,
1218 4416 1355 4471 quos
1382 4417 1447 4455 ex
1486 4408 1729 4455 astrono-

1893 1963 2150 2016 Geminus
2180 1962 2233 2013 in
2262 1968 2639 2028 parapegmate
2662 1960 2824 2014 refert
2849 1976 2915 2016 ex
2934 1960 3141 2030 Calippi
3171 1962 3376 2016 deseri-

1824 2054 2007 2121 ptione
2038 2050 2298 2119 Vergilias
2347 2050 2593 2103 occidere
2637 2050 2696 2101 'in
2744 2058 2895 2118 parte
2936 2049 3146 2119 Scorpii
3179 2051 3261 2105 l6.
3304 2052 3376 2105 At

1826 2141 2044 2195 Eudoxo
2092 2140 2149 2193 in
2188 2140 2285 2204 19;
2329 2137 2643 2192 Euctemohi
2680 2154 2808 2194 vero
2853 2140 2905 2193 in
2948 2139 3036 2203 45,
3084 2157 3207 2194 cum
3250 2151 3376 2196 ante

1826 2228 2160 2283 Democritus
2203 2229 2258 2281 in
2305 2228 2339 2281 4
2385 2229 2685 2281 statuisset.
2716 2226 2874 2281 Liber
2910 2228 2975 2282 de
3023 2229 3374 2285 inerrantium

1826 2320 2334 2391 signiﬁcationibus.
2362 2318 2773 2389 qui‘Ptolemaeo
2806 2318 3078 2383 tribuitur,
3109 2319 3373 2392 Vergilia-

1828 2428 1946 2465 rum
1984 2412 2201 2466 occasui
2231 2411 2496 2464 matutino
2529 2411 2710 2479 plures
2734 2411 2972 2466 ascribit
3004 2410 3140 2478 dies,
3182 2426 3375 2482 nempe

1833 2502 2084 2556 Octobris
2132 2518 2243 2567 χιχ,
2295 2516 2449 2566 mn,
2499 2516 2670 2567 xxvii,
2715 2500 2981 2558 Kalendas
3024 2502 3373 2570 Novembres,

1825 2594 1965 2647 diem
1994 2594 2235 2661 ejusdem
2269 2609 2363 2655 vn,
2388 2607 2444 2646 ιι
2474 2602 2526 2647 et
2555 2609 2673 2657 xm,
2706 2592 2798 2661 qui
2823 2608 3058 2648 occasus
3082 2596 3373 2664 superiori-

1827 2670 1928 2736 bus
1974 2684 2079 2736 illis
2124 2698 2153 2736 a
2186 2682 2411 2737 Gemino
2436 2686 2772 2738 memoratis
2809 2694 3241 2741 astronomorum
3278 2687 3371 2741 dc—
3415 2720 3419 2723 -

1827 2776 1991 2826 cretis
2042 2773 2440 2828 accommodari
2492 2780 2739 2842 possunt,
2787 2776 2859 2827 ita
2888 2785 2944 2829 ut
2985 2791 3097 2831 non
3143 2792 3372 2831 occasus

1826 2864 1973 2929 veri,
2005 2864 2100 2919 sed
2132 2873 2453 2935 apparentes
2500 2864 2869 2934 intelligantur
2906 2882 2970 2922 eo
3012 2868 3171 2922 modo
3213 2880 3391 2938 quem'

1827 2957 2066 3028 proxime
2102 2956 2505 3026 proposuimus.

1900 3047 2039 3101 Sane
2055 3046 2180 3100 Julii
2209 3047 2439 3103 Caesaris
2466 3056 2621 3105 astate
2649 3063 2810 3104 verus
2834 3060 3060 3103 occasus
3077 3048 3371 3103 matutinus

1754 3179 1796 3235 Ο
1829 3140 2103 3194 Pleiadum
2155 3138 2326 3193 fiebat‘
2360 3141 2413 3192 in
2468 3148 2660 3209 quarta
2710 3148 2859 3208 parte
2894 3138 3122 3208 Scorpii.
3164 3140 3247 3194 Ab
3268 3140 3370 3195 boc

1831 3236 2069 3296 tempore
2128 3226 2428 3294 interjectis
2478 3228 2670 3281 diebus
2725 3227 2933 3291 decem,
2984 3235 3369 3299 autquatuor-

1830 3316 2022 3379 decim,
2074 3312 2349 3385 continget
2393 3332 2661 3386 apparens
2706 3333 2931 3373 occasus
2967 3318 3053 3373 die
3083 3319 3151 3373 ab
3198 3320 3368 3389 aequi-

1829 3408 2009 3465 noctio
2056 3421 2202 3473 xuv,
2239 3407 2323 3460 vel
2382 3422 2569 3461 uvm.
2630 3407 2869 3473 Quorum
2920 3419 3226 3479 utrumque,
3272 3411 3371 3467 sed

1832 3498 1962 3552 illud
1987 3498 2216 3553 maxime
2244 3498 2490 3568 Sosigeni
2521 3514 2583 3553 ac
2612 3499 2759 3555 Julio
2788 3500 2991 3556 Caesari
3022 3502 3316 3571 imputatur
3336 3516 3367 3556 a

1824 3590 2023 3644 Plinio.

1903 3682 2012 3736 Sub
2035 3682 2174 3737 idem
2215 3692 2425 3753 tempus
2468 3686 2732 3753 autumni,
2772 3693 2896 3741 ante
2925 3685 3247 3740 matutinum
3284 3701 3366 3741 oc-

1830 3789 2032 3837 casum,
2083 3773 2360 3828 Pleiadum
2406 3778 2747 3845 vespertinus
2798 3786 2950 3832 ortus
2996 3777 3192 3831 accidit
3226 3796 3239 3831 :
3279 3778 3366 3834 cui

1829 3864 2043 3935 quidem
2071 3864 2271 3920 diversi
2300 3866 2439 3934 apud
2465 3866 2748 3921 Geminum
2776 3878 2828 3921 et
2862 3867 3199 3923 Ptolemaeum
3231 3883 3365 3937 prae-

1826 3953 2004 4007 stituti
2040 3961 2167 4006 sunt
2205 3953 2339 4007 dies.
2394 3953 2651 4008 Geminus
2704 3955 2779 4007 ait
2832 3954 3205 4009 Euctemonem
3247 3956 3301 4010 in
3333 3957 3366 4011 5

1830 4046 2001 4099 Librae
2026 4054 2176 4113 parte
2214 4044 2488 4107 statuisse,
2522 4043 2798 4099 Eudoxum
2830 4044 2885 4097 in
2914 4044 2998 4098 10.
3038 4043 3191 4110 Quod
3214 4054 3276 4100 ut
3299 4046 3365 4104 de

1829 4135 2061 4206 ἀληθινῷ
2103 4136 2381 4203 capiatur,
2436 4136 2667 4204 contigit
2711 4133 2926 4189 Hesiodi
2971 4134 3189 4191 saeculo.
3229 4134 3367 4191 Tum

1828 4228 1971 4281 enim
2010 4230 2063 4279 in
2112 4225 2286 4279 Libra:
2328 4226 2395 4279 l0
2434 4233 2585 4293 parte
2627 4225 2941 4295 ἀκρονύχως
2965 4225 3280 4280 oriebantur
3310 4226 3363 4279 in

1828 4317 2031 4371 Graecia
2089 4314 2335 4385 Vergilia:
2361 4332 2374 4365 :
2404 4315 2643 4368 Thaletis
2688 4323 2867 4369 autem
2915 4321 3154 4384 tempore
3186 4315 3239 4367 in
3274 4314 3363 4376 16.

1828 4405 2015 4458 eodem
2046 4404 2099 4459 in
2132 4406 2239 4457 situ
2291 4403 2547 4471 regionis.
2579 4406 2648 4455 At
2678 4401 2887 4459 Metone
2920 4404 3154 4465 vivente,
3190 4404 3246 4457 in
3273 4404 3360 4466 19,

184 4495 342 4548 micis
371 4494 570 4564 regulis
600 4494 985 4562 triangulorum
1014 4509 1134 4563 ope,
1170 4507 1234 4545 ac
1257 4490 1506 4546 methodo
1531 4492 1727 4545 consti-
1758 4512 1799 4566 ο
1828 4492 1953 4545 Julii
1989 4493 2221 4560 denique
2262 4491 2493 4546 Caesaris
2528 4506 2641 4545 aevo
2674 4494 2725 4544 in
2767 4492 2855 4553 25.
2902 4491 3075 4560 Atque
3117 4491 3198 4545 liae
3239 4501 3364 4545 sunt

182 4584 409 4647 tuimus,
455 4583 757 4653 plusculum
803 4584 1071 4637 interdum
1116 4582 1368 4637 recedere
1416 4581 1722 4635 videantur.

184 4675 242 4727 Id
286 4690 352 4728 co
382 4674 439 4727 fit
463 4675 606 4744 quod
634 4675 924 4743 scriptores
954 4675 1050 4737 illi,
1085 4675 1177 4743 qui
1223 4689 1401 4728 rerum
1443 4673 1524 4726 vel
1552 4679 1729 4741 gesta-

184 4776 307 4813 rum
348 4762 681 4825 memoriam,
710 4768 795 4816 vel
831 4762 1133 4816 communis
1160 4761 1227 4814 ad
1265 4776 1422 4815 usum
1457 4762 1579 4814 vitae
1601 4775 1725 4829 spe-

184 4849 447 4904 ctantium
486 4854 861 4907 tractationem
894 4854 1203 4913 instituunt,
1230 4852 1472 4921 populari
1500 4852 1722 4913 trutina,

183 4949 241 4993 et
274 4956 551 5004 sensuum,
578 4942 831 5010 vulgique
852 4942 1059 5009 judicio
1091 4952 1145 4997 et
1190 4944 1569 5004 aestimatione,
1620 4958 1725 4996 non

185 5030 391 5093 limata,
420 5041 474 5085 et
494 5031 675 5085 subtili
704 5032 912 5086 ratione
946 5033 1047 5086 ista
1076 5034 1409 5087 describunt.
1444 5026 1723 5095 Quare‘ex

183 5120 419 5198 eoomni
459 5129 723 5203 tempore,
766 5122 907 5189 quod
954 5122 1189 5176 siderum
1225 5130 1378 5176 ortus
1414 5130 1469 5175 et
1494 5136 1723 5176 occasus

184 5210 427 5277 ἀκριϐεῖς
468 5212 722 5265 mediocri
763 5212 939 5280 spatio
985 5211 1071 5264 vel
1111 5213 1411 5265 matutinos
1453 5213 1719 5280 sequitur,

185 5300 268 5353 vel
306 5300 572 5367 antecedit
614 5303 984 5369 vespertinos;
1031 5302 1121 5354 alii
1164 5304 1301 5358 alios
1339 5303 1543 5371 eligunt
1582 5304 1720 5365 dies,

182 5392 382 5461 quibus
409 5392 537 5445 oriri
560 5392 761 5450 stellas.
791 5394 873 5446 vel
898 5393 1144 5446 occidere
1182 5396 1554 5461 pronuntiant,
1588 5410 1724 5461 pra:-

183 5482 370 5535 sertim
397 5497 518 5535 cum
548 5484 904 5553 ἐπισημασίαι
932 5483 1381 5555 vehementiores,
1410 5491 1462 5537 et
1484 5484 1721 5551 insignes

182 5571 326 5625 aeris
357 5573 681 5627 mutationes
714 5574 956 5626 incidunt
993 5592 1005 5627 :
1052 5588 1171 5641 quae
1216 5575 1377 5627 certis
1424 5575 1528 5627 illis
1578 5574 1719 5627 side-

182 5662 336 5715 ribus
397 5678 464 5717 ex
531 5666 748 5733 antiqua
807 5673 861 5717 et
918 5680 947 5716 a
1005 5664 1300 5732 majoribus
1347 5665 1540 5717 tradita
1603 5666 1720 5733 Opi-

174 5751 346 5807 nione
366 5752 531 5808 tribui
554 5755 813 5809 solebant.
837 5756 987 5819 Quod
1018 5754 1081 5807 ad
1113 5756 1352 5820 elTectus,
1382 5765 1433 5810 et
1456 5759 1733 5825 ἐπισημα-υ

368 5934 395 5947 κ

1827 4583 2087 4652 ἀληθιναὶ,
2118 4590 2174 4638 et,
2195 4582 2477 4650 ἀκρόνυχοι
2502 4582 2772 4646 ὲπιτολαί,
2810 4596 2945 4650 quas
2968 4582 3149 4651 utique
3164 4596 3363 4650 praece-

1825 4673 1958 4725 dunt
1992 4682 2331 4741 apparentes.
2368 4673 2453 4728 Eae
2484 4690 2644 4744 porro
2674 4676 2917 4742 repetitis
2944 4676 3132 4729 diebus
3168 4672 3362 4743 sapius

1828 4762 2126 4817 incurrunt.
2180 4763 2255 4816 Ex
2308 4766 2505 4833 quibus
2548 4774 2696 4820 certa
2730 4766 2833 4821 sibi
2866 4766 3093 4836 quisque
3122 4774 3361 4833 tempora

1824 4856 2084 4921 sumpsit,
2118 4854 2314 4920 quibus
2344 4856 2473 4907 oriri
2506 4854 2746 4909 Pleiadas
2770 4857 2929 4924 paulo
2958 4865 3079 4924 post
3108 4870 3361 4910 occasum

1826 4944 1992 4998 solem
2022 4943 2243 4997 diceret.

1893 5037 1947 5089 In
1969 5035 2239 5091 Ptolemaﬁ
2299 5038 2480 5093 libello
2519 5038 2709 5095 Latino
2733 5039 2981 5094 Octobris
3002 5038 3275 5105 Kalendis,
3305 5051 3359 5096 et

1822 5128 2061 5182 secundo
2110 5128 2216 5191 die,
2254 5145 2395 5183 nono
2417 5145 2479 5183 as
2510 5130 2828 5185 duodecimo
2851 5170 2866 5194 ,
2906 5130 3044 5184 idem
3088 5132 3176 5187 ille
3208 5142 3358 5187 ortus

1822 5219 2129 5272 adnotatur.
2176 5218 2357 5275 Potest
2408 5221 2475 5275 de
2502 5230 2624 5276 ortu
2658 5236 2787 5275 vero
2827 5222 2901 5275 ita
2927 5223 3211 5291 scripsisse
3236 5224 3358 5277 libri

1822 5309 1983 5376 hujus
2013 5318 2202 5363 auctor
2226 5312 2359 5380 .rqui
2405 5312 2608 5380 putavit
2645 5313 2696 5367 in
2721 5310 2934 5368 Libram
2967 5313 3167 5383 ingredi
3192 5315 3356 5369 solem

1821 5400 1906 5454 die
1938 5398 2265 5467 Septembris
2295 5419 2378 5454 χιχ
2410 5422 2421 5455 ;
2455 5418 2484 5455 a
2515 5418 2621 5471 quo
2660 5400 2908 5460 Kalendte
2944 5405 3187 5459 Octobris
3214 5406 3358 5463 deci-

1819 5506 1939 5544 mus
1960 5492 2150 5545 tertius
2179 5493 2293 5545 dies
2321 5502 2402 5546 est
2421 5532 2435 5556 ,
2470 5509 2646 5547 nonus
2666 5509 2794 5549 vero
2820 5496 3102 5551 vicesimus
3126 5497 3354 5564 primus.

1819 5579 2165 5635 duodecimus
2230 5591 2452 5649 quartus
2489 5590 2543 5635 et
2585 5584 2896 5639 vicesimus.
2924 5583 3024 5647 Qui
3053 5593 3357 5652 postremus

1818 5672 1958 5721 ortui
2003 5670 2215 5723 Juliauo
2250 5662 2550 5741 acfonycho
2579 5674 2848 5737 convenit,
2898 5676 3076 5727 caeteri
3132 5674 3357 5732 Metonis

1818 5757 2150 5828 aliorumque
2173 5760 2369 5814 sreculo
2390 5760 2674 5829 quadrant.
2696 5760 2817 5815 llaec
2850 5776 2914 5816 ex
2945 5764 3179 5818 auctoris
3214 5764 3357 5817 illius
