4112 6314
589 352 598 366 ³
655 365 790 424 ιδεδ

1651 359 1739 412 A‘D
1775 348 2038 413 EUSEBII
2065 349 2453 410 CHRONICO‘N
2493 301 2859 405 APPEl‘iDIX.

3701 333 3860 398 εδει

653 480 788 533 falsa
813 475 1161 546 persuasione
1181 473 1248 528 de
1278 473 1526 543 ingressu
1562 471 1693 526 solis
1729 472 1784 524 in
1813 469 2195 525 dodecatemo-
2224 477 2271 533 Α
2299 466 2497 520 coelum
2540 472 2640 526 est,
2669 461 2936 516 horizonti
2984 457 3200 529 ἀτμώδη
3237 456 3520 527 quemdam
3550 468 3726 508 aerem
3760 453 3863 505 in-

654 569 736 620 ria
757 574 946 618 octavo
967 572 1090 617 ante
1113 561 1365 616 cardines
1380 559 1484 614 “die
1522 560 1662 613 haud
1694 559 1925 614 absurde
1954 561 2198 627 suspica-

655 673 819 712 mur:
851 655 1089 722 alioquin
1142 653 1208 705 ad
1258 650 1576 721 φαινομένην
1622 650 1870 720 ἐπιτολὴν
1903 650 2198 720 ἀκρόνυχον

655 744 848 800 referri
890 747 1166 809 poterunt.

619 837 622 840 ’
727 831 983 900 Sequitur
1036 827 1372 898 vespertinus
1427 841 1665 881 occasus
1705 825 2001 890 Pleiadum,
2028 842 2200 896 quem

661 920 920 974 Geminus
954 918 1335 972 Euctemonem
1387 919 1460 970 ait
1499 917 1552 970 in
1583 918 1651 970 IO
1697 925 1848 985 parte
1882 918 2076 971 Arietis
2108 934 2206 986 po--

672 1027 838 1077 nere;
863 1009 1138 1063 Eudoxum
1163 1016 1217 1062 et
1247 1007 1607 1061 Demdcritum
1633 1007 1687 1059 in
1712 1006 1796 1058 I5.
1829 1005 1939 1075 Ego
1969 1006 2206 1062 Thaletis

663 1109 900 1170 tempore
947 1113 1204 1153 occasum
1263 1096 1577 1152 earumdem
1633 1095 1901 1150 Iteliacum
1944 1097 2210 1150 accidisse

667 1190 939 1259 comperio
965 1190 1019 1242 in
1050 1195 1198 1258 parte
1213 1187 1414 1239 Arietis
1442 1185 1536 1249 10;
1567 1183 1794 1238 Metonis
1817 1190 1994 1239 autem
2024 1186 2076 1238 in
2108 1186 2206 1238 I5:

667 1280 806 1350 quod
829 1279 960 1333 satis
971 1277 1214 1347 quadrat.
1231 1275 1473 1328 Addebat
1489 1274 1820 1328 Democritus
1841 1275 2004 1329 latere
2020 1275 2213 1329 deinde

667 1375 810 1422 totos
835 1367 949 1420 dies
975 1380 1041 1420 ιι.
1071 1382 1084 1417 :
1109 1362 1250 1432 quod
1282 1361 1499 1416 Hesiodi
1534 1367 1772 1430 tempore
1813 1378 1998 1415 verum
2048 1361 2214 1417 fuisse

669 1452 1178 1517 demonstravimus,
1231 1449 1536 1515 Quinetiam
1583 1447 1820 1503 Thaletis
1851 1459 2212 1516 temporeoc-

673 1557 832 1597 casus
865 1541 1103 1594 heliacus
1130 1541 1183 1592 in
1207 1539 1404 1591 Arietis
1446 1537 1509 1590 10
1535 1576 1550 1600 ,
1593 1549 1742 1592 ortus
1773 1538 2004 1592 in’Tauri
2028 1540 2090 1592 I6
2125 1541 2218 1594 lie-

673 1630 1169 1687 bat:intervallum
1231 1628 1441 1680 dierum
1497 1641 1590 1679 sex
1645 1636 1698 1682 et
1743 1629 1982 1697 triginta.
2017 1627 2216 1682 Verum

677 1723 782 1776 hoc
818 1722 874 1774 in
938 1735 1045 1773 una
1071 1716 1423 1788 Vergiliarum
1470 1719 1648 1792 lucida
1681 1720 1906 1789 contigit
1941 1737 1954 1773 :
1984 1734 2106 1772 nam
2135 1721 2220 1773 ul-

676 1814 807 1866 tima
852 1811 918 1864 ad
958 1811 1218 1864 orientem
1249 1821 1482 1878 quatuor
1510 1810 1593 1863 vcl
1625 1810 1861 1878 quinque
1889 1810 2078 1864 diebus
2099 1818 2221 1878 post

681 1903 822 1956 illam
852 1908 1025 1954 ortum
1058 1899 1321 1961 beliacum
1351 1899 1558 1962 habuit,
1595 1905 1654 1951 ut
1693 1899 1758 1953 de
1789 1906 1902 1951 toto
1937 1900 2220 1954 asterismo

678 1990 1017 2047 verissimum
1049 1989 1142 2051 sit,
1169 1989 1391 2044 latuisse
1420 1987 1536 2042 dies
1567 1989 1804 2042 totidem.
1838 1988 2065 2043 Metonis
2097 2004 2221 2044 ecce

681 2092 919 2151 tempore
940 2080 1127 2135 lucida:
1158 2077 1435 2133 Pleiadum
1479 2065 1706 2132 occasus
1745 2077 1985 2133 heliacus
2028 2079 2219 2134 incidit

683 2173 739 2225 in
763 2170 984 2241 gradum
1025 2168 1224 2222 Arietis
1250 2167 1336 2229 I3,
1359 2173 1510 2220 ortus
1543 2173 1826 2234 postremae
1865 2167 1932 2220 ad
1961 2169 2222 2224 orientem

684 2262 923 2316 heliacus
953 2261 1005 2312 in
1035 2259 1255 2328 gradum
1285 2257 1447 2310 Tauri
1486 2256 1558 2311 25
1594 2275 1607 2310 :
1642 2257 1980 2312 intervallum
2017 2260 2224 2314 dierum

685 2363 817 2404 xui.
873 2346 964 2400 Sic
1015 2347 1071 2398 in
1123 2360 1226 2398 una
1273 2344 1448 2398 lucida
1491 2342 1849 2413 Vergiliarum
1887 2345 2068 2402 Romae
2096 2347 2224 2402 Julii

688 2441 916 2496 Caesaris
971 2449 1207 2508 tempore
1247 2439 1477 2507 idipsum
1524 2439 1763 2508 reperies
1797 2454 1807 2486 ε
1837 2454 1959 2493 nam
1999 2456 2225 2497 occasus

691 2532 928 2586 heliacus
975 2529 1030 2584 in
1085 2528 1251 2599 gradu
1297 2529 1494 2583 Arietis
1534 2529 1621 2594 18,
1655 2537 1805 2584 ortus
1856 2531 1911 2584 in
1956 2529 2120 2585 Tauri
2157 2533 2226 2587 50

693 2621 874 2677 factus
901 2629 1018 2675 est:
1048 2619 1337 2674 discrimen
1387 2619 1592 2673 dierum
1623 2633 1753 2674 xui.
1795 2619 2061 2676 Ptolemmi
2096 2623 2228 2677 liber

696 2712 922 2766 Latinus
955 2710 1153 2780 Aprilis
1191 2726 1248 2763 III
1279 2709 1502 2763 ascribit
1543 2724 1795 2764 occasum
1864 2713 2227 2782 vespertinum

694 2800 1051 2870 Vergiliarum
1083 2799 1214 2867 :qui
1269 2798 1386 2852 dies
1412 2809 1494 2853 est
1537 2798 1777 2853 decimus
1819 2815 1993 2853 nonus
2033 2816 2062 2853 a
2095 2800 2229 2855 falso

697 2903 854 2958 quem
910 2887 1115 2956 putavit
1177 2885 1373 2940 Arietis
1428 2885 1694 2956 ingressu.
1759 2884 1979 2940 Ovidius
2035 2889 2231 2956 Aprilis

699 2974 933 3031 secundo
992 2975 1201 3044 posuit:
1236 2976 1405 3043 quiet
1445 2974 1642 3029 Arietis
1671 2975 1883 3028 initium
1920 2976 2128 3031 confert
2175 2978 2231 3032 in

2301 559 2499 611 cubare
2527 554 2595 608 ad
2629 552 2962 606 altitudinem
3008 549 3242 618 partium
3269 546 3488 601 circiter
3527 543 3617 609 17,
3637 551 3731 596 aut
3760 541 3861 601 £8,

2299 647 2525 700 densum
2579 645 2736 707 adeo,
2771 650 2830 695 ut
2861 656 2954 710 per
2983 640 3130 692 illum
3155 638 3384 707 majores
3411 637 3576 692 stella:
3603 651 3711 690 non
3739 641 3866 687 tra-

2299 736 2548 796 Iuceant,
2611 731 2715 784 nisi
2753 743 2916 798 supra
2972 727 3305 781 horizontem
3346 725 3600 795 gradibus
3643 724 3866 792 aliquot

2303 822 2644 885 exstiterint;
2678 817 2924 872 Pleiades
2954 830 3082 869 vero
3125 817 3180 868 in
3221 815 3338 883 ipso
3385 811 3557 884 gradu
3595 810 3664 865 I7
3705 823 3865 878 saepe

2305 917 2624 972 delitescant
2655 931 2668 964 :
2697 912 2840 982 quod
2897 917 3154 964 autumno
3202 923 3310 962 non
3347 907 3516 960 semel
3569 920 3630 958 se
3660 904 3864 958 obser-

2305 1023 2461 1061 vasse
2473 1005 2772 1058 conllrmat.
2798 1003 2876 1056 Ex
2898 1015 3006 1068 quo
3031 1013 3167 1053 nova
3186 997 3415 1066 quadam
3449 996 3661 1049 ratione
3689 992 3861 1054 oriri,

2306 1098 2390 1152 vel
2422 1095 2669 1149 occidere
2709 1093 2864 1148 stella
2914 1092 3131 1153 dicitur,
3175 1087 3388 1158 quando
3418 1103 3485 1142 ex
3530 1087 3622 1140 illo
3655 1099 3864 1153 vapore

2310 1188 2558 1257 primitus
2584 1185 2824 1254 emergit,
2861 1183 3036 1251 autin
3060 1195 3181 1234 cum
3212 1177 3480 1232 conditur.
3513 1176 3609 1230 His
3630 1192 3695 1232 ex
3716 1190 3861 1229 cau—

2313 1280 2389 1332 sis
2420 1277 2748 1346 scriptorum
2784 1275 2874 1328 illa
2892 1273 3124 1326 varietas
3147 1271 3199 1322 in
3218 1267 3548 1337 designando
3575 1266 3862 1321 stellarum

2315 1378 2460 1431 ortu,
2494 1380 2796 1435 occasuque
2831 1364 3049 1434 petitur.
3075 1360 3206 1414 Nam
3235 1359 3299 1411 ad
3329 1357 3514 1426 viginti
3541 1356 3657 1410 dies
3685 1367 3864 1423 usque

2313 1463 2436 1526 post
2477 1469 2656 1519 veros,
2711 1459 3029 1522 apparentes
3058 1449 3145 1507 isti
3176 1455 3329 1502 ortus
3376 1444 3864 1512 immersionesque

2315 1547 2654 1618 contingunt.

2912 1651 3138 1708 CAPUT
3182 1650 3249 1704 X.

2321 1747 2394 1802 De
2425 1747 2671 1815 bipartila
2706 1746 2829 1798 anni
2870 1745 3122 1864 -εειεὲἱοῗε,
3171 1759 3325 1810 quam
3361 1740 3598 1809 Vergiliis
3630 1738 3863 1807 plerique

2990 1829 3034 1863 τι
3076 1825 3219 1863 uunl.

2990 1825 3219 1863 nouunt.

2388 1907 2628 1961 Illustres
2656 1905 2712 1958 in
2739 1903 2878 1958 coelo
2898 1900 3162 1978 Vergilias
3187 1915 3249 1954 ea
3277 1915 3366 1954 res
3398 1898 3738 1968 potissimum
3791 1898 3866 1951 fe-

2321 1997 2413 2064 cit,
2449 1997 2590 2067 quod
2612 2001 2794 2050 earum
2828 1993 3205 2048 observatione
3243 2005 3450 2045 annuas
3493 1995 3864 2058 tempestates,

2321 2099 2433 2144 tum
2479 2087 2671 2142 messis
2722 2100 2785 2152 ac
2817 2083 3068 2139 sementis
3099 2084 3336 2151 tempora
3375 2081 3704 2151 distinguere
3723 2095 3872 2132 mor—

2320 2180 2454 2233 tales
2481 2176 2748 2247 quondam
2769 2174 3021 2229 solerent.
3040 2170 3246 2224 Etenim
3273 2169 3568 2224 matutinus
3584 2166 3863 2221 Pleiadum

2321 2276 2505 2331 ortus,
2535 2276 2589 2322 et
2617 2265 2854 2333 ὲπιτολὴ,
2905 2278 3062 2332 quem
3118 2261 3379 2314 beliacum
3413 2268 3624 2322 vocant,
3661 2259 3870 2313 aestatis

2324 2372 2389 2412 ac
2434 2357 2628 2411 messis
2679 2356 2888 2408 initium
2920 2353 3116 2417 dabat;
3147 2365 3373 2406 occasus
3412 2365 3538 2404 vero
3567 2349 3872 2402 matutinus

2324 2447 2520 2501 hiemis
2545 2453 2702 2514 atque
2751 2441 3025 2498 sementis.
3059 2440 3136 2492 Ita
3181 2439 3431 2494 bifariam
3465 2435 3868 2508 quodammodo

2324 2539 2698 2611 partiebantur
2723 2549 2942 2588 annum.
2973 2532 3149 2587 Testis
3167 2541 3249 2586 est
3277 2529 3539 2585 Hesiodus
3564 2529 3872 2598 antiquitus

2326 2631 2380 2684 id
2414 2630 2470 2682 in
2503 2627 2707 2684 Graecia
2754 2624 2954 2680 factum
2981 2639 3102 2679 esse
3125 2622 3371 2677 versibus
3408 2623 3498 2688 iis,
3525 2634 3660 2690 quos
3689 2619 3875 2689 capite

2327 2721 2594 2792 superiori
2627 2719 2924 2773 retulimus.
2957 2715 3089 2770 Tum
3114 2715 3367 2782 deinceps
3399 2713 3666 2767 innumeri
3694 2712 3875 2766 σε·εεί

2329 2828 2392 2867 ac
2431 2811 2607 2864 Latini
2657 2811 2874 2879 scriptis
2931 2808 3071 2861 idem
3129 2804 3432 2873 prodidere.
3469 2804 3642 2870 Quare
3690 2803 3878 2858 Theo-

2331 2902 2584 2972 phrastus
2609 2900 2747 2954 libro
2773 2899 2846 2951 De
2869 2898 3030 2967 signis
3063 2896 3352 2964 pluviarum
3375 2893 3634 2962 Vergilias
3665 2909 3872 2947 annum

2332 2990 2580 3046 bifariam
2631 2987 2818 3057 partiri
2877 2986 3064 3040 scribit
3109 2983 3192 3037 his
3239 2981 3418 3035 verbis
3451 3000 3473 3051 1:
3513 2983 3788 3050 Διχοτομεῖ
3815 2980 3876 3033 δὲ

700 3082 770 3119 xv
805 3063 1068 3118 Kalendas
1103 3064 1310 3133 Apriles
1348 3079 1379 3117 a
1409 3079 1516 3132 quo
1552 3064 1818 3118 secundus
1850 3064 2046 3133 Aprilis
2090 3065 2225 3120 deci-

2333 3081 2420 3132 τὸν
2444 3080 2536 3147 μὲν
2557 3078 2792 3130 ἐνιαυτὸν
2811 3074 3005 3136 Πλειὰς
3035 3089 3094 3125 τε
3123 3072 3350 3140 δυομὲνη
3373 3070 3463 3122 καὶ
3491 3070 3872 3123 ἀνατέλλουσα·

703 3171 823 3210 mus
855 3161 1036 3209 sextus
1094 3161 1177 3208 est
1220 3154 1354 3208 dies.
1385 3152 1506 3207 Haec
1549 3169 1655 3207 non
1687 3155 1824 3208 male
1865 3169 1985 3208 cum
2035 3169 2231 3209 occasu

702 3245 892 3300 lucidas
917 3243 1191 3298 Pleiadum
1224 3244 1586 3299 astronomico
1627 3237 1988 3319 consentiunt.
2033 3245 2235 3301 Exinde

702 3351 779 3388 xu
810 3333 1006 3402 Aprilis
1044 3331 1397 3403 Vergiliarum
1446 3335 1710 3402 reliquum
1753 3334 2001 3387 occidere
2026 3335 2231 3391 scribit.

705 3422 878 3481 Etiam
900 3422 999 3475 hoc
1035 3430 1410 3481 consentanee,
1445 3427 1502 3474 ut
1523 3422 1632 3489 jam
1659 3420 1909 3474 diximus.
2069 3413 2073 3417 ’

777 3511 844 3562 At
893 3508 1097 3563 Plinius
1153 3509 1247 3561 lib.
1303 3505 1484 3570 XVIII,
1529 3523 1647 3576 cap.
1690 3505 2064 3569 XXVI,tertio
2091 3505 2231 3561 Non.

708 3598 907 3669 Aprilis
956 3598 1011 3651 in
1066 3599 1243 3650 Attica
1294 3597 1502 3666 vesperi
1541 3596 1802 3651 occultari
1832 3595 2092 3665 Vergilias
2142 3598 2235 3657 ait,

710 3689 925 3743 easdem
955 3685 1213 3756 postridie
1242 3687 1295 3739 in
1317 3685 1551 3750 Bmotia;
1582 3685 1776 3740 Caesari
1805 3694 1979 3740 autem
2005 3692 2057 3740 et
2080 3685 2240 3740 Chal-

712 3779 842 3834 dacis
868 3778 1052 3832 Nonis.
1084 3777 1412 3840 Columnella
1445 3778 1534 3830 lib.
1578 3773 1666 3843 IX,
1692 3791 1810 3846 cap.
1839 3776 1898 3839 Il,
1935 3783 2131 3830 octavo
2161 3775 2237 3830 Id.

713 3868 912 3938 Aprilis
937 3868 1027 3936 qui
1059 3866 1174 3922 dies
1196 3875 1277 3922 est
1312 3875 1526 3931 sextus,
1554 3865 1810 3936 Vergilias
1842 3881 2061 3934 vespere
2082 3867 2240 3921 celari

715 3959 874 4024 dicit;
908 3957 1114 4012 decimo
1142 3973 1266 4012 vero
1295 3951 1558 4012 Kalendas
1588 3956 1752 4012 Maias
1779 3971 1900 4010 cum
1930 3957 2042 4011 sole
2067 3958 2194 4011 oriri
2225 3975 2238 4011 :

715 4064 872 4120 quem
900 4056 1078 4102 ortum
1108 4049 1399 4103 cosmicum
1431 4055 1644 4103 vocant.

784 4134 1059 4188 Postremo
1085 4151 1182 4190 nec
1206 4136 1332 4188 illud
1360 4136 1461 4189 hoc
1482 4137 1536 4189 in
1557 4135 1768 4206 negotio
1797 4135 2244 4190 contemnendum
2291 4158 2294 4162 ·
2341 4134 2364 4178 ἱ

717 4224 926 4279 videtur
951 4242 963 4276 :
988 4223 1091 4277 diei
1138 4225 1455 4294 principium
1502 4239 1610 4278 non
1641 4227 1706 4279 ab
1741 4226 1856 4294 ipso
1881 4234 2083 4279 tantum
2116 4227 2245 4280 solis

719 4319 928 4377 exortu,
956 4309 1050 4366 sed
1078 4310 1146 4388 ab
1167 4325 1360 4364 aurora
1387 4311 1533 4379 ipsa,
1570 4310 1654 4366 vel
1686 4312 2113 4367 increbrescente
2140 4328 2248 4366 ma-

2333 3170 2438 3224 ἀπὺ
2463 3169 2570 3238 γὰρ
2588 3167 2787 3229 δύσεως
2826 3165 2982 3236 μέχρι
3013 3162 3273 3232 ἀνατολῆς
3303 3163 3362 3214 τὸ
3387 3162 3553 3231 ἥμισυ
3584 3159 3683 3222 rei
3697 3161 3878 3212 ἐνιαυ-

2331 3261 2426 3314 τοῦ
2479 3263 2640 3313 ἐστιν.
2671 3278 2690 3311 ‹
2732 3257 2928 3314 Secant
2973 3271 3167 3309 annum
3215 3254 3468 3323 bipartito
3517 3251 3878 3320 Vergiliarum

2335 3359 2557 3408 exortus
2588 3361 2641 3404 et
2665 3364 2914 3404 occasus.
2951 3346 3034 3400 Ab
3062 3361 3256 3400 occasu
3283 3346 3425 3399 enim
3455 3344 3667 3397 illarum
3697 3355 3880 3410 usque

2336 3443 2403 3496 ad
2427 3449 2695 3502 exortum,
2732 3438 2855 3492 anni
2911 3435 3191 3490 dimidium
3236 3442 3334 3487 est.
3374 3452 3394 3483 ι
3430 3431 3583 3498 Quod
3620 3431 3791 3499 ipsum
3823 3435 3883 3482 et

2334 3531 2507 3584 Varro
2559 3529 2798 3597 sequitur
2816 3527 2911 3578 lib.
2953 3523 2975 3577 I
3009 3523 3084 3575 De
3106 3539 3170 3576 .re
3207 3530 3363 3586 rust.,
3393 3535 3515 3588 cap.
3552 3517 3790 3583 XXVIII;
3822 3527 3884 3571 et

2337 3620 2533 3674 diserte
2579 3617 2783 3671 Plinius
2817 3614 2908 3668 lib.
2945 3612 3131 3678 XVIII,
3186 3627 3304 3680 cap.
3337 3608 3527 3668 XXIX.
3559 3609 3650 3662 ubi
3685 3607 3883 3677 Vergi-

2339 3712 2440 3765 lias
2488 3727 2506 3760 r
2551 3716 2739 3764 exortu
2792 3721 2889 3760 suo
2944 3711 3180 3758 mstatem
3247 3701 3480 3768 incipere
3525 3699 3626 3763 ait,
3677 3712 3882 3751 occasu

2338 3801 2589 3865 hiemem,
2647 3796 2890 3857 semestri
2949 3792 3123 3864 spatio
3161 3793 3300 3844 intra
3342 3806 3400 3845 se
3445 3804 3666 3850 messes,
3691 3789 3884 3841 vinde-

2340 3891 2600 3957 miasque,
2661 3895 2714 3941 et
2755 3885 2992 3939 omnium
3038 3885 3402 3937 maturitatem
3463 3880 3785 3949 complexos.
3844 3895 3876 3928 »ι

2349 3983 2545 4036 Aratus
2573 3994 2701 4035 vero
2735 3997 2749 4032 :

2341 4096 2409 4159 Αἱ
2424 4091 2535 4159 μὲν
2551 4091 2701 4157 ὅμως
2730 4089 2919 4159 ὀλίγαι
2943 4086 3037 4139 καὶ
3050 4082 3331 4159 ἀφεγγέες
3349 4098 3362 4112 ⁸
3395 4083 3537 4159 ἀμ’.
3556 4079 3881 4147 ὀνομίισται

2361 4151 2486 4226 Ηρι,
2516 4151 2610 4211 mil
2635 4151 2898 4226 éovzépiat
2917 4173 2930 4185 ο
2964 4151 3111 4226 Ζεὺᾴ
3133 4151 3184 4205 δ⁴
3219 4154 3404 4226 αἴτιος
3425 4151 3803 4226 εζλίσσονται,

2349 4217 2442 4296 Ὄξ
2462 4217 2636 4294 ergata:
2666 4217 3003 4296 καὶίθέρεος,
3026 4217 3119 4296 καὶ
3151 4223 3421 4296 χειμαζος
3445 4217 3788 4296 ἀρχομένοιο

2344 4288 2663 4366 Σήμαῖνειν
2688 4288 3028 4356 ἐκέλέυσέν,
3051 4288 3442 4360 ἐπερχομένου
3462 4290 3507 4341 τ’
3541 4288 3813 4354 ἀρότοιο.⁸

720 4406 891 4457 tutino
912 4403 1229 4472 crepusculo
1245 4405 1572 4472 populariter
1602 4406 1770 4474 accipi
1805 4423 1816 4457 :
1846 4405 2004 4460 linem
2033 4422 2246 4475 quoque
2277 4410 2321 4465 D
2345 4389 2532 4442 (Πεθτο
2557 4405 2571 4440 ε

721 4494 852 4546 alias
873 4493 939 4545 ab
962 4507 1154 4568 occasu
1175 4493 1323 4553 solis.
1351 4493 1482 4545 alias
1511 4493 1576 4545 ab
1617 4493 1880 4546 lucidiore
1911 4497 2274 4562 crepusculo.-

725 4581 814 4636 Sic
839 4582 1050 4636 Orionis
1087 4582 1474 4652 προκατάδυσιν
1519 4581 1657 4651 ἑῴαν
1705 4582 1900 4637 Aratus
1946 4584 2249 4655 descripsit,

723 4682 784 4726 ut
809 4674 1022 4744 exponit
1049 4671 1194 4726 Theo
1226 4690 1239 4725 :

896 4825 909 4838 .
986 4824 1002 4839 .
1079 4827 1091 4839 .
1167 4789 1198 4837 ό
1224 4786 1289 4837 δὲ
1329 4785 1524 4838 δύεται
1550 4785 1690 4853 ἠῶθι
1718 4785 1826 4852 πρὸ

908 4855 1131 4919 Ἀθρόος
1171 4855 1434 4920 Ὠρίων...
1447 4894 1460 4906 .

727 4960 962 5014 τουτέστι
989 4964 1091 5032 πρὸ
1123 4963 1217 5032 τῆς
1241 4961 1387 5030 ἠοῦς,
1427 4980 1444 5012 t
1485 4971 1608 5016 ante
1644 4979 1912 5019 auroram.
1950 4983 1968 5016 ι
2003 4963 2159 5028 Hinc,
2196 4973 2257 5018 ut

726 5050 869 5120 quod
924 5065 1144 5119 quaeque
1189 5053 1339 5104 stella
1381 5051 1696 5118 alterutrum
1742 5054 1992 5122 pracedit
2046 5055 2256 5107 initium

727 5138 949 5191 ﬁnemve
1003 5139 1263 5206 sequitur,
1317 5149 1385 5191 ita
1419 5138 1536 5207 ejus
1583 5139 1805 5194 Orientis
1838 5141 1919 5194 vel
1962 5140 2256 5195 occidentis

728 5227 934 5280 diversa
965 5228 1135 5295 spatia
1159 5229 1411 5282 constitui
1447 5229 1707 5283 solebant.

795 5314 1055 5370 Praeterea
1087 5316 1268 5386 docuit
1295 5335 1395 5373 nos
1438 5317 1757 5372 Godcfridus
1789 5317 2140 5388 Vendelinus,
2173 5319 2256 5371 vir

731 5405 784 5456 in
815 5405 896 5461 his
911 5406 1210 5474 disciplinis
1240 5409 1478 5474 apprime
1513 5408 1701 5460 doctus
1747 5422 1809 5460 ac
1830 5409 2126 5460 cmlestium
2162 5408 2258 5459 ob—

734 5497 1089 5549 servationum
1121 5512 1220 5549 usu
1251 5495 1498 5560 detritus,
1536 5497 1967 5550 animadversum
1993 5513 2022 5550 a
2052 5513 2108 5551 se
2135 5512 2257 5564 par-

734 5582 828 5632 tim
879 5584 933 5636 in
979 5584 1295 5640 Massiliensi
1346 5588 1640 5654 provincia,
1690 5589 1884 5656 partim
1935 5587 1986 5638 in
2049 5587 2254 5655 Belgio,

733 5670 931 5725 estivis
979 5674 1164 5730 diebus
1184 5683 1235 5730 ct
1275 5685 1547 5735 autumno.
1581 5692 1700 5731 cum
1743 5690 1993 5731 serenum
2029 5677 2256 5730 maxime

2422 4481 2490 4531 At
2519 4492 2758 4545 maguum
2787 4487 2967 4528 nomen
2986 4470 3143 4545 signi.
3164 4471 3459 4545 clarumque
3487 4476 3716 4545 vocatur,

2431 4539 2722 4614 Propterea,
2757 4545 2888 4612 quod
2912 4553 2959 4598 et
2980 4539 3172 4614 aes—tatis
3201 4540 3485 4614 primordie
3506 4539 3722 4600 olerent,

2421 4609 2488 4666 Et
2519 4609 2631 4681 post
2665 4609 2859 4667 hiberni
2889 4609 3220 4679 prwpandens
3241 4679 3248 4681 _
3271 4611 3508 4681 temporis
3544 4617 3683 4681 ortus

2422 4675 2691 4747 Admonet,
2718 4694 2774 4735 ut
2796 4675 3036 4735 mandent
3061 4679 3303 4731 mortales
3334 4677 3525 4730 semina
3552 4675 3724 4728 terris.

2424 4795 2530 4849 Sed
2566 4795 2829 4849 matutino
2874 4791 2928 4846 id
2949 4799 3068 4846 ortu
3092 4799 3144 4844 et
3175 4791 3369 4844 occasu
3397 4786 3570 4841 facere
3596 4783 3884 4853 Vergilias,

2357 4886 2552 4946 Aratus
2607 4886 2823 4949 cecinit,
2879 4900 2984 4938 non
3035 4883 3288 4951 exprimit
3332 4880 3538 4934 Cicero.
3571 4878 3642 4929 At
3689 4873 3886 4929 Festus

2356 4976 2586 5031 Avienus
2613 4976 2717 5031 hoc
2757 4974 3193 5045 interpretati-ne
3220 4986 3320 5026 sua
3344 4966 3607 5024 reddidit:

2495 5128 2509 5140 .
2586 5129 2599 5141 .
2678 5129 2691 5143 .
2768 5129 2780 5141 .
2856 5085 2996 5138 Nam
3023 5087 3068 5138 si
3096 5102 3147 5138 se
3173 5084 3371 5153 gurgite
3395 5070 3586 5153 tollam?

2433 5157 2692 5227 Vergiliw,
2723 5172 2906 5227 curvas
2935 5157 2987 5207 in
3007 5154 3143 5227 ﬂeta
3171 5147 3375 5204 novalia
3399 5147 3556 5227 [alces

2424 5220 2673 5280 Exercere
2698 5226 2824 5278 dies.
2848 5220 3138 5277 Sicoudunt
3167 5234 3366 5288 (equore
3394 5220 3634 5285 nolumus
3660 5251 3675 5274 ,

2427 5295 2683 5348 Tellurem
2712 5309 2885 5361 presso
2906 5290 3231 5359 proscindere
3253 5299 3448 5354 tempus
3478 5293 3678 5336 aratro.

2424 5403 2548 5458 Haec
2586 5404 2710 5457 anni
2738 5404 2990 5472 bipartita
3019 5399 3329 5455 distributio
3361 5392 3640 5451 commode
3669 5399 3724 5446 et
3754 5389 3888 5440 πλαο

2356 5495 2528 5557 τυκῶς
2571 5493 2880 5561 accipienda
2907 5500 3006 5553 est,
3044 5493 3152 5543 non
3187 5489 3407 5558 praecise
3445 5497 3508 5537 ac
3549 5480 3742 5550 rigide.
3769 5478 3887 5529 Non

2359 5588 2500 5638 enim
2533 5593 2720 5640 exacte
2755 5597 2990 5637 annuum
3025 5580 3255 5649 spatium
3285 5577 3495 5632 illatum
3528 5580 3674 5634 ortu,
3706 5577 3760 5621 et
3798 5579 3887 5618 oc-

2359 5689 2486 5730 casu
2511 5673 2751 5728 bifariam
2785 5673 3061 5730 dividitur.
3091 5669 3244 5734 Quod
3263 5683 3327 5724 ex
3357 5664 3680 5734 Hippocrate
3712 5653 3885 5724 colligi
