4112 6314
108 509 250 565 1585

875 486 1327 548 DISSERTATIO
1368 485 1454 539 DE
1492 481 1673 539 ORTU
1721 479 1805 533 ET
1844 476 2106 533 OCCASU
2147 471 2463 531 SIDERUM.

3151 467 3173 519 1
3184 463 3286 521 586

90 633 290 696 potest
319 644 329 676 :
354 620 510 689 cujus
538 622 622 670 est
659 609 889 668 eximius
925 608 1026 660 hac
1059 606 1124 660 de
1152 620 1211 659 re
1238 605 1391 659 locus
1420 601 1559 655 libro
1577 598 1643 651 Ill
1675 598 1720 654 A
1816 596 1973 649 Anno
2000 590 2455 696 deniqpeluliano
2478 587 2671 696 primo,
2696 585 2782 696 sol
2804 586 2867 696 ir:
2883 584 3139 696 Ee'minos
3161 597 3289 696 vero

108 692 521 782 heplaiatmg,
552 704 646 775 qui
688 700 997 757 necessario
1042 698 1130 750 hic
1162 692 1501 749 adnotandus
1546 700 1650 748 est.

114 805 224 858 Τὸν
272 803 364 871 μὲν
416 794 655 851 ἐνιαυτὸν
708 794 763 854 ἐς
815 791 1050 859 τέσσαρα
1095 787 1261 857 μέρεα
1300 783 1651 871 διαιρέουσιν·

114 866 283 959 ἅπερ
302 888 531 957 μάλιστα
573 880 919 949 γινώσκουσιν
946 879 995 929 οἱ
1030 873 1207 927 πολλοί
1234 890 1246 902 ·
1283 871 1538 943 χειμῶνα,
1563 866 1655 939 ἦρ,

118 984 297 1053 θέρος,
345 978 692 1045 φθινόπωρον.
736 973 844 1024 Καὶ
890 969 1123 1040 χειμῶνα.
1166 966 1261 1037 μὲν
1312 965 1417 1017 ἀπὸ
1473 964 1662 1015 Πλειά-

112 1052 223 1123 sm
251 1068 428 1129 δύσιος
459 1066 583 1135 ἄχρι
622 1062 905 1132 ἰσημερίης
932 1057 1146 1128 ἐαρινῆς
1165 1074 1176 1085 ·
1209 1056 1305 1125 ἔαρ
1329 1054 1384 1106 δὲ
1410 1052 1515 1105 ἀπὸ
1546 1055 1661 1120 ἰση-

122 1160 319 1231 μερίης
354 1160 511 1229 μέχρι
549 1153 866 1226 Ἀρκτούρου
904 1148 1183 1216 ὲπιτολῆς·
1226 1146 1560 1214 φθινόπωρον
1606 1142 1663 1231 οὲ

119 1229 232 1304 ἀπὸ
258 1229 584 1318 Ἀρκτούρου
609 1244 767 1313 μέχρι
796 1237 1060 1292 Πλειάδων
1090 1235 1287 1295 δύσιος.
1321 1252 1337 1284 t
1369 1232 1580 1285 Annum
1612 1229 1665 1283 in

125 1350 310 1409 partes
353 1345 580 1404 quatuor
624 1330 869 1384 dividunt
904 1346 921 1382 :
977 1341 1112 1395 quas
1153 1324 1392 1394 plerique
1440 1323 1669 1389 maxime

123 1429 487 1497 dignoscunt,
532 1424 779 1483 hiemem,
838 1432 959 1479 ver,
1001 1424 1275 1478 aestatem,
1329 1418 1664 1464 autumnum.

128 1522 195 1573 Et
256 1519 483 1571 hiemem
508 1514 724 1584 quidem
774 1512 839 1565 ab
861 1524 1057 1564 occasu
1100 1506 1452 1576 Vergiliarum
1500 1518 1671 1572 usque

128 1608 198 1661 ad
247 1603 626 1675 aequinoctium
664 1614 919 1658 vernum;
965 1612 1057 1650 ver
1100 1603 1276 1648 autem
1327 1593 1395 1646 ab
1428 1591 1670 1660 aequino-

130 1698 243 1751 ctio
294 1710 461 1749 verno
509 1705 679 1761 usque
734 1689 799 1741 ad
838 1696 1013 1741 ortum
1077 1684 1461 1753 Vergiliarum;
1509 1688 1672 1734 aesta-

131 1798 244 1842 tem
307 1800 336 1837 a
376 1782 730 1852 Vergiliarum
783 1787 905 1833 ortu
968 1775 1034 1830 ad
1074 1786 1251 1829 ortum
1293 1770 1677 1837 Arcturi;'au—

133 1884 385 1929 tumnum
410 1888 534 1926 vero
556 1871 623 1924 ab
637 1874 864 1922 Arcturo
885 1867 947 1920 ad
971 1881 1223 1921 occasum
1238 1863 1613 1933 Vergiliarum.
1650 1879 1668 1913 ο

135 1970 194 2021 In
258 1969 360 2019 hac
407 1964 530 2016 anni
578 1960 971 2030 quadripartita
1031 1957 1297 2011 divisione
1366 1969 1475 2007 non
1554 1958 1680 2005 sunt

134 2059 367 2129 aqualia
397 2061 699 2133 segmenta,
726 2052 817 2105 sed
862 2051 1019 2115 longe
1048 2048 1219 2115 major
1246 2046 1448 2100 aastatis
1486 2052 1537 2097 et
1568 2043 1681 2097 hie-

138 2150 244 2201 mis
275 2154 362 2200 est
408 2142 618 2204 modus,
647 2156 806 2209 quam
845 2140 987 2193 veris
1023 2149 1077 2193 et
1121 2136 1396 2200 autumni;
1449 2134 1535 2187 cui
1568 2132 1683 2187 dies

141 2234 288 2288 haud
320 2234 552 2309 amplius
607 2231 963 2299 quadraginta
1014 2226 1291 2280 liniuntur.
1346 2222 1685 2293 Hippocratis

142 2322 371 2383 saeculo,
398 2322 498 2373 hoc
526 2325 609 2372 est
643 2317 889 2377 Metonis,
942 2314 1175 2369 Pleiadis
1208 2321 1360 2367 ortus
1390 2312 1687 2365 matutinus

147 2422 203 2469 et
262 2412 505 2466 heliacus
528 2408 777 2476 .contigit
831 2408 884 2460 in
936 2404 1101 2459 Tauri
1145 2415 1295 2474 parte
1338 2402 1421 2465 I9,
1474 2400 1689 2454 Arcturi

144 2511 303 2557 ortus
330 2502 385 2555 in
405 2498 640 2565 Virginis
657 2497 727 2551 25
745 2495 1116 2563 :intervallum
1134 2494 1408 2562 signorum
1438 2498 1687 2559 Quatuor,

147 2590 413 2660 graduum
438 2588 487 2641 6.
521 2585 751 2640 Tantum
796 2585 980 2639 aestivo
1029 2590 1300 2651 segmento
1341 2580 1691 2648 Hippocrates

148 2678 407 2733 emetitur
432 2695 447 2742 ;
476 2683 531 2728 at
557 2690 723 2729 verno
743 2673 971 2743 tempori
995 2673 1109 2726 dies
1133 2686 1237 2724 non
1271 2670 1498 2738 amplius
1529 2684 1619 2723 sex
1641 2675 1693 2720 et

151 2768 373 2835 triginta
396 2749 725 2831 competunt.
758 2760 968 2815 Rursus
1001 2774 1229 2814 occasus
1257 2758 1601 2825 vespertinus
1631 2770 1695 2807 ac

152 2871 316 2909 verus
342 2852 610 2906 Pleiadum
645 2851 803 2904 [iebat
826 2850 879 2902 in
903 2849 1069 2918 gradu
1092 2849 1265 2902 Librae
1298 2848 1386 2900 28.
1419 2845 1603 2915 Itaque
1630 2847 1698 2899 ah

154 2953 277 2999 ortu
338 2943 549 2995 Arcturi
594 2941 660 2994 ad
715 2954 968 2994 occasum
1020 2937 1295 2991 Pleiadum
1331 2936 1530 3006 gradus
1574 2944 1701 2990 sunt

156 3039 380 3090 omnino
427 3034 513 3088 '53.
557 3031 796 3101 Denique
824 3031 891 3085 ab
928 3044 1126 3085 occasu
1169 3028 1401 3083 Pleiadis
1437 3028 1502 3081 ad
1543 3026 1703 3094 aequi-

160 3129 402 3181 noctium
432 3139 657 3179 vernum
702 3131 936 3193 quatuor
972 3122 1084 3175 fere
1134 3122 1412 3191 signorum
1464 3118 1703 3171 intersti-

162 3221 300 3271 tium
340 3225 442 3271 est.
469 3218 641 3285 Atque
676 3221 733 3268 ut
785 3222 1129 3282 apparentem
1169 3226 1421 3265 occasum
1450 3209 1705 3281 Vergilia-

162 3322 282 3358 rum
324 3320 433 3358 non
465 3317 649 3357 verum
686 3303 1055 3364 adhibeamus,
1079 3302 1221 3354 haud
1253 3302 1477 3353 multum
1508 3300 1573 3353 de
1600 3302 1703 3353 hoc

165 3397 391 3449 hiberno
436 3394 715 3447 intervallo
761 3392 1062 3449 detractum
1106 3390 1288 3444 fuerit.
1332 3389 1491 3443 Tales
1542 3389 1706 3457 igitur

168 3486 293 3538 anni
336 3483 629 3537 divisiones
655 3482 823 3550 magis
854 3482 920 3534 ad
957 3495 1200 3541 sensum,
1236 3486 1288 3531 et
1311 3479 1452 3532 aeris
1478 3479 1707 3545 coelique

165 3572 591 3635 vicissitudines,
660 3587 821 3641 quam
883 3571 948 3624 ad
995 3570 1394 3640 proportionem
1433 3568 1708 3637 mqualita-

170 3672 385 3732 temque
440 3661 695 3732 partium'
732 3663 992 3715 instituta:
1043 3669 1191 3715 sunt.
1235 3660 1387 3724 Quod
1430 3668 1491 3713 ut
1524 3660 1575 3712 in
1604 3673 1709 3711 uno

171 3752 528 3823 Vergiliarum
585 3754 761 3808 sidere
823 3754 893 3806 ita
935 3768 1054 3807 esse
1110 3759 1470 3805 monstremus
1508 3767 1521 3803 :
1561 3760 1711 3803 ortus

172 3856 355 3894 earum
380 3843 619 3896 heliacus
658 3839 883 3894 Metonis
914 3856 1025 3894 aevo
1045 3841 1099 3893 in
1128 3840 1288 3893 Tauri
1322 3840 1541 3908 gradum
1574 3840 1713 3891 inci-

172 3929 332 3984 debat
356 3930 451 3995 l9;
481 3920 791 3984 occasusin
816 3928 985 3983 Libra:
1011 3930 1080 3983 28
1114 3948 1126 3983 :
1170 3930 1506 3983 intervallum
1531 3931 1713 3997 signo-

179 4035 293 4071 rum
316 4036 369 4083 v,
414 4020 674 4088 graduum
699 4019 732 4070 9
755 4036 769 4082 ;
793 4020 862 4071 ab
882 4033 1078 4073 occasu
1122 4020 1188 4072 ad
1216 4028 1415 4083 ortum,
1439 4021 1712 4089 signorum

179 4126 251 4174 vi,
282 4111 545 4179 graduum
591 4108 678 4161 2i.
705 4108 855 4172 Quod
883 4109 927 4162 si
966 4110 1080 4163 dies
1113 4110 1420 4178 interjectos
1450 4111 1718 4163 aestimare

182 4200 428 4261 velimus,
452 4214 573 4252 cum
607 4198 830 4253 Metonis
846 4204 1081 4266 tempore
1103 4214 1261 4252 verus
1285 4199 1413 4252 solis
1444 4199 1718 4267 ingressus

184 4288 238 4341 in
290 4288 528 4343 Taurum
567 4290 791 4344 Athenis
847 4289 1128 4359 contigerit
1174 4290 1373 4357 Aprilis
1431 4287 1716 4351 diexxvr,

188 4378 318 4433 hora
345 4380 436 4443 17,
464 4380 544 4435 57'
568 4399 580 4433 :
608 4381 663 4434 in
702 4380 916 4434 Libram
947 4389 1121 4435 autem
1156 4394 1282 4433 vero
1307 4388 1456 4433 motu
1495 4379 1721 4433 subierit

190 4465 523 4536 Septembris
570 4485 763 4534 xxviii,
818 4470 946 4523 hora
986 4469 1076 4530 20,
1118 4468 1238 4534 10';
1287 4470 1524 4523 heliacus
1559 4483 1721 4537 porro

1755 698 1903 742 motu
1934 686 2101 741 subiit
2130 684 2254 737 Maii
2279 681 2366 736 die
2395 695 2541 734 xxiv.
2564 678 2696 732 hora
2726 677 2813 739 11,
2837 676 2938 738 58³,
2958 673 3163 738 Romae,
3196 675 3288 729 ubi

1756 779 1910 833 initio
1930 776 2272 831 Geminorum
2302 782 2452 827 ortus
2468 772 2707 825 heliacus
2736 768 3088 837 Vergiliarum
3116 766 3290 819 factus

1757 879 1860 926 est.
1916 864 1980 924 At
2037 867 2316 936 Scorpium
2346 866 2465 918 iniit
2496 861 2744 917 Octobris
2782 876 2905 923 xxv,
2931 859 3062 912 hora
3091 858 3143 921 5,
3166 857 3246 912 53'
3275 876 3289 911 :

1759 962 1914 1029 cujus
1942 962 2137 1029 gradus
2174 964 2417 1026 quartus,
2450 956 2510 1007 in
2554 969 2710 1023 quem
2743 950 3037 1004 matutinus
3070 962 3296 1001 occasus

1762 1055 2029 1117 convenit,
2085 1050 2314 1104 incurrit
2360 1051 2415 1102 in
2461 1046 2709 1101 Octobris
2758 1060 2950 1099 xxviii.
2999 1042 3296 1098 Discrimen

1764 1145 2045 1212 utriusque
2074 1143 2187 1195 dies
2211 1156 2371 1202 CLVII,
2402 1140 2543 1208 quod
2586 1154 2613 1190 a
2661 1137 2884 1191 dimidio
2934 1150 3079 1189 anno
3134 1134 3299 1187 distat

1764 1233 1953 1287 diebus
1981 1246 2103 1283 xxvi
2130 1229 2258 1283 fere.
2289 1227 2413 1281 Haec
2438 1226 2701 1280 intervalli
2727 1224 2979 1293 paulatim
3008 1222 3300 1277 crescentis

1766 1325 1997 1377 varietas
2026 1337 2090 1375 ex
2109 1318 2413 1389 aaquinoctii
2437 1316 2824 1373 antecessione,
2850 1328 2947 1366 nec
2966 1329 3071 1366 non
3102 1320 3304 1365 octavae

1769 1415 2008 1482 sphaerae,
2044 1425 2165 1463 cum
2210 1409 2381 1463 stellis
2409 1407 2462 1459 in
2502 1406 2885 1473 consequentia
2908 1403 3303 1473 progressione,

1770 1510 1881 1555 tum
1912 1500 2096 1570 apogei
2122 1498 2250 1552 solis
2288 1496 2581 1549 mutatione
2609 1496 2870 1547 nascitur.

2367 1632 2587 1687 CAPUT
2628 1630 2717 1685 XI.

1778 1728 1849 1782 De
1867 1726 2134 1782 Canicqu
2181 1737 2298 1779 artu
2352 1737 2401 1778 et
2455 1740 2638 1777 occasu
2686 1732 2910 1775 veterum
2959 1720 3075 1772 loca
3107 1719 3309 1772 multa:

1942 1799 2161 1865 itemque
2196 1796 2260 1849 de
2302 1794 2558 1864 Praegne,
2594 1793 2865 1860 diligenter
2897 1805 3137 1851 expensa.

1707 1910 1749 1965 B
1846 1909 2086 1961 Alterum
2111 1914 2234 1975 post
2259 1903 2523 1974 Vergilias
2552 1905 2722 1967 sidus,
2750 1904 2804 1955 in
2828 1917 2934 1971 quo
2960 1909 3011 1955 et
3034 1914 3188 1954 usum
3216 1914 3313 1953 ex-

1780 1998 2050 2067 periemur
2102 1996 2336 2049 methodi
2394 2003 2624 2059 nostrte;
2676 2002 2729 2048 et
2778 1994 3104 2061 scriptorum
3150 1990 3215 2044 de
3253 2003 3317 2043 eo

1782 2090 1899 2141 loca
1930 2088 2087 2156 paulo
2134 2084 2498 2154 cxpendemus
2539 2082 2879 2144 accuratius,
2924 2081 3181 2136 Canicula
3213 2086 3318 2143 est,

1784 2193 1945 2247 quam
1980 2175 2147 2230 Graeci
2196 2176 2400 2245 Σείριον
2433 2173 2739 2241 appellant:
2771 2172 2911 2241 quod
2941 2186 3136 2225 nomen
3160 2171 3322 2223 latius

1787 2268 1926 2337 apud
1956 2268 2205 2335 antiquos
2232 2264 2556 2326 extenditur,
2590 2277 2712 2315 nam
2742 2270 2798 2316 et
2831 2262 2997 2317 solem
3036 2260 3325 2331 aliquando

1788 2357 2071 2428 signiﬁcat.
2108 2354 2177 2410 Ut
2208 2354 2349 2425 apud
2372 2352 2661 2408 Hesiodum
2684 2351 2722 2404 II
2758 2351 2933 2420 ’Epr.,
2961 2349 3053 2404 ubi
3081 2348 3325 2403 autumni

1789 2457 2001 2517 tempus
2036 2448 2110 2499 ita
2145 2444 2434 2500 describit:

2352 2575 2433 2642 Δὴ
2456 2574 2563 2644 γὰρ
2588 2574 2718 2627 τότε
2744 2575 2968 2642 Σείριος
3000 2572 3194 2644 ἀστὴρ

1792 2647 1973 2701 Βαιὸν
1994 2646 2145 2713 ὑπὲρ
2168 2645 2435 2712 κεφαλῆς
2464 2642 2849 2712 ὸιηριτρεφέων
2874 2642 3193 2710 ἀνθρώπων

1799 2719 2059 2785 Ἔρχεται
2075 2710 2335 2783 ἠμάτιος
2358 2710 2564 2766 πλεῖον
2588 2712 2653 2765 δέ
2682 2710 2746 2765 re
2768 2714 2983 2777 νυκτὸς
3003 2710 3263 2780 suamet-:7.

1939 2888 1951 2900 .
2031 2887 2044 2900 .
2123 2887 2135 2899 .
2214 2887 2227 2901 .
2305 2846 2741 2900 Numtuncsolis
2773 2847 2926 2899 stella

1801 2916 2027 2970 Paulum
2055 2933 2211 2983 supra
2236 2927 2388 2982 caput
2411 2916 2518 2983 fato
2542 2916 2880 2969 obnoxiorum
2901 2915 3164 2966 hominum

1810 2989 1958 3041 Venit
1992 2988 2218 3039 interdiu
2250 3003 2268 3040 :
2298 2986 2413 3054 plus
2440 2995 2610 3037 autem
2640 2985 2701 3038 de
2730 2994 2874 3037 nocte
2908 2984 3117 3037 obtiitet.

1871 3119 2194 3190 lnterpretes
2224 3132 2413 3173 omnes
2445 3118 2497 3170 in
2537 3117 2590 3171 id
2638 3117 3000 3180 consentiunt,
3028 3115 3225 3170 Sirium
3254 3117 3342 3169 hic

1729 3242 1771 3299 α
1804 3227 1927 3267 esse
1974 3212 2163 3299 solem,
2196 3208 2285 3263 διὰ
2315 3208 2376 3261 τὸ
2419 3209 2693 3279 σειριάειν,
2747 3208 2891 3277 quod
2942 3216 3024 3262 est
3065 3207 3293 3278 λάμπειν
3326 3224 3341 3260 :

1809 3317 1984 3372 neque
2042 3284 2196 3355 aliter
2234 3305 2335 3353 hoc
2377 3300 2494 3352 loco
2541 3298 2879 3368 interpretari
2924 3300 3121 3366 possis,
3158 3304 3346 3351 contra

1809 3407 1969 3461 quam
1995 3391 2077 3443 vir
2122 3389 2310 3442 doctus
2352 3388 2696 3441 existimavit.
2743 3388 2857 3440 Non
2889 3389 3029 3441 enim
3057 3389 3346 3456 parallelus

1812 3495 1969 3549 quem
1994 3479 2251 3532 Canicula
2275 3476 2552 3541 describit,
2581 3477 2859 3546 inzequalia
2882 3488 3157 3547 segmenta
3184 3493 3347 3547 supra

1812 3580 2011 3625 terram
2040 3572 2218 3634 habet,
2257 3568 2503 3639 infraque
2556 3568 2787 3623 diversis
2825 3570 2881 3622 in
2911 3568 3038 3622 anni
3062 3578 3349 3640 tempesta-

1815 3666 1960 3717 tibus
1992 3662 2163 3733 :quod
2181 3663 2247 3716 de
2268 3660 2409 3714 Sirio
2424 3667 2579 3729 poeta
2598 3662 2763 3715 canit.
2784 3659 3103 3730 Hesychius,
3126 3662 3348 3733 Σείριος,

1814 3755 1842 3805 ὁ
1866 3752 2031 3823 ἥλιος,
2064 3753 2157 3806 καὶ
2183 3754 2210 3804 ὁ
2233 3750 2325 3803 τοῦ
2359 3750 2532 3813 Κυνὸς
2563 3752 2754 3821 ἀστήρ.
2781 3750 2922 3804 Idem
2944 3750 3011 3803 ab
3032 3750 3353 3805 Archilocho

1817 3858 1913 3912 pro
1944 3843 2055 3896 sole
2090 3861 2102 3894 :
2126 3842 2191 3895 ab
2210 3842 2367 3911 Ibyco
2393 3856 2489 3910 pro
2510 3841 2670 3896 astris
2693 3842 2944 3895 omnibus
2967 3844 3217 3910 usurpari
3259 3841 3356 3895 do-

1820 3941 1920 3985 cet.
1954 3931 2107 3985 Hunc
2147 3930 2387 3999 Egyptii
2434 3930 2623 3983 Sothin
2686 3932 3020 3999 appellavere
3069 3921 3166 3986 (ait
3212 3931 3356 3985 Orus

1820 4021 2008 4089 Apollo
2039 4020 2131 4074 lib.
2166 4018 2206 4082 I,
2238 4034 2355 4087 cap.
2388 4018 2472 4088 IIl)
2497 4020 2582 4074 cui
2612 4029 2665 4072 et
2699 4020 3053 4088 principatum
3086 4029 3355 4073 astrorum

1822 4112 2157 4165 tribuerunt:
2178 4117 2231 4163 et
2256 4126 2322 4163 ex
2351 4110 2469 4177 ejus
2489 4117 2607 4163 ortu
2633 4109 2698 4163 de
2724 4111 2849 4162 anni
2879 4109 3045 4162 totius
3062 4115 3207 4163 statu
3231 4124 3361 4162 con-

1822 4201 2082 4272 jecturam
2142 4216 2332 4270 capere
2385 4201 2646 4255 solebant.
2695 4199 2827 4253 Nam
2864 4218 2881 4251 ι
2921 4200 3083 4268 hujus
3140 4200 3360 4255 elfectus

1826 4292 2141 4361 amplissimi
2193 4292 2249 4346 in
2278 4300 2420 4347 terra
2468 4292 2797 4352 sentiuntur,
2837 4311 2856 4342 ι
2885 4301 2944 4345 ut
2982 4292 3220 4361 loquitur
3250 4292 3360 4346 Pli-
3427 4324 3431 4329 ο

1828 4383 1949 4436 nius
1978 4382 2092 4451 (lib.
2124 4380 2187 4445 II,
2214 4396 2333 4449 cap.
2368 4379 2479 4449 XL)
2506 4398 2521 4446 ;
2552 4381 2819 4449 praecipue
2856 4396 3003 4445 vero,
3031 4383 3176 4451 quod
3218 4382 3363 4437 illius

1829 4481 2017 4526 exortu
2045 4472 2176 4526 solis
2205 4485 2431 4539 vapores
2479 4471 2698 4525 accendi
2739 4480 3013 4539 putantur.
3043 4490 3063 4523 ι
3110 4472 3364 4527 Sentiunt

187 4555 419 4611 Pleiadis
441 4567 595 4627 ortus
623 4561 675 4612 in
701 4559 823 4612 Maii
856 4576 921 4612 xv
957 4560 1130 4625 diem;
1165 4574 1391 4613 occasus
1428 4561 1722 4614 matutinus
1747 4570 1798 4631 ι)
1826 4565 1879 4620 id
1905 4563 2093 4624 maria,
2137 4569 2190 4616 et
2234 4570 2409 4624 terrae,
2452 4580 2470 4612 ι
2501 4568 2558 4614 ut
2585 4561 2721 4615 idem
2754 4562 2943 4630 inquit,
2972 4580 2990 4613 ι
3032 4564 3211 4616 multa
3238 4579 3367 4617 vero

190 4648 243 4701 in
304 4648 553 4705 Octobris
611 4666 735 4703 xxvr
796 4650 1050 4705 ceciderit
1108 4669 1121 4703 :
1176 4652 1516 4703 intervallum
1588 4652 1729 4705 inter

194 4749 502 4811 utrumque,
553 4730 762 4795 dierum
806 4751 890 4795 est
946 4756 1097 4803 οων,
1129 4739 1285 4806 Quod
1324 4744 1475 4795 abest
1507 4743 1573 4796 ab
1605 4744 1731 4795 anni

193 4831 436 4897 dimidio,
468 4833 569 4886 hoc
627 4841 708 4885 est
739 4832 927 4886 diebus
957 4846 1192 4895 cuxxu,
1233 4831 1381 4885 horis
1427 4832 1513 4896 18,
1542 4833 1731 4887 diebus

197 4921 303 4976 fere
331 4939 463 4977 xvu.

265 5011 353 5067 Sic
399 5013 616 5068 Hesiodi
643 5019 880 5081 tempore
909 5027 1050 5065 anno
1074 5013 1275 5081 periodi
1319 5013 1541 5067 Iuliana:
1575 5015 1731 5079 5714,

200 5104 450 5169 quoniam
508 5103 887 5173 mquinoctium
952 5117 1173 5155 vernum
1234 5104 1456 5174 ἀκριϐὲς
1512 5107 1736 5175 contigit

206 5191 377 5245 Martii
435 5209 585 5257 xxxi,
623 5194 757 5247 hora
786 5194 838 5255 1,
880 5192 963 5245 24⁹
1007 5193 1231 5247 Athenis
1265 5211 1276 5244 :
1305 5196 1578 5263 ingressus
1608 5198 1735 5247 item

205 5280 257 5333 in
298 5279 535 5335 Taurum
589 5297 751 5336 verus
790 5281 912 5335 Maii
949 5297 987 5345 ι,
1013 5282 1143 5336 hora
1172 5282 1225 5344 4,
1271 5284 1371 5337 I8'.
1403 5282 1533 5337 Item
1566 5284 1734 5352 aequi—

206 5360 437 5427 noctium
463 5374 771 5426 autumnale
797 5372 1047 5427 Octobris
1071 5389 1130 5435 ιι,
1174 5374 1306 5427 hora
1341 5375 1537 5443 17,.3'5'
1573 5375 1737 5429 Athe—

210 5464 321 5529 nis;
352 5466 691 5520 intervallum
742 5464 882 5520 inter
911 5465 1033 5518 Maii
1070 5482 1101 5518 χ
1140 5465 1303 5528 diem,
1340 5466 1393 5519 in
1430 5482 1587 5535 quem
1618 5481 1739 5535 grat-

209 5552 305 5608 dus
323 5553 483 5609 Tauri
509 5556 593 5620 11,
611 5566 662 5609 et
684 5555 921 5609 heliacus
942 5566 1091 5609 ortus
1114 5554 1736 5626 Vergiliarum‘cadebat,

212 5650 262 5691 et
298 5657 365 5695 xx
390 5644 662 5713 Octobris,
689 5644 776 5697 cui
805 5643 1001 5713 gradus
1018 5644 1185 5698 Librae
1215 5645 1296 5707 l9,
1329 5654 1487 5715 atque
1511 5660 1738 5699 occasus

213 5735 507 5789 earumdem
532 5737 769 5790 heliacus
797 5739 1167 5806 competebat;
1199 5736 1403 5788 dierum
1435 5745 1515 5791 est
1552 5752 1733 5790 cum.

214 5823 354 5887 Quod
378 5829 528 5898 longe
553 5829 700 5882 abest
724 5829 791 5880 ab
807 5829 931 5881 anni
954 5829 1194 5888 dimidio,
1216 5843 1402 5896 nempe
1433 5830 1620 5883 diebus
1652 5846 1737 5884 xx.

632 5925 894 5984 PATttOL.
937 5924 1049 5983 Gn.
1099 5922 1268 5984 XIX.

1830 4663 1882 4710 et
1904 4654 2048 4709 feras.
2071 4653 2252 4722 Neque
2279 4661 2361 4707 est
2385 4654 2559 4706 minor
2581 4654 2629 4707 ei
2655 4655 2945 4715 veneratio,
2972 4668 3131 4721 quam
3162 4652 3369 4708 descrio

1832 4749 1939 4817 ptis
1965 4749 2019 4801 in
2055 4747 2184 4802 deos
2229 4747 2415 4801 stellis.
2454 4766 2472 4797 ι
2508 4745 2574 4797 At
2604 4744 2861 4798 Geminus
2898 4757 3018 4811 cap.
3056 4739 3172 4794 XIV
3208 4742 3369 4811 longa

1832 4848 1884 4893 et
1935 4839 2145 4893 erudita
2211 4836 2574 4905 disputatione
2646 4836 2915 4902 v.ulgarem
2972 4833 3115 4903 hunc
3173 4832 3370 4886 refellit

1833 4943 2103 4994 errorem,
2158 4926 2518 4989 ortu\sidcris
2552 4924 2736 4985 ullius,
2792 4930 2882 4976 aut
2933 4938 3129 4976 occasu
3174 4924 3369 4975 mutari

1834 5028 2040 5071 naturae
2089 5026 2287 5071 statum
2325 5015 2679 5083 Opinautium.
2726 5012 2843 5068 Non
2891 5015 3031 5068 enim
3086 5013 3290 5081 majore
3320 5013 3371 5065 vi

1836 5110 1957 5171 aliis
1988 5109 2103 5160 alia;
2130 5108 2365 5177 praeditze
2400 5114 2525 5159 sunt
2574 5106 2779 5177 stellae;
2814 5120 2911 5159 nec
2939 5111 3146 5163 exortu,
3175 5104 3253 5156 vel
3275 5117 3372 5156 oc-

1837 5214 1967 5252 casu
2005 5213 2104 5252 suo
2132 5174 2480 5266 tempestates
2526 5196 2663 5249 ullas
2689 5174 2921 5249 excitate
2952 5194 3199 5262 putanda:
3226 5201 3371 5247 sunt.

1840 5286 1945 5341 Sed
1974 5301 2139 5356 penes
2174 5286 2337 5341 solem
2363 5298 2527 5338 causa
2544 5294 2627 5338 est
2654 5282 3085 5337 vicissitudinum
3112 5286 3373 5337 istarum:

1839 5392 2065 5447 quarum
2091 5379 2142 5430 in
2176 5386 2414 5445 tempora
2446 5391 2569 5429 cum
2594 5376 2882 5444 insignium
2916 5374 3269 5444 quorumdam
3298 5374 3377 5426 si-

1840 5470 2025 5523 derum
2046 5477 2286 5529 exortos,
2310 5467 2390 5521 vel
2418 5480 2645 5519 occasus
2672 5466 3008 5519 incurrerent
3026 5505 3041 5527 ,
3078 5465 3190 5517 bzec
3234 5464 3378 5516 velut

1841 5556 2011 5627 signa,
2047 5558 2152 5612 illis
2196 5555 2447 5611 notandis
2486 5571 2549 5609 ac
2581 5555 2928 5623 designandis
2981 5553 3217 5607 adhiberi
3264 5555 3379 5622 pla-

1842 5652 1972 5701 cuit.
2002 5649 2177 5717 Atque
2210 5647 2392 5702 hocin
2418 5654 2538 5700 ortu
2563 5646 2832 5700 Canicula:
2859 5650 3155 5715 praesertim
3186 5645 3380 5699 astruit

1842 5739 2118 5799 Geminus,
2138 5736 2227 5806 qui
2258 5753 2379 5790 cum
2409 5738 2463 5790 in
2486 5752 2600 5791 eam
2631 5738 2755 5789 anni
2781 5742 3146 5804 tempestatem
3168 5736 3381 5787 incum-

1845 5830 2013 5893 herct,
2065 5829 2117 5883 in
2162 5842 2284 5902 qua.
2319 5828 2683 5883 vehementior
2722 5838 2881 5882 aestus
2918 5826 3130 5881 exsistit
3155 5865 3169 5886 ,
3221 5822 3383 5894 hujus

3079 5920 3151 5982 1ιί
