4112 6314
208 433 352 491 1389

1022 431 1468 485 ΒΙΞὸΕἱῖῖΑΊΊΟ
1509 430 1593 485 DE
1631 428 1814 483 ORTU
1856 425 1939 480 ΕΤ
1979 427 2241 483 OCCASU
2285 428 2600 484 SIDERL'M.

3174 442 3175 445 “
3262 438 3393 491 1390

207 546 403 615 ιίεῑδεε
430 552 658 601 testatur
686 545 961 609 Geminus,
993 555 1045 599 et
1071 554 1192 599 ante
1224 545 1367 598 hunc
1392 544 1750 638 Ilipparchus.
1784 554 1827 607 Α
1857 559 1976 598 nem
1999 544 2129 597 oriri
2159 544 2384 599 dixerat.
2427 544 2567 599 Sane
2614 547 2786 615 primo
2819 562 2962 601 anno
2990 546 3208 603 Juliano
3237 568 3394 605 verus

210 632 294 687 Ex
326 650 432 703 quo
468 636 533 689 de
562 636 774 689 Gemini
818 642 974 688 etate
1005 636 1320 703 conjectura
1350 632 1536 689 nostra
1577 633 1757 685 ﬁrma—

210 733 324 778 tur.
355 725 461 779 Nos
492 727 632 779 enim
660 726 755 779 lib.
790 723 833 777 ll
870 725 945 778 De
967 725 1104 778 doct.
1145 736 1320 792 temp.,
1352 740 1472 793 cap.
1493 725 1581 786 Vl,
1606 735 1757 777 sexto

217 810 388 868 Urbis
421 816 620 868 saeculo
661 816 835 884 ipsum
892 816 1139 869 ﬂoruisse
1169 814 1655 869 demonstravimus
1691 830 1755 868 ex

207 917 305 965 eo,
332 906 473 973 quod
499 916 619 959 ante
648 921 818 960 annos
857 906 1017 968 CXX,
1064 922 1221 975 quam
1257 907 1537 968 scriberet,
1575 905 1676 959 lsia
1701 907 1755 981 in

216 988 424 1044 Eudoxi
457 994 657 1061 τροπὰς
687 994 941 1048 incidisse
978 996 1154 1062 prodit
1181 1013 1192 1047 :
1234 995 1299 1047 de
1330 1009 1436 1063 quo
1466 1009 1658 1046 rursus
1702 996 1756 1047 in

216 1078 370 1133 Notis
416 1081 481 1133 ad
529 1080 734 1137 Gemini
773 1099 892 1153 pag.
938 1084 1002 1136 19
1034 1086 1335 1139 accuratius
1361 1091 1669 1145 estactum.

286 1168 466 1222 Redeo
495 1172 561 1224 ad
626 1181 799 1225 ortum
837 1174 1123 1228 Caniculae.
1182 1174 1349 1239 Quem
1380 1189 1499 1227 cum
1546 1174 1756 1228 Gemini

214 1261 516 1314 rationibus
535 1263 859 1317 adamussim
878 1266 1300 1318 consentientem
1324 1264 1538 1319 exhibet
1559 1266 1759 1319 metho-

216 1347 320 1401 dus
344 1358 544 1404 nostra.
579 1350 785 1406 Plinius
817 1363 1015 1414 autem,
1049 1362 1100 1407 et
1139 1355 1337 1414 caeteri,
1368 1355 1458 1422 qui
1494 1356 1636 1408 circa
1664 1353 1757 1407 Ju-

218 1439 273 1491 lii
307 1456 456 1503 xvm,
490 1444 569 1495 vel
603 1458 711 1502 xix,
742 1445 794 1496 in
839 1444 1007 1512 prima
1042 1454 1190 1513 parte
1224 1444 1415 1498 Leonis
1464 1445 1593 1498 oriri
1623 1447 1758 1498 scri-

218 1540 473 1600 pserunt,
524 1533 656 1587 falsa
705 1535 792 1587 illa
840 1534 1186 1601 persuasione
1230 1536 1359 1587 moti
1396 1544 1541 1597 sunt,
1597 1552 1755 1604 quam

218 1638 383 1692 supra
440 1634 631 1693 quarto
676 1627 870 1692 capite,
922 1641 987 1679 ex
1034 1636 1363 1694 praepostera.
1413 1628 1756 1697 antiquorum

218 1715 515 1768 imitatione
540 1730 817 1783 perperam
848 1716 953 1768 illis
978 1715 1285 1783 Obrepsisse
1314 1721 1753 1772 monstravimus.

217 1802 319 1856 Hic
357 1806 561 1873 primus
610 1820 805 1873 eorum»
849 1805 948 1859 fuit
993 1821 1165 1859 error.
1214 1807 1312 1861 Cui
1346 1808 1480 1861 alter
1507 1811 1756 1875 accessit,

219 1896 362 1964 quod
400 1911 520 1948 cum
554 1912 734 1953 verus.
757 1904 808 1949 et
834 1898 1104 1950 cosmicus
1133 1907 1285 1949 ortus
1311 1897 1581 1951 Caniculae
1613 1900 1759 1953 circa

220 1985 275 2036 id
338 1992 582 2052 tempus,
622 1985 765 2053 quod
805 1986 873 2038 ab
917 1986 1023 2039 illis
1077 1998 1395 2055 conceptum
1424 1996 1525 2050 est,
1578 1987 1761 2043 Romae

218 2076 585 2144 contingeret,
630 2076 877 2131 Ileliacus
920 2087 1096 2132 autem
1135 2095 1241 2133 non
1280 2081 1333 2132 in
1369 2080 1538 2142 Italia,
1576 2082 1671 2135 sed
1706 2082 1759 2135 in

216 2162 449 2233 [Egypto
486 2166 587 2218 sub
628 2165 765 2218 idem
815 2174 1023 2233 tempus
1084 2168 1388 2229 accideret,
1420 2169 1507 2222 isti
1530 2185 1647 2237 qua:
1693 2171 1761 2223 ab

124 2250 125 2253 “
218 2253 612 2317 Alexandrinis,
636 2263 688 2309 et
724 2256 977 2324 {Egyptiis
1005 2257 1068 2311 ad
1097 2258 1252 2311 sd'um
1282 2268 1511 2312 tractum
1543 2275 1757 2313 accom-

218 2344 453 2406 modata,
486 2346 805 2414 scriptisque
830 2347 1036 2415 prodita
1063 2356 1235 2409 erant,
1285 2349 1348 2401 ad
1396 2348 1637 2401 Italicum
1668 2366 1760 2418 ap-

218 2434 508 2502 plicarunt.
533 2434 695 2489 Ortus
716 2438 985 2490 cosmicus
1013 2437 1138 2490 Sirii
1170 2452 1310 2489 anno
1344 2437 1518 2505 primo
1543 2436 1760 2491 Juliano

216 2525 554 2580 Alexandria:
607 2527 765 2582 fiebat
821 2529 876 2581 in
921 2528 1087 2597 gradu
1117 2526 1309 2582 Cancri
1350 2528 1435 2591 i2,
1466 2529 1569 2593 27',
1615 2530 1759 2582 eirea

216 2630 297 2669 vn
339 2613 464 2669 Julii
497 2635 510 2671 :
543 2618 784 2672 beliacus
831 2618 885 2671 in
926 2619 1097 2688 gradu
1142 2618 1229 2682 26,
1284 2617 1351 2678 9’,
1385 2619 1486 2672 hoc
1519 2628 1602 2673 est
1631 2618 1757 2671 Julii

218 2706 335 2759 fere
362 2722 452 2761 xx.
486 2709 845 2773 Quamobrem
874 2710 1017 2778 quod
1052 2711 1127 2761 illi
1161 2710 1227 2762 de
1257 2717 1410 2762 ortus
1436 2710 1758 2764 canicularis

218 2801 461 2862 tempore
503 2796 765 2860 scribunt,
800 2797 843 2850 si
886 2796 951 2849 de
996 2796 1179 2849 Italico
1223 2797 1344 2848 ρωΙί
1376 2797 1552 2865 positu
1582 2811 1759 2850 sermo

216 2890 326 2944 est,
380 2883 444 2937 ad
496 2887 786 2939 cosmicum
842 2886 1121 2939 refertur:
1160 2888 1242 2941 sin
1278 2886 1577 2957 [Egyptiaci
1621 2890 1759 2943 ratio

220 2970 457 3037 ducitur,
491 2972 731 3026 beliacus
757 2974 1031 3028 habendus
1063 2981 1163 3028 est.
1193 2974 1506 3040 Columella,
1539 2978 1629 3046 qui
1670 2980 1761 3031 tri-

220 3062 425 3114 cesimo
449 3062 515 3115 ab
542 3062 793 3124 solstitio,
851 3070 904 3116 et
940 3064 1007 3116 ab
1035 3072 1224 3117 octava
1252 3074 1403 3133 parte
1446 3066 1639 3119 Cancri
1674 3069 1760 3122 die

1854 641 2027 696 ortus,
2065 635 2177 687 sive
2224 636 2494 690 cosmicus
2539 634 2794 707 Procynis
2838 637 3020 694 Romae
3062 657 3182 695 cum
3226 644 3393 711 gradu

1857 719 1947 791 11Ἰ
1972 721 2028 772 0'
2062 722 2252 776 Cancri
2290 724 2447 778 fiebat
2483 741 2496 775 :
2538 724 2777 779 beliacus
2809 742 2930 780 cum
2960 730 3198 797 ejusdem
3228 737 3391 800 gradu

1852 808 1945 868 27.
1988 809 2102 862 δι’.
2131 810 2199 863 At
2231 812 2283 864 in
2322 811 2552 882 A'Tgypto
2584 818 2852 869 cosmicus
2898 822 3118 888 contigit
3147 822 3200 874 in
3226 826 3389 890 gradu

1854 896 2050 952 Cancri
2084 899 2138 959 6.
2172 901 2294 966 17';
2341 901 2581 957 beliacus
2616 906 2667 957 in
2696 905 2783 967 2i,
2808 906 2890 973 δ’.
2941 908 3187 965 Manilius
3217 922 3393 967 autem

1854 986 1950 1039 lib.
1976 984 2041 1051 ν,
2074 996 2127 1041 et
2158 988 2445 1051 Firmicus.
2498 999 2555 1045 ut
2603 1004 2745 1048 recte
2778 995 3017 1067 Scaliger
3069 1001 3393 1064 emendavit,

1856 1076 2150 1147 Procynem
2217 1080 2271 1133 in
2322 1081 2515 1137 Cancri
2574 1092 2725 1153 parte
2776 1102 2920 1140 xxvu
2970 1083 3107 1143 oriri
3154 1094 3391 1149 volunt:

1856 1168 1997 1235 quod
2038 1177 2091 1221 et
2137 1168 2260 1223 Julii
2301 1174 2518 1235 seculo,
2570 1191 2675 1227 non
2703 1174 2917 1230 Firmici
2970 1191 3395 1237 consentaneum

1856 1270 1959 1311 est.
2718 1242 2731 1255 ’

1925 1347 2041 1402 Duo
2086 1358 2211 1403 sunt
2258 1352 2312 1403 in
2363 1353 2499 1405 caelo
2540 1353 2737 1416 sidera,
2779 1357 2975 1425 quibus
3007 1358 3171 1413 Canis
3202 1377 3395 1417 nomen

1856 1440 2110 1508 competit
2145 1460 2157 1493 :
2189 1440 2453 1512 Procyon,
2488 1453 2540 1497 et
2566 1445 2744 1497 Κύων.
2788 1448 2883 1499 Ille
2921 1447 3233 1513 Antecanis,
3284 1468 3399 1508 Sive

1856 1529 2192 1597 minusculus
2222 1532 2388 1585 Canis
2429 1544 2669 1596 vocatur,
2732 1536 2799 1588 ad
2850 1538 3076 1591 lacteum
3132 1542 3396 1596 circulum

1858 1619 2084 1685 positus,
2112 1622 2250 1675 inter
2272 1624 2693 1691 aequinoctialem
2716 1625 2973 1680 circulum
3002 1637 3053 1681 et
3082 1630 3393 1697 zodiacum:

1858 1708 2099 1776 duasque
2156 1712 2336 1766 stellas
2379 1714 2537 1767 habet
2566 1732 2581 1780 ;
2628 1715 2681 1767 in
2709 1716 2847 1769 collo
2877 1733 3035 1770 unam
3062 1757 3077 1779 ,
3111 1721 3163 1771 in
3196 1720 3398 1776 femore

1859 1791 2103 1858 alteram,
2140 1810 2258 1863 quae
2287 1806 2339 1849 et
2360 1795 2604 1868 Procyon
2634 1804 2931 1869 appellatur
2967 1808 3200 1873 proprie.
3226 1807 3396 1873 Cujus

1857 1882 2013 1952 origo
2046 1885 2291 1938 vocabuli
2323 1904 2387 1940 ex
2429 1904 2494 1942 eo
2538 1892 2760 1958 petitur,
2792 1895 2934 1962 quod
2965 1896 3127 1951 Canis
3177 1914 3239 1952 ac
3270 1899 3397 1956 Sirii

1858 1973 2121 2039 princedat
2149 1981 2346 2029 ortum.
2380 1976 2542 2031 Canis
2575 1986 2751 2032 autem
2779 1982 2929 2037 sidus
2958 1993 3039 2038 est
3063 1987 3128 2039 ad
3153 1998 3395 2042 austrum

1860 2060 1997 2113 infra
2050 2064 2476 2133 mquiuoctialem
2520 2068 2805 2123 circulum.
2862 2070 3013 2136 Quod
3059 2090 3179 2128 cum
3214 2080 3397 2134 stellas

1857 2150 2048 2204 habeat
2075 2153 2274 2230 plures,
2309 2157 2627 2225 praecipuam
2661 2168 2836 2213 tamen
2864 2162 2918 2213 in
2952 2176 3045 2217 ore
3095 2180 3157 2217 ac
3182 2169 3398 2221 maxilla

1858 2242 2025 2307 gerit:
2066 2259 2222 2310 quam
2253 2243 2449 2297 Sirium
2471 2254 2684 2309 vocant,
2725 2246 2897 2301 Latini
2924 2251 3257 2316 Caniculam,
3294 2259 3397 2310 etsi

1858 2328 2111 2382 Canicula
2156 2347 2540 2401 nonnunquam
2589 2351 2684 2403 pro
2713 2343 2824 2390 toto
2854 2338 2967 2405 ipso
3012 2341 3185 2395 sidere
3228 2347 3403 2399 sumi-

1859 2426 1964 2473 tur.
1994 2419 2200 2475 Plinius
2228 2423 2321 2475 lib.
2360 2423 2541 2486 XVIII,
2580 2441 2699 2492 cap.
2730 2426 2937 2479 XXVIll
2974 2442 3124 2499 negat
3164 2431 3397 2505 Procyni

1858 2525 2051 2564 nomen
2101 2512 2238 2581 apud
2298 2513 2568 2570 Romanos
2598 2519 2764 2569 ullum
2796 2534 2933 2572 esse.
2999 2539 3018 2571 ι
3062 2522 3211 2586 Quod
3245 2527 3396 2580 sidus

1859 2597 1998 2664 apud
2044 2598 2337 2662 Romanos,
2398 2603 2588 2672 inquit,
2638 2620 2745 2658 non
2793 2605 2948 2661 habet
3010 2625 3223 2671 nomen.
3289 2615 3397 2669 nisi

1857 2686 2164 2742 Caniculam
2188 2690 2325 2744 hanc
2350 2694 2571 2748 velimus
2608 2695 2829 2764 intelligi
2855 2715 2867 2747 :
2897 2696 3000 2751 hoc
3022 2711 3105 2754 est
3137 2705 3394 2759 minorem

1857 2775 2086 2841 Canem,
2120 2790 2177 2834 ut
2210 2781 2262 2833 in
2288 2784 2447 2835 astris
2472 2786 2742 2852 pingitur:
2768 2788 2831 2838 ad
2862 2798 3047 2841 aestum
3080 2806 3397 2863 magnOpere

1856 2867 2151 2933 pertinens.
2191 2887 2210 2920 ι
2257 2869 2333 2921 Ita
2360 2869 2649 2927 Peliserius
2678 2876 3051 2931 emendaverat
3086 2880 3136 2931 in
3176 2897 3273 2935 ora
3302 2900 3392 2938 ρος

1858 2956 1993 3009 dicis
2018 2958 2122 3021 sui,
2167 2974 2263 3028 pro
2288 2975 2393 3028 quo
2423 2963 2581 3030 vulgo
2614 2964 2807 3031 legitur
2836 2984 2848 3017 :
2885 2984 2902 3014 ι
2940 2965 3033 3021 Est
3080 2979 3257 3025 autem
3284 2989 3397 3027 ma—

1858 3058 2090 3113 gnopere
2140 3050 2432 3115 pertinens.
2480 3069 2500 3101 ›
2556 3049 2827 3107 Pertinere
2858 3055 2922 3108 ad
2965 3066 3151 3110 aestum
3199 3058 3398 3133 Procy-

219 3148 490 3204 Canicula:
518 3153 665 3221 ponit
710 3162 985 3216 exortum,
1042 3156 1353 3223 imprudens
1404 3158 1457 3209 in
1482 3159 1756 3211 veritatem
1786 3191 1827 3247 ο
1859 3148 1980 3247 ξ’θῗξ
2031 3136 2126 3247 ξίίν
2171 3139 2424 3247 quem?"
2448 3158 2475 3242 ξ
2515 3140 2819 3195 Confessum
2858 3143 2997 3197 inter
3034 3161 3223 3247 om"?
3247 3150 3399 3205 smn“

223 3238 473 3306 delapsus
495 3247 596 3293 est.
642 3238 731 3292 Sic
757 3242 898 3293 enim
932 3249 1138 3312 partem
1169 3244 1221 3297 in
1250 3243 1444 3299 Leonis
1481 3249 1759 3314 septimam

224 3326 341 3381 fere
383 3330 592 3382 redacta
626 3330 762 3382 ratio
793 3338 894 3383 est.
943 3329 1047 3383 Sed
1081 3332 1136 3383 in
1176 3342 1414 3402 tempore
1461 3335 1764 3390 definiendo

224 3417 462 3486 vulgaris
494 3417 643 3470 illum
675 3433 828 3471 error
856 3419 1131 3489 abripuit;
1169 3436 1291 3473 nam
1331 3423 1455 3490 quia
1496 3424 1625 3477 solis
1680 3426 1765 3477 in-

228 3506 447 3558 troitum
492 3505 549 3559 in
596 3506 861 3561 Cancrum
910 3507 1056 3562 Junii
1102 3525 1209 3563 xvn
1260 3512 1475 3565 circiter
1502 3513 1762 3582 illigavit,

229 3595 425 3650 Leonis
448 3596 649 3650 aditum
678 3597 802 3652 Julii
834 3616 959 3653 xvm
983 3608 1402 3655 consentaneum
1433 3610 1514 3657 est
1542 3604 1763 3668 ascribi,

229 3694 409 3739 ortum
447 3702 570 3741 vero
598 3686 865 3741 Canicula:
894 3687 1019 3743 Julii
1066 3705 1197 3743 χχιιι
1230 3691 1313 3744 vel
1344 3707 1487 3757 xxiv,
1520 3693 1571 3745 in
1618 3703 1767 3762 parte

231 3776 428 3832 Leonis
459 3778 674 3832 circiter
716 3778 962 3848 septima.
1007 3777 1065 3833 In
1091 3794 1198 3848 quo
1226 3787 1403 3833 tamen
1451 3781 1585 3850 fugit
1616 3785 1763 3836 illum

231 3868 393 3921 ratio.
437 3867 640 3937 Quippe
662 3866 913 3922 Kalendis
961 3867 1236 3937 Augustis,
1292 3869 1373 3922 vel
1408 3871 1567 3937 paulo
1623 3882 1763 3939 post,

232 3955 473 4011 beliacus
502 3956 770 4011 Caniculae
810 3963 962 4011 ortus
994 3973 1089 4025 per
1139 3958 1191 4011 id
1242 3968 1452 4026 tempus
1500 3960 1765 4028 congruit.

232 4043 354 4100 Non
404 4045 597 4100 minari
638 4046 1051 4100 hallucinatione
1080 4046 1286 4100 Plinius
1329 4048 1580 4101 vicesimo
1610 4050 1767 4103 tertio

234 4141 361 4205 post
390 4135 679 4189 solstitium
710 4136 797 4190 die
819 4136 948 4190 oriri
975 4136 1285 4189 Caniculam
1314 4138 1513 4192 heliace
1539 4140 1762 4205 putavit,

235 4239 361 4278 cum
390 4239 575 4279 revera
604 4226 821 4280 totidem
847 4235 968 4296 post
997 4227 1286 4281 solstitium
1313 4226 1502 4281 diebus
1533 4228 1768 4284 cosmice

237 4320 392 4367 atate
414 4312 539 4368 Julii
569 4315 797 4369 Caesaris
826 4316 1079 4369 oriretur.
1622 4318 1625 4319 ⁷

310 4402 546 4473 Scaliger
570 4403 721 4459 Notis
757 4406 824 4458 ad
855 4405 1055 4458 Manilii
1097 4406 1191 4460 lib.
1226 4404 1269 4457 γ
1302 4406 1443 4476 (pag.
1468 4407 1613 4473 405),
1642 4422 1768 4475 poe—

1866 3225 2089 3290 indicat,
2133 3229 2277 3295 quod
2331 3229 2492 3284 Canis
2542 3240 2716 3284 ortum
2761 3248 3035 3290 vocamus.
3066 3256 3085 3287 ι
3148 3240 3400 3309 Adeoque

1862 3317 2130 3384 ingentem
2161 3318 2309 3371 illum
2341 3328 2529 3373 :estum
2560 3322 2839 3374 denuntiat
2871 3340 2883 3375 :
2918 3325 3027 3378 imo
3064 3334 3116 3380 et
3160 3341 3221 3381 ex
3248 3340 3402 3397 parte

1864 3404 2012 3457 facit.
2045 3404 2178 3460 Hinc
2205 3406 2457 3463 Horatius
2477 3410 2570 3465 lib.
2603 3409 2688 3475 IlI,
2728 3410 2845 3464 Ode
2870 3412 2938 3465 50
2966 3429 2980 3463 :

2346 3516 2469 3570 Jam
2494 3518 2730 3588 Procyon
2758 3523 2886 3587 furit

2208 3585 2279 3637 Et
2305 3588 2459 3639 stella
2484 3585 2655 3641 vesani
2680 3585 2865 3643 Leonis

2210 3654 2331 3709 Sole
2352 3657 2459 3710 dies
2489 3658 2736 3726 referente
2755 3663 2937 3714 siccos.

1932 3766 2045 3822 Nisi
2099 3768 2220 3835 quis
2278 3769 2508 3823 fortasse
2540 3768 2834 3842 Procynem
2888 3774 2958 3829 ab
3007 3774 3228 3835 Iloratio
3273 3798 3396 3840 cum

1866 3854 2009 3908 Sirio
2048 3856 2310 3910 cenfundi
2339 3860 2485 3918 velit,
2515 3861 2765 3927 quoniam
2796 3864 2966 3930 prima
2994 3867 3107 3921 lure
3129 3874 3399 3930 asterismi

1864 3943 2024 3998 Canis
2051 3946 2202 3998 stella
2234 3955 2357 3998 ante
2388 3954 2628 4011 caeteras,
2663 3948 2901 4018 adeoque
2939 3962 3063 4007 ante
3094 3964 3262 4011 totum
3317 3962 3399 4029 ip-

1865 4046 1983 4086 sum
2017 4032 2213 4087 Canem
2252 4042 2487 4103 apparet.
2553 4036 2643 4090 Sic
2674 4037 2817 4091 enim
2852 4038 3083 4096 Galenus
3132 4036 3185 4098 in
3244 4049 3336 4101 lib.
3380 4050 3399 4102 I

1863 4122 2100 4190 Epidem.
2151 4122 2488 4193 Hippocratis
2522 4164 2537 4187 ,
2596 4127 2756 4181 Κύων
2782 4130 2895 4199 ’μὲν
2931 4131 3035 4203 γὰρ
3072 4134 3133 4186 τὸ
3184 4137 3405 4207 σύμπαν

1864 4213 2075 4283 ἄστρον*
2101 4215 2129 4265 ὁ
2156 4214 2211 4266 δὲ
2242 4215 2332 4266 ἐπὶ
2358 4216 2453 4285 τῆς
2481 4216 2665 4284 γένυος
2688 4219 2849 4271 αὑτοῦ
2880 4213 3111 4290 Σείριος’
3138 4211 3197 4278 ὃν
3230 4228 3405 4297 ὀρθῶς

1862 4300 1928 4354 ἄν
1969 4318 2051 4364 τις
2103 4303 2351 4373 ὀνομάζοι
2404 4305 2497 4357 τὸν
2532 4306 2809 4375 Πρόκυνα,
2842 4309 2902 4361 οὗ
2953 4311 3043 4365 τὸν
3089 4313 3258 4367 Κύνα.
3286 4316 3402 4370 δὶ-

1820 4432 1821 4435 η
1863 4389 2003 4442 rium
2034 4388 2109 4442 ait
2161 4392 2416 4460 appellari
2448 4406 2479 4445 a
2533 4395 2813 4451 nonnullis
2856 4396 3010 4463 κύνα,
3048 4404 3189 4469 quod
3229 4410 3401 4461 totius

239 4503 349 4546 tam
379 4507 535 4547 suum
559 4495 800 4563 corrigit,
837 4496 927 4563 qui
962 4510 1025 4549 ex
1048 4496 1318 4548 communi
1352 4496 1601 4564 opinione
1633 4497 1768 4549 dixit
1796 4504 1834 4559 υ

1867 4493 2061 4533 nomen
2089 4489 2173 4535 est
2199 4475 2431 4536 sideris:
2460 4484 2660 4537 rectius
2691 4493 2865 4539 tamen
2895 4486 3188 4560 Procynem
3218 4498 3402 4565 appel-

239 4584 300 4637 in
343 4590 509 4651 parte~
534 4582 729 4643 Lentus
767 4591 942 4637 ortum
988 4583 1163 4637 facere
1207 4582 1405 4638 Sirium
1446 4604 1459 4638 :
1498 4603 1517 4635 ι
1556 4584 1767 4648 Melius,

240 4670 461 4741 inquit,
486 4668 707 4725 dixisset
748 4671 945 4727 Canem
982 4671 1247 4740 principio
1305 4670 1496 4725 Cancri
1544 4672 1674 4725 oriri
1715 4676 1772 4729 in

242 4760 456 4817 “nitore
501 4750 806 4816 barbarico.
851 4760 1058 4816 Saecula
1086 4759 1287 4814 Manilii
1312 4762 1587 4815 oriebatur
1615 4762 1671 4815 in
1698 4778 1771 4814 vu

241 4850 458 4907 Cancri.
493 4869 513 4902 ι
553 4849 620 4905 Ut
647 4851 869 4920 Augusti
893 4852 1087 4904 saecqu
1114 4851 1302 4905 demus
1335 4850 1577 4905 floruisse
1602 4852 1773 4904 Mani-

240 4944 397 5005 lium,
439 4940 581 5010 quod
628 4947 778 4993 ratus
808 4947 890 4993 est
937 4939 1194 5006 Scaliger,
1230 4954 1404 5007 neque
1448 4938 1600 4991 initio
1636 4938 1774 4992 Can-

244 5034 348 5098 cri,
389 5046 561 5100 neque
601 5045 721 5084 cum
750 5029 868 5097 ejus
904 5028 1069 5097 gradu
1108 5044 1181 5080 vn
1229 5035 1345 5081 orta
1377 5041 1459 5082 est
1496 5026 1770 5083 Canicula.

245 5121 453 5193 Quippe
484 5136 643 5174 verus
663 5121 805 5173 illius
833 5126 985 5172 ortus
1030 5117 1369 5170 Alexandriae
1402 5118 1453 5170 in
1488 5119 1652 5186 gradu
1684 5118 1771 5181 I2,

244 5211 329 5265 27'
355 5228 371 5277 ;
400 5209 639 5264 beliacus
665 5208 720 5261 in
758 5207 849 5273 26,
892 5208 953 5261 9'
984 5205 1198 5259 accidit.
1246 5207 1327 5260 Ab
1358 5214 1478 5259 ortu
1506 5221 1635 5260 vero
1667 5222 1771 5260 non
1830 5266 1834 5269 ἱ

246 5306 473 5360 multum
511 5300 758 5355 abhorret
818 5298 1071 5353 Plinius:
1115 5299 1207 5367 qui
1273 5300 1367 5353 lib.
1412 5295 1598 5361 XVIII,
1653 5312 1771 5365 cap.

248 5390 785 5458 XXIX,Caniculam
815 5389 945 5442 oriri
994 5391 1068 5442 ait
1120 5390 1174 5441 in
1221 5387 1451 5458 Egypto
1494 5402 1547 5440 tv
1596 5385 1775 5439 Nonas

247 5484 435 5538 Julias.
482 5477 545 5535 In
570 5481 716 5534 hunc
743 5480 887 5532 enim
928 5479 1067 5534 diem
1102 5480 1415 5533 undecimus
1444 5477 1554 5531 fere
1584 5475 1777 5529 Cancri

249 5571 450 5644 gradus
471 5570 714 5625 incurrit.
748 5567 983 5622 Tametsi
1008 5568 1073 5621 de
1101 5566 1359 5637 Procyne,
1397 5582 1505 5620 non
1534 5564 1601 5618 de
1619 5564 1778 5617 Cani-

246 5663 393 5727 cula,
440 5659 651 5715 videtur
704 5652 807 5712 hoc
847 5657 1494 5726 posteriusintellexisse
1548 5654 1774 5709 Plinius.

247 5757 381 5807 Nam
410 5746 584 5817 capite
616 5746 967 5810 antecedenti,
1004 5761 1053 5799 iv
1096 5745 1274 5801 Nonas
1298 5743 1529 5813 Egypto
1573 5741 1777 5811 Procy-

1869 4567 1971 4620 lari
1999 4584 2180 4638 posse,
2218 4585 2378 4639 quam
2407 4570 2626 4626 Canem.
2672 4572 2839 4638 Quem
2871 4576 3053 4632 Caleni
3102 4583 3299 4649 locum,
3342 4600 3401 4642 ut
3429 4612 3435 4616 ·

1870 4664 1923 4711 et
1948 4657 2053 4710 alia
2078 4657 2190 4712 fere
2216 4660 2396 4711 omnia
2426 4660 2493 4714 de
2520 4661 2793 4727 Canicula,
2820 4664 2875 4719 in
2903 4664 3223 4737 farraginem
3255 4673 3395 4729 Soli-
3484 4672 3487 4675 ’

1869 4748 2085 4800 nianam
2124 4750 2315 4802 avertit
2362 4748 2661 4806 Salmasius
2704 4766 2768 4805 ex
2803 4752 3047 4811 Bisciolaa
3088 4764 3259 4817 nostri
3305 4768 3399 4824 lib.

1870 4836 1962 4891 XII
1995 4838 2125 4891 tomi
2152 4837 2193 4891 ll
2248 4839 2672 4906 subsecivarum,
2715 4856 2833 4911 cap.
2866 4844 2907 4897 Il
2937 4863 2955 4911 ;
3010 4828 3185 4923 παυς
3210 4865 3399 4912 aucto.

1871 4942 2026 5000 rem,
2059 4942 2089 4980 a
2126 4943 2233 4997 quo
2264 4929 2367 4982 ista
2406 4928 2700 4994 didicerat,
2729 4933 2810 4985 vel
2846 4933 3025 4990 littera
3068 4942 3397 5011 nominavit;

1871 5015 1963 5083 qui
1994 5014 2111 5081 ejus
2136 5026 2219 5069 est
2262 5030 2397 5069 mos.
2452 5014 2639 5069 Utrum
2682 5026 2859 5073 autem
2890 5021 3181 5095 Procynem
3211 5046 3403 5103 perpe-

1875 5114 1965 5158 tuo
2002 5120 2099 5173 pro
2129 5105 2385 5159 Canicula
2431 5105 2639 5161 Plinius
2675 5102 2961 5179 accéperit,
3001 5116 3141 5183 quod
3181 5102 3400 5177 l'lxerci-

1873 5195 2036 5248 tatori
2062 5194 2292 5257 videtur,
2321 5195 2562 5251 dicemus
2596 5212 2717 5269 cap.
2747 5201 2766 5253 l
2802 5202 2921 5255 libri
2950 5206 3181 5273 septimi.

1942 5281 2013 5335 Ut
2062 5283 2118 5335 in
2146 5291 2270 5336 ortu
2299 5298 2397 5351 suo
2432 5284 2749 5341 immodicos
2780 5295 3210 5351 aestusexcitare
3241 5299 3402 5355 Cani-
3441 5330 3447 5337 -

1874 5374 2069 5434 cuiam,
2119 5374 2200 5427 sic
2225 5372 2556 5428 occidentem
2603 5374 2802 5445 frigora
2839 5374 2893 5431 et
2943 5380 3189 5440 inimicas
3226 5387 3398 5460 frugi.

1874 5463 1978 5517 bus
2010 5462 2231 5530 pruinas
2262 5476 2601 5519 commovere
2625 5466 2917 5535 scriptores
2941 5484 3207 5528 asserunt.
3239 5477 3400 5535 Mani-

1876 5554 1981 5606 lius
2018 5552 2109 5606 lib.
2142 5551 2182 5619 I,
2215 5553 2440 5607 Plinius!
2476 5555 2568 5609 lib.
2604 5554 2783 5627 XVIII,
2830 5575 2949 5628 cap.
2994 5561 3193 5631 XXIX;
3240 5568 3401 5626 colu.

1877 5645 2035 5699 mella
2070 5646 2164 5699 lib.
2202 5638 2291 5705 XI,
2320 5656 2447 5714 cap:
2476 5644 2537 5699 ll.
2576 5665 2594 5696 ι
2628 5645 2806 5701 Pridie
2838 5649 3059 5703 Kalend.
3101 5648 3267 5715 Maias
3299 5660 3419 5716 Cao'

1879 5740 1965 5791 nis
2024 5751 2082 5789 se
2127 5748 2349 5803 vespere
2404 5738 2577 5803 celat;
2618 5747 2987 5809 tempestatem
3038 5746 3320 5814 significat.
3378 5750 3425 5807 t
