4046 6320
793 363 926 418 1391

795 569 1118 623 referemus.
1174 566 1370 623 Narrat
1423 567 1668 622 instituta
1711 566 1988 638 Robigalia
2037 583 2090 624 a.
2141 569 2196 624 d.
2244 586 2316 624 vn

795 655 1019 712 Kalend.
1063 657 1186 712 Mai.
1237 677 1250 711 :
1309 675 1328 708 ι
1369 655 1522 721 Quod
1575 665 1695 726 post
1731 659 1846 712 dies
1891 659 2218 728 undeviginti
2251 659 2318 712 ab

795 747 1116 814 equinoctio
1153 761 1348 810 verno,
1393 760 1488 814 per
1533 746 1586 798 id
1633 747 1978 814 quatriduum
2029 749 2171 800 varia
2199 763 2322 815 gen-

797 837 928 910 tium
949 836 1322 891 observatione
1350 839 1404 888 in
1429 852 1480 892 iv
1504 835 1730 891 Kalend.
1765 837 1888 890 Maii
1911 837 2072 892 Canis
2099 839 2316 902 occidit,

799 927 952 981 sidus
984 935 1036 980 et
1065 941 1160 994 per
1190 941 1248 980 se
1272 925 1578 987 vehemens,
1613 917 1665 980 et
1707 927 1792 980 cui
1825 928 2178 996 przcoccitlere
2218 927 2318 982 Ca-

797 1017 1031 1068 niculam
1079 1029 1296 1070 necesse
1319 1017 1422 1068 sit.
1457 1035 1476 1066 ι
1521 1017 1568 1068 Α
1607 1032 1682 1070 vn
1739 1017 2004 1072 Kalendas
2042 1017 2210 1072 Maias
2253 1016 2318 1070 ad

800 1119 850 1158 iv
883 1111 1050 1158 totum
1072 1103 1170 1158 hoc
1190 1105 1528 1174 quatriduum
1555 1106 1798 1176 frugibus
1823 1107 2176 1162 decretorium
2202 1122 2321 1160 esse

797 1195 930 1248 dicit
953 1213 966 1248 :
990 1205 1042 1248 et
1066 1195 1132 1248 ab
1159 1197 1478 1264 tequinoctio
1507 1213 1672 1250 verno
1693 1197 1806 1251 dies
1839 1205 2080 1250 numerat
2104 1193 2322 1250 undevi-

797 1286 949 1355 ginti.
963 1285 1360 1354 IEquinoctium
1379 1301 1598 1340 vernum
1615 1287 1828 1340 aPlinio
1848 1288 2122 1342 confertur
2147 1289 2200 1340 in
2229 1305 2319 1340 vni

795 1375 964 1442 April,
981 1373 1252 1430 Kalendas.
1276 1391 1303 1428 a
1321 1391 1427 1443 quo
1445 1377 1714 1430 secundus
1727 1385 1779 1430 et
1793 1377 2094 1430 tricesimus
2110 1377 2220 1430 dies
2241 1385 2324 1430 est

795 1481 848 1518 Vl
873 1463 1133 1518 Kalendas
1163 1465 1348 1518 Maias.
1385 1464 1688 1534 Legendum
1723 1467 1902 1533 itaque
1937 1469 2123 1520 fuerit:
2156 1473 2182 1517 ι’
2203 1477 2320 1536 post

795 1555 911 1608 dies
959 1571 1124 1608 unum
1152 1563 1205 1610 et
1237 1555 1474 1624 triginta.
1511 1575 1528 1606 ι
1575 1555 1716 1610 Idem
1752 1555 1956 1610 Plinius
1983 1573 2046 1612 ex
2085 1557 2322 1614 Varrone

794 1643 960 1698 refert
1003 1659 1252 1698 occasum
1283 1643 1554 1698 Canicula:
1605 1645 1658 1697 in
1709 1643 1969 1698 decimam
2013 1645 2172 1700 Tauri
2201 1663 2322 1717 par-

795 1742 923 1788 tem.
961 1733 1112 1799 Quod
1163 1733 1308 1786 illius
1372 1735 1548 1788 saeculi
1607 1735 1842 1802 opinioni
1895 1739 2160 1806 congruit,
2202 1755 2320 1808 qua:

794 1825 1098 1893 ingressum
1133 1823 1636 1878 indodecatemoria
1667 1837 1856 1880 octavo
1903 1837 2026 1883 ante
2067 1831 2318 1884 cardines

796 1916 884 1968 die
913 1915 1342 1984 repnssentabat.
1379 1913 1445 1968 Ut
1484 1917 1642 1984 igitur
1663 1920 1716 1969 in
1751 1917 1986 1970 Taurum
2017 1921 2203 1972 subeat
2235 1923 2316 1972 sol

795 2021 890 2060 xm
919 2005 1180 2059 Kalendas
1211 2005 1395 2070 Maias,
1444 2007 1651 2060 decima
1697 2025 1821 2077 pars
1871 2010 1989 2078 ejus
2041 2011 2094 2064 in
2131 2028 2180 2064 iv
2214 2011 2318 2064 Ka-

799 2097 983 2150 lendas
1013 2097 1210 2149 incidet
1243 2112 1258 2150 :
1289 2113 1395 2166 quo
1431 2098 1515 2151 die
1552 2099 1868 2156 Ptolemaeus
1916 2100 2099 2156 Graece
2141 2117 2170 2154 a
2222 2119 2320 2154 no-

796 2187 880 2241 bis
911 2175 1150 2253 vulgatus
1189 2201 1440 2242 occasum
1471 2189 1632 2242 Canis
1659 2189 1952 2245 adnotavit.
1983 2190 2200 2244 Tabulae
2233 2209 2320 2244 no-

798 2283 922 2326 strze
970 2275 1232 2328 heliacum
1267 2289 1518 2329 occasum
1575 2275 1701 2330 Sirii
1747 2279 1976 2332 reddunt
2031 2277 2214 2334 Roma:
2265 2281 2318 2334 in

795 2367 962 2435 gradu
983 2365 1144 2420 Tauri
1185 2366 1240 2430 ὅ,
1272 2365 1384 2420 δι’.
1423 2364 1592 2430 Quem
1625 2368 1704 2420 sol
1753 2368 1930 2421 adibat
1970 2365 2096 2422 Julii
2141 2371 2320 2424 Caesa-

794 2458 872 2510 ris
907 2463 1066 2509 aetate
1096 2455 1255 2508 tertio
1303 2453 1520 2508 circiter
1567 2453 1833 2510 Kalendas
1871 2455 2056 2510 Maias.
2113 2457 2318 2516 Plinius

795 2545 1046 2612 vero,qui
1073 2559 1146 2597 vii
1173 2542 1434 2598 Kalendas
1475 2545 1764 2613 adnotavit,
1793 2563 1857 2600 ex
1892 2549 2320 2612 ὲπικαταδύσεως

796 2635 1116 2703 φαινομένης
1169 2634 1371 2688 ratione
1424 2635 1700 2689 conciliari
1737 2645 1929 2705 potest.
1987 2638 2117 2691 Nam
2177 2641 2320 2695 illius

799 2724 999 2775 laxiora
1022 2724 1192 2777 solent
1213 2738 1332 2778 esse
1355 2725 1542 2794 spatia,
1561 2735 1618 2779 ut
1635 2741 1795 2796 supra
1817 2727 2316 2785 demonstravimus.

797 2811 1052 2867 Geminus
1097 2813 1172 2866 ait
1213 2813 1410 2868 Canem
1449 2815 1763 2870 Euctemoni
1812 2815 1866 2869 in
1907 2817 2318 2873 secundi'Tauri

797 2911 969 2971 parte,
1020 2902 1238 2956 Eudoxo
1273 2903 1327 2956 in
1359 2914 1546 2972 quarta
1574 2905 1754 2958 celari.

1361 3013 1584 3068 CAPUT
1635 3013 1746 3068 XII.

798 3125 874 3178 De
899 3135 1120 3192 tempore
1139 3125 1317 3194 messis
1339 3127 1390 3178 in
1418 3125 1639 3194 gypfa
1667 3137 1716 3180 et
1741 3127 2030 3182 Palaestina
2064 3143 2126 3181 ex
2171 3145 2319 3181 occa-

866 3197 1006 3264 sione
1026 3205 1166 3246 ortus
1192 3192 1462 3264 Pleiadum
1483 3192 1504 3256 ξ
1525 3192 1590 3246 uc
1617 3196 1677 3248 de
1691 3195 1913 3250 Sabbaw
1937 3198 2318 3264 deuteroprolo;

865 3263 1014 3328 cujus
1063 3265 1200 3314 ratio
1253 3263 1306 3314 in
1363 3262 1731 3330 Epiphanianis
1779 3262 2318 3319 Animadversionibus

866 3332 1060 3384 tradita
1105 3331 1428 3402 defenditur,
1471 3343 1746 3402 contraque
1809 3351 1920 3387 eam
1967 3336 2166 3402 objecta
2213 3337 2320 3388 sol-

789 3407 792 3410 ’
864 3409 1069 3452 cuntur.
1111 3399 1318 3452 Primus
1367 3403 1552 3453 mensis
1597 3399 1672 3453 abi
1697 3403 1924 3456 Uebrmis
1956 3399 2036 3455 ad'
2073 3419 2320 3457 novarum

866 3471 1072 3542 frugum
1098 3478 1290 3542 tempus
1319 3471 1756 3542 accommodatus.
1793 3470 2075 3524 Maturitas
2111 3473 2321 3542 frugum

865 3539 1071 3602 duplex.
1104 3535 1274 3588 Marci
1315 3539 1638 3606 evangelista:
1669 3539 1810 3592 locus
1839 3535 2162 3596 illustratur.

871 3643 1056 3696 Mirum
1089 3644 1431 3712 quibusdam,
1461 3661 1558 3698 nec
1593 3648 1726 3700 satis
1749 3649 2002 3702 credibile
2023 3665 2192 3702 Visum
2219 3659 2320 3712 est,

798 3734 938 3804 quod
965 3749 1028 3786 ex
1064 3731 1279 3800 Hesiodi
1329 3741 1382 3786 et
1417 3735 1643 3788 aliorum
1687 3737 2032 3805 antiquorum
2067 3739 2323 3791 testiﬁca-

799 3825 940 3876 tione
985 3829 1215 3884 coustat,
1253 3823 1354 3876 sub
1380 3836 1621 3878 exortum
1653 3825 2002 3894 Vergiliarum
2037 3831 2318 3897 tempesti-

795 3929 915 3966 vam
945 3913 998 3965 in
1025 3912 1228 3965 Graecia
1269 3927 1495 3966 messem
1537 3913 1720 3969 fuisse.
1755 3915 1887 3969 Nam
1925 3919 2134 3972 illarum
2172 3927 2321 3974 ortus

796 4004 1035 4058 heliacus
1086 4006 1139 4056 in
1170 4020 1311 4057 anno
1347 4001 1560 4058 Juliano
1589 4006 1760 4074 primo
1809 4007 1992 4062 Ronnn
2039 4009 2212 4064 factus
2240 4017 2318 4065 es'

795 4093 1075 4148 Tauronos
1115 4110 1301 4158 xxvni,
1329 4096 1420 4163 qui
1455 4095 1508 4146 in
1540 4095 1660 4147 Maii
1691 4111 1778 4148 xm
1807 4099 1948 4150 diem
1979 4100 2234 4164 cadebat;
2269 4101 2320 4154 in

797 4182 1027 4252 IEgypto
1060 4199 1205 4243 vero,
1235 4182 1519 4239 Tauronos
1551 4201 1662 4247 XXI,
1700 4183 1822 4238 Maii
1867 4171 1974 4242 xiv.
2016 4191 2084 4241 At
2107 4189 2322 4242 Hesiodi

797 4283 1033 4338 tempore
1077 4273 1336 4326 maturius
1389 4276 1561 4326 adhuc
1613 4283 1764 4328 ortus
1802 4276 1888 4330 ille
1921 4276 2098 4330 fiebat.
2133 4279 2235 4332 Sed
2268 4286 2324 4330 ut

797 4361 1100 4414 def-mela
1131 4361 1308 4422 modo,
1337 4371 1390 4414 et
1422 4362 1569 4416 Italia
1603 4365 1736 4418 nihil
1757 4367 1928 4419 dicam
1953 4407 1968 4430 ,
2013 4369 2064 4420 in
2095 4367 2322 4437 Aigypto

799 4468 928 4506 sane
979 4467 1041 4503 ac
1087 4449 1367 4504 Palaestina
1399 4453 1554 4522 longe
1604 4463 1727 4509 ante
1765 4457 2030 4509 heliacum
2063 4457 2316 4526 Vergilia-

801 4556 917 4594 rum
947 4547 1188 4592 exortum
1241 4555 1468 4594 messem
1515 4543 1949 4609 auspicabantur.
2001 4543 2132 4596 Nam
2175 4545 2314 4599 'l‘hec

804 4630 856 4680 in
883 4623 1276 4684 couiiiientariis
1301 4627 1368 4681 ad
1391 4631 1608 4682 Aratum
1635 4633 1784 4684 testis
1805 4641 1904 4692 est,
1933 4633 2131 4685 mensis
2157 4633 2296 4687 Phar

803 4717 970 4768 muthi
999 4731 1102 4767 xxv
1142 4717 1248 4778 die,
1287 4719 1378 4784 qui
1409 4718 1604 4784 Aprilis
1649 4733 1718 4769 xx
1753 4719 2056 4786 respondet,
2097 4723 2318 4774 orienti-

805 4806 902 4856 bus
929 4802 1174 4870 Vergiliis
1200 4807 1388 4858 messis
1411 4807 1462 4856 in
1497 4805 1723 4874 JEgypto
1751 4815 1957 4875 tempus
1987 4823 2122 4861 esse.
2167 4809 2228 4860 Et
2256 4811 2322 4864 de

803 4895 1036 4946 eosinico
1058 4911 1151 4948 seu
1183 4912 1326 4958 vero,
1355 4915 1458 4950 non
1500 4899 1702 4952 heliaco
1729 4909 1917 4952 exortu
1951 4900 2204 4968 loquitur,
2230 4903 2318 4970 qui

801 4983 1034 5038 Theonis
1079 4987 1275 5038 Saecula
1323 4988 1464 5038 circa
1501 4991 1628 5042 illud
1675 4999 1880 5057 tempus
1909 4991 2120 5044 accidit.
2169 4993 2318 5056 Quod

805 5091 868 5126 ne
915 5075 1034 5142 quis
1087 5091 1280 5128 vanum
1320 5079 1604 5140 existimet,
1637 5080 1942 5148 rligyptinm
1979 5083 2202 5135 alterunt
2245 5083 2310 5136 ci.

804 5165 926 5216 tabo
983 5165 1157 5232 priore
1211 5166 1300 5218 illo
1358 5167 1526 5234 magis
1590 5171 1748 5222 etiam
1791 5171 2041 5223 idoneum
2093 5180 2318 5238 testem;

804 5249 858 5302 S.
879 5247 1134 5302 Isidornni
1167 5249 1620 5321 Pelusiotam,qui
1653 5257 1743 5310 lib.
1777 5257 1860 5318 Ill,
1891 5259 2044 5326 epist.
2069 5261 2164 5313 I-IO
2190 5265 2320 5314 seri—

805 5339 880 5389 bit
911 5339 1012 5392 sub
1041 5339 1092 5391 id
1123 5348 1351 5407 tempus,
1385 5358 1491 5410 quo
1519 5343 1684 5396 Judaei
1723 5345 1922 5400 Pascha
1956 5351 2318 5412 celebrabant,

805 5421 979 5477 snicas
1025 5422 1134 5488 jam
1167 5433 1404 5478 maturas
1431 5429 1496 5480 ad
1519 5445 1741 5482 messeni
1771 5435 1956 5488 videri.
2016 5437 2099 5486 Ἐν
2133 5441 2320 5506 ἐκείνῳ

803 5509 905 5572 γὰρ
941 5509 1014 5577 τῷ
1047 5511 1215 5580 καιρῴ
1243 5513 1380 5580 μόνῳ
1421 5517 1814 5585 καρηϐαροῦσιν
1837 5523 1882 5571 οἱ
1921 5523 2198 5590 ἀστάχυες,
2231 5527 2318 5576 καὶ

801 5599 1066 5651 κέκλινται
1096 5603 1196 5652 ὑπὸ
1241 5603 1330 5653 τοῦ
1379 5607 1603 5672 καρποῦ,
1645 5609 1732 5658 καὶ
1773 5610 1866 5674 τῆς
1931 5613 2062 5678 πρὸς
2121 5613 2316 5678 ἄμητον

797 5688 961 5750 ὥρας,
1001 5691 1154 5740 οἱονεὶ
1198 5693 1288 5762 τὴν
1341 5693 1606 5764 δρεπὰνην
1639 5699 1717 5762 ἐφ’
1753 5699 1970 5762 tau-.03,-
2005 5701 2316 5770 καλοῦντες.

1733 411 1746 430 κ
1778 361 1866 414 AD
1905 360 2584 417 EUSEBILCIIRONICON
2618 360 2972 416 APPENDI-X.

792 478 950 532 Plinii
986 477 1168 544 verba,
1203 480 1327 548 quia
1353 478 1607 533 mendosa
1641 487 1786 540 sunt,
1817 479 2116 549 castigandi
2149 495 2310 534 causa
2340 487 2385 539 Α
2447 499 2464 530 ε
2505 479 2607 534 Per
2665 479 2794 533 illud
2871 487 3080 547 tempus
3155 476 3338 530 solum

3763 345 3856 403 1392

3431 485 3620 528 summa
3659 467 3854 538 spicarum

2418 571 2590 638 capita
2660 575 3000 640 gravantur;
3047 574 3102 619 et
3181 581 3292 634 prie
3363 561 3630 633 frugibus,
3673 574 3724 613 ac
3779 573 3854 610 me-

2418 661 2560 714 temli
2593 659 2900 712 maturitate
2949 659 3316 720 inclinantur;
3365 665 3610 724 tanquam
3643 652 3693 704 ad
3717 665 3764 704 se
3787 649 3854 702 fal-

2417 767 2529 804 cem
2573 750 2818 802 invitent.
2847 768 2885 806 ,D
2927 747 3050 816 Agit
3101 755 3278 800 autem
3315 745 3382 798 de
3429 743 3644 797 Sabbato
3672 742 3852 794 deutero-

2415 848 2606 907 proto;
2639 837 2780 906 quod
2829 851 2950 890 esse
2989 833 3130 888 idem‘
3151 833 3432 886 existimat
3461 843 3520 882 ac
3549 829 3734 897 primam
3769 839 3852 894 a15-

2417 943 2624 980 morum
2661 927 2824 981 diem.
2862 924 3039 990 Quare
3066 939 3132 976 ex
3167 921 3288 990 ejus
3317 921 3624 976 auctoritate
3649 917 3792 984 liquet,
3817 917 3852 966 in

2417 1015 2668 1087 Egypto,
2715 1027 2801 1078 et,
2855 1015 3002 1084 quod
3063 1021 3170 1068 tam
3239 1015 3418 1082 reipsa
3468 1021 3850 1084 consequetur-st,

2418 1125 2578 1178 quam
2604 1109 2671 1162 ab
2717 1107 2902 1162 eodem
2943 1107 3316 1170 concluditur;
3343 1106 3522 1160 .etiam
3557 1105 3604 1156 in
3629 1101 3852 1160 I’ala'stina,

2419 1206 2656 1252 maturas
2685 1213 2779 1268 per
2807 1199 2944 1252 idem
2989 1205 3199 1266 tempus
3228 1203 3438 1263 segetes
3467 1195 3530 1245 ad
3553 1207 3739 1246 messem
3763 1191 3852 1244 fuis-

2419 1303 2493 1340 se.
2549 1286 2686 1340 Sunt
2737 1288 2880 1340 enim
2925 1287 3084 1340 ambo
3124 1285 3200 1338 illi
3251 1291 3460 1338 tractus
3499 1283 3594 1338 sub
3615 1284 3760 1335 eadem
3781 1283 3852 1350 poli

2418 1379 2700 1432 altitudine
2729 1379 2841 1434 siti:

2485 1465 2606 1518 Ilaec
2625 1481 2746 1519 cum
2767 1467 2818 1520 in
2835 1463 3404 1519 Animadversionihus
3425 1461 3854 1531 Epiphanianisarite

2417 1555 2619 1623 aliquot
2671 1569 2840 1610 annos
2891 1557 3258 1610 observassem
3315 1553 3416 1622 (Ad
3485 1554 3618 1604 [κεν.
3663 1551 3788 1612 ΧΠ,
3819 1569 3853 1602 ιι.

2417 1641 2625 1714 XXXI),
2653 1648 2766 1699 visa
2797 1661 2904 1699 non
2941 1647 3140 1699 nemini
3177 1645 3412 1698 absurda
3459 1659 3542 1697 res
3571 1653 3672 1704 est,
3695 1643 3764 1710 qui
3789 1643 3855 1694 lal-

2417 1751 2530 1788 sam
2561 1737 2864 1805 Opinionem
2888 1753 3006 1790 esse
3027 1747 3266 1790 nostram
3299 1738 3504 1804 putavit
3535 1751 3678 1802 super
3692 1733 3858 1786 Sabbato

2351 1829 2393 1884 Β
2419 1827 2814 1894 deuteroproto.
2861 1827 3012 1890 Quod
3043 1843 3164 1879 cum
3195 1827 3468 1896 Scaligero
3495 1828 3616 1878 illud
3649 1841 3745 1880 esse
3767 1823 3857 1878 Sab-

2420 1915 2602 1966 hatum
2631 1916 2987 1980 ostendimus,
3025 1917 3166 1986 quod
3201 1917 3430 1985 primum
3465 1929 3544 1971 est
3573 1917 3667 1968 ἀπὸ
3691 1919 3860 1984 τῆςξευ-

2416 2005 2575 2074 τέρας
2605 2007 2696 2058 τοῦ
2733 2009 2936 2077 Πάσχα,
2972 2010 3026 2062 in
3055 2023 3160 2077 qua
3197 2009 3504 2076 manipulus
3535 2025 3756 2062 novarum
3791 2011 3862 2060 fru-

2417 2113 2540 2166 gum
2571 2099 2750 2152 offerri
2797 2111 3168 2154 consueverat.
3209 2099 3326 2164 Quo
3362 2101 3522 2154 etiam
3579 2101 3626 2152 in
3669 2105 3762 2154 loco
3781 2117 3862 2153 sea-

2417 2189 2634 2240 tcntiam
2693 2187 2839 2242 illam
2901 2191 3294 2258 redarguimus,
3347 2207 3468 2258 quae
3515 2189 3770 2245 Sabbatum
3811 2207 3866 2244 se-

2416 2276 2876 2346 cundo-primum
2925 2277 3044 2332 ideo
3097 2277 3452 2332 Pentecosten
3497 2293 3614 2332 esse
3663 2277 3866 2336 malebat,

2415 2363 2668 2432 quoniam
2701 2373 2920 2418 matura:
2951 2373 3078 2418 tunc
3105 2373 3259 2418 erant
3285 2365 3471 2432 spicze,
3503 2373 3560 2416 ut
3593 2379 3676 2420 eas
3705 2365 3866 2430 apostaii

2419 2453 2652 2508 Sabbato
2678 2453 2770 2507 illo
2796 2453 3176 2509 confricarent.
3227 2454 3340 2508 Sub
3369 2455 3583 2508 initium
3611 2463 3761 2507 autem
3785 2469 3868 2520 azi-

2417 2560 2624 2598 nmrum
2671 2551 2893 2598 maturae
2940 2559 3059 2600 esse
3095 2561 3200 2600 non
3234 2553 3481 2613 poterant
3518 2545 3870 2616 quandoquidem

2417 2635 2864 2704 quinquagesimo
2909 2635 3032 2690 inde
3075 2636 3160 2689 die
3191 2637 3292 2690 falx
3333 2639 3559 2706 primum
3615 2639 3870 2690 mittebatur.

2419 2725 2538 2778 lianc
2593 2741 2700 2780 non
2755 2726 2890 2780 falsa
2917 2727 3086 2780 solum
3121 2743 3276 2790 esse,
3331 2729 3423 2782 sed
3471 2729 3626 2782 etiam
3669 2729 3873 2780 contraria

2419 2815 2708 2884 Scriptura
2763 2815 3268 2869 demonstravimus.
3321 2813 3488 2884 Negat
3537 2831 3658 2868 vero
3703 2815 3876 2878 scriptor

2421 2907 2508 2960 ille
2561 2919 2818 2973 nuperus,
2864 2913 2915 2959 et
2947 2905 3252 2958 damnatam
3305 2905 3414 2958 illic
3464 2920 3493 2956 a
3545 2905 3688 2956 nobis
3715 2911 3876 2956 senten-

2417 2997 2544 3047 tiam
2576 2995 2712 3047 tueri
2767 2995 2958 3062 pergit,
3019 3007 3082 3047 ac
3143 2993 3328 3046 mirari
3361 3009 3422 3046 se
3457 2994 3604 3056 dicit,
3631 3007 3732 3046 eam
3775 2991 3876 3040 velet

2421 3083 2712 3152 Scriptum:
2761 3083 3088 3136 contrariam
3119 3097 3238 3137 esse
3285 3083 3558 3150 reiectam.
3589 3081 3680 3134 Cui
3717 3081 3874 3148 quidem

2345 3158 2387 3214 (ἶ
2422 3177 2500 3228 sic
2537 3175 2636 3228 hoc
2677 3175 2796 3228 loco
2845 3174 3170 3228 satisfaciam
3195 3212 3210 3234 ,
3249 3183 3306 3226 ut
3335 3175 3400 3227 de
3449 3174 3636 3228 messis
3681 3179 3876 3238 tempore.

2419 3263 2562 3333 quod
2600 3278 2887 3332 creperam,
2925 3265 3133 3333 plenius
3155 3269 3316 3331 atque
3355 3263 3570 3316 uberius
3601 3263 3834 3328 explicem.

2487 3355 2651 3424 Igitur
2677 3357 2766 3424 qui
2799 3363 3016 3424 propter
3039 3356 3218 3407 vulsas
3265 3354 3330 3406 ab
3367 3355 3619 3420 apostolis
3649 3357 3698 3404 et
3729 3347 3876 3401 confri-

2417 3458 2568 3502 catas
2613 3455 2818 3515 segetes
2865 3447 3126 3514 negabant
3179 3443 3468 3498 Sabbatum
3529 3445 3876 3506 deuteroprotoa

2419 3552 2584 3590 unum
2623 3535 2924 3604 quempiam
2979 3549 3042 3587 ex
3090 3547 3396 3602 azymorum
3445 3547 3562 3584 esse
3605 3531 3802 3590 diebus;
3843 3529 3876 3574 ιῐι

2419 3623 2562 3691 quod
2613 3623 2856 3692 plerique
2899 3621 3260 3683 consentiunt,
3311 3635 3394 3684 ea,
3431 3635 3586 3686 quam
3615 3614 3880 3685 oppugnari-

2421 3729 2561 3776 mus,
2591 3713 2798 3766 ratione
2842 3711 3176 3786 nitebantur;
3223 3711 3365 3779 quod
3410 3726 3476 3762 xv
3507 3711 3590 3762 die
3625 3707 3782 3762 Nisan.
3816 3711 3878 3750 aut

2423 3817 2490 3854 xx
2527 3799 2698 3854 Martii
2739 3809 2958 3854 maturae
2988 3815 3106 3855 esse
3133 3800 3297 3868 spica:
3325 3815 3430 3852 non
3457 3807 3705 3867 poterant.
3743 3812 3760 3842 ι
3785 3791 3878 3843 Nam

2421 3889 2652 3948 festum.
2725 3889 3013 3958 inquiunt,
3103 3889 3492 3956 primitivoruni
3573 3883 3878 3940 celebrabatur

2419 3981 2865 4049 quinquagesimo
2892 3980 2977 4034 die
3025 3988 3143 4048 post
3175 3979 3381 4034 Pascha
3412 4000 3424 4033 :
3459 3979 3796 4032 celebrabatur
3813 3985 3880 4020 au-

2421 4079 2526 4122 tem
2555 4071 2712 4124 simul
2746 4077 2904 4138 atque
2957 4073 3128 4138 prima
3157 4067 3262 4122 falx
3313 4070 3368 4121 in
3419 4083 3634 4122 messem
3689 4063 3880 4116 mittetu-

2421 4166 2525 4212 tur.
2569 4159 2680 4213 Non
2711 4174 2840 4228 ergo
2869 4165 3116 4226 poterant
3157 4159 3212 4210 in
3253 4157 3392 4210 festo
3423 4169 3730 4228 aaymorum,
3759 4149 3802 4201 id
3825 4153 3880 4196 est

2421 4249 2800 4318 quinquaginta
2846 4255 2967 4301 ante
2995 4247 3200 4314 diebus,
3234 4257 3439 4316 segetes
3477 4260 3588 4299 esse
3643 4249 3876 4294 malum.)

2421 4333 2614 4392 Contra
2647 4340 2782 4392 hanc
2814 4353 2880 4392 ex
2918 4337 3290 4407 capite-Levii.
3339 4335 3516 4396 XXIII,
3547 4335 3578 4386 Ξ
3623 4329 3752 4386 istud
3773 4327 3880 4416 ob}?

2347 4430 2645 4517 Dcimus:
2699 4445 2960 4482 novarum
3029 4427 3242 4496 frugum
3313 4427 3628 4496 manipulum
3677 4416 3878 4488 posuit?"

2426 4519 2606 4586 prim-.e
2651 4533 2956 4587 azymorum
2985 4517 3218 4570 oblatum
3261 4515 3454 4580 fuisse;
3501 4510 3706 4584 proinde
3751 4515 3879 4558 mllﬂ'

2427 4625 2514 4662 ras
2539 4609 2646 4676 jam
2679 4609 2844 4663 fuisse
2871 4618 3092 4677 segetes.
3123 4596 3310 4676 Neque
3347 4623 3472 4662 vero
3499 4593 3880 4688 quinquagesimi!

2427 4707 2544 4766 post
2581 4699 2668 4753 die
2695 4714 2862 4753 novas
2889 4700 3069 4768 fruges
3095 4741 3110 4764 ,
3151 4699 3242 4751 sed
3279 4716 3346 4752 ex
3387 4697 3525 4751 novis
3559 4689 3782 4760 frugibus
3807 4697 3882 4748 ΡΗ·

2419 4789 2690 4847 initiarum
2721 4805 2887 4859 panes
2921 4795 3326 4858 repraesentatas
3365 4805 3496 4843 esse.
3785 4863 3794 4868 _
3829 4861 3836 4868 _

2491 4878 2558 4930 At
2611 4893 2797 4932 recens
2839 4880 2924 4932 ille
2968 4878 3197 4947 scriptor
3245 4879 3517 4934 adversum
3561 4887 3652 4926 nos
3695 4863 3878 4928 excipit.

2427 4983 2532 5020 non
2565 4971 2742 5036 spicas
2769 4978 3034 5032 maturas,
3071 4971 3162 5024 sed
3201 4971 3376 5023 adhuc
3421 4971 3662 5020 virentes:
3701 4969 3786 5009 nec
3813 4963 3878 5000 ερέ

2427 5057 2684 5118 triticeas,
2731 5058 2824 5112 sed
2875 5057 3214 5118 hordeaceas,
3243 5059 3448 5111 oblatas
3473 5071 3595 5108 esse.
3653 5067 3670 5097 ι
3725 5041 3878 5104 003""

2415 5149 2618 5214 .nquit,
2681 5147 2724 5203 si
2767 5147 2953 5202 diebus
2999 5163 3305 5216 azymorum
3349 5151 3500 5218 spicae
3555 5139 3734 5196 messis
3787 5129 3878 5180 δοῖ·

2427 5235 2651 5296 deaceae,
2683 5251 2800 5304 qua:
2849 5243 2976 5289 tunc
3016 5237 3408 5301 oll’erebantur,
3459 5235 3610 5288 adhuc
3647 5219 3874 5275 virebunt-

2411 5325 2624 5392 .optime
2686 5323 2948 5384 infertur,
3021 5327 3292 5386 triticum.
3351 5327 3485 5396 quod
3530 5319 3692 5376 serius
3741 5311 3874 5359 mata-

2411 5415 2608 5476 Ἰνθὲθίῑο
2655 5415 2888 5467 nondum
2935 5425 3062 5468 tunc
3116 5413 3372 5484 temporis
3415 5413 3624 5484 potuisse
3651 5413 3762 5455 esse
3795 5405 3876 5442 ω’

2427 5509 2622 5554 turum.
2661 5521 2678 5553 ι

2497 5615 2688 5668 Verum
2721 5631 2828 5668 non
2861 5617 3180 5672 hordeaceas
3211 5623 3383 5674 solum
3415 5661 3428 5682 ,
3467 5617 3538 5670 sed
3577 5609 3724 5664 etiam
3775 5603 3870 5642 tr":-

2426 5721 2544 5760 ccas
2571 5721 2768 5758 messes
2793 5707 2906 5784 sub.
2931 5723 3240 5776 azymorum
3282 5722 3482 5770 lenibus
3510 5707 3716 5760 maturas
3745 5685 3868 5738 inte-’-
