4046 6320
172 506 194 558 1
207 505 305 561 393

958 508 1400 566 DISSERTATIO
1438 509 1745 565 DE'ORTU
1785 510 1870 564 ET
1902 510 2164 566 OCCASU
2208 511 2522 569 SIDERUM’.

3202 515 3336 574 1394

167 615 293 689 dum
325 615 512 680 fuisse,
548 617 591 672 si
623 617 914 686 Scripturte
956 620 1112 674 tidem
1155 623 1438 686 habemus,
1482 639 1703 678 necesse
1731 629 1773 683 Α
1801 639 1907 692 quo
1949 640 2140 692 passus
2174 635 2255 680 est
2281 627 2548 688 Christus,
2574 639 2754 679 mense
2802 626 3012 696 integro
3051 620 3334 684 citius-Paw

162 713 252 758 est
299 706 535 760 credere.
581 707 713 762 Nam
745 709 963 762 Levitici
1008 709 1173 764 XXIII
1239 713 1289 764 id
1330 729 1436 766 non
1473 715 1704 767 obscure

164 793 420 847 declarat.
456 795 549 848 Ubi
586 804 867 866 postquam
899 808 1164 852 commate
1192 801 1256 854 lO
1287 805 1534 871 praecepit
1562 803 1706 873 Moy-

163 901 277 946 ses.
307 896 361 939 ut
393 898 511 956 post
546 890 846 942 demessam
875 899 1108 958 segetem
1155 892 1423 959 spicarum
1455 895 1704 960 manipu-

166 977 271 1032 los.
301 985 352 1028 ct
383 979 646 1046 primitias
673 979 948 1044 oll'errent,
984 981 1203 1047 subjicit
1231 997 1370 1034 com.
1413 983 1478 1035 15
1511 1001 1524 1034 :
1555 1001 1573 1033 ι
1603 981 1707 1035 Pa-

167 1083 313 1128 nem,
356 1076 408 1120 et
437 1069 728 1136 polentam,
762 1077 815 1122 et
856 1072 1031 1138 pultes
1064 1087 1168 1123 non
1195 1073 1491 1126 comedetis
1520 1088 1585 1127 ex
1623 1088 1708 1128 se-

164 1165 307 1226 gete,
339 1174 506 1225 usque
537 1160 601 1211 ad
637 1161 777 1213 diem
827 1176 932 1229 qua
981 1160 1216 1216 olieratis
1249 1179 1312 1214 ex
1358 1179 1421 1216 ea
1459 1163 1567 1218 Deo
1615 1180 1709 1218 ve-

166 1256 304 1303 stro.
340 1269 358 1301 »
394 1249 449 1303 Si
489 1267 764 1320 nunquam
824 1261 1066 1309 maturae.
1112 1255 1272 1308 etiam
1305 1254 1370 1307 ad
1402 1253 1706 1308 confrican—

164 1338 315 1404 dum,
354 1351 559 1406 segetes
605 1353 757 1396 erant
811 1359 1120 1414 azymorum
1177 1353 1452 1414 tempore,
1509 1346 1708 1400 frustra

163 1429 234 1482 de
267 1430 510 1498 panificio
527 1443 824 1495 caveretur,
844 1449 919 1497 ne
949 1443 1073 1488 ante
1103 1435 1339 1488 oblatum
1364 1435 1525 1490 Omer
1554 1438 1709 1505 panis

164 1534 234 1572 ex
287 1520 436 1574 novis
473 1519 712 1590 frugibus
756 1523 921 1576 ﬁeret.
975 1523 1158 1594 Itaque
1211 1534 1530 1594 argumento
1579 1528 1708 1580 illud

165 1620 274 1669 est,
301 1611 463 1664 etiam
499 1613 740 1666 triticum
771 1614 1063 1683 aliquando
1090 1625 1359 1670 maturum
1393 1617 1579 1671 fuisse.
1604 1617 1709 1670 Sed

164 1707 380 1752 omnem
441 1703 793 1769 pervicaciam
854 1705 1092 1759 retundit
1140 1707 1296 1758 adita:
1341 1706 1410 1759 ab
1456 1707 1712 1759 Israelitis

168 1787 487 1853 Palaestina,
547 1807 609 1846 ac
650 1794 952 1848 transmissi
1007 1794 1260 1850 Iordanis
1302 1796 1547 1860 historia,
1596 1812 1714 1865 qua:

164 1874 332 1932 Iosue
365 1895 486 1948 cap.
522 1877 588 1932 Ill
619 1891 672 1934 et
710 1883 1063 1952 sequentibus
1095 1884 1424 1938 continetur.

240 2011 596 2068 Transierunt
648 2017 790 2070 enim
843 2016 1131 2071 Iordanem
1199 2024 1437 2086 tempore
1500 2018 1709 2072 messis.

172 2123 191 2153 ι
224 2101 480 2160 Iordanis
534 2114 709 2159 autem
764 2107 962 2176 (inquit
1008 2114 1150 2160 vers.
1195 2109 1388 2176 capitis
1431 2107 1596 2176 tertii)
1635 2108 1712 2160 ri-

170 2207 272 2260 pas
324 2194 457 2248 alvei
503 2196 585 2248 sui
636 2205 872 2264 tempore
923 2199 1116 2250 messis
1150 2197 1483 2264 impleverat.
1522 2215 1540 2247 »
1598 2197 1714 2262 Quo

169 2282 495 2336 transmisso
540 2282 848 2336 circumcisi
879 2293 1024 2345 sunt,
1054 2291 1124 2336 .et
1155 2284 1477 2353 aliquandiu.
1513 2284 1714 2339 substi-

169 2378 386 2432 terunt,
433 2371 602 2426 donec
650 2373 869 2425 vulnera
922 2379 1276 2436 sanarentur;
1317 2373 1458 2443 (cap.
1529 2371 1608 2437 ν,
1659 2372 1715 2442 8)

170 2471 357 2529 postea
391 2461 593 2515 Pascha
619 2463 974 2522 celebrarunt,
1001 2481 1017 2512 ι
1039 2470 1228 2530 quarta
1246 2462 1450 2516 decima
1467 2461 1553 2516 die
1571 2477 1719 2515 men-

169 2552 248 2602 sis
279 2549 346 2602 ad
387 2565 689 2619 vesperam.
726 2570 743 2600 ι
783 2546 933 2604 Haud
975 2551 1136 2605 dubie
1164 2568 1229 2606 ex
1274 2551 1438 2606 Mosis
1475 2555 1718 2621 prascri-

171 2649 266 2709 pto
291 2680 308 2704 ,
340 2642 582 2710 adeoque
615 2658 798 2697 mense
827 2644 1021 2712 primo.
1071 2642 1231 2696 Addit
1274 2643 1488 2698 eosdem
1536 2659 1741 2703 comes

171 2732 320 2785 disse
355 2731 422 2786 de
459 2733 702 2801 frugibus
751 2733 1008 2802 postridie
1054 2748 1272 2802 azymos
1320 2748 1484 2801 panes
1529 2741 1582 2788 et
1624 2749 1720 2803 po-

85 2857 104 2870 .
172 2823 405 2887 lentam;
458 2838 520 2876 ac
577 2831 689 2876 tum
743 2839 938 2876 manna
983 2824 1269 2884 defecisse,
1316 2840 1438 2878 cum
1487 2827 1717 2893 primum

173 2911 422 2981 frugibus
458 2912 611 2967 novis
665 2913 981 2969 Chananaeee
1039 2915 1184 2968 vesci
1237 2921 1537 2983 cmperunt.
1586 2914 1718 2980 Quis

177 3010 247 3050 ετξ
298 3010 365 3050 eo
403 3011 508 3049 non
554 2996 718 3057 videt,
776 3014 883 3052 non
914 2999 1072 3052 modo
1100 3005 1338 3053 maturas
1365 2999 1430 3053 ad
1463 2999 1718 3054 vellican-

171 3085 304 3139 dum
330 3096 534 3156 segetes
572 3102 754 3141 mense
788 3090 959 3157 primo
988 3088 1175 3153 fuisse,
1217 3088 1308 3144 sed
1333 3091 1493 3144 etiam
1519 3091 1586 3143 ad
1622 3107 1718 3159 pa-

174 3193 302 3231 nem
337 3192 398 3231 ex
432 3177 538 3232 illis
590 3177 930 3232 faciendum?
970 3181 1122 3234 Adde
1163 3181 1363 3234 mensis
1401 3180 1573 3250 ipsius
1621 3195 1718 3234 vo-

173 3267 455 3328 cabulum,
491 3267 633 3336 quod
676 3267 814 3322 Abib
863 3278 1142 3337 propterea
1196 3269 1399 3323 dictum
1448 3279 1550 3333 est,
1609 3261 1785 3325 siveC

172 3373 463 3420 novorum,
498 3359 566 3412 ob
594 3373 761 3412 novas
805 3360 989 3427 utique
1031 3359 1232 3429 fruges.
1283 3358 1433 3412 Adde
1481 3358 1724 3415 Theonis

171 3456 230 3502 et
282 3448 469 3502 lsidori
515 3446 800 3502 Pelusiota:
851 3447 966 3500 loca
999 3448 1110 3512 illa,
1165 3462 1282 3516 qua:
1333 3447 1488 3500 initio
1528 3447 1720 3516 capitis

173 3539 521 3604 adduximus,
569 3554 634 3592 ex
685 3540 878 3608 quibus
913 3546 1152 3607 apparet,
1212 3522 1420 3591 tam°in
1461 3537 1719 3608 IEgypto,

171 3642 345 3696 quam
377 3628 429 3680 in
463 3627 747 3682 Palaestina
776 3629 967 3682 messis
1001 3637 1126 3681 tunc
1153 3628 1381 3696 cmpisse
1418 3636 1649 3697 tempus.

249 3756 324 3814 Ut
377 3766 553 3814 autem
601 3775 687 3813 res
733 3760 1030 3813 illustretur
1077 3761 1283 3829 magis,
1334 3759 1442 3815 duo
1480 3762 1720 3830 quaedam

169 3845 530 3913 proponenda
580 3855 723 3899 sunt.
768 3845 1028 3909 Alterum,
1063 3863 1296 3901 mensem
1331 3849 1582 3916 primum,
1627 3867 1723 3904 seu

170 3949 482 3999 novorum,
530 3937 752 3991 minime
804 3937 943 4004 apud
1008 3935 1225 3992 Iudaeos
1268 3919 1476 3992 veteres
1525 3947 1722 3994 statum

169 4024 373 4091 fuisse,
399 4039 460 4078 ac
488 4033 636 4080 certo
659 4036 896 4095 tempore
924 4027 1174 4080 deﬁxum.
1203 4028 1555 4097 Namjdocent
1607 4045 1723 4082 ma-

167 4116 362 4186 gistri,
411 4131 531 4170 cum
585 4117 829 4187 pluribus
860 4119 981 4172 aliis
1024 4119 1089 4173 de
1122 4120 1300 4174 causis
1334 4115 1562 4188 proferri
1591 4134 1724 4173 con-

169 4207 429 4262 suevisse
455 4223 691 4263 mensem
723 4210 907 4275 illum,
949 4217 1002 4264 et
1044 4210 1451 4264 intercalatione
1505 4203 1725 4265 submo-

166 4300 291 4353 veri
324 4315 338 4362 ;
371 4309 479 4352 tum
522 4299 590 4354 ob
617 4299 798 4368 fruges
829 4315 997 4355 novas
1039 4301 1277 4354 nondum
1319 4300 1554 4355 adultas.
1608 4299 1724 4365 Qua

165 4390 241 4444 de
273 4404 339 4443 re
379 4388 494 4443 fuse
524 4390 702 4460 agitur
745 4391 798 4443 in
830 4389 1160 4444 'I‘almudicis
1199 4389 1452 4459 Digestis,
1503 4398 1555 4443 et
1583 4389 1724 4456 apud

166 4483 238 4535 Β.
291 4479 495 4535 Mosem
536 4481 917 4535 Maimoniden.
977 4481 1111 4535 Tum
1153 4482 1301 4536 Aben
1343 4481 1476 4534 Ezra
1507 4482 1561 4533 in
1604 4495 1720 4549 cap.

1803 714 1932 767 scha
1957 714 2280 767 celebratum
2310 724 2412 769 est.

1871 795 2131 856 Pra:terca
2171 803 2448 856 sciendum
2494 812 2601 866 est,
2651 803 2978 858 maturitatis
3007 805 3059 857 in
3090 803 3335 874 frugibus

1801 892 2020 960 gradum
2053 907 2173 946 esse
2208 893 2496 960 duplicem.
2525 895 2631 945 Aut
2663 894 2806 948 enim
2832 905 3036 947 matura
3060 911 3210 964 seges
3253 905 3336 950 cst

1805 980 1870 1033 ad
1897 981 2082 1039 falcem
2112 1002 2124 1035 :
2166 982 2306 1050 quod
2337 991 2549 1051 tempus
2595 983 2806 1038 Marcus
2835 986 3160 1054 evangelista
3211 1001 3333 1057 cap.

1807 1069 1893 1133 IV,
1929 1071 1998 1123 29
2039 1070 2286 1124 obscuris
2347 1072 2520 1124 verbis
2549 1071 2770 1135 indicat,
2811 1087 2929 1140 quae
2959 1073 3130 1125 obiter
3172 1072 3340 1139 explio

1807 1161 1976 1214 cauda
2025 1168 2183 1214 sunt:
2209 1161 2376 1211 Ὅταν
2420 1161 2476 1212 δὲ
2521 1159 2743 1230 παραδῷ
2793 1162 2820 1212 ὁ
2853 1160 3079 1229 καρπὸς,
3144 1159 3339 1222 εὐθέως

1804 1251 2111 1304 ἀποστέλλει
2137 1250 2194 1303 τὸ
2219 1251 2495 1321 δρέπανον.
2540 1248 2710 1320 Vulgo
2749 1250 2827 1304 sic
2853 1251 3142 1319 accipiunt,
3189 1251 3342 1319 quasi

1809 1341 2052 1411 παραδῷ.
2099 1342 2190 1404 sit,
2246 1359 2264 1392 ι
2305 1341 2600 1409 prodiderit
2631 1357 2706 1401 se.
2742 1359 2760 1391 ι
2809 1348 2862 1394 et
2889 1339 3133 1394 absolute
3161 1356 3344 1394 suma-

1807 1440 1936 1485 tur:
1985 1430 2126 1499 qnod
2172 1437 2253 1484 est
2286 1429 2816 1486 inusitatum.Malim
2865 1430 2943 1483 sic
2983 1429 3343 1498 interpretari,

1813 1540 1831 1570 ι
1870 1536 1989 1574 cum
2039 1520 2379 1589 permiserint
2446 1518 2658 1586 fruges,
2703 1538 2720 1569 ι
2775 1519 2829 1572 id
2878 1527 2982 1582 est,
3035 1534 3156 1572 cum
3189 1520 3345 1587 plena

1812 1609 2126 1662 maturitate
2168 1621 2433 1661 messores
2478 1606 2706 1659 invitare
2756 1606 3036 1676 cmperint.
3086 1605 3346 1674 Vulgatus

1812 1699 2078 1768 interpres
2112 1713 2218 1751 non
2249 1706 2358 1750 tam
2390 1696 2548 1750 verba
2580 1711 2738 1764 quam
2777 1696 3097 1750 sententiam
3129 1710 3348 1763 expres-

1812 1791 1900 1842 sit.
1932 1787 2309 1855 Conjecturam
2363 1795 2604 1841 nostram
2645 1787 2863 1855 adjuvat
2889 1785 3343 1855 TheOphylactus,

1811 1877 1902 1946 qui
1933 1877 2011 1931 sic
2039 1878 2278 1946 exponit,
2312 1867 2403 1928 aut
2424 1876 2586 1946 legit:
2616 1877 2744 1937 ὅταν,
2760 1873 2815 1926 δὲ
2844 1872 3064 1944 παραδῷ
3086 1872 3145 1924 τὸ
3175 1873 3344 1941 θέρος.

1813 1965 1986 2031 Quod,
2021 1968 2126 2020 nisi
2160 1975 2216 2020 ut
2246 1980 2344 2020 nos
2381 1964 2627 2029 fecimus,
2656 1959 2926 2033 explicare
2957 1953 3212 2034 nequeas.
3244 1961 3352 2015 Aut

1813 2058 1974 2124 igitur
2004 2058 2158 2124 plena
2191 2057 2244 2108 in
2296 2054 2538 2124 frugibus
2583 2055 2866 2108 maturitas
2908 2054 3012 2108 ista
3044 2060 3346 2122 spectatur;

1811 2160 1904 2198 aut
1937 2146 2109 2199 adhuc
2134 2145 2321 2199 viridis
2353 2153 2434 2198 est
2461 2154 2565 2198 tam
2593 2144 2742 2214 spica
2763 2159 2921 2213 quam
2948 2159 3128 2199 semen
3155 2144 3346 2212 ipsum,

1812 2234 1885 2310 ita
1913 2242 2088 2286 tamen
2118 2241 2175 2285 ut
2203 2233 2318 2287 esui
2355 2241 2638 2302 utrumque
2670 2233 2740 2287 sit
2775 2239 2976 2300 aptum,
3007 2246 3070 2286 ac
3111 2230 3350 2286 vellicari

1812 2325 2177 2394 destringique
2225 2325 2412 2394 possit.
2466 2325 2577 2378 Imo
2633 2327 2870 2378 suavius
2900 2332 2986 2377 est
3043 2338 3140 2377 esu
3169 2323 3349 2375 virens

1815 2415 2008 2478 adhuc,
2039 2423 2091 2470 et
2114 2416 2273 2470 molle
2303 2416 2561 2478 triticum,
2589 2430 2748 2484 quam
2790 2413 3075 2475 torridum,
3105 2421 3157 2468 et
3186 2411 3348 2465 messi

1814 2507 2138 2576 proximum.
2175 2506 2231 2559 ln
2266 2505 2500 2560 Sabbato
2554 2505 2643 2558 illo
2694 2505 3094 2572 deuterOproto,
3124 2502 3214 2567 _de
3243 2517 3350 2571 quo

1815 2611 1991 2651 sermo
2016 2595 2170 2649 nobis
2197 2601 2300 2662 est,
2324 2604 2545 2648 maturae
2571 2609 2678 2647 non
2727 2593 2791 2647 ad
2819 2608 2968 2647 esum
2993 2600 3216 2651 tantum,
3256 2589 3358 2658 sed
3415 2601 3418 2604 '

1816 2683 1881 2737 ad
1914 2699 2141 2738 messem
2167 2698 2380 2752 quoque
2404 2689 2608 2751 segetes
2643 2680 2874 2734 fuerunt.
2906 2679 3034 2732 Erat
3064 2680 3203 2733 enim
3236 2679 3352 2732 dies

1815 2774 2013 2842 Aprilis
2037 2789 2188 2826 χχιιι.
2219 2773 2353 2826 Aliis
2384 2771 2730 2840 temporibus,
2771 2767 2986 2838 quando
3024 2767 3230 2821 Pascha
3268 2769 3349 2820 ci-

1817 2864 1922 2918 tius
1959 2862 2254 2925 accidebat,
2293 2859 2619 2913 hordeaceus
2671 2859 2975 2926 manipulus
3007 2855 3371 2918 oll‘erebatur,.

1817 2964 1910 3007 aut
1955 2952 2206 3007 viridium
2245 2951 2418 3004 adhuc
2455 2950 2620 3002 tritici
2648 2949 2934 3018 spicarum.
2975 2945 3161 3001 Ulrius
3187 2962 3367 3016 gene-

1818 3045 1893 3100 ris
1932 3045 2099 3116 spicis
2150 3049 2420 3097 constaret
2468 3039 2629 3095 Omer
2674 3030 2953 3108 Scriptura
3002 3053 3108 3091 non
3147 3037 3346 3090 definit.

1818 3135 2078 3202 Quocirca
2133 3135 2292 3203 justas
2329 3132 2618 3202 suspicioni
2641 3131 2792 3185 locus
2817 3139 2917 3188 est.
2949 3129 3247 3198 promiscue
3277 3127 3353 3179 al-

1821 3235 2084 3279 terutrum
2124 3221 2304 3276 olierri
2346 3220 2425 3274 fas
2458 3220 2642 3281 fuisse,
2680 3228 2836 3286 prout
2876 3217 3132 3268 utriusvis
3177 3220 3384 3288 rnatu--

1818 3316 1949 3369 ritas
1993 3315 2048 3367 in
2102 3314 2396 3382 legitimum
2452 3311 2591 3363 diem
2642 3307 2940 3368 incidisset.
2993 3303 3124 3357 Nam
3179 3317 3350 3370 neque

1818 3406 1996 3475 plena,
2029 3411 2094 3457 et.
2114 3402 2189 3455 ad.
2208 3415 2435 3456 messem
2466 3399 2655 3452 idonea
2683 3396 2965 3450 maturitas
2995 3392 3349 3462 exspectaba-

1818 3505 1927 3558 tur,
1985 3508 2159 3563 neque
2206 3499 2383 3545 tamen
2419 3489 2622 3542 lactens
2650 3485 2823 3539 adhuc
2869 3496 3050 3538 semen
3099 3481 3162 3534 ad
3194 3479 3376 3533 Omcr~

1818 3585 2188 3644 adhibebatur,
2218 3582 2307 3636 sed
2343 3582 2532 3636 saltem
2563 3577 2752 3632 viride.
2798 3574 2867 3628 At
2904 3588 3025 3627 cum
3075 3572 3231 3642 paulo
3273 3572 3350 3622 ci-

1819 3679 1926 3732 tius
1947 3675 2152 3730 Pascha
2183 3674 2534 3741 contingeret,
2564 3683 2723 3737 quam
2763 3665 2827 3719 ad
2861 3664 3181 3718 oblationem
3215 3662 3354 3714 trili-

1819 3758 1947 3820 ceus
1987 3762 2277 3817 fasciculus
2307 3760 2608 3830 comparari
2647 3761 2844 3824 posset,
2892 3752 3212 3807 succidanea
3239 3758 3376 3803 erat.-

1821 3845 2012 3908 messis
2035 3854 2354 3914 hordeacea,
2386 3859 2568 3917 utpote
2599 3845 2909 3914 praecocior.

1819 3984 1835 3999 .
1885 3942 2164 4011 Postremo
2189 3955 2295 3992 non
2324 3938 2534 3991 videtur
2559 3932 2903 3987 interdictum
2942 3930 3046 3982 ulla
3100 3928 3213 3996 lege
3257 3926 3356 3980 Ju-

1820 4032 1968 4096 daais,
1997 4046 2066 4085 ne
2112 4039 2233 4083 ante
2262 4027 2502 4083 oblatum
2547 4022 2881 4092 manipulum
2923 4032 3151 4074 messem
3207 4017 3354 4072 face-

1821 4132 1958 4186 rent,
1984 4123 2144 4176 etiam
2189 4113 2562 4173 hordeaceam.
2593 4115 2706 4168 Imo
2735 4121 2855 4165 ante
2886 4110 3076 4164 factam
3106 4125 3245 4174 esse,
3275 4110 3356 4161 lo—

1821 4231 1919 4269 cus
1959 4215 2048 4269 ille
2093 4211 2315 4267 Levitici
2345 4207 2526 4272 XXIII,
2562 4205 2643 4268 IO,
2685 4204 3021 4257 demonstrat
3051 4221 3063 4254 :
3099 4200 3229 4256 Cum
3275 4202 3357 4251 in-

1821 4307 1983 4377 gressi
2013 4306 2216 4374 fueritis
2245 4313 2456 4366 terram,
2484 4315 2636 4368 quam
2665 4314 2755 4367 ego
2788 4295 2922 4347 dabo
2942 4293 3104 4355 vobis,
3143 4302 3189 4345 et
3221 4309 3354 4343 mes-

1822 4396 2031 4449 sueritis
2087 4402 2322 4463 segetem,
2360 4390 2531 4459 feretis
2576 4386 2871 4455 manipulos
2922 4384 3204 4451 spicarum,
3248 4389 3374 4433 etc.-

1802 4487 1975 4552 Quod
2007 4496 2185 4539 tamen
2228 4497 2339 4537 non
2374 4487 2656 4550 perpetuo,
2713 4478 2805 4532 sed
2851 4475 3114 4529 interdum
3139 4472 3354 4532 accidit,

163 4569 272 4625 ΧΠ
317 4569 485 4624 Εποάί
531 4571 776 4640 Pluribus
823 4571 959 4626 idem
1005 4572 1255 4640 explicati
1306 4572 1397 4625 “bi
1453 4572 1591 4624 ίηῑθι·
1621 4570 1725 4622 alia
1754 4581 1798 4634 Β
1827 4578 2117 4634 secundum
2167 4593 2226 4631 ea
2280 4589 2399 4646 quae
2446 4574 2607 4644 paulo
2655 4579 2778 4624 ante
2824 4553 3078 4622 diximus.
3123 4565 3265 4619 Ideni
3305 4573 3359 4618 et

162 4663 397 4726 scribit,
445 4663 578 4716 nihil
613 4664 680 4717 de
726 4663 901 4716 lunari
950 4677 1133 4717 mense
1164 4663 1232 4717 ab
1259 4662 1561 4734 legislature
1598 4675 1724 4714 cau-

163 4768 292 4822 tum
352 4770 509 4821 esse;
548 4755 641 4809 sed
669 4755 770 4808 hoc
806 4770 970 4807 unum
1009 4755 1348 4823 praecepisse,
1393 4761 1452 4806 ut
1512 4754 1565 4806 in
1609 4753 1725 4822 ipso

161 4859 448 4900 novarum
479 4844 690 4914 frugum
729 4858 912 4896 mense
941 4841 1147 4895 Pascha
1187 4844 1542 4896 celebrarent.
1582 4840 1724 4906 Quo-

147 4939 328 4994 circa
370 4951 466 5006 pro
492 4952 555 4991 eo
597 4943 759 5004 atque
792 4934 972 5002 fruges
1019 4934 1178 4986 citius
1231 4940 1324 4985 aut
1362 4933 1569 4986 tardius
1608 4947 1725 4986 cre-

158 5031 392 5085 vissent
413 5067 429 5089 ,
461 5029 533 5081 ita
563 5029 740 5082 serius
766 5026 985 5080 OCIUSVC
1030 5026 1260 5092 primum
1293 5025 1414 5078 illos
1465 5023 1726 5077 indixisse

159 5133 425 5176 mensem
446 5159 460 5182 ,
496 5134 558 5173 ac
586 5134 968 5188 nonnunquam
1004 5133 1174 5170 annos
1207 5116 1557 5170 intercalares
1589 5116 1724 5170 duos

159 5211 551 5267 continuasse.
585 5209 726 5263 Sane
777 5209 920 5276 quod
954 5207 1018 5261 ad
1079 5223 1199 5262 eum
1251 5221 1452 5259 annum
1498 5213 1726 5276 spectat,

158 5306 223 5360 in
257 5313 434 5371 quem
474 5298 766 5354 Sabbatum
815 5299 947 5354 illud
1000 5298 1444 5366 deuteroproton,
1495 5310 1604 5364 quo
1661 5295 1729 5350 de

157 5393 388 5464 agitur,
417 5390 626 5455 incidit,
675 5389 766 5458 qui
803 5389 904 5443 fuit
943 5390 1215 5462 κηρύξεως
1248 5389 1477 5458 primus,
1505 5403 1727 5441 neome-

158 5485 264 5539 nia
294 5479 586 5534 Paschalis
613 5479 817 5549 Aprilis
836 5493 873 5532 ιι
910 5480 1204 5548 contigisse
1220 5477 1450 5539 videtur,
1482 5475 1612 5530 feria
1631 5493 1725 5541 vit,

160 5573 362 5648 prima
418 5571 532 5625 dies
565 5585 872 5642 azymorum
905 5570 1102 5638 Aprilis
1137 5586 1247 5632 χιιι,
1298 5568 1423 5623 feria
1467 5584 1564 5620 vn.
1621 5552 1726 5621 Ita-

161 5683 281 5740 que
318 5661 620 5717 Sabbatum
661 5663 1074 5731 deuteroproton
1111 5663 1162 5714 in
1203 5677 1332 5715 χχιιι
1361 5661 1499 5714 diem
1529 5662 1727 5727 Aprilis

161 5753 444 5815 incurrit,
476 5755 563 5822 qni
595 5761 818 5821 quartus
848 5761 926 5815 es}.
956 5753 1022 5804 ab
1060 5767 1123 5804 eo
1166 5767 1321 5818 quem
1375 5751 1724 5819 Vergiliarum

161 5851 354 5912 ortui,
391 5854 445 5900 et
483 5845 631 5910 initio
667 5843 1017 5897 messis'l‘hco
1050 5844 1290 5907 Pl'il‘ill'lll.
1323 5843 1386 5896 At
1416 5856 1554 5894 anno
1587 5841 1724 5898 ipso.

1329 6018 1356 6058 Ι

1823 4670 1889 4724 de
1933 4669 2248 4724 Pentecoste
2277 4667 2434 4721 debet
2488 4679 2609 4720 esse
2648 4660 2944 4731 judicium;
2980 4657 3126 4711 nullo
3162 4672 3356 4724 prace-

1824 4769 1916 4829 pto
1939 4761 2160 4814 vetitum
2195 4755 2392 4810 Iudaeis
2421 4768 2560 4815 esse,
2590 4766 2655 4803 ne
2679 4752 2802 4801 ante
2839 4746 3034 4800 festum
3060 4745 3161 4798 hoc
3194 4744 3359 4811 frugi-

1825 4851 1924 4904 bus
1955 4849 2109 4902 novis
2149 4862 2209 4899 ac
2241 4845 2468 4916 panibus
2491 4841 2665 4895 CLIIIS
2694 4836 2956 4892 confectis
2985 4844 3350 4894 vescerentur;

1825 4938 1968 5009 quod
2020 4935 2287 5005 opinionis
2332 4932 2567 4985 fautores
2605 4927 2891 4981 contraria:
2938 4933 3192 4978 sumunt:
3230 4922 3357 4988 quin

1828 5029 2011 5100 potius
2046 5027 2098 5079 id
2130 5032 2286 5078 antea
2320 5022 2401 5076 fas
2437 5021 2620 5084 fuisse,
2651 5018 2888 5072 declarat
2910 5014 3133 5095 historia
3167 5012 3383 5080 capitis.

1827 5119 1970 5175 tertii
2025 5128 2076 5172 et
2131 5115 2306 5184 quinti
2358 5112 2554 5174 Josue,
2613 5124 2771 5177 quam
2827 5106 3130 5160 citavimus.
3178 5101 3361 5170 Neque

1827 5209 2185 5279 primitiarum
2250 5204 2566 5257 vocabulum
2625 5200 2678 5251 id
2746 5202 3001 5264 perpetuo
3054 5192 3356 5262 signiﬁcat.

1827 5296 1969 5369 quod
2005 5295 2242 5351 omnium
2267 5294 2492 5362 primum
2524 5296 2626 5351 est,
2663 5296 2715 5340 et
2748 5292 2870 5338 ante
2897 5282 3041 5353 quod
3073 5282 3272 5335 nullum
3306 5281 3358 5332 in

1828 5401 1929 5440 usu
1986 5383 2128 5447 fuit;
2179 5379 2273 5436 sed
2327 5377 2591 5432 interdum
2652 5373 2971 5441 simpliciter
3016 5387 3112 5440 pro
3170 5383 3360 5436 quavis

1829 5469 2119 5529 oblatione,
2145 5467 2227 5519 vel
2246 5481 2303 5518 re
2333 5463 2399 5516 ad
2420 5463 2673 5515 honorem
2693 5457 2784 5510 Dei
2804 5456 3037 5526 seposita
3056 5469 3116 5506 ac
3141 5453 3358 5512 selecta,

1829 5573 1888 5618 ut
1903 5561 2071 5615 Exod.
2091 5557 2251 5620 XXV,
2277 5557 2399 5622 .‘Z,et
2429 5549 2691 5612 ΧΧΧνμὸ
2715 5557 2764 5603 et
2783 5549 2845 5601 2|
2873 5564 2888 5611 ;
2928 5546 3145 5600 Numer.
3170 5541 3360 5602 XXXI,

1827 5655 1913 5709 29.
1969 5652 2146 5717 Quare
2182 5646 2394 5701 tametsi
2449 5641 2701 5712 primitivi
2757 5653 2922 5708 panes
2967 5637 3020 5689 in
3053 5634 3364 5688 Pentecoste

1830 5745 1992 5798 oblati
2050 5741 2274 5800 fuerint,
2315 5737 2534 5790 minime
2577 5749 2636 5786 ex
2676 5747 2738 5785 eo
2780 5727 3022 5798 sequitur
3049 5740 3213 5779 novas
3244 5730 3364 5774 ante

1833 5838 1931 5890 hoc
1968 5843 2177 5890 tempus
2219 5830 2396 5888 fruges
2448 5841 2550 5880 non
2584 5824 2823 5882 attigisse
2857 5818 3087 5874 Iudaeos.
3127 5814 3276 5874 Ouod
3313 5813 3367 5865 in
