4112 6314
751 396 890 469 1395

1714 394 1803 447 AD
1845 392 2101 447 EUSEBII
2140 391 2529 449 CHRONICON
2562 391 2918 450 APPENDIX.

3789 399 3899 455 £396

750 507 1162 564 Commentariis
1194 508 1309 562 suis
1335 507 1544 562 erudite
1568 506 1882 564 Bonl‘rerius
1908 518 2091 563 noster
2111 510 2292 565 obser-
2317 514 2359 568 Α
2387 508 2692 570 oll‘erretur,
2715 507 2934 577 quando
2967 504 3139 561 serius
3167 504 3378 560 Pascha
3402 506 3757 577 contingeret.
3784 509 3900 567 idem

749 606 838 651 vat
872 617 885 651 :
918 598 1005 651 cui
1054 595 1226 663 idem,
1284 596 1429 667 quod
1483 594 1537 650 in
1581 606 1811 651 mentem
1862 599 1994 651 mihi
2050 608 2289 663 venerat,

747 688 1015 758 placuisse
1044 688 1216 757 prius,
1250 688 1484 742 maximo
1516 702 1631 742 sum
1660 703 1821 756 opere
1848 689 2087 756 gavisus.

818 777 952 831 Hinc
982 778 1091 836 illa,
1127 794 1244 845 quae
1270 785 1459 831 contra
1512 792 1611 833 nos
1644 778 1805 831 allata
1854 791 2002 844 sunt,
2037 778 2290 833 universa

747 870 1050 921 solvuntur.
1080 868 1137 920 Si
1168 882 1261 935 per
1294 864 1602 935 azymorum
1635 868 1772 933 dies,
1823 869 2099 937 inquiunt,
2130 869 2293 937 spicae

744 957 942 1013 messis
970 956 1275 1010 hordeacea:
1306 957 1481 1010 adhuc
1503 956 1769 1020 virebant,
1788 958 2023 1011 triticum
2053 959 2291 1011 nondum

746 1059 1018 1101 maturum
1044 1064 1164 1103 esse
1197 1050 1391 1116 potuit.
1420 1047 1831 1117 Respondemus
1857 1088 1871 1111 ,
1907 1050 2145 1103 virentes
2182 1049 2293 1118 spi-

746 1154 840 1192 cas
863 1140 949 1193 hic
978 1140 1116 1195 sumi
1148 1154 1244 1208 pro
1275 1139 1604 1202 recentibus,
1626 1153 1734 1191 non
1766 1140 1978 1208 penitus
2007 1140 2287 1207 viridibus,

745 1237 800 1281 et
830 1228 1148 1285 immaturis.
1184 1229 1316 1284 Nam
1339 1229 1599 1284 Hebraice
1624 1237 1707 1284 est
1731 1228 1898 1283 Levit.
1931 1245 1992 1290 u,
2026 1230 2113 1293 14,
2156 1239 2292 1289 ι’ἒκ

744 1300 858 1400 η’νρ
911 1320 1055 1386 spica
1099 1336 1312 1381 recens,
1364 1330 1527 1381 tosta,
1578 1326 1632 1374 et
1896 1329 2005 1378 tm:
2058 1321 2289 1372 triticum

682 1434 685 1436 -
743 1418 1010 1461 contusum
1045 1410 1201 1477 spica
1227 1410 1408 1475 plenis.
1459 1411 1533 1463 Ita
1566 1408 1631 1462 IV
1676 1408 1804 1480 Reg.
1839 1426 1909 1474 Iv,
1942 1409 2028 1465 42.
2081 1409 2289 1464 Carmel

743 1498 1059 1565 frumentum
1101 1516 1285 1555 novum
1315 1501 1473 1556 vertit
1521 1502 1805 1570 interpres.
1839 1500 1947 1555 Nec
1986 1508 2070 1556 est
2096 1501 2291 1556 absur-

741 1588 893 1652 dum,
931 1604 1039 1659 quo
1068 1595 1307 1659 tempore
1336 1592 1553 1645 metitur
1588 1580 1869 1651 hordeum,
1915 1590 2157 1645 triticeas
2181 1591 2291 1658 spi-

741 1690 855 1739 ras,
882 1680 929 1734 si
956 1680 1133 1736 minus
1165 1681 1232 1735 ad
1262 1695 1515 1745 messem,
1549 1689 1696 1734 certe
1722 1680 1791 1733 ad
1818 1678 2148 1735 vescendum
2178 1693 2289 1732 ma-

740 1776 893 1824 turas
923 1768 1061 1825 esse.

778 1858 1077 1929 ,Josephus
1122 1860 1157 1913 l.
1202 1859 1269 1914 Ill
1308 1860 1483 1930 Orig.,
1503 1875 1621 1930 cap.
1664 1858 1711 1913 Χ
1739 1860 1940 1915 sentire
1977 1861 2188 1917 videtur
2220 1878 2285 1918 ex

741 1948 1040 2005 hordeacea
1070 1966 1245 2006 messe
1294 1951 1651 2021 primitiarum
1687 1952 1926 2005 oblatum
1958 1968 2081 2007 esse
2114 1954 2287 2007 mani-

740 2041 947 2110 pulum.
975 2039 1081 2097 Sed
1110 2042 1243 2097 nihil
1274 2042 1377 2097 hoc
1403 2043 1581 2098 obstat
1622 2044 1755 2113 quin
1786 2057 1853 2098 ex
1885 2042 2007 2098 aliis
2040 2043 2286 2114 frugibus

2392 614 2557 669 porro
2610 599 2851 667 subjicit,
2890 599 2959 651 ab
3005 596 3185 650 obtutu
3222 596 3498 665 manipulo
3520 597 3727 666 publice
3751 602 3898 670 prin-

2391 690 2595 757 timque
2637 695 2837 741 metere
2894 685 3112 739 licuisse
3150 704 3165 737 :
3202 685 3294 736 καὶ
3331 685 3449 737 τότε
3493 685 3674 738 λοιπὸν
3704 685 3899 760 δημοσίᾳ

2392 778 2563 845 ἔξεστι
2591 780 2742 840 πᾶσι,
2778 777 2873 829 καὶ
2900 776 3007 845 ἰδίᾳ
3029 772 3260 844 θερίζειν
3280 812 3295 838 ,
3318 777 3473 843 quasi
3506 775 3559 828 id
3592 783 3712 831 ante
3736 793 3831 831 non
3853 780 3898 833 li-

2392 868 2585 920 cuerit.
2619 866 2722 920 Sed
2752 866 2914 932 hujus
2944 866 3019 919 rei
3053 864 3260 917 nullum
3293 865 3349 916 in
3379 863 3554 918 sacris
3578 864 3723 920 libris
3751 876 3899 922 exstat

2392 958 2761 1012 interdictum.
2789 956 2899 1011 Nos
2928 964 3105 1009 autem
3130 954 3197 1010 de
3235 955 3432 1024 priscis
3458 941 3756 1010 Iudaeorum
3790 966 3899 1013 tem-

2391 1049 2638 1119 poribus,
2662 1064 2769 1103 non
2792 1048 3009 1117 Iosephi
3052 1046 3519 1114 astateloquiumr.
3563 1045 3718 1117 Atqui
3735 1049 3809 1103 vel
3846 1066 3896 1104 ex

2390 1140 2495 1195 hoc
2524 1140 2641 1210 ipso
2688 1139 2931 1208 ejusdem
2974 1138 3222 1193 historici
3260 1140 3380 1190 loco
3402 1137 3629 1192 evidens
3678 1147 3773 1196 est.
3818 1142 3898 1195 sub

2388 1232 2597 1313 Pascha
2635 1247 2865 1288 messem
2909 1230 3194 1301 inJudaaa
3228 1242 3511 1313 peractam
3547 1254 3559 1285 :
3598 1233 3735 1301 quod
3768 1234 3899 1289 nobis

2390 1307 2524 1381 satis
2556 1331 2662 1381 est.
2691 1324 2848 1389 Nam,
2884 1325 2929 1379 si
2960 1332 3083 1393 post
3112 1307 3398 1378 delibatam
3453 1324 3716 1399 oblatione
3755 1326 3899 1380 mani-

2389 1417 2499 1485 puli
2529 1425 2783 1486 segetem,
2813 1424 3014 1470 metere
3046 1415 3127 1470 fas
3167 1416 3303 1485 fuit,
3332 1431 3459 1486 ergo
3485 1424 3703 1471 matura:
3724 1416 3822 1485 jam
3846 1418 3898 1469 ad

2389 1510 2618 1561 messem
2664 1513 2819 1562 erant
2857 1516 3087 1577 segetes,
3111 1508 3273 1561 etiam
3303 1507 3547 1571 triticea,
3608 1517 3757 1576 atque
3802 1508 3899 1561 ista

2389 1596 2581 1651 saltem
2623 1596 2689 1651 ad
2741 1612 2917 1651 esum.
2974 1596 3127 1653 Unde
3172 1596 3466 1652 Salibatum
3514 1599 3899 1669 deuterOproton

2389 1686 2619 1755 septimo
2649 1686 2717 1741 ab
2749 1687 3022 1742 oblatione
3052 1688 3310 1758 manipuli
3354 1688 3441 1743 die
3484 1690 3779 1759 contigisse.
3819 1692 3898 1743 mi-

2389 1777 2533 1831 nime
2555 1792 2621 1830 ex
2641 1792 2708 1831 eo
2737 1777 2795 1830 lit
2821 1777 3138 1842 absurdum,
3170 1777 3315 1847 quod
3343 1785 3458 1833 tum
3487 1781 3716 1834 virentes
3742 1780 3899 1849 spicas

2391 1867 2643 1922 manibus
2696 1868 2813 1921 suis
2861 1868 3093 1938 apostoli
3145 1868 3516 1925 delricarent:
3570 1872 3706 1941 quod
3735 1880 3897 1925 contra

2388 1956 2868 2025 reprehensionem
2913 1973 3171 2029 nuperam
3223 1962 3556 2030 propositum
3603 1969 3711 2016 erat
3743 1970 3899 2016 osten-

2387 2046 2535 2101 dere.

748 2206 3888 2251 W“

911 2377 1108 2502 DE
1205 2375 2104 2505 GRECOBUM
2196 2380 2601 2509 ZERIS
2699 2384 2895 2514 AC
2976 2367 3755 2523 COMPUTIS

1939 2627 2760 2724 DISSERTATIO.

1523 2808 1807 2876 (Dionysius
1845 2805 2098 2865 Ριτηιυε,
2125 2804 2193 2854 De
2223 2798 2443 2852 doctrina
2472 2810 2755 2872 temporum
2776 2816 2813 2860 t.
2838 2809 2926 2875 III,
2948 2826 2998 2877 p.
3026 2814 3164 2878 155.)

1303 3022 1605 3087 CAPUT
1653 3026 1712 3084 Ῑ.

735 3141 817 3198 D3
841 3141 1035 3209 triplici
1064 3138 1362 3194 Grecorum
1408 3156 1539 3209 cera,
1574 3156 1688 3207 quae
1723 3138 1795 3190 ad
1836 3138 2281 3209 duas__redigitur.

2458 3023 2667 3080 Etenim
2699 3035 3100 3098 computorum,
3134 3031 3248 3085 sive
3280 3030 3387 3085 τῶν
3418 3034 3627 3103 ὁμάδων
3656 3034 3905 3089 annalium

2388 3114 2675 3197 diversitas
2716 3119 2771 3172 in
2822 3134 2887 3174 eo
2931 3123 3171 3190 ponitur,
3207 3130 3264 3176 ut
3292 3123 3345 3177 in
3391 3140 3555 3177 unum
3598 3131 3651 3179 et
3685 3110 3900 3180 eumdem

811 3184 1126 3283 ζιιιίλιναιιιζ
1180 3210 1481 3283 Panodori
1514 3184 1891 3283 Clironologiq.
1944 3184 2234 3269 Maximus,
2312 3184 2356 3242 (ἶ
2388 3194 2609 3271 annum,
2639 3222 2739 3261 ceu
2776 3223 3116 3265 communem
3147 3214 3456 3279 terminum,
3499 3214 3738 3283 dispares
3775 3230 3901 3269 sum-

808 3281 1051 3352 Seorgius
1088 3279 1381 3351 Syncellus,
1418 3278 1988 3349 Theophanes,aliique
2017 3286 2286 3331 notantur.

806 3395 1113 3451 Graecorum
1165 3403 1467 3464 computos,
1517 3409 1762 3462 serasque
1815 3393 2113 3462 praecipuas
2168 3406 2290 3463 esse

740 3495 873 3551 tres,
905 3488 1043 3540 inter
1070 3486 1313 3539 eruditos
1361 3487 1630 3539 convenit.
1654 3485 1785 3538 Nam
1834 3486 1992 3537 aliam
2042 3498 2163 3537 esse
2207 3482 2285 3536 di-

739 3585 889 3639 cunt,
925 3592 1046 3647 quae
1083 3577 1151 3633 ab
1187 3577 1341 3631 initio
1389 3591 1571 3629 rerum
1616 3576 1683 3628 ad
1734 3574 1939 3628 Christi
1979 3574 2034 3627 in
2075 3580 2287 3627 uterum

740 3667 977 3737 Virginis
1020 3667 1331 3730 adventum,
1378 3675 1471 3720 aut
1520 3665 1749 3719 natalem
1792 3678 1964 3718 annos
2011 3669 2289 3730 computat

739 3759 899 3821 5495,
953 3760 1133 3823 aliam,
1190 3774 1307 3827 qua:
1353 3772 1525 3811 annos
1570 3762 1821 3810 numerat
1870 3753 2029 3819 55M,
2072 3754 2289 3808 tertiam

670 3868 679 3877 ν
740 3867 860 3923 quae
889 3850 1027 3905 5509
1056 3848 1362 3904 constituit.
1403 3846 1637 3901 Primam
1667 3845 2058 3900 Antiochenam
2104 3846 2289 3915 appel-

742 3944 853 3995 lant
887 3942 1070 4011 aliqui,
1100 3940 1389 3995 secundam
1421 3938 1802 4007 EthiOpicam,
1830 3938 2042 3992 tertiam
2060 3938 2293 3992 Alexan-o

739 4033 971 4087 «Irinam.
1037 4031 1277 4101 Scaliger
1324 4029 1391 4084 ad
1456 4029 1725 4098 Excerpta
1794 4028 2011 4083 Maximi
2059 4030 2289 4097 primam

744 4123 981 4188 nominat
1009 4121 1275 4182 lunarem,
1307 4119 1537 4173 mediam
1579 4117 1919 4181 orientalem,
1962 4124 2287 4187 postremam

744 4212 1049 4282 paschalem
1077 4230 1090 4265 :
1127 4227 1356 4281 quarum
1375 4195 1813 4280 appellationum
1840 4208 2078 4279 origines
2102 4208 2290 4277 dispu-

740 4311 819 4356 tat
869 4304 1025 4356 initio
1062 4302 1184 4355 libri
1230 4298 1273 4354 γ
1314 4297 1390 4354 De
1437 4300 1793 4353 emendatione
1836 4309 2141 4366 temporum.
2184 4297 2288 4351 Sed

739 4407 834 4445 eas
878 4407 910 4444 a
950 4391 1106 4445 nobis
1136 4388 1446 4443 confutatas
1490 4390 1654 4443 habes
1678 4429 1692 4452 ,
1728 4390 2050 4467 penitusque
2098 4388 2286 4442 convi-

740 4490 857 4534 ctas
901 4482 956 4534 in
1002 4494 1145 4543 nono
1175 4478 1252 4531 De
1287 4479 1525 4531 doctrina
1570 4490 1858 4547 temporum
1884 4481 2062 4549 capite
2102 4478 2167 4545 V,
2196 4477 2286 4532 ubi
2318 4510 2365 4566 ο

742 4574 873 4625 nihil
924 4573 979 4625 in
1014 4572 1282 4641 computis
1325 4572 1447 4626 istis
1483 4570 1685 4624 vidisse
1709 4610 1723 4632 ,
1777 4586 1952 4640 neque
1987 4571 2114 4639 quid
2146 4572 2286 4624 scri-

744 4667 892 4717 heret
924 4664 1257 4719 intellexisse
1292 4664 1564 4718 hominem
1595 4663 1909 4732 plenissime
1951 4662 2289 4717 demonstra-

740 4759 951 4821 vimus;
976 4771 1038 4810 ac
1072 4757 1238 4809 multa
1265 4756 1320 4809 in
1345 4771 1461 4810 eam
1484 4766 1596 4809 rem
1627 4755 2000 4823 congessimus
2030 4761 2083 4807 et
2106 4755 2289 4824 ignota

740 4850 902 4919 vulgo
951 4856 1005 4904 et
1052 4850 1193 4902 scitu
1232 4848 1581 4919 dignissima;
1618 4856 1671 4901 et
1706 4846 1774 4899 ad
1824 4846 1898 4910 id,
1944 4844 2089 4915 quod
2129 4847 2289 4900 modo

742 4943 939 5009 agitur,
976 4941 1218 5011 apprime
1258 4939 1599 5005 necessaria;
1629 4954 1748 5007 qua:
1787 4937 2007 4992 minime
2035 4937 2136 4991 hoc
2169 4937 2289 4991 loco

741 5032 1025 5099 repetenda
1061 5042 1207 5086 sunt.
1236 5030 1352 5085 Non
1404 5044 1573 5105 pauca
1619 5039 1801 5085 tamen
1842 5030 1953 5103 illic
2004 5024 2287 5084 omisimus

743 5124 958 5192 propria
1008 5125 1179 5193 magis
1210 5124 1444 5177 instituti
1474 5122 1653 5191 hujus,
1687 5134 1738 5177 et
1776 5123 2047 5192 paschalis
2071 5122 2287 5176 (ἔταξοο-

742 5231 860 5267 rum
902 5214 1161 5277 methodi,
1192 5230 1352 5283 quam
1382 5213 1449 5268 ad
1477 5213 1826 5268 illustrandos
1856 5213 2090 5273 Maximi,
2120 5212 2286 5267 lsaaci

740 5308 1078 5376 aliorumque
1108 5316 1410 5376 computos,
1431 5306 1525 5376 qui
1554 5306 1938 5360 inAuctarium
1965 5308 2116 5360 relati
2139 5313 2285 5360 sunt.

741 5397 1094 5450 enarrandam
1147 5397 1508 5463 suscepimus,
1576 5396 1731 5463 cujus
1788 5395 2001 5455 initium
2054 5383 2289 5465 disputa-

743 5488 906 5541 tionis
938 5489 1005 5541 ab
1032 5504 1137 5542 aera
1168 5488 1256 5541 illa
1289 5488 1508 5557 triplici,
1554 5494 1608 5541 et
1650 5488 1924 5541 communi
1963 5487 2029 5541 de
2082 5487 2149 5541 iis
2174 5487 2289 5555 opi—

742 5585 904 5634 nione
933 5582 1235 5645 doctorum,
1270 5589 1430 5647 atque
1466 5593 1648 5633 errore
1686 5579 1932 5643 ducetur,
1964 5585 2023 5632 ut
2054 5572 2138 5632 'ab
2180 5578 2287 5632 illis

742 5674 945 5727 [rustra
994 5674 1283 5727 doceamus
1330 5678 1441 5726 tres
1484 5686 1606 5726 esse
1658 5671 1946 5728 distinctas
1992 5672 2283 5737 hactenus,

702 5801 707 5809 -
744 5782 865 5819 cum
899 5766 1005 5819 sint
1041 5780 1223 5819 revera
1254 5763 1628 5817 tantummodo
1655 5762 1791 5817 duae.

2388 3292 2489 3349 ma:
2518 3295 2962 3367 desinant._Quod
3003 3302 3049 3355 si
3084 3302 3205 3356 aliis
3236 3313 3394 3373 atque
3434 3304 3555 3359 aliis
3584 3304 3737 3359 annis
3764 3304 3901 3358 iidem

2388 3386 2755 3441 inscribantur
2794 3388 2960 3453 tituli,
2996 3380 3116 3445 non
3166 3389 3326 3445 debet
3368 3401 3649 3460 propterea
3684 3393 3905 3446 diversus

2389 3476 2648 3545 appellari
2678 3488 3001 3547 computus;
3030 3481 3175 3550 quod
3209 3482 3273 3534 ad
3319 3481 3721 3551 longinquiores
3756 3496 3904 3536 annos

2389 3567 2563 3635 major
2589 3558 2888 3631 numerus;
2920 3571 3098 3623 minor
3128 3579 3309 3624 autem
3336 3571 3401 3625 ad
3434 3574 3826 3642 prapinquiores
3851 3571 3904 3622 ab

2388 3658 2573 3712 eodem
2607 3660 2783 3729 capite
2826 3659 3022 3715 ductus
3061 3663 3384 3717 extenditur.
3428 3661 3497 3717 Ut
3523 3665 3661 3717 enim
3692 3662 3904 3730 exemplo

2389 3749 2480 3806 ﬁat
2505 3751 2651 3821 quod
2684 3752 2807 3807 dico
2828 3752 3049 3818 clarius,
3076 3762 3326 3809 sumatur
3354 3754 3420 3809 ab
3448 3754 3579 3809 orbe
3615 3754 3821 3809 condito
3851 3750 3905 3804 ad

2389 3859 2589 3899 annum
2658 3860 2779 3900 aera!
2843 3845 3164 3902 Christiana:
3218 3846 3449 3917 primum
3508 3854 3689 3901 certus
3738 3843 3905 3914 aliquis

2389 3946 2697 4006 computus,
2726 3936 2870 3991 velut
2905 3936 2995 3991 ille
3028 3945 3212 3991 noster
3241 3951 3505 3990 annorum
3549 3936 3703 4000 5985,
3746 3935 3796 3989 in
3832 3949 3907 3989 e0-

2388 4043 2494 4095 que
2522 4028 2754 4083 diversis
2776 4029 2931 4082 annis
2958 4028 3143 4083 eadem
3169 4028 3401 4097 illigetur
3427 4028 3651 4097 cpocha,
3680 4028 3903 4080 nimirum

2388 4116 2554 4172 Urbis
2579 4118 2846 4173 conditae:
2880 4133 3040 4187 quam
3071 4117 3210 4172 alius
3244 4118 3296 4170 in
3328 4130 3392 4171 eo
3416 4132 3559 4170 anno
3598 4116 3804 4185 deligat,
3830 4115 3903 4183 qui

2388 4220 2470 4265 est
2492 4216 2616 4263 ante
2640 4224 2802 4263 teram
2827 4201 3192 4277 Christianam
3228 4207 3350 4269 754,
3383 4209 3519 4262 alter
3551 4207 3797 4262 tredecim
3827 4221 3904 4257 au-

2388 4303 2475 4357 nis
2500 4309 2718 4371 postea;
2752 4300 3041 4361 Pictorem.
3074 4307 3167 4353 aut
3201 4300 3387 4355 nescio
3415 4314 3573 4369 quem
3605 4299 3819 4352 alterum
3852 4311 3904 4349 es

2388 4393 2660 4448 veteribus
2686 4399 2958 4447 auctorem
2991 4397 3237 4455 secutus,
3271 4397 3399 4460 puta
3422 4390 3475 4444 in
3503 4405 3567 4445 eo
3596 4389 3687 4458 qui
3715 4389 3783 4444 sit
3805 4395 3905 4440 ante

2390 4485 2666 4539 Christum
2700 4484 2822 4539 7L3.
2856 4483 2976 4538 Duo
3009 4484 3174 4553 igitur
3206 4483 3282 4537 illi
3317 4483 3373 4537 in
3420 4482 3607 4538 eadem
3648 4480 3719 4535 ad
3752 4489 3903 4534 ortum

2389 4575 2591 4631 Christi
2621 4589 2831 4630 summa
2850 4576 3272 4640 consentientes,
3306 4574 3361 4628 in
3387 4573 3545 4627 annis
3569 4582 3742 4625 autem
3757 4570 3904 4623 diver-

2390 4668 2467 4722 sis
2516 4666 2757 4736 ejusdem
2812 4666 3031 4735 epochae
3082 4664 3453 4731 dissidentes;
3485 4663 3564 4718 sic
3594 4669 3653 4717 ut
3692 4661 3825 4729 prior
3852 4657 3906 4709 ab

2389 4759 2575 4815 eodem
2618 4758 2805 4813 mundi
2846 4757 3005 4811 initio
3034 4756 3101 4810 ad
3133 4756 3333 4812 Urbem
3379 4753 3651 4809 conditam
3693 4754 3906 4805 numeret

2390 4867 2563 4906 annos
2590 4850 2749 4914 5250,
2781 4851 2938 4914 alter,
2968 4864 3141 4904 annos
3166 4847 3326 4911 5285,
3356 4862 3460 4901 non
3484 4847 3669 4915 utique
3692 4844 3905 4900 diversos

2390 4943 2459 4995 ab
2512 4942 2722 4996 Adamo
2764 4950 3047 5011 computos
3107 4941 3391 4994 instituere
3452 4937 3742 4992 dicuntur:
3788 4930 3906 5005 quod

2389 5041 2503 5088 tum
2533 5034 2749 5089 demum
2776 5032 3033 5096 facerent,
3078 5030 3126 5085 si
3173 5029 3241 5083 ad
3285 5028 3532 5084 eumdem
3579 5041 3794 5088 annum,
3831 5022 3905 5093 qui

2388 5128 2459 5183 sit
2486 5134 2610 5181 ante
2648 5126 3010 5199 Christianam
3052 5138 3214 5178 atram
3262 5121 3387 5189 754,
3421 5120 3627 5191 periodi
3668 5132 3790 5174 vero
3830 5114 3906 5169 Ju-

2388 5218 2544 5271 lianze
2562 5216 2719 5281 5960,
2747 5217 2881 5268 alter
2906 5215 2975 5268 ab
3006 5212 3209 5267 Adamo
3236 5220 3543 5267 numeraret
3578 5223 3746 5263 annos
3772 5204 3903 5261 5250.

2388 5310 2521 5363 alter
2550 5308 2729 5372 3243;
2770 5317 2825 5361 et
2856 5306 3001 5374 quod
3033 5319 3378 5381 consequens
3406 5310 3510 5366 est,
3543 5302 3632 5355 ille
3676 5298 3745 5353 ad
3776 5298 3904 5353 Chri-

2388 5406 2529 5455 stum
2565 5412 2734 5453 annos
2752 5396 2909 5460 5985,
2936 5396 3038 5449 iste
3065 5392 3225 5449 5996.

2418 5514 2419 5521 η
2460 5488 2551 5544 Sic
2573 5482 2737 5558 igitur
2758 5498 2871 5541 tres
2906 5487 3029 5541 illos
3058 5472 3365 5541 Graecorum
3392 5486 3695 5553 computos,
3728 5492 3831 5538 uta
3862 5495 3908 5535 se

2388 5582 2653 5637 distincti
2686 5580 2913 5634 invicem
2975 5578 3284 5647 diversique
3334 5576 3476 5641 sint,
3518 5576 3573 5630 in
3628 5591 3789 5629 unum
3830 5571 3907 5624 ali-

2388 5686 2547 5742 quem
2595 5671 2908 5739 conspirare
2962 5669 3248 5723 terminum
3298 5676 3533 5738 oportet,
3592 5667 3661 5722 ad
3709 5675 3906 5742 euman

2389 5740 2495 5819 non
2527 5762 2712 5818 eodem
2758 5777 2787 5814 a
2834 5759 3010 5829 capite
3053 5770 3105 5814 et
3141 5758 3361 5814 exordio
3397 5755 3745 5815 descendere.
3787 5740 3907 5807 Tatii
