4112 6314
210 440 239 497 1
255 443 363 498 397

1190 437 1632 494 DISSERTATiO
1668 436 1757 490 DE
1790 436 2187 493 GRECORUM
2228 438 2427 495 ERIS.

3258 441 3390 496 1598

206 567 307 612 est
349 564 526 611 autem
574 556 964 611 lncarnationis
1017 570 1189 609 annus
1218 557 1479 611 natalisve
1522 554 2064 621 Christi;rAAdamo
2109 570 2214 610 aera
2266 557 2596 625 perducitur,
2641 556 2883 612 eumdem
2921 571 3039 612 esse
3080 572 3200 611 cum
3249 572 3392 611 anno

204 647 287 700 ad
359 662 517 715 quem
581 645 907 715 singulorum
960 654 1555 715 summa~pr0pagatur.
1606 644 1761 698 Hunc

205 741 471 793 eumdem
522 738 695 793 tribus
744 739 850 792 illis
894 739 1018 793 aeris
1064 737 1416 792 constitutum
1457 754 1576 794 esse
1617 739 1759 793 docti

207 829 302 883 illi
344 829 604 901 suspicati
649 835 794 891 sunt,
831 828 924 896 qui
958 840 1049 881 eas
1072 843 1102 879 a
1128 843 1185 882 se
1208 839 1393 881 mutuo
1422 836 1757 897 separarum.

208 917 333 972 Sed
363 933 470 971 non
492 918 563 972 ita
592 934 649 973 se
690 932 777 972 res
810 918 987 972 habet.
1015 916 1146 970 Nam
1177 933 1240 971 ex
1266 920 1439 973 tribus
1468 919 1586 972 dua:
1613 928 1758 983 sunt,

207 1023 357 1077 qua
390 1008 614 1063 diversis
662 1008 817 1061 annis
870 1008 967 1078 τὴν
1012 1008 1410 1079 ὲνανθρώπησιν
1466 1012 1759 1078 assignant,

204 1100 472 1153 videlicet
498 1100 609 1162 illa,
641 1114 757 1168 qua:
781 1114 950 1151 annos
977 1099 1133 1163 5495,
1155 1108 1207 1153 et
1237 1115 1354 1169 quae
1376 1100 1505 1153 5501
1536 1100 1759 1168 colligit.

208 1187 397 1244 Unius
453 1204 582 1259 ergo
626 1190 863 1257 computi
908 1204 1130 1243 summae
1168 1189 1285 1243 ista:
1332 1188 1451 1242 duae
1489 1198 1637 1254 sunt,
1669 1189 1759 1257 qui

207 1296 348 1334 cum
375 1268 537 1335 tertio
570 1295 833 1333 annorum
862 1280 999 1336 5509
1037 1281 1263 1334 natalem
1287 1280 1530 1335 eumdem
1558 1280 1757 1336 Christi

210 1372 469 1440 respicit,
503 1380 557 1425 et
584 1371 653 1425 ab
681 1372 772 1424 illo
804 1377 1081 1439 propterea
1107 1370 1227 1438 jure
1254 1371 1621 1439 distinguitur.

291 1460 447 1524 Quod
484 1474 588 1513 non
612 1461 854 1513 eumdem
894 1460 947 1512 in
980 1474 1177 1512 annum
1209 1459 1631 1512 lncarnationem
1660 1458 1761 1512 Do-

209 1550 356 1602 mini
395 1550 696 1611 conl‘erant,
729 1550 820 1618 qui
847 1550 912 1603 ad
942 1564 1057 1603 eam
1076 1592 1079 1595 .
1098 1558 1382 1604 numerant
1412 1564 1582 1603 annos
1604 1550 1758 1615 5495,

208 1649 275 1695 et
304 1644 394 1710 qui
424 1641 588 1706 5501;
621 1641 687 1694 iis
734 1656 798 1694 ex
829 1640 1138 1695 auctoribus
1177 1648 1411 1705 constat,
1442 1642 1533 1711 qui
1558 1642 1761 1696 utrius-

210 1746 331 1800 que
402 1731 481 1783 vel
556 1730 885 1794 inventores,
963 1732 1044 1785 vel
1108 1730 1344 1785 fautores
1421 1734 1755 1787 exstiterunt.

212 1819 467 1874 Priorem
516 1828 826 1889 computum
894 1819 1180 1876 Panodoro
1238 1822 1450 1875 cuidam
1517 1821 1761 1875 inscribit

207 1911 489 1980 Georgius
543 1910 824 1979 Syncellus
857 1912 1121 1965 monacho
1172 1911 1382 1965 erudito
1424 1919 1481 1965 et
1517 1912 1756 1981 antiquo.

214 2000 373 2053 Vixit
399 2002 541 2054 enim
569 2002 1145 2074 Areadioimperaute,
1176 2013 1229 2056 et
1266 2003 1331 2056 ad
1360 2010 1561 2057 exactae
1598 2003 1759 2057 chro-

211 2091 454 2159 n010gize
496 2091 779 2145 scientiam
824 2106 982 2145 usum
1030 2093 1250 2161 insuper
1292 2094 1471 2147 attulit
1511 2101 1759 2147 astrono-

214 2181 487 2235 micarum
517 2194 728 2246 rerum;
793 2181 947 2249 cujus
1000 2182 1053 2234 in
1089 2179 1302 2251 Georgii
1341 2182 1407 2237 de
1451 2182 1541 2236 illo
1574 2197 1763 2235 narra-

212 2272 393 2333 tione,
450 2286 611 2341 quam
678 2270 923 2340 sequenti
978 2272 1152 2339 capite
1216 2286 1596 2341 proponemus,
1654 2289 1760 2325 non

213 2361 456 2415 obscura
485 2376 616 2418 sane
647 2362 871 2430 vestigia
903 2370 1212 2431 supersunt.
1241 2360 1414 2431 Atque
1442 2363 1530 2417 hic
1564 2379 1761 2417 annum

214 2467 347 2505 eum
402 2451 597 2509 Christi
641 2451 1093 2524 ὲνανῡρωπήσεως
1148 2468 1369 2507 summa:
1412 2469 1523 2508 suae
1559 2456 1767 2523 praesti-

213 2544 359 2608 tuit;
390 2558 419 2595 a
451 2559 558 2612 quo
588 2539 827 2613 vulgaris
860 2559 967 2597 tera
989 2554 1171 2598 nostra
1199 2542 1589 2612 proﬁciscitur:
1622 2543 1765 2613 quod

217 2648 349 2687 cum
401 2634 457 2688 in
514 2636 605 2688 Iilt.
664 2633 732 2687 IX
780 2634 854 2689 De
899 2635 1134 2688 doctrina
1182 2646 1483 2703 temporum,
1548 2650 1667 2705 cap.
1703 2637 1764 2699 V,

214 2726 569 2781 observatum
598 2727 709 2796 jam
750 2726 931 2789 fuerit,
978 2728 1188 2795 plenius
1232 2727 1333 2780 hoc
1383 2727 1502 2781 loco
1542 2726 1765 2782 demon-

221 2818 511 2873 strabitur.
546 2818 743 2873 Scribit
785 2818 1045 2888 Georgius
1089 2833 1287 2872 annum
1319 2820 1508 2874 mortis
1537 2820 1765 2873 Alexan-

213 2912 305 2965 dri
336 2911 508 2980 Magni
547 2926 577 2963 a
621 2926 729 2979 quo
771 2910 944 2962 Thoth
983 2908 1211 2978 Philippi
1258 2910 1452 2963 Aridiei
1502 2911 1765 2979 procedit,

213 3005 277 3059 in
308 3017 413 3055 aera
447 3000 716 3054 Panodori
751 3014 869 3054 esse
894 3001 962 3053 ab
991 2999 1197 3053 Adamo
1229 3000 1388 3062 5170,
1418 3015 1616 3055 annum
1640 3004 1769 3056 item

216 3091 416 3147 mortis
447 3092 913 3161 Cleopatraaysivc
968 3091 1199 3161 primum
1240 3074 1541 3154 Actiacum,
1584 3109 1771 3148 nume-

216 3183 333 3235 rari
381 3181 546 3247 5465;
584 3197 610 3234 a
647 3196 755 3249 quo
782 3180 1038 3250 deinceps
1070 3181 1135 3233 ad
1161 3182 1389 3252 Augusti
1435 3185 1637 3237 obitum
1676 3200 1765 3254 pu-
1790 3206 1833 3267 α

218 3282 411 3327 tantur
438 3273 563 3325 anni
590 3272 691 3325 43:
724 3273 802 3325 sic
830 3280 889 3324 ut
908 3286 1049 3325 anno
1075 3271 1319 3340 ejusdem
1352 3288 1471 3327 uerae
1496 3274 1633 3329 5506
1663 3276 1767 3328 Au-

217 3370 422 3431 gustus
467 3360 790 3425 excesserit;
835 3375 955 3413 cum
998 3374 1139 3412 anno
1160 3360 1295 3414 5495
1324 3359 1573 3416 Christus
1607 3362 1768 3418 adve-

220 3455 418 3509 nisset.
449 3450 527 3504 Ex
548 3451 615 3505 iis
636 3452 777 3505 inter
803 3464 865 3505 se
890 3450 1213 3520 comparatis
1230 3451 1321 3513 ita,
1345 3450 1488 3520 quod
1521 3454 1767 3508 volumus

219 3540 481 3596 efﬁcitur.
536 3540 692 3594 Anno
746 3540 959 3594 decimo
1016 3546 1207 3607 quarto
1263 3554 1385 3593 uane
1452 3540 1769 3596 Christianae

222 3640 475 3686 mortuus
508 3638 591 3686 est
616 3631 927 3700 Augustus;
968 3629 1170 3697 periodi
1198 3628 1423 3689 Julianae
1444 3630 1600 3694 4727,
1629 3640 1687 3691 ut
1714 3634 1768 3687 in

223 3723 369 3776 libro
399 3720 469 3774 De
497 3720 749 3775 doctrina.
770 3730 1055 3787 temporum
1086 3718 1175 3783 XI,
1209 3735 1326 3791 cap.
1364 3718 1451 3783 Vl,
1488 3722 1767 3791 probatum

223 3819 335 3868 est.
371 3811 439 3865 Ut
468 3812 627 3883 igitur
652 3812 907 3865 detractis
937 3812 1092 3864 annis
1123 3827 1211 3864 xiv
1237 3812 1302 3865 de
1345 3810 1493 3863 4727
1522 3812 1769 3865 residuus

225 3911 314 3959 est
345 3903 413 3965 is,
462 3904 516 3955 in
544 3918 703 3970 quem
734 3901 970 3969 vulgaris
1009 3900 1211 3954 Christi
1251 3901 1448 3955 natalis
1487 3902 1765 3969 competit:

222 4006 281 4051 et
303 3994 699 4063 sequentium
714 3994 920 4061 primus
942 4008 1063 4048 atra:
1086 3992 1615 4063 Christianaeincipit
1638 4012 1652 4059 ;
1681 3994 1768 4047 cui

226 4086 661 4139 Incarnationem
679 4092 730 4139 et
743 4083 983 4139 Natalem
1008 4085 1347 4153 computistaa
1366 4093 1635 4139 nostrates
1647 4100 1768 4139 cum

222 4176 433 4232 Grecis
454 4176 757 4231 alﬁxerunt:
791 4178 869 4230 sic
887 4176 954 4229 de
976 4190 1118 4229 anno
1140 4173 1407 4228 Panodori
1430 4164 1774 4228 5506'detra-

224 4268 333 4321 etis
357 4283 466 4329 xiv,
482 4269 704 4322 exsistet
726 4282 899 4321 annus
916 4266 1051 4319 5405
1072 4265 1193 4332 ;cui
1215 4264 1309 4335 τὴν
1328 4266 1571 4337 γέννησιν
1590 4264 1774 4317 Salva-

225 4357 368 4411 toris
383 4355 977 4412 Panodorusattribuit.
1001 4357 1211 4410 Rursus
1233 4357 1532 4409 Alexander
1551 4354 1772 4423 Magnus

227 4447 390 4516 periit
416 4461 559 4500 anno
593 4447 799 4516 periodi
828 4446 1057 4500 Iuliana:
1092 4445 1256 4509 4590,
1292 4447 1384 4514 qui
1434 4455 1516 4499 est
1561 4453 1773 4497 trecen-

1860 644 2055 712 primo-
2089 644 2434 716 Dionysiano.
2495 646 2675 701 Doceo-
2715 649 2825 716 jam
2878 648 3031 700 annis
3069 653 3191 700 octo
3216 662 3392 701 remo-

1860 739 1974 785 tum
2005 734 2073 787 ab
2100 748 2163 786 eo
2188 734 2415 789 alterum
2434 751 2573 799 esse,
2606 736 2696 795 (iii
2736 736 3023 805 quinquies
3051 736 3390 789 millesimum

1858 823 2344 891 quingentesimum
2408 825 2637 893 primum
2712 840 2911 879 annum
2985 833 3210 894 occupat
3272 840 3392 885 term

1859 910 2093 994 Maximi,
2134 928 2196 965 ac
2226 912 2585 981 TheOphanis,
2640 924 2691 967 et
2742 912 2953 984 Georgii
3004 914 3256 986 Syncelli.
3301 914 3393 968 Et-

1858 1002 2021 1065 enim,
2055 1003 2198 1072 quod
2232 1004 2325 1057 lib.
2370 1003 2438 1057 IX
2477 1006 2549 1074 (p.
2584 1005 2637 1072 5)
2680 1003 2754 1057 De
2810 1004 3049 1059 doctrina
3088 1016 3389 1073 temporum,

1859 1094 2288 1149 animadversum
2344 1106 2446 1158 (οι,
2496 1096 2769 1150 character
2822 1110 3081 1151 annorum
3146 1098 3390 1160 istorum,

1858 1200 1965 1253 quo
1995 1184 2373 1239 discernuntur
2401 1201 2434 1239 a
2479 1187 2655 1248 nobis,
2700 1187 2923 1242 indictio
2970 1195 3069 1250 est,
3096 1203 3254 1255 quam
3298 1204 3394 1241 no-

1852 1273 2063 1326 biscum
2090 1276 2164 1327 illi
2195 1290 2533 1330 communem
2560 1277 2826 1341 obtinent,
2851 1287 2960 1331 tum
3006 1276 3158 1341 feria,
3197 1279 3278 1332 vel
3314 1280 3395 1331 lti-

1858 1366 2005 1416 naris
2035 1370 2165 1416 tetas
2190 1364 2352 1417 certis
2383 1364 2572 1418 diebus
2599 1366 2882 1419 attributa.
2915 1365 3041 1431 Qua:
3068 1367 3111 1421 si
3142 1367 3397 1421 adhibere

1860 1453 2122 1514 velimus,
2169 1452 2222 1505 id
2258 1469 2377 1507 esse
2426 1470 2634 1517 verum,
2680 1456 2823 1523 quod
2860 1455 2995 1519 dixi,
3042 1458 3393 1527 reperiemus.

1859 1543 1972 1597 Duo
2003 1554 2127 1598 sunt
2174 1560 2282 1614 prie
2324 1538 2551 1601 eieteris.
2576 1556 2848 1610 auctores.
2887 1548 2983 1617 qui
3019 1564 3124 1602 tera
3168 1556 3397 1601 utuntur

1860 1634 1980 1699 ista,
2026 1636 2287 1691 Maximus
2339 1645 2391 1691 et
2440 1636 2813 1707 TheOphanes.
2868 1637 3068 1692 Horum
3135 1640 3281 1709 prior
3341 1641 3395 1693 in

1859 1726 2030 1794 prima
2084 1737 2234 1795 parte
2272 1727 2529 1795 computi,
2565 1743 2683 1797 cap.
2724 1727 2946 1794 XXXII,
2978 1730 3397 1798 evangelismum

1861 1818 2028 1871 beata:
2056 1816 2313 1887 Virginis,
2350 1820 2460 1874 sive
2507 1817 2954 1888 InCarnationem,
2999 1821 3252 1877 incidisse
3285 1822 3400 1876 vult

1862 1921 2004 1960 anno
2029 1908 2213 1961 mundi
2248 1908 2403 1971 5501,
2434 1910 2583 1978 cyclo
2610 1910 2741 1970 solis
2771 1927 2890 1975 ml,
2924 1912 3064 1965 lunae
3095 1927 3149 1975 x,
3176 1911 3306 1965 feria
3338 1927 3397 1974 ιι,

1861 1997 2101 2052 Natalem
2135 2008 2311 2051 autem
2334 1998 2531 2054 Christi
2572 2000 2758 2054 eodem
2798 2016 2961 2066 anno,
2993 2001 3126 2056 feria
3154 2018 3223 2057 iv.
3258 2002 3402 2067 Quo-

1863 2090 2004 2140 niam
2057 2090 2216 2158 igitur
2273 2090 2693 2160 Εὑαγγελισμδς,
2738 2107 2899 2160 quam
2942 2095 3403 2147 Annuntiationcm

1863 2180 2045 2233 Latina
2062 2188 2215 2233 vocat
2238 2179 2495 2244 Ecclesia,
2522 2188 2629 2233 tam
2656 2196 2685 2233 a
2709 2180 2908 2238 Graecis
2929 2198 3088 2251 quam
3119 2200 3149 2237 a
3177 2186 3400 2249 nostris,

1863 2269 2039 2323 Martii
2062 2286 2168 2327 xxv
2195 2269 2431 2340 ponitur,
2462 2285 2683 2326 necesse
2713 2279 2795 2324 est
2818 2269 3200 2327 Dominicalem
3232 2271 3403 2328 fuisse

1863 2360 2097 2415 litteram
2138 2359 2197 2415 ιε’.
2233 2360 2394 2414 Addit
2431 2375 2553 2430 cap.
2596 2344 2809 2414 xx'xui
2846 2362 3190 2417 indictionem
3231 2362 3402 2416 fuisse

1863 2459 1993 2505 tunc
2045 2468 2143 2515 xii,
2190 2453 2365 2522 capite
2411 2469 2572 2523 porro
2621 2451 2834 2506 XXXIV
2884 2455 3256 2531 χρηματισμὸν
3300 2455 3401 2509 Za-

1864 2543 2059 2596 chariae
2089 2542 2389 2612 Septembri
2419 2561 2563 2598 xxvii
2589 2545 2675 2599 die
2707 2547 2997 2616 contigisse
3030 2556 3237 2611 narrat,
3268 2548 3427 2604 feria.

1864 2649 1915 2694 ν,
1948 2634 2099 2702 cyclo
2129 2634 2259 2688 solis
2288 2650 2379 2697 xn.
2417 2635 2556 2688 luna:
2585 2651 2657 2691 ix.
2693 2635 2923 2691 Proinde
2950 2638 3126 2692 littera
3162 2637 3423 2690 Domini-.

1865 2724 1997 2779 calls
2026 2731 2141 2780 erat
2169 2723 2234 2779 G.
2265 2726 2393 2780 Item
2424 2737 2607 2780 natum
2646 2744 2766 2783 esse
2786 2726 3051 2782 Joannem
3078 2726 3223 2789 Junii
3254 2745 3407 2791 χχιιι,

1866 2813 1998 2869 feria
2043 2832 2101 2880 ιι,
2128 2831 2318 2885 nempe
2346 2816 2525 2870 littera
2558 2817 2873 2877 Dominicali
2911 2816 2977 2877 F,’
3006 2816 3083 2869 Ex
3120 2824 3200 2870 tot
3236 2833 3404 2870 anno-

1866 2900 1985 2961 rum
2008 2907 2442 2977 characterismis
2463 2909 2715 2975 efﬁcitur,
2747 2908 3016 2962 Zachariae
3031 2906 3409 2987 χρηματισμὸν

1866 3002 1920 3050 et
1947 3005 2262 3066 conceptum
2312 2994 2537 3053 Joannis
2588 2998 2877 3061 caderein
2926 3013 3131 3063 annum
3193 3000 3445 3067 periodi.

1867 3086 2091 3142 Iuliana:
2119 3086 2275 3154 472i,
2306 3088 2400 3157 qui
2434 3098 2664 3143 est-uene
2690 3090 2992 3146 communis
3023 3098 3265 3151 octavus,
3298 3106 3406 3158 quo
3444 3138 3448 3143 .

1872 3174 2042 3229 littera
2077 3174 2175 3229 fuit
2208 3175 2249 3229 G
2283 3158 2401 3245 post
2432 3176 2702 3230 Martium.
2748 3176 3179 3247 Incarnationcm
3225 3187 3401 3233 autem

1866 3263 2211 3333 Natalemque
2240 3265 2461 3329 Christi,
2494 3276 2546 3321 ct
2576 3276 2698 3323 ante
2726 3268 3153 3335 liuncg‘Joannis,
3200 3268 3255 3322 in
3305 3286 3405 3331 an-

1867 3353 2177 3418 num-4722,
2208 3369 2327 3407 tera:
2374 3354 2697 3410 Christiana:
2754 3372 2980 3422 nonum,
3021 3357 3113 3433 qui
3172 3358 3404 3420 litteram

1868 3445 2052 3499 habuit
2083 3444 2142 3498 F.
2182 3444 2271 3499 Sic
2300 3448 2456 3503 annis
2482 3455 2604 3501 octo
2635 3446 2838 3502 tardior
2864 3454 2949 3501 est
2979 3448 3177 3501 natalis
3221 3447 3403 3509 Domi:

1868 3538 2021 3591 uicus
2076 3536 2130 3590 in
2179 3536 2281 3591 hac
2337 3553 2466 3601 tera,
2524 3553 2685 3609 quam
2734 3539 3122 3598 incommuni.
3168 3539 3435 3608 ldipsum.

1868 3629 2251 3691 ἀποδεικτικῶς
2277 3644 2489 3699 quoque
2516 3631 2786 3702 colligitur
2806 3646 2872 3686 ex
2902 3646 3020 3705 cap.
3046 3630 3259 3683 XXXIII
3292 3645 3411 3699 par-

1868 3718 1937 3773 tis
1971 3721 2156 3789 prima:
2184 3722 2420 3790 computi
2461 3721 2696 3781 Maximi.
2736 3722 2943 3792 Quippe
2979 3722 3208 3791 Augusti
3238 3722 3409 3791 impc—

1868 3812 1932 3863 rii
1965 3813 2257 3867 secundum
2289 3827 2487 3867 annum
2512 3815 2599 3871 ait.
2621 3829 2738 3869 esse
2762 3814 3141 3880 mundi‘6460,
3174 3830 3280 3885 quo
3309 3814 3409 3867 fuit

1870 3901 2054 3954 indict.
2089 3902 2494 3973 1,,incarnatum
2519 3919 2645 3958 vexo
2681 3919 2801 3964 esse
2824 3904 3099 3966 Christum
3128 3920 3268 3963 anno
3291 3905 3407 3958 Au—
3498 3938 3501 3941 λ

1868 3992 2009 4061 gusti
2032 3996 2177 4057 xLui,
2203 3992 2391 4050 indict.
2418 4010 2514 4049 ιιι.
2547 3994 2629 4051 Ex
2648 4012 2760 4067 quo.
2783 4012 3119 4067 consequens
3151 4005 3235 4050 est
3266 4011 3409 4050 anno

1868 4082 1995 4137 Julii
2042 4100 2117 4138 ιιι
2167 4086 2369 4155 periodi
2405 4085 2630 4141 Juliana:
2660 4088 2796 4142 4680
2842 4088 3070 4156 Augusti
3122 4087 3409 4156 imperium

1870 4176 2079 4241 iniisse,
2108 4186 2161 4231 et
2190 4192 2389 4230 annum
2430 4177 2555 4231 Julii
2596 4194 2708 4241 xm,
2750 4178 2952 4248 periodi
2996 4178 3223 4233 Juliauze
3272 4177 3406 4232 4681

1872 4270 2164 4323 secundum
2195 4282 2316 4323 esse
2335 4268 2680 4322 monarchize.
2706 4268 2943 4339 Intellige
2972 4270 3236 4324 labentem
3260 4276 3409 4322 utro-

1872 4358 2051 4427 bique.
2112 4356 2324 4413 Etenim
2382 4362 2607 4431 Augusti
2655 4375 2826 4415 annos
2887 4376 2917 4413 a
2979 4359 3152 4414 Thoth
3196 4359 3409 4427 incipit.

1872 4446 2103 4501 Proinde
2154 4450 2361 4518 primus
2419 4448 2592 4504 Thoth
2648 4466 2834 4504 revera
2895 4448 3083 4503 incidit
3125 4448 3177 4501 in
3210 4462 3410 4500 annum

208 4536 458 4592 tesimus
483 4537 771 4591 vicesimus
802 4548 1029 4605 quartus
1050 4544 1173 4590 ante
1200 4535 1766 4590 Christianamaram.

1872 4538 1999 4593 Julii
2031 4556 2111 4605 ιιι,
2161 4540 2375 4609 periodi
2410 4540 2638 4596 Iuliana:
2673 4542 2802 4597 47H
2830 4559 2841 4593 τ
2872 4550 2925 4593 at
2952 4524 3023 4593 ex»
3056 4536 3269 4591 Maximi
3296 4539 3410 4591 cal-

229 4627 414 4693 Quare
448 4629 585 4681 sicut
615 4625 811 4680 additis
835 4626 939 4681 524
975 4627 1040 4680 ad
1078 4626 1237 4689 4589,
1273 4626 1558 4680 conﬁcitur
1596 4640 1770 4679 annus

231 4718 763 4773 nataliscommunis
800 4717 856 4771 in
899 4715 1111 4771 Juliana
1152 4717 1372 4785 periodo
1400 4716 1558 4782 4715,
1588 4716 1666 4770 sic
1707 4714 1773 4768 ad

230 4824 436 4862 annum
466 4808 829 4865 5169additis
860 4809 982 4871 524,
1030 4808 1311 4875 consurgit
1355 4821 1529 4861 annus
1574 4807 1627 4861 in
1667 4820 1773 4860 εει-ιι

228 4897 504 4955 Panodori
533 4900 690 4963 5495,
718 4902 809 4969 qui
839 4898 1324 4953 Alexandrinorum
1350 4896 1774 4966 populari-exor-

229 4991 327 5046 dio
354 4991 516 5060 cmpit
546 4992 614 5045 ab
647 4992 889 5061 Augusto
918 4997 1145 5045 exeunte
1168 4990 1291 5041 anni
1320 4988 1478 5047 4715,
1512 4988 1773 5041 ecclesia-

232 5080 374 5135 stica
423 5095 548 5135 vero
586 5079 971 5134 consuetudine
992 5094 1023 5131 a
1052 5092 1176 5133 vere
1203 5077 1326 5130 anni
1353 5076 1509 5129 4714.
1534 5075 1775 5146 Denique

234 5171 445 5240 primus
479 5186 653 5224 annus
684 5171 958 5233 Actiacus,
1005 5172 1117 5224 sive
1147 5169 1341 5223 mortis
1366 5168 1686 5237 Cleopatras,
1719 5172 1774 5223 in

228 5258 450 5314 Iuliana
474 5260 690 5330 periodo
720 5268 798 5313 est
827 5258 984 5323 4681,
1010 5259 1075 5312 ad
1106 5274 1262 5328 quem
1288 5257 1525 5327 adjuncti
1554 5258 1682 5312 anni
1706 5259 1775 5313 45

232 5352 490 5406 desinunt
524 5353 578 5405 in
606 5366 803 5405 annum
821 5350 1107 5420 4727,_quo
1127 5352 1401 5421 Augustus
1421 5350 1530 5403 lato
1558 5342 1775 5407 funcius

232 5450 341 5498 est;
386 5440 583 5497 Eodem
627 5443 786 5496 modo
830 5444 875 5497 si
922 5442 989 5495 45
1027 5443 1251 5511 adjicias
1287 5444 1353 5497 ad
1389 5444 1546 5507 5465,
1579 5446 1776 5502 conﬁet

234 5535 296 5587 in
323 5531 588 5586 Panodori
618 5542 869 5604 computo
893 5548 1068 5587 annus
1098 5534 1255 5598 5506,
1282 5550 1388 5603 quo
1421 5536 1545 5590 item
1587 5552 1778 5591 exces-

238 5625 313 5679 sit
337 5622 612 5692 Augustus
642 5644 654 5678 :
692 5625 785 5679 sed
819 5626 1001 5679 exiens
1028 5633 1250 5693 uterque
1274 5642 1448 5681 annus
1478 5626 1774 5691 habendus,

237 5722 497 5783 sequente
535 5700 670 5767 5507
701 5723 753 5768 et
793 5716 947 5769 5464.
994 5716 1259 5780 Quocirca
1297 5718 1429 5769 nihil
1467 5727 1550 5772 est
1577 5720 1777 5773 certius

237 5820 400 5874 quam
435 5805 833 5867 incarnationis
864 5822 1080 5869 annum,
1128 5808 1179 5860 in
1222 5823 1378 5877 quem
1416 5808 1676 5864 Panodori
1708 5812 1775 5865 ab

1875 4632 1998 4685 culo
2036 4632 2262 4701 contigit
2306 4646 2449 4685 anno
2490 4630 2617 4685 .Iulii
2654 4648 2722 4693 ιι,
2752 4629 2951 4700 periodi
2981 4628 3206 4685 Iuliana:
3248 4628 3409 4689 4679,

1877 4720 2027 4776 Unde
2056 4736 2196 4774 anno
2237 4721 2367 4775 4681
2426 4722 2481 4775 in
2533 4736 2695 4774 cursu
2745 4727 2859 4774 erat
2915 4720 3091 4773 adhuc
3143 4718 3418 4773 secundus

1873 4812 2099 4883 Augusti
2131 4826 2255 4865 cum
2284 4810 2575 4866 indictione
2598 4828 2633 4865 ι.
2660 4810 2807 4865 Adde
2836 4824 3006 4863 annos
3027 4825 3113 4863 xu
3136 4808 3369 4878 reliquos
3395 4822 3410 4871 ;

1875 4904 2113 4957 incurret
2153 4916 2331 4962 unus
2358 4900 2585 4971 Augusti
2626 4917 2775 4965 xuii,
2807 4916 2914 4977 quo
2966 4902 3279 4953 incarnatus
3328 4909 3414 4973 est
3454 4926 3460 4933 ι

1876 4993 2144 5058 Christus,
2183 4991 2239 5046 In
2282 5004 2482 5049 arri-1
2511 4991 2782 5047 lulianum
2818 4991 3157 5067 Liv,periodi
3184 4990 3416 5045 Iuliana:

1874 5087 2033 5152 4722,
2065 5078 2138 5139 ita
2173 5094 2230 5138 ut
2259 5121 2307 5140 ...
2333 5102 2402 5142 no
2438 5084 2651 5141 Iuliano
2694 5092 2785 5147 Llll
2824 5102 2858 5141 τι
2885 5085 3062 5139 ΤΙιοιὴ
3110 5084 3311 5148 inierit,
3361 5089 3416 5137 et

1876 5176 2073 5231 Martio
2128 5191 2314 5231 mense
2339 5178 2673 5246 Iusequentis
2704 5176 2827 5230 anni
2869 5175 3119 5229 tenuerit.
3147 5172 3310 5229 Vides
3356 5179 3415 5225 ut

1878 5266 2033 5320 annis
2087 5272 2210 5319 octo
2238 5265 2501 5321 taruiorcs
2556 5267 2665 5319 sint
2712 5264 2928 5334 epochaa
2976 5278 3163 5317 omnes
3213 5262 3267 5315 in
3306 5261 3414 5315 isto

1877 5363 2150 5424 computo.
2202 5354 2333 5409 Nam
2362 5354 2540 5410 Thoth
2580 5355 2837 5423 Augustci
2873 5354 3082 5422 imperii
3119 5358 3201 5407 est
3239 5362 3414 5403 annus

1876 5448 2049 5503 Julius
2078 5452 2155 5512 ni,
2195 5464 2222 5500 a
2258 5447 2489 5501 Maximo
2521 5462 2647 5500 vero
2677 5445 2731 5497 ﬁt
2765 5458 2839 5499 xl.
2874 5443 3069 5498 Eadem
3089 5449 3142 5496 et
3175 5442 3229 5494 in
3259 5440 3417 5495 Nice-

1876 5540 2027 5609 pliori
2078 5538 2344 5592 Chronico
2405 5536 2733 5607 perturbatio
2789 5543 2892 5599 est,
2943 5534 3211 5603 quicum
3273 5547 3416 5585 anno

1878 5630 2063 5684 Adami
2090 5629 2246 5693 5501,
2282 5629 2490 5698 imperii
2515 5627 2742 5697 Augusti
2774 5642 2904 5688 mi,
2954 5632 3117 5694 ponat
3165 5624 3416 5677 lncarna-

1879 5722 2074 5775 tionem
2120 5719 2356 5785 Domini;
2403 5719 2750 5772 nihilominus
2810 5732 3006 5771 annum
3058 5715 3283 5769 Nicmnm
3328 5729 3416 5779 sy-

1885 5812 2007 5866 nodi
2062 5821 2305 5866 nunicrat
2359 5811 2425 5865 ab
2471 5809 2840 5863 Inrarnationc
2890 5804 3139 5862 cchvtn.
3195 5813 3248 5859 et
3295 5813 3469 5873 octo,
