4112 6314
707 309 852 369 1399

1684 304 1768 357 AD
1809 304 2071 360 EUSEBII
2106 294 2493 360 CHRONICON
2536 290 2891 349 APPENDIX.

3749 279 3877 332 1400

717 433 875 487 annis
899 430 1078 484 minus
1116 427 1264 482 dicit.
1309 425 1421 481 Nos
1468 427 1521 480 in
1579 441 1719 481 nono
1747 427 1824 482 De
1861 428 2098 481 doctrina
2128 439 2253 482 tem-
2280 432 2326 487 Α
2353 437 2473 478 esse
2499 419 2684 472 volunt
2723 411 2880 474 5777,
2909 401 3301 460 Incarnationis
3321 399 3456 464 277;
3485 394 3639 487 atqui
3766 395 3876 487 illo-

715 537 918 590 porum,
939 533 1055 587 cap.
1098 515 1184 579 IV,
1213 517 1350 570 duos
1375 517 1493 570 illos
1518 530 1689 571 annos
1718 518 2113 588 χρηματισμοῦ.
2154 518 2254 572 Za-

715 611 914 664 charias
987 616 1040 664 et
1109 606 1498 660 Incarnationis
1570 621 1600 658 a
1672 605 1902 661 Maximo
1959 616 2252 678 conceptos

717 701 1000 753 retulimus
1048 699 1103 752 in
1160 692 1298 752 4710
1357 702 1410 750 et
1456 696 1586 748 4711
1643 697 1847 765 periodi
1881 695 2127 763 Julianze,
2158 698 2252 766 qui

719 791 906 844 iisdem
941 786 1363 841 Dominicalibus
1395 786 1587 840 litteris
1619 787 1981 842 instruuntur.
2015 785 2121 842 Sed
2171 788 2254 841 in-

715 878 882 933 dictio
937 874 1052 938 XII,
1099 889 1257 945 quam
1307 874 1472 928 natali
1499 873 1705 930 Christi
1739 875 2004 930 Maximus
2037 891 2253 930 accom-

717 967 916 1030 modat,
941 981 1138 1018 annum
1173 964 1360 1018 suadet
1389 964 1548 1029 4722,
1583 979 1691 1034 quo
1746 962 1990 1018 Romana
2030 966 2254 1020 indictio

714 1063 832 1111 erat
868 1056 921 1109 in
965 1070 1128 1110 cursu
1168 1070 1242 1108 χιι
1276 1069 1305 1107 a
1333 1052 1612 1121 Januario,
1646 1053 1728 1107 vel
1780 1068 1810 1107 a
1839 1051 2051 1118 Martio,
2094 1053 2254 1124 Apri-

715 1149 836 1211 Iive,
887 1155 944 1201 ut
991 1156 1142 1217 putat
1188 1144 1604 1200 Maximus..Sic
1641 1144 1695 1198 in
1739 1145 2005 1214 baptismo
2050 1144 2255 1200 Christi

714 1253 777 1292 ac
815 1239 1065 1308 passione
1099 1236 1244 1289 labes
1289 1234 1471 1288 eadem
1523 1234 1761 1302 computi
1793 1235 2049 1297 cernitur,
2084 1235 2253 1303 siqui-

715 1329 833 1383 dem
869 1343 988 1399 cap.
1046 1325 1238 1380 XXXII
1283 1325 1608 1394 baptizatum
1655 1338 1685 1376 a
1725 1321 1932 1378 Joanne
1976 1323 2253 1378 Christum

717 1425 976 1473 memorat
1016 1432 1158 1471 anno
1193 1416 1352 1478 5550,
1394 1415 1527 1470 feria
1559 1430 1636 1468 ιιι.
1675 1413 1815 1483 Ergo
1849 1415 2025 1468 littera
2072 1413 2254 1468 Domi-

714 1511 825 1564 nic.
859 1508 919 1573 D,
955 1507 1177 1575 adjectis
1212 1521 1339 1559 xxix
1366 1505 1430 1558 ad
1466 1519 1586 1559 eum
1612 1518 1834 1569 annum,
1866 1519 1972 1572 quo
2003 1504 2254 1556 incarna-

649 1660 657 1674 1
713 1606 802 1652 tus
839 1604 941 1651 est.
978 1595 1131 1650 Unde
1153 1600 1236 1648 est
1266 1593 1355 1646 hic
1391 1607 1564 1646 annus
1589 1591 1790 1661 periodi
1824 1591 2051 1645 Juliana:
2093 1592 2250 1656 4752,
2301 1607 2305 1612 ·

712 1703 821 1756 quo
851 1687 916 1740 ad
947 1700 1169 1738 vernum
1228 1697 1398 1752 usque
1453 1696 1692 1737 mensem
1749 1681 2027 1736 labebatur
2078 1696 2251 1734 annus

2351 524 2469 564 rum
2500 513 2679 560 mente
2734 502 2782 555 is
2824 511 2945 553 esse
2988 493 3146 548 debet
3187 505 3304 545 terte
3366 495 3569 544 nostrae
3617 485 3738 539 285.
3794 482 3898 538 Sic"

2351 598 2704 668 Theophanes
2747 585 3089 645 Constantini
3137 583 3343 636 obitum
3389 579 3557 634 refert
3603 577 3656 630 in
3683 589 3873 628 annum

2350 688 2534 744 mundi
2561 685 2718 748 5829,
2744 676 3133 736 Incarnationis
3157 674 3295 728 529:
3349 685 3510 740 quem
3557 676 3759 722 certum
3801 676 3876 720 est

2351 794 2469 834 aet-te
2497 774 2799 832 communis
2829 783 2969 823 anno
2996 765 3100 820 557
3140 759 3657 817 incidisse..Rursus
3685 755 3870 808 Valen-

2351 870 2543 925 tiniani
2574 864 2850 922 exordium
2894 858 3104 915 confert
3158 857 3212 910 in
3265 868 3466 907 annum
3513 848 3695 903 mundi
3749 847 3874 900 5857

2351 966 2666 1021 exeuntem;
2699 961 2954 1021 sequente
2978 963 3097 1002 mox
3126 945 3283 1008 5858,
3318 942 3574 1013 quoniam
3601 936 3874 994 Februario

2350 1058 2562 1103 creatus
2591 1054 2676 1101 est
2709 1047 3030 1112 imperator;
3065 1035 3266 1106 Christi
3298 1045 3474 1088 autem
3496 1037 3762 1100 computat
3783 1029 3874 1082 557

2339 1138 2534 1194 itidem
2565 1140 2869 1191 exeuntem.
2906 1128 3205 1184 Discrimen
3238 1129 3502 1178 annorum
3553 1121 3602 1182 7,
3633 1118 3875 1189 quemad-

2352 1228 2568 1284 modum
2610 1233 2664 1281 et
2704 1225 2757 1278 in
2803 1234 2944 1276 anno
2976 1203 3701 1276 concilii‘Chalcedonensis,
3743 1211 3874 1278 quod

2354 1334 2496 1374 anno
2528 1315 2715 1370 mundi
2761 1312 2919 1377 5944,
2966 1308 3262 1364 indictione
3291 1323 3322 1360 v
3357 1305 3681 1360 celebratum
3704 1299 3874 1364 docet,

2353 1425 2494 1465 anno
2524 1407 2726 1464 Christi
2763 1403 2890 1459 444.
2922 1402 3080 1471 Atqui
3115 1413 3257 1452 anno
3289 1397 3388 1451 451
3436 1410 3557 1450 aera:
3583 1403 3776 1450 nostra:
3800 1403 3875 1447 est

2353 1500 2612 1562 habitum,
2645 1497 2724 1551 sic
2762 1508 2870 1548 uno
2897 1490 3165 1546 interdum
3193 1502 3332 1541 anno
3367 1485 3435 1539 ab
3469 1484 3704 1537 instituta
3726 1482 3875 1534 chroo

2353 1588 2569 1658 nologia
2600 1583 2953 1651 Theophanes
2984 1579 3234 1632 aberrat:
3267 1589 3330 1628 ac
3372 1579 3576 1642 septem
3624 1585 3868 1623 annorum

2352 1674 2725 1733 tantummodo
2756 1673 3048 1726 discrimen
3082 1667 3243 1732 facit;
3275 1679 3396 1718 cum
3430 1669 3554 1717 octo
3575 1676 3691 1714 esse
3715 1675 3872 1713 anno-

714 1748 927 1832 Maximi
951 1776 1088 1833 5550
1121 1781 1174 1830 et
1211 1748 1339 1828 5551
1382 1773 1504 1828 inde
1539 1773 1820 1828 successit.
1867 1771 1999 1826 Item
2042 1773 2250 1841 passio—
2284 1748 2325 1806 Β
2354 1784 2471 1823 rum
2498 1766 2743 1835 oporteat
2765 1776 2831 1816 ex
2856 1760 3003 1814 illius
3022 1755 3318 1811 ratiociniis
3342 1772 3353 1804 :
3381 1752 3536 1821 cujus
3561 1752 3692 1804 ratio
3706 1766 3770 1805 ex
3795 1752 3870 1813 iis,

715 1886 836 1925 nem
873 1868 1076 1924 Christi
1115 1866 1336 1936 conjicit
1364 1866 1419 1919 in
1469 1880 1668 1918 annum
1698 1863 1859 1925 5554,
1882 1877 1945 1916 ac
1979 1861 2120 1918 diem
2149 1860 2252 1915 Pa-

713 1975 989 2022 rasccves;
1039 1975 1157 2030 quae
1185 1959 1396 2030 quidem
1430 1956 1606 2010 Martii
1647 1970 1780 2010 χχιιι
1817 1953 2061 2024 contigit,
2096 1960 2155 2007 ut
2187 1969 2252 2008 ex

714 2046 940 2118 Georgio
989 2063 1111 2101 mox
1161 2046 1496 2118 probabitur,
1528 2045 1707 2098 littera
1749 2042 2010 2097 Dominic.
2057 2040 2121 2096 G.
2149 2041 2254 2095 Ita-

711 2153 818 2206 que
845 2152 1017 2192 annus
1057 2135 1158 2190 fuit
1187 2136 1393 2206 periodi
1425 2134 1649 2188 Iuliana:
1675 2134 1836 2188 4755.
1884 2133 2014 2198 Quae
2043 2131 2255 2187 Graeco-

713 2242 831 2281 rum
860 2231 1122 2283 sententia
1152 2243 1259 2281 non
1293 2228 1462 2296 magis
1493 2225 1695 2295 reliqua
1729 2226 1795 2278 ab
1827 2225 2072 2290 historia,
2094 2239 2253 2293 quam

715 2319 781 2372 ab
804 2318 1107 2388 evangelica
1137 2318 1444 2371 narratione
1468 2317 1756 2386 discrepat.
1793 2313 1925 2370 Nam
1958 2316 2156 2370 Tiberii
2189 2330 2254 2368 xv

715 2409 827 2463 fere
855 2409 1157 2478 baptizatus
1184 2416 1267 2461 est
1301 2402 1665 2472 Christus;‘et
1697 2405 1883 2460 eodem
1922 2405 2251 2473 imperante,

715 2499 896 2561 tertio,
923 2507 1183 2568 quartove
1215 2512 1356 2551 anno
1387 2507 1568 2566 postea
1593 2512 1786 2566 passus
1814 2515 1826 2548 :
1857 2503 1912 2548 at
1946 2510 2009 2549 ex
2039 2495 2254 2548 Maximi

715 2598 965 2658 computo
995 2589 1257 2658 sequitur,
1285 2589 1413 2642 Caio
1453 2589 1746 2656 imperante
1779 2593 1830 2641 et
1863 2587 1980 2656 ejus
2010 2602 2151 2640 anno
2173 2602 2256 2640 sc-

715 2682 891 2734 cundo
916 2681 979 2733 ad
1008 2681 1335 2749 baptismum
1366 2678 1591 2733 Joannis
1622 2680 1916 2735 accessisse
1970 2680 2252 2734 Dominum

714 2781 767 2827 et
812 2787 1028 2842 passum
1082 2787 1201 2826 csse
1232 2771 1441 2828 Claudii
1491 2773 1763 2826 secundo:
1811 2787 1931 2842 quae
1977 2782 2104 2826 sunt
2164 2772 2256 2825 ab-

716 2863 1057 2916 surdissilna.

707 3019 712 3024 ι
786 2952 1050 3022 Georgius
1101 2951 1382 3020 Syncellus
1428 2953 1482 3006 in
1541 2951 1724 3007 eadem
1785 2960 1867 3007 est
1921 2967 2082 3007 causa
2133 2968 2253 3006 cum

2352 1875 2470 1930 quae
2509 1859 2575 1912 de
2610 1868 2874 1908 annorum
2915 1850 3084 1906 initiis
3115 1849 3170 1903 in
3207 1861 3349 1902 anno
3384 1844 3598 1900 Juliano
3626 1845 3873 1905 dicentur,

2354 1959 2624 2020 utcunque
2651 1944 2938 2001 constabit.

2420 2063 2499 2117 Ex
2547 2061 2631 2117 his
2656 2058 2909 2113 omnibus
2935 2053 3080 2125 quod
3129 2053 3282 2107 initio
3318 2050 3599 2120 posuimus
3647 2046 3873 2109 efﬁcitur,

2352 2157 2514 2216 trium
2552 2165 2781 2208 terarum
2811 2149 2944 2202 duas
2972 2144 3402 2200 Incarnationem
3432 2140 3637 2195 Christi
3666 2138 3875 2193 diversis

2354 2219 2508 2296 annis
2552 2241 2841 2309 affingere;
2875 2251 2938 2290 ac
2971 2234 3191 2305 prioris,
3221 2247 3339 2301 quae
3363 2231 3496 2285 5501
3558 2236 3723 2300 putat,
3758 2226 3876 2281 ulti-

2354 2347 2501 2386 mum
2528 2330 2817 2386 convenire
2837 2325 3040 2382 Christi
3087 2337 3230 2377 anno
3259 2336 3438 2387 nono;
3473 2321 3696 2374 alterius
3737 2332 3873 2378 vero,

2353 2438 2472 2493 quae
2497 2422 2633 2477 5495
2658 2425 2920 2481 numerat,
2953 2430 3096 2469 anno
3124 2416 3294 2484 primo
3318 2431 3331 2466 :
3354 2414 3598 2482 adeoque
3624 2427 3722 2465 non
3753 2411 3880 2464 duos

2356 2515 2578 2567 annales
2634 2520 2947 2580 computos;
2991 2506 3086 2561 sed
3137 2521 3301 2559 unum
3348 2513 3402 2558 et
3453 2504 3695 2558 eumdem
3748 2518 3874 2580 esse.

2355 2606 2567 2662 Etenim
2623 2617 2826 2657 annum
2878 2598 3200 2654 Christianae
3258 2596 3342 2649 vel
3396 2593 3724 2664 Dionysianaa
3772 2605 3874 2644 κη

2355 2699 2586 2766 primum
2616 2702 2845 2762 uterque
2873 2695 3158 2759 computus
3180 2686 3319 2741 5405
3345 2692 3592 2739 numerat
3619 2704 3631 2738 :
3661 2699 3751 2737 nec
3784 2698 3874 2734 non

2357 2803 2558 2842 annum
2623 2785 2865 2852 ejusdem
2931 2795 3052 2834 atra:
3105 2793 3307 2866 npnum
3373 2785 3599 2843 uterque
3659 2782 3880 2826 recenset

2356 2880 2512 2935 5501.
2547 2876 2753 2944 Quippe
2784 2874 2850 2927 de
2883 2886 3025 2924 anno
3051 2864 3301 2923 currente
3331 2866 3512 2920 mundi
3543 2864 3607 2917 ad
3651 2865 3876 2916 Incarna-

2357 2969 2521 3023 tionis
2547 2980 2750 3019 annum
2774 2958 3168 3028 assequendum
3204 2959 3412 3026 priores
3439 2971 3610 3009 annos
3642 2954 3769 3008 5500
3797 2952 3877 3004 ἀε-

715 3039 967 3104 Maximo.
1003 3040 1133 3094 Nam
1182 3047 1235 3095 et
1291 3057 1508 3109 passum
1559 3059 1677 3098 esse
1712 3043 1822 3094 vult
1851 3042 2124 3096 Christum
2160 3059 2254 3096 xm
2286 3078 2330 3139 ο
2364 3059 2624 3119 uallum;
2663 3053 2998 3124 posteriores
3040 3048 3197 3112 5492,
3232 3064 3300 3102 ex
3335 3061 3442 3117 quo
3498 3045 3667 3113 major
3713 3041 3872 3110 hujus.

717 3132 926 3196 Martii,
994 3133 1357 3187 resurrexisse
1418 3149 1545 3188 vero
1623 3151 1744 3196 xxv,
1806 3135 1980 3189 aetatis
2047 3136 2258 3206 expleto

718 3239 910 3285 xxxiii,
941 3238 1080 3276 anno
1109 3223 1177 3278 ab
1198 3223 1402 3277 Adamo
1431 3225 1709 3278 desinente
1749 3226 1906 3288 5555,
1957 3232 2010 3281 et
2045 3227 2259 3282 ineunte

716 3314 855 3368 5554
910 3330 976 3367 ex
1026 3329 1074 3367 a.
1129 3314 1183 3367 d.
1227 3330 1318 3366 vm
1361 3315 1585 3368 Kalend.
1642 3315 1808 3384 April.
1862 3317 2120 3370 Praeterea
2162 3333 2259 3370 an-

716 3418 844 3455 num
867 3401 1057 3456 mortis
1080 3402 1368 3456 Alexandri
1407 3402 1578 3472 Magni
1602 3414 1849 3458 numerat
1877 3407 2062 3458 mundi
2099 3406 2255 3464 5l70.

719 3493 881 3561 idque
910 3492 964 3546 in
989 3494 1241 3547 confesso
1268 3495 1340 3546 ait
1369 3500 1507 3564 apud
1548 3511 1734 3550 omnes
1764 3512 1904 3550 esse.
1937 3496 2003 3548 At
2033 3495 2259 3566 Augusti

719 3583 1045 3637 monarchiae
1093 3584 1342 3654 primum,
1390 3602 1508 3654 qua:
1546 3601 1685 3639 anno
1720 3595 1839 3655 post
1867 3595 2094 3640 mortem
2135 3587 2259 3640 Julii

718 3674 888 3726 altero
946 3676 1129 3741 carpit,
1179 3689 1298 3728 esse
1337 3674 1504 3739 5458;
1555 3675 1797 3742 ejusdem
1859 3690 1985 3728 vero
2034 3686 2259 3728 mortem

715 3765 1010 3834 contigisse
1039 3767 1178 3818 inter
1220 3766 1355 3819 5514
1381 3773 1432 3820 et
1480 3767 1639 3829 5515,
1673 3783 1792 3820 cum
1831 3766 2077 3820 Christus
2100 3782 2263 3834 prope

647 3873 652 3877 ·
719 3856 986 3909 decimum
1020 3857 1266 3925 quintum
1317 3861 1493 3912 aetatis
1534 3874 1734 3911 annum
1775 3867 1974 3927 ageret.
2005 3857 2264 3912 Interval-

721 3948 829 3999 lum
882 3948 950 4002 ab
1001 3962 1142 4001 anno
1191 3948 1328 4002 5170
1362 3949 1416 4002 in‘
1460 3964 1620 4017 quem
1653 3947 1829 4002 Thoth
1872 3947 2104 4018 Philippi
2134 3964 2263 4002 con-

716 4038 880 4106 gruit,
910 4039 974 4091 ad
1005 4039 1140 4092 5458
1168 4041 1490 4094 monarchia:
1519 4039 1769 4108 Augusti,
1804 4046 1931 4092 sunt
1960 4041 2083 4091 anni
2119 4039 2220 4092 288

716 4145 857 4198 quos
892 4131 939 4183 si
969 4130 1246 4187 addideris
1281 4132 1348 4186 ad
1391 4147 1592 4184 annum
1623 4131 1828 4200 periodi
1851 4129 2076 4184 Julianae
2104 4131 2260 4194 4590,

716 4237 825 4289 quo
860 4229 1102 4276 mortuus
1141 4231 1223 4275 est
1262 4223 1562 4277 Alexander
1596 4223 1839 4291 Magnus,
1872 4221 2066 4276 conﬁet
2093 4237 2265 4276 annus

716 4313 876 4375 4678,
913 4314 1114 4381 quiest
1155 4323 1372 4373 octavus
1418 4325 1536 4382 post
1582 4323 1804 4368 mortem
1830 4312 1958 4366 Julii
1991 4312 2261 4368 Caesaris:

719 4421 838 4474 qua:
873 4421 1012 4457 anno
1046 4405 1184 4459 4670
1213 4405 1400 4457 incidit
1835 4399 1841 4402 ’

792 4496 1000 4569 Rursus
1025 4496 1362 4551 intervallum
1393 4498 1460 4550 ab
1491 4512 1630 4550 anno
1654 4497 1793 4550 5458
1837 4497 1902 4549 ad
1931 4496 2088 4559 5515,
2123 4511 2267 4550 mor-

720 4591 792 4641 tis
836 4587 1084 4656 Augusti,
1126 4588 1254 4640 anni
1292 4589 1359 4642 57
1389 4606 1402 4654 ;
1435 4604 1571 4657 quos
1611 4589 1655 4642 si
1703 4588 1770 4640 ad
1805 4603 2003 4641 annum
2059 4588 2265 4657 periodi

725 4677 945 4731 iulianze
981 4675 1118 4730 4678
1148 4677 1392 4745 adjicias,
1425 4679 1836 4732 exsistetannus
1866 4678 2068 4747 periodi
2093 4677 2264 4731 Julia-

720 4783 802 4820 n:e
856 4767 1015 4827 4755,
1070 4781 1178 4834 quo
1240 4781 1496 4822 excessus
1531 4768 1756 4838 Augusti
1807 4769 2048 4836 conligit.
2105 4769 2266 4838 Atqui

721 4859 972 4913 convenit
994 4860 1136 4912 hunc
1183 4874 1324 4911 anno
1363 4860 1565 4928 periodi
1598 4860 1826 4914 Julianze
1875 4860 2012 4912 4727
2046 4861 2263 4914 obiisse.

722 4950 891 5019 Igitur
918 4950 1073 5002 annis
1095 4955 1218 5003 octo
1251 4963 1428 5003 veram
1448 4951 1702 5020 epocham
1729 4961 1970 5003 moratur
1986 4950 2267 5018 Georgius.

795 5041 930 5094 Ilinc
960 5041 1089 5094 illud
1122 5041 1340 5107 accidit,
1370 5049 1426 5094 ut
1466 5042 1520 5094 in
1558 5042 1838 5102 annalibus
1879 5041 2091 5111 Georgii
2127 5041 2268 5112 Syn-

681 5182 687 5185 _
724 5132 866 5195 celli,
917 5139 972 5185 et
1002 5130 1108 5198 -qui
1138 5132 1256 5200 ejus
1305 5132 1639 5186 continuavit
1686 5148 1842 5202 opus,
1883 5129 2266 5200 TheOphanis;

725 5239 823 5278 nec
869 5238 979 5277 non
1018 5221 1178 5292 hujus
1231 5223 1540 5293 interpretis
1588 5223 1856 5288 Miscellaz,
1896 5225 2022 5276 anni
2071 5225 2272 5280 Christi

725 5325 847 5366 octo
879 5315 1061 5368 minus
1101 5313 1382 5383 colligant,
1433 5331 1595 5384 quam
1644 5331 1750 5368 tera
1783 5317 2123 5371 communis:
2172 5332 2272 5372 nec

723 5413 878 5459 auter
931 5406 1193 5461 Maximus
1227 5407 1478 5461 instituit.
1511 5406 1607 5460 llic
1639 5409 1781 5462 enim
1809 5408 2038 5462 I-leraclii
2069 5425 2270 5464 annum

726 5514 850 5550 xxiii
884 5514 1003 5550 cum
1038 5515 1180 5551 anno
1211 5500 1405 5553 Christi
1445 5501 1546 5552 655
1572 5501 1844 5568 componit
1875 5501 1928 5559 in
1952 5516 2094 5552 anno
2123 5517 2272 5554 com-

723 5589 902 5642 munis
940 5606 1057 5644 :enc
1091 5591 1223 5655 641,
1257 5601 1314 5642 ιιι
1352 5593 1508 5660 paulo
1558 5602 1676 5659 post
1719 5592 1948 5644 dicetur.
2005 5591 2270 5660 Georgius

724 5687 776 5729 et
816 5677 1167 5746 Theophanes
1221 5696 1418 5734 annum
1465 5684 1634 5748 primu
1682 5705 1687 5717 ι
1725 5681 2038 5736 Diocletiani
2086 5683 2267 5734 Iliiliizii

2326 3129 2518 3219 jquam
2581 3147 2749 3209 illius,
2817 3141 3060 3198 calculus
3122 3138 3371 3194 efficitur.
3431 3137 3622 3190 Annus
3670 3129 3876 3199 cxcmpii

2357 3253 2522 3298 causa
2560 3235 2746 3290 mundi
2784 3231 2926 3304 apud
2958 3230 3246 3285 Maximum
3276 3228 3414 3283 5155
3449 3225 3700 3280 detraCtis
3735 3220 3875 3279 5500.

2357 3331 2459 3384 erit
2505 3328 2570 3381 ab
2622 3325 2998 3380 lncarnatione
3027 3321 3150 3376 655.
3186 3318 3441 3374 Deductis
3461 3332 3590 3371 vero
3616 3313 3762 3375 5492,
3793 3327 3878 3380 pu-

2359 3420 2559 3472 tabitur
2599 3416 2722 3477 641,
2762 3415 2828 3468 ad
2889 3429 3050 3482 quem
3109 3424 3294 3464 revera
3357 3408 3619 3462 Maximus
3644 3413 3877 3477 perpetuo

2359 3519 2662 3580 respectum
2693 3505 2904 3559 habuit.
2942 3502 3127 3572 Itaque
3158 3503 3212 3554 in
3258 3501 3414 3554 annis
3465 3499 3648 3553 mundi
3676 3512 3877 3551 consen-

2331 3589 2500 3654 °tiunt
2529 3599 2686 3650 ambo
2717 3594 2976 3664 computi,
3007 3595 3059 3647 in
3088 3593 3246 3648 annis
3276 3591 3666 3646 Incarnationis
3692 3587 3878 3642 dissen-

2361 3690 2518 3741 tiunt.
2545 3685 2660 3738 Non
2717 3684 2913 3738 debent
2948 3681 3110 3751 igitur
3153 3679 3336 3734 mundi
3367 3694 3487 3733 tera:
3536 3678 3617 3731 vel
3646 3673 3875 3744 computi,

2361 3779 2567 3834 censeri
2599 3779 2738 3842 duo;
2771 3776 2862 3831 sed
2892 3789 3033 3830 unus
3062 3773 3350 3837 duntaxat;
3377 3770 3534 3840 cujus
3570 3767 3633 3822 ad
3665 3769 3878 3822 diversos

2362 3888 2531 3925 annos
2579 3868 2778 3923 Christi
2819 3863 3218 3937 ὲνανθρώπησις
3249 3863 3517 3931 alligatur.
3565 3861 3733 3925 Quare
3780 3857 3876 3910 dua

2362 3973 2594 4027 tantum,
2631 3959 2772 4030 quod
2801 3957 3132 4018 dicebamus,
3157 3954 3435 4022 praecipuae
3463 3960 3589 4006 sunt
3621 3965 3734 4004 aet-te
3758 3946 3879 4000 Gne-

2362 4071 2569 4116 corum,
2601 4066 2787 4119 nempe
2821 4064 2952 4110 una,
2987 4047 3142 4114 cujus
3172 4047 3226 4099 in
3265 4058 3463 4097 annum
3513 4040 3648 4096 5195
3699 4039 3876 4109 primus

2365 4157 2538 4196 annus
2572 4155 2691 4195 (erae
2729 4136 3082 4207 Dionysianae,
3137 4135 3218 4188 vel
3261 4131 3564 4187 communis
3616 4127 3874 4197 congruit:

2363 4243 2416 4288 et
2439 4233 2624 4291 altera,
2661 4242 2778 4299 (piae
2827 4226 3072 4280 eumdem
3105 4237 3303 4277 annum
3361 4229 3609 4274 numerat
3663 4219 3728 4272 ab
3770 4217 3875 4270 orbe

2367 4323 2582 4377 condito
2613 4319 2771 4374 5509.
2797 4316 3099 4374 Posteriore
3122 4315 3220 4366 hac
3247 4311 3464 4366 lsaacus
3483 4310 3771 4364 monachus
3793 4305 3876 4360 uti-

2297 4409 2338 4462 Ῑ)
2369 4424 2488 4479 tur;
2519 4413 2612 4483 qui
2670 4427 2786 4480 cap.
2835 4408 2902 4463 Ill
2933 4407 3170 4478 computi
3198 4420 3394 4459 annum
3427 4404 3610 4458 mundi
3639 4402 3763 4456 688i
3797 4413 3875 4452 nuo

2367 4514 2538 4560 merat
2584 4519 2729 4565 eum,
2784 4501 2874 4571 qui
2922 4498 3278 4569 aSeptembri
3329 4497 3491 4565 ccepit
3545 4495 3668 4549 anni
3707 4488 3875 4546 Christi

2369 4595 2527 4658 I572,
2562 4609 2671 4663 quo
2702 4607 2843 4646 anno
2893 4589 3141 4645 Octobris
3171 4605 3320 4654 xxvt,
3375 4587 3506 4642 feria
3553 4601 3611 4639 III
3653 4581 3872 4649 contigit;

2368 4685 2588 4756 proinde
2612 4685 2786 4738 littera
2804 4682 2843 4736 C
2868 4680 2984 4740 fuit.
3001 4696 3063 4733 ac
3082 4681 3333 4734 nimirum
3352 4692 3525 4730 annus
3544 4675 3737 4729 Christi
3752 4670 3872 4726 1572.

2369 4775 2609 4844 Demptis
2640 4773 2776 4828 5508
2805 4773 2869 4825 de
2898 4771 3056 4832 6881,
3092 4769 3280 4844 reliqui
3312 4776 3439 4822 sunt
3480 4767 3634 4829 I575,
3666 4761 3873 4836 quando-

2369 4843 2582 4934 quidem
2639 4877 2813 4916 annus
2868 4843 3174 4914 Graecorum
3231 4855 3376 4914 6881'.
3414 4857 3607 4926 majori
3638 4857 3719 4912 sui
3752 4859 3873 4926 parte

2369 4969 2492 5009 cum
2526 4954 2660 5008 1575
2683 4952 2884 5007 Christi
2903 4951 3210 5015 concurrit;
3241 4955 3332 5002 aut
3351 4963 3380 5001 a
3411 4962 3578 5002 verno
3606 4962 3779 5002 mense
3799 4960 3872 4997 an-

2369 5045 2425 5100 ni
2478 5044 2718 5114 ejusdem
2757 5059 2822 5098 ex
2868 5041 3140 5096 communi
3168 5038 3420 5094 methodo
3461 5039 3674 5093 illorum
3702 5033 3874 5102 incipit,

2371 5136 2449 5192 uti
2477 5153 2600 5190 mox
2627 5136 2922 5191 ostendam.
2943 5132 3204 5187 Prmterea
3230 5128 3371 5185 Gaza
3388 5131 3525 5200 libro
3539 5129 3614 5182 υτ
3632 5125 3873 5181 mensibus.

2370 5241 2470 5295 cap
2499 5224 2641 5292 XXI,
2674 5237 2872 5278 annum
2902 5219 3107 5274 Christi
3135 5217 3494 5272 Romanorum
3527 5214 3731 5268 calculo
3753 5208 3873 5263 1470.

2372 5316 2448 5369 ait
2474 5332 2503 5369 a
2533 5315 2735 5369 Grzecis
2763 5311 2939 5382 putari
2972 5309 3158 5364 mundi
3187 5306 3344 5362 6978.
3379 5305 3541 5359 Deme
3572 5303 3748 5356 annos

2371 5414 2578 5461 restant
2630 5405 2786 5458 1470.
2819 5401 3083 5468 Quocirca
3119 5413 3262 5460 cum,
3303 5405 3362 5450 ut
3400 5396 3555 5448 initio
3590 5393 3776 5463 capitis
3800 5389 3874 5440 liu-

2368 5499 2458 5568 jus
2507 5497 2858 5557 ostendimus,
2911 5492 3106 5547 diversi
3156 5491 3231 5544 illi
3277 5488 3513 5555 computi
3566 5488 3872 5539 censeantur.

2373 5591 2460 5660 qui
2496 5592 2559 5643 all
2589 5589 2833 5643 eumdem
2868 5601 3066 5641 annum
3091 5600 3212 5639 aera?
3235 5592 3432 5636 nostra:
3466 5580 3705 5635 diversas
3742 5585 3874 5660 anuof

2376 5657 2488 5735 rum
2541 5695 2780 5736 summas
2823 5678 3109 5747 colligunt;
3151 5674 3257 5728 duo
3309 5677 3454 5735 sunt,
3495 5685 3600 5723 non
3653 5677 3777 5725 tres,
3821 5657 3872 5712 illi
