4112 6314
164 430 289 485 1401

160 655 278 693 nius
313 653 514 691 annum
546 652 689 699 eum,
721 638 809 703 qui
845 636 1050 704 primus
1077 642 1159 688 est
1203 650 1323 687 ante
1354 645 1569 697 nostraa,
1602 650 1701 685 nu-

161 736 330 781 merat
379 727 445 779 ab
482 726 686 778 Adamo
715 724 884 788 5493;
916 724 1179 792 posterior
1206 722 1363 783 5509,
1399 737 1495 776 nec
1521 723 1702 791 plures

160 815 467 870 Graecorum
497 815 700 883 antiqui
730 814 1061 881 computistie
1089 821 1413 866 memorant:
1439 812 1528 880 qui
1561 811 1703 879 prio-

159 920 269 958 rem
300 913 493 959 vocant
539 903 677 955 κατὰ
708 901 1113 971 Ἀλεξανόρέας,
1151 917 1248 957 nos
1290 887 1702 956 Alexandrinam

158 993 515 1061 appellemus;
538 991 886 1060 posteriorem
917 989 1055 1041 κατὰ
1096 990 1415 1060 Ῥωμαίους,
1440 1006 1538 1043 nos
1563 990 1705 1043 Con—

158 1082 719 1150 stantinopolitanam,
756 1093 785 1131 a
817 1093 956 1132 nova
1010 1077 1181 1131 Roma
1232 1082 1589 1133 nominemus.
1627 1078 1703 1131 Ita

159 1172 513 1241 Theophanes
546 1186 651 1224 non
676 1185 781 1223 uno
809 1170 946 1222 loco.
971 1167 1039 1220 At
1066 1168 1311 1238 Scaliger
1344 1183 1511 1222 novas
1541 1184 1704 1237 quas-

158 1263 283 1315 dam
322 1262 397 1313 uti
431 1260 667 1313 rationes
698 1272 927 1312 aerarum
977 1258 1222 1320 istarum,
1266 1259 1346 1311 sic
1390 1257 1704 1325 appellatio-

158 1365 253 1403 nes
301 1348 641 1415 excogitavit,
679 1355 938 1413 utrasque
969 1354 1144 1397 autem
1174 1344 1397 1407 alienas,
1427 1351 1481 1397 et
1510 1344 1704 1397 absur-

158 1441 279 1500 das,
310 1453 443 1507 quas
466 1437 557 1491 lib.
594 1436 660 1488 lx
688 1435 762 1489 De
776 1436 1013 1489 doctrina
1042 1445 1346 1503 temporum,
1380 1448 1500 1503 cap.
1524 1432 1588 1497 ν,
1619 1449 1703 1488 re-

160 1528 415 1591 fellimus,
466 1542 529 1580 ac
577 1526 643 1581 de
673 1526 739 1580 iis
780 1524 938 1595 paulo
967 1532 1087 1593 post
1110 1524 1303 1578 iterum
1322 1538 1560 1593 agemus.
1586 1520 1701 1574 Erit

158 1617 248 1684 qui
282 1616 349 1669 ad
382 1615 500 1668 illas
528 1614 663 1687 duas
690 1616 905 1667 tertiam
930 1620 1079 1682 putet
1128 1611 1547 1681 adjungendam,
1583 1625 1702 1679 quae

156 1721 357 1759 annmn
384 1704 791 1766 lncarnationis,
818 1712 871 1759 et
894 1703 1088 1757 natalis
1110 1710 1385 1771 computat
1413 1703 1482 1754 ab
1497 1699 1701 1753 Adamo

157 1795 313 1871 5507,
341 1791 503 1865 quam
527 1794 783 1848 adhibent
826 1801 1075 1847 auctores
1117 1791 1318 1861 aliqui,
1371 1799 1428 1845 ut
1469 1791 1700 1843 Alexan-

1128 412 1582 482 Dtssen'rA'rio'
1616 426 1701 479 ne
1733 426 2138 484 cantantium
2176 425 2378 480 τηις.

161 550 467 603 ϋτεεευιιυω
498 540 772 614 εοηιρυιίς
809 560 1037 614 quorum
1084 545 1249 613 prior,
1293 552 1345 598 et
1389 544 1701 612 antiquissi-
1728 551 1776 605 Λ

3207 422 3340 480 MO!

2403 536 2629 594 CAPUT
2674 536 2735 595 il.

1801 676 1878 729 De
1906 686 2145 741 computo
2175 675 2356 727 annali
2383 688 2628 731 veterum.
2672 675 2919 742 imprimis
2951 672 3188 742 Africani
3235 689 3342 725 mc-

1874 738 2031 797 tltodi'
2067 746 2283 797 vinculis
2322 745 2510 795 soluto.
2559 738 2803 809 Ejusdem
2843 738 3079 809 Africani
3118 740 3342 796 Chroni-

1870 830 1985 867 cum
2014 828 2138 880 opus
2168 814 2487 865 illustratur.
2515 812 2689 866 Pltotii
2724 813 2973 866 obscurus
3008 811 3147 865 locus
3176 810 3340 878 expli-

1870 895 2040 937 catur.
2063 881 2218 952 .Cesti
2247 882 2504 949 Africani.

1870 992 2090 1048 Veteres
2122 994 2175 1047 in
2219 992 2425 1046 Graecia
2451 990 2744 1047 Christiani
2777 991 2833 1045 in
2861 991 3016 1046 annis
3045 990 3112 1044 ab
3139 990 3340 1044 Adamo

1803 1085 2054 1154 putandis
2099 1084 2234 1147 sola,
2264 1098 2383 1153 qua:
2430 1083 2483 1135 in
2518 1083 2688 1138 sacris
2737 1081 2890 1136 libris
2915 1089 3149 1143 exstant,
3178 1080 3342 1134 inter-

1802 1177 1939 1229 valla
1970 1176 2320 1243 spectabant;
2366 1188 2465 1227 nec
2502 1174 2722 1226 annales
2748 1180 3030 1240 computos
3076 1186 3205 1225 suos
3233 1170 3341 1223 ulla

1803 1264 2108 1333 paschalem
2164 1263 2230 1316 ad
2288 1261 2599 1317 methodum
2650 1260 2849 1330 σχέσει,
2878 1248 2961 1313 vel
2988 1259 3217 1339 artiﬁcio
3242 1260 3344 1312 im-

1770 1356 2028 1425 ~plicatos
2074 1354 2382 1408 habebant:
2420 1353 2486 1407 ad
2515 1353 2657 1423 quod
2710 1351 2964 1420 deinceps
3008 1364 3344 1419 consequen-

1801 1446 1932 1499 tium
1964 1446 2082 1499 illos
2114 1453 2413 1513 temporum
2446 1444 2693 1498 formavit
2725 1441 3015 1495 industria.
3078 1438 3145 1495 Ut
3177 1439 3342 1508 igitur

1800 1537 2030 1606 quisque
2063 1536 2310 1607 pluribus
2342 1543 2436 1588 aut
2466 1533 2810 1603 paucioribus
2852 1532 3010 1586 armis
3047 1530 3221 1600 spatia
3250 1529 3341 1581 illa

1800 1626 2143 1689 terminabat,
2179 1625 2254 1677 ita
2302 1623 2536 1691 majores
2577 1622 2879 1675 minoresve
2910 1634 3149 1674 summas
3186 1617 3343 1672 adhi-

1799 1712 1975 1775 bebat,
2010 1727 2115 1781 qua
2164 1712 2232 1766 de
2276 1712 2593 1781 Opinionum
2640 1710 2897 1763 varietate
2926 1708 3128 1763 dictum
3171 1713 3254 1761 est
3284 1706 3341 1759 in

1764 1864 1767 1865 ν
1803 1818 1945 1856 nono
1974 1801 2048 1856 De
2066 1802 2305 1855 doctrina
2333 1811 2641 1867 temporum,
2671 1813 2790 1866 cap.
2826 1795 2889 1850 ll.

155 1870 366 1937 άνεῑίιιιη
403 1885 715 1946 chronica";
765 1898 872 1938 uno
902 1884 1080 1937 minus
1112 1882 1390 1937 Cedrenus
1430 1879 1701 1951 (pas-1M)
1735 1873 1774 1927 Β
1872 1890 2015 1945 [nter
2058 1890 2155 1945 has
2187 1889 2416 1945 celebris
2450 1888 2537 1942 illa
2577 1886 2679 1940 fuit
2726 1884 2967 1941 Africani
3012 1883 3239 1952 antiqui,
3288 1890 3341 1937 et

155 1980 246 2049 qui
275 1992 419 2030 anno
447 1977 583 2031 5506
609 1976 660 2029 id
692 1991 812 2030 esse
848 1974 1048 2028 factum
1080 1974 1296 2035 asserit,
1340 1979 1394 2026 et
1424 1973 1517 2041 qui
1563 1987 1704 2026 anno

154 2072 293 2127 5500
344 2079 519 2124 ortum
561 2070 806 2125 Christi:
852 2071 1159 2139 passionem
1204 2069 1359 2139 ,5555
1403 2069 1702 2138 assignant,

151 2172 341 2211 errare
362 2155 659 2210 contendit.
695 2154 797 2209 Sed
834 2154 973 2207 hanc
1006 2169 1166 2207 seram
1200 2155 1266 2207 ab
1299 2153 1411 2217 illa,
1456 2170 1575 2223 quae
1622 2164 1705 2209 est

152 2250 347 2313 lsaaci,
409 2250 717 2319 discrepare
771 2264 878 2302 non
940 2248 1191 2312 arbitror,
1249 2248 1342 2302 sed
1400 2247 1453 2299 in
1516 2246 1702 2301 eodem

150 2352 412 2412 computo
439 2343 708 2397 diversum
735 2355 933 2394 annum
956 2338 1318 2393 inearnationi
1344 2338 1701 2407 praestituerc,

151 2446 282 2502 puta
319 2434 537 2487 biennio
561 2447 722 2487 seram
754 2445 1090 2486 communem
1115 2436 1464 2484 antevertere.

223 2592 340 2647 Etsi
394 2592 460 2646 de
502 2592 784 2645 amborum
840 2592 1055 2645 illorum
1101 2590 1370 2643 sententia
1404 2589 1537 2642 nihil
1567 2589 1703 2642 certi

150 2680 416 2749 consequi
494 2694 815 2748 possumus,
894 2686 1179 2747 propterea
1238 2679 1379 2746 quod
1462 2678 1705 2745 imperite

149 2771 337 2824 omnia
370 2770 718 2838 permiscent,
752 2776 804 2822 et
830 2782 923 2821 eos
947 2768 1402 2821 characterisnios
1428 2766 1702 2828 adhibent,

149 2862 245 2930 qui
324 2859 607 2913 conciliari
679 2859 911 2922 invicem
966 2867 1261 2927 nequeunt.
1327 2856 1399 2910 De
1462 2855 1706 2909 Chronici

150 2951 509 3005 Alexandrini
537 2950 655 3003 labe
685 2948 889 3002 dictum
925 2958 1009 3002 est
1040 2950 1093 3000 in
1124 2945 1218 2999 Xll
1248 2945 1322 2999 De
1353 2945 1489 2999 doct.
1526 2954 1703 3013 temp.,

149 3060 274 3113 cap.
305 3042 373 3095 IV
400 3062 413 3097 :
439 3041 715 3096 Cedrenus
742 3040 899 3110 paulo
935 3040 1105 3107 magis
1134 3053 1363 3093 concors
1389 3046 1469 3105 est
1499 3052 1701 3091 secum.

150 3132 353 3186 Natum
397 3138 669 3186 asseverat
700 3130 973 3185 Christum
1006 3144 1148 3182 anno
1182 3128 1369 3183 mundi
1402 3126 1564 3191 5506,
1600 3125 1703 3179 De-

149 3225 359 3278 cembr.
394 3224 517 3284 ixv,
548 3221 681 3275 feria
713 3237 784 3275 tv.
831 3220 955 3274 Fuit
998 3235 1124 3290 ergo
1172 3221 1350 3273 littera
1400 3217 1459 3282 F,
1506 3227 1705 3272 etesse

149 3320 337 3381 potest
370 3326 542 3363 annus
586 3308 793 3379 periodi
836 3308 1063 3362 Julianae
1094 3308 1253 3371 4711,
1308 3306 1525 3361 biennio
1582 3312 1707 3360 ante

156 3416 509 3460 communem
553 3415 736 3455 ieram.
771 3399 965 3454 Postea
999 3400 1330 3468 baptizatum
1373 3412 1493 3453 esse
1542 3396 1706 3450 refert

148 3494 455 3550 indictione
489 3490 530 3557 1,
564 3505 709 3545 anno
743 3490 928 3544 mundi
983 3489 1140 3553 5556,
1176 3487 1418 3543 Januarii
1454 3503 1525 3552 vr,
1574 3485 1707 3540 feria

149 3601 183 3638 ν
210 3602 225 3650 ;
259 3583 369 3636 fuit
399 3582 731 3651 crgolittera
767 3579 828 3643 Β,
850 3587 902 3635 et
936 3580 1034 3632 hac
1062 3581 1268 3633 ratione
1297 3593 1471 3631 annus
1502 3575 1705 3646 periodi

145 3674 385 3728 Iuliana;
414 3673 584 3737 4742;
633 3671 722 3725 sed
756 3671 978 3725 indictio
1026 3679 1153 3724 tunc
1198 3677 1312 3723 erat
1342 3684 1370 3721 a
1405 3666 1706 3736 Septembri

146 3773 199 3818 et
232 3762 499 3815 Januario
531 3776 589 3814 ιι.
626 3759 822 3813 Verum
855 3768 913 3814 ut
943 3776 970 3815 a
1001 3775 1163 3814 verno
1196 3774 1378 3814 mense
1404 3757 1580 3826 putari
1627 3760 1707 3809 in-

145 3854 346 3921 cipiat,
404 3852 572 3918 prima
624 3850 680 3902 in
728 3865 831 3903 usu
884 3857 999 3903 erat
1051 3846 1406 3912 Jannar.'v1;
1462 3844 1706 3913 sequenti

145 3960 301 3999 anno
358 3943 525 4005 5057,
581 3943 658 3994 ait
715 3941 894 3995 lunam
926 3939 1184 3995 decimam
1222 3948 1463 4008 quartam
1534 3935 1707 3989 Martii

146 4054 333 4099 xxvrt,
394 4036 523 4088 feria
568 4050 662 4086 vn.
712 4032 833 4087 Fuit
877 4046 1004 4102 ergo
1035 4032 1213 4084 littera
1252 4030 1310 4093 C,
1344 4029 1526 4099 cyclus
1568 4027 1707 4079 lunae

146 4145 203 4189 x,
238 4142 308 4181 ac
339 4122 565 4195 proinde
591 4123 816 4177 Iuliana;
843 4120 1047 4191 periodi
1083 4136 1256 4174 annus
1288 4119 1444 4181 47M,
1478 4111 1585 4171 dum
1620 4133 1709 4169 πο-

144 4219 371 4288 ταμῶν,
415 4215 558 4284 quod
591 4215 761 4268 aiunt.
807 4216 1021 4267 Annum
1069 4212 1324 4280 denique,
1378 4225 1487 4280 quo
1513 4222 1707 4279 passus

144 4318 231 4365 est
261 4307 544 4369 Christus,
576 4306 652 4359 ait
693 4321 815 4360 esse
844 4306 1003 4369 5559,
1034 4320 1142 4375 quo
1176 4304 1351 4357 Martii
1386 4318 1544 4365 xxiii,
1578 4299 1707 4354 feria

145 4416 201 4452 vt
238 4397 384 4461 fuit;
429 4405 479 4450 et
513 4398 718 4450 decima
762 4404 951 4465 quarta
1003 4395 1181 4449 Martii
1229 4411 1374 4461 xxw,
1425 4392 1558 4448 feria
1610 4406 1704 4445 vit.

1801 1980 2000 2035 eruditi
2029 1977 2362 2046 chronologi,
2394 1976 2485 2044 qui
2522 1973 2793 2028 Christum
2827 1987 2967 2027 anno
2998 1972 3179 2026 mundi
3207 1970 3338 2025 5501

1801 2072 2139 2124 incarnatum
2172 2084 2293 2123 esse
2313 2107 2327 2131 ,
2377 2081 2595 2136 passum
2626 2079 2753 2119 vero
2801 2061 3157 2129 553l,'retatis
3183 2061 3343 2115 trice-

1804 2160 1941 2214 simo
1992 2161 2166 2230 primo
2218 2158 2438 2211 circiter
2477 2155 2749 2211 asseruit:
2795 2161 2847 2207 et
2884 2153 3144 2223 originem
3198 2152 3344 2208 dedit

1760 2310 1769 2315 ,
1802 2266 1923 2305 certe
1975 2250 2086 2311 illi,
2132 2265 2293 2318 quam
2332 2247 2750 2301 Alexandrinam
2788 2244 3041 2314 appellari
3086 2242 3341 2300 diximus.

1803 2340 1972 2407 Quem
2002 2340 2147 2394 illius
2177 2347 2487 2408 computum
2537 2337 2679 2391 nacti
2724 2335 2953 2407 posteri,
2981 2334 3217 2389 auctoris
3258 2335 3343 2390 sui

1806 2431 2210 2499 cbronologiam
2250 2428 2662 2498 interpolarunt,
2692 2441 2755 2499 ac
2787 2425 3097 2497 faedissime.
3124 2433 3345 2479 contur-

1804 2522 2015 2578 barunt.
2049 2496 2180 2574 Pium
2218 2496 2409 2575 decem—
2429 2518 2647 2572 circiter
2679 2496 2834 2571 dnnis
2859 2517 2925 2570 ab
2954 2516 3073 2585 ejus
3092 2496 3305 2585 epocha
3325 2556 3341 2580 ,

1803 2630 1832 2666 a
1866 2612 2186 2682 Dionysiana
2234 2621 2410 2663 autem
2452 2615 2596 2669 octo,
2655 2606 2854 2662 Christi
2901 2606 3114 2660 Domini
3165 2606 3345 2660 lucar-

1804 2701 2074 2754 nationem
2116 2700 2515 2753 abstraxerunt.
2549 2696 2605 2750 id
2635 2711 2740 2764 qua
2771 2696 2982 2751 ratione
3008 2698 3078 2749 sit
3103 2694 3302 2749 factum
3326 2734 3341 2759 ,

1803 2800 1855 2844 et
1881 2807 1998 2860 quae
2028 2791 2238 2844 sincera
2272 2790 2415 2841 illius
2445 2787 2629 2857 Opinio
2666 2786 2850 2848 fuerit,
2880 2786 3206 2853 investigare
3236 2801 3345 2839 non

1804 2885 1927 2945 erit,
1977 2882 2189 2951 opinor,
2240 2880 2512 2933 alienum:
2560 2878 2667 2931 imo
2720 2891 2849 2931 vero
2898 2876 3234 2931 Grazcanicas
3276 2876 3366 2929 ad

1803 2986 1937 3025 mras
1976 2969 2349 3038 intelligendas
2391 2966 2683 3036 plurimum
2723 2966 2868 3022 illius
2897 2966 3171 3034 inquisitio
3200 2965 3346 3020 utili-

1803 3064 1930 3117 tatis
1963 3061 2170 3115 afferet.

1877 3147 2075 3202 Scribit
2105 3148 2456 3219 Hieronymus
2481 3148 2534 3201 in
2570 3158 2730 3216 caput
2758 3163 2811 3200 rx
2842 3145 3099 3208 Danielis,
3133 3145 3345 3198 Africa-

1804 3255 1933 3294 num
1974 3239 2311 3293 existimasse
2354 3238 2557 3291 Christi
2608 3236 2835 3301 Domini,
2868 3235 3173 3313 passionem
3206 3248 3346 3287 anno

1805 3330 1992 3398 quinto
2017 3329 2225 3383 decimo
2266 3327 2466 3383 Tiberii
2500 3326 2731 3382 Caesaris
2758 3325 3023 3381 accidisse
3057 3344 3069 3379 :
3098 3339 3254 3393 quem
3278 3324 3346 3376 ab

1804 3420 1936 3475 orbe
1964 3420 2180 3474 condito
2215 3419 2345 3498 5551
2382 3432 2718 3480 numerasse,
2753 3417 2926 3497 aetatis
2954 3416 3152 3493 Christi
3185 3417 3346 3471 trice-

1805 3511 2000 3567 simum
2050 3510 2280 3578 primum
2334 3508 2571 3571 circiter,
2602 3505 2865 3576 Georgius
2895 3504 3174 3576 Syncellus
3208 3504 3356 3579 δαῖε-τ

1806 3610 1934 3675 mat.
1988 3601 2213 3656 Photius
2245 3616 2372 3656 vero
2414 3618 2542 3655 num
2588 3599 2803 3654 XXXIV
2840 3599 3008 3654 refert
3036 3598 3347 3653 Africanum

1804 3708 1941 3763 opus
1984 3694 2301 3747 historicum
2349 3693 2583 3747 edidisse
2616 3692 2869 3745 divisum
2894 3692 2948 3744 in
2981 3691 3148 3745 libros
3189 3690 3349 3757 quino

1805 3800 1939 3853 que;
1964 3783 2161 3853 quibus
2184 3790 2421 3850 tempora
2452 3782 2631 3835 omnia
2659 3780 2972 3848 complexus
2996 3788 3097 3843 est,
3124 3795 3151 3831 a
3175 3779 3347 3847 prima

1806 3891 1983 3930 rerum
2013 3874 2219 3942 origine
2256 3874 2321 3927 ad
2344 3872 2544 3926 Christi
2576 3871 2891 3942 παρουσίαν,
2921 3871 3022 3923 hoc
3053 3877 3136 3925 est
3168 3868 3347 3921 lncar-

1806 3967 2099 4028 nationem,
2132 3965 2266 4019 nihil
2300 3974 2356 4016 ut
2388 3979 2563 4017 rerum
2605 3964 3029 4018 necessariarum
3058 3961 3345 4035 omitteret,

1807 4056 2115 4112 summatim
2164 4062 2359 4108 cuncta
2395 4053 2753 4123 perscribens.
2795 4050 2923 4105 Inde
2948 4065 3075 4106 vero
3116 4050 3193 4104 ad
3226 4049 3341 4103 Ma-

1806 4148 1945 4202 criui
1977 4146 2259 4215 imperium
2294 4146 2496 4215 reliqua
2526 4143 2929 4213 perstrinxisse,
2962 4149 3121 4211 atque
3160 4140 3262 4195 hoc
3294 4141 3347 4193 in

1806 4252 1968 4307 opere
2009 4243 2263 4289 testatum
2311 4249 2369 4289 se
2415 4248 2583 4287 annos
2635 4231 2703 4283 ab
2746 4231 2947 4284 Adamo
2995 4227 3347 4297 comprehen-

1807 4328 1952 4383 disse
1982 4325 2140 4380 57%.
2174 4323 2315 4377 Idem
2347 4332 2574 4377 testatur
2603 4328 2654 4375 et
2684 4319 2946 4390 Ceor’gius
2978 4318 3257 4389 Syncelius
3291 4318 3346 4370 in

1807 4416 2085 4487 Excerptis
2116 4413 2376 4484 Scaligeri
2409 4416 2548 4484 (pag.
2582 4413 2695 4477 59),
2743 4415 2832 4467 ubi
2874 4428 2938 4467 ex
2984 4412 3235 4463 Alricano
3263 4423 3349 4462 re-

146 4484 285 4537 E'm
321 4497 453 4551 ergo
494 4481 673 4579 mle”
731 4479 795 4546 θ’
840 4483 1371 4579 θῖθιΡδ-Ῠθῖοηίυηε
1400 4496 1556 4579 ,ξΨῇ
1590 4494 1706 4548 qua
1741 4516 1783 4569 D
1813 4510 1915 4564 fert
1949 4472 2015 4561 ad
2049 4472 2609 4579 olympiaileniutisque
2632 4472 2725 4558 cet.
2764 4504 3049 4556 archontas
3082 4500 3149 4553 ab
3187 4499 3349 4553 Athe-

146 4583 473 4645 congruunt
525 4573 582 4626 in
626 4582 825 4627 annum
868 4574 1070 4643 periodi
1119 4573 1342 4628 Julianie
1386 4573 1525 4628 4744
1560 4591 1571 4627 :
1604 4586 1710 4643 quo

144 4650 355 4723 revera
388 4680 582 4733 passus
633 4673 716 4719 est
761 4680 828 4718 ex
880 4664 1163 4733 Epiphanii
1199 4673 1252 4718 et
1295 4665 1524 4718 aliorum
1566 4669 1713 4717 vete-

148 4773 276 4809 rum
337 4755 591 4823 opinione
640 4754 910 4809 Christus.
966 4754 1323 4819 Quamobrem
1380 4753 1713 4807 lncarnalio-

146 4864 278 4903 nem
311 4846 526 4900 Domini
548 4846 825 4900 Cedrenus
849 4846 1081 4903 triennio
1111 4855 1233 4897 ante
1260 4845 1531 4911 vulgarem
1553 4856 1711 4896 teram

147 4939 377 5012 posuit;
417 4937 721 5005 passionem
750 4947 950 5000 autem,
985 4951 1124 4989 anno
1151 4936 1391 5003 ejusdem
1425 4949 1542 4987 aereo
1566 4949 1710 4985 xxxx.

151 5031 317 5087 [side
352 5043 462 5081 non
492 5037 577 5083 est
617 5030 834 5093 mirum,
871 5043 1071 5081 annum
1104 5028 1253 5079 illum
1297 5024 1711 5089 lncarnationis,

146 5122 301 5179 5506
333 5119 405 5173 ab
433 5119 525 5171 illo
555 5118 731 5187 putad
764 5120 816 5173 in
850 5134 957 5173 rera
984 5115 1604 5183 Constantinopolitana.
1656 5113 1712 5167 Si

144 5222 303 5276 enim
334 5224 452 5270 tres
485 5229 656 5269 annos
686 5214 932 5282 adiicias,
965 5214 1052 5267 ﬁet
1082 5228 1252 5265 annus
1286 5209 1423 5263 5509
1449 5210 1715 5265 Constan-

147 5306 596 5377 tinopolitanus;
628 5300 853 5356 Julianae
887 5302 1092 5371 periodi
1121 5301 1277 5363 4714,
1311 5300 1400 5369 qui
1433 5306 1516 5353 est
1553 5298 1713 5368 ipsis-

146 5402 336 5455 simus
372 5411 495 5449 atrae
544 5394 868 5449 communis.
923 5391 1041 5446 Non
1100 5400 1180 5445 est
1227 5390 1389 5461 igitur
1432 5396 1714 5459 computus

147 5492 338 5551 alius;
376 5486 470 5540 sed
499 5485 738 5553 ejusdem
767 5484 1002 5551 computi
1049 5498 1218 5536 annos
1264 5482 1506 5536 diversos
1535 5484 1715 5535 Incar-

146 5578 374 5638 nationi
422 5578 689 5644 prazliniit.
742 5575 818 5628 Ex
866 5576 947 5627 liis
996 5574 1150 5628 facile
1198 5582 1279 5628 est
1330 5572 1541 5625 odorari
1600 5588 1716 5641 qua:

148 5676 553 5743 computurum
606 5667 831 5722 istorum
882 5668 1033 5737 origo
1070 5665 1229 5719 fuerit
1261 5685 1272 5717 :
1307 5665 1449 5735 quod
1503 5666 1553 5719 in
1603 5680 1712 5735 seq.

150 5782 279 5837 cap.
322 5758 710 5817 declarabitur.

1812 4599 2096 4661 niensibns
2122 4597 2392 4653 numerari
2430 4596 2552 4660 905,
2584 4612 2613 4648 a
2648 4594 2896 4659 Creonte,
2924 4593 3014 4661 qui
3052 4590 3352 4661 Olympiade

1815 4708 1911 4746 XIX
1957 4689 2205 4761 praefuit;
2254 4697 2580 4757 postremum
2629 4702 2754 4739 vero
2788 4684 2951 4738 fuisse
2992 4682 3259 4735 Pliilinum
3289 4698 3349 4735 ea

1818 4794 1978 4848 quam
2017 4778 2128 4831 dixi
2158 4775 2477 4845 Olympiade,
2513 4774 2827 4828 consulibus
2861 4771 3026 4827 Grato
3060 4771 3352 4826 Sabiniano

1812 4878 1863 4923 et
1892 4867 2251 4933 Seleuco;qui
2278 4881 2307 4917 a
2330 4865 2493 4919 Bruto
2516 4866 2763 4919 consules
2798 4863 2945 4919 fuere
2966 4863 3087 4915 725.
3124 4862 3347 4916 Domum
3383 4902 3388 4905 γ

1813 4957 1990 5025 colligi
2016 4958 2156 5025 (pag.
2189 4956 2273 5020 57)
2297 4970 2465 5007 annos
2493 4954 2627 5007 5725
2651 4955 2716 5007 ad
2744 4954 2955 5007 tertium
2980 4967 3198 5011 annum,
3237 4952 3351 5003 ’Av-

1811 5047 2050 5108 τωνίνου,
2085 5046 2177 5096 καὶ
2220 5042 2505 5112 Αὑγέντου.
2537 5040 2772 5094 Marcum
2802 5040 3130 5093 Antoninum
3159 5036 3348 5105 Alaga-

1812 5138 1995 5193 balum
2036 5134 2305 5205 intelligit.
2339 5132 2393 5187 In
2440 5133 2628 5188 iisdem
2664 5130 3042 5200 Scaligerianis
3085 5126 3351 5195 excerptis

1814 5229 2174 5298 fragmentum
2204 5226 2447 5278 Africani
2477 5224 2667 5292 legitur
2699 5222 2764 5275 de
2791 5218 3182 5291 olympiadibus
3205 5216 3348 5284 (pag.

1815 5322 1937 5390 517)
1965 5340 1977 5375 :
2010 5319 2062 5371 in
2096 5334 2205 5389 quo
2238 5317 2377 5387 apud
2414 5314 2769 5368 Athenienses
2790 5313 2843 5366 in
2870 5309 3230 5382 olympiadum
3260 5308 3353 5385 de:

1816 5412 2109 5481 scriptione
2156 5409 2493 5463 Stadionicas
2544 5408 2619 5457 ait
2658 5403 2960 5475 percenseri
3006 5400 3129 5461 248,
3178 5413 3351 5477 annos

1818 5502 1941 5559 989.
2001 5502 2103 5556 Sed
2158 5503 2211 5555 in
2280 5496 2647 5567 Ὀλυμπιάδων
2698 5496 2977 5562 ἀναγραφῇ
3028 5491 3190 5545 etiam
3245 5488 3349 5541 249

1818 5592 2137 5662 Olympiadis
2191 5588 2551 5642 Stadionicam
2614 5595 2855 5639 recenset
2886 5582 3143 5651 Scaliger.
3196 5580 3248 5632 Si
3285 5580 3349 5633 dc

1820 5684 1974 5737 annis
2013 5683 2077 5734 ab
2112 5681 2312 5733 Adamo
2336 5678 2471 5732 5725
2505 5677 2718 5731 auferas
2751 5675 2919 5734 5500,
2960 5672 3157 5726 residui
3192 5676 3348 5723 erunt

1820 5776 1922 5828 225
1952 5775 2018 5828 ab
2047 5770 2419 5826 incarnatione
2455 5767 2661 5825 Domini
2697 5765 2986 5821 secundum
3016 5762 3325 5817 Africanum
