4112 6314
700 516 705 519 Α
797 441 935 496 1405

1809 442 1897 497 AD
1938 442 2206 500 EUSEBli
2245 446 2630 502 CllRONICON
2677 445 3025 501 APPENDIX.

3850 449 3870 504 1
3880 449 3954 507 101

800 557 905 613 Sed
952 572 1124 612 annus
1156 558 1352 613 tertius
1403 557 1685 628 Alagabalt
1732 575 1854 615 sene
1902 566 2209 618 communis
2263 576 2347 619 est
2381 579 2420 631 Α
2451 580 2611 635 porro
2662 563 2903 619 Geminis
2957 561 3169 618 duobus
3228 576 3366 619 coss.
3424 576 3572 616 anno
3636 560 3829 619 Tiberii
3875 582 3952 623 xv;

796 651 921 711 221.
957 652 1009 703 in
1049 663 1207 719 quem
1263 658 1317 703 et
1359 650 1465 703 250
1511 652 1776 720 Olympias
1817 653 2070 721 incurrit.
2128 656 2351 711 Biennio

800 742 979 810 itaque
1009 738 1387 809 Dionysianam
1419 739 1676 807 epocham
1722 746 2008 798 antevertit
2034 745 2345 810 Africanus,

796 840 852 887 et
899 829 1331 884 lncarnationem
1380 827 1595 883 Domini-
1637 832 1862 886 contulit
1904 835 1959 888 in
2016 850 2213 889 annum
2254 853 2347 906 pe-

798 922 936 975 riodi
962 919 1189 975 Julianae
1218 920 1380 973 4712.
1415 920 1567 987 Quod
1598 914 1825 993 insuper
1846 940 1913 980 ex
1948 942 2089 983 anno
2131 927 2351 983 Passio-

799 1013 888 1069 nis
935 1012 1004 1066 ab
1044 1011 1231 1066 eodem
1266 1012 1524 1068 Africano
1557 1016 1855 1069 constituto
1882 1018 2171 1088 colligitur.
2220 1018 2352 1073 Nam

801 1104 846 1157 si
878 1103 1087 1158 decimo
1132 1104 1321 1173 quinto
1342 1104 1586 1173 _Tiberii,
1633 1120 1826 1175 nempe
1864 1105 2104 1164 Geminis
2143 1110 2355 1165 duobus

801 1208 945 1249 eoss.
1006 1208 1197 1263 passus
1241 1201 1326 1250 est
1384 1200 1526 1263 (qua:
1579 1194 1679 1248 fuit
1711 1196 2063 1265 plurimorum
2103 1208 2343 1254 veterum

804 1284 1112 1352 sententia),
1138 1294 1193 1339 et
1224 1284 1271 1338 is
1299 1298 1477 1337 annus
1502 1283 1687 1338 mundi
1717 1286 1847 1339 5551
1880 1286 1948 1341 ab
1972 1287 2231 1344 Africano
2256 1306 2358 1348 nu-
2396 1324 2399 1327 -

802 1383 1043 1429 meratus
1088 1381 1201 1440 est,
1229 1388 1353 1429 cum
1400 1372 1832 1430 lncarnatinnem
1874 1392 2024 1453 anno
2075 1379 2207 1433 55m
2260 1382 2359 1434 ιι-ί-

804 1467 1038 1533 buisset,
1084 1474 1147 1520 ut
1171 1458 1359 1520 auctor
1384 1475 1467 1520 est
1495 1465 1757 1535 Georgius
1787 1465 2069 1539 Syncellus
2099 1489 2113 1525 :
2145 1486 2269 1525 cum
2303 1472 2358 1527 in

804 1573 1006 1613 annum
1060 1572 1181 1613 aera:
1229 1558 1548 1612 Christiana
1592 1556 1682 1621 29,
1718 1560 1833 1613 sive
1879 1562 2085 1628 periodi
2134 1560 2360 1617 Iuliana}

803 1637 944 1706 4712
980 1650 1298 1704 consulatus
1345 1646 1696 1702 Geminorum
1750 1657 2057 1719 campetat;
2112 1651 2359 1708 deductis

806 1740 965 1795 annis
993 1740 1061 1793 50
1101 1741 1168 1793 de
1209 1738 1372 1802 4742,
1418 1739 1661 1808 reliquus
1696 1738 1801 1793 erit
1832 1737 2225 1796 lncarnationis
2259 1759 2358 1796 an-

807 1848 909 1886 nus
955 1830 1095 1885 1712
1136 1830 1191 1884 in
1237 1828 1449 1883 Juliana
1494 1828 1737 1899 periodo.
1769 1829 1969 1885 Verum
2015 1834 2157 1900 apud
2198 1832 2363 1888 Euse-

2454 655 2637 709 niundi
2679 656 2817 710 5550
2869 662 3119 715 exeunte,
3154 668 3311 722 quem
3366 652 3497 707 5551
3557 654 3727 722 Aprili
3781 653 3955 707 circiter

2451 746 2695 813 excepit;
2756 759 2973 813 passum
3022 743 3254 813 denique
3302 757 3445 797 anno
3493 742 3682 797 mundi
3721 742 3954 797 desinente

2453 834 2610 898 5551,
2659 844 2920 903 sequente
2967 833 3104 889 5552
3145 848 3173 886 a
3216 832 3499 896 Paschate,
3538 833 3625 886 vel
3656 832 3817 901 Aprili
3857 833 3953 885 anni

2454 926 2657 981 Christi
2704 928 3006 980 communis
3050 923 3139 988 50,
3166 924 3373 978 .Tiberii
3418 938 3533 987 va,
3583 931 3639 977 et
3684 922 3954 992 Olympiadi:

2453 1028 2557 1066 ccn
2609 1026 2750 1067 anno
2796 1012 3035 1067 secundo
3082 1012 3318 1065 nondum
3363 1011 3429 1065 ab
3471 1010 3685 1066 mstivis
3720 1011 3953 1065 mensibus

2455 1104 2741 1169 inchoato;
2781 1103 2875 1157 sed
2904 1102 3042 1155 κατὰ
3084 1102 3345 1173 πρόληψιν
3385 1117 3416 1156 a
3456 1099 3734 1165 Ianuario,
3767 1112 3850 1155 aut
3874 1101 3955 1154 alio

2455 1196 2707 1264 quopiam
2752 1196 2907 1249 initio
2937 1196 3209 1265 popularis
3237 1193 3387 1257 anni,
3419 1207 3528 1263 quo
3556 1208 3689 1246 usus
3728 1202 3807 1245 est
3846 1191 3956 1244 Afri-

2456 1300 2645 1338 canus.
2690 1283 2903 1339 Scimus
2931 1287 3073 1340 enim
3107 1284 3440 1355 Olympiadas
3480 1298 3873 1351 nonnunquam,
3897 1290 3954 1345 et,

2456 1377 2599 1447 quod
2643 1388 2981 1446 consequens
3012 1387 3115 1444 est,
3147 1377 3458 1447 olympiae:
3504 1374 3853 1430 tetraeteridis
3888 1388 3939 1427 an

2458 1485 2558 1523 nos
2587 1485 2696 1523 non
2726 1470 2792 1523 ab
2824 1470 2942 1538 ipso
2983 1478 3219 1538 tempore
3246 1483 3497 1539 agonum,
3533 1467 3628 1521 sed
3669 1481 3713 1519 δ-
3748 1466 3958 1535 populari

2458 1561 2732 1614 civitatum
2766 1574 2986 1613 suarum
3033 1559 3254 1614 exordio
3286 1568 3317 1611 a
3368 1559 3640 1628 plerisque
3680 1557 3954 1609 numerari:

2460 1650 2533 1703 ita
2563 1657 2621 1703 ut
2650 1652 2701 1704 in
2735 1637 2999 1705 annorum
3023 1650 3201 1705 exitus
3225 1650 3335 1703 ludi
3361 1648 3461 1719 ipsi
3493 1655 3880 1701 concurrerent.
3902 1643 3959 1699 Ita

2462 1756 2635 1796 annus
2684 1742 3059 1824 mund'k5'723,
3108 1743 3225 1796 sive
3254 1740 3320 1795 ab
3347 1738 3720 1794 incarnatione
3744 1738 3859 1802 223,
3883 1739 3961 1793 erit

2462 1829 2766 1883 communis
2794 1844 2915 1883 rem
2941 1828 3066 1890 221,
3094 1835 3147 1882 et
3172 1828 3445 1897 Alagahali
3477 1827 3691 1881 tertius.

807 1925 955 1976 bium
1006 1937 1101 1975 vin
1152 1920 1225 1975 De
1284 1897 1564 1976 demonstr.
1618 1921 1763 1991 (pag.
1830 1920 1957 1992 245)
2000 1897 2360 1993 fragmentum
2391 1897 2433 1952 Β
2531 1917 2791 1982 Quocirca
2822 1918 2915 1987 qui
2944 1916 3255 1970 Africanum
3284 1915 3523 1970 referunt
3554 1916 3849 1985 passionem
3879 1914 3960 1969 Do-

812 2014 959 2068 aliud
984 2015 1222 2069 occurrit
1248 2013 1487 2069 Africani
1519 2013 1586 2069 de
1612 2012 1871 2070 Passione
1898 2014 2131 2083 Domini,
2179 2025 2232 2072 et
2257 2016 2362 2071 Da-

812 2100 968 2155 nielis
1000 2100 1421 2158 hebdomadibus
1440 2120 1455 2169 ;
1472 2104 1529 2157 in
1548 2118 1657 2173 quo
1677 2106 1857 2173 passio
1890 2106 2177 2175 conjicitur
2197 2108 2251 2162 iu
2269 2122 2361 2163 an-

818 2207 945 2245 num
991 2193 1283 2247 secundum
1308 2193 1629 2263 Olympiadis
1654 2194 1780 2259 202,
1816 2194 2013 2251 Tiberii
2051 2213 2160 2252 va.

878 2281 1032 2337 Hunc
1084 2284 1258 2352 ipsum
1306 2284 1545 2339 Africani
1595 2287 1774 2340 locum
1821 2302 1958 2356 pene
2014 2287 2081 2340 ad
2138 2289 2359 2343 verbum

809 2373 1096 2440 exscripsit
1126 2371 1491 2441 Hieronymus
1534 2372 1590 2425 iu
1625 2374 2047 2427 Commentariis
2086 2375 2150 2427 ad
2201 2382 2361 2443 caput

808 2464 881 2517 IX
927 2463 1181 2549 Daqiclis,
1209 2472 1263 2517 et
1312 2472 1489 2517 tamen
1528 2464 1741 2518 decimi.
1854 2466 2098 2549 quint-um
2160 2464 2360 2520 Tiberii

809 2558 1022 2627 posuit;
1049 2572 1177 2617 non,
1222 2562 1281 2609 ut
1326 2565 1410 2611 est
1456 2558 1508 2609 in
1550 2554 1760 2619 Graaco,
1812 2555 2081 2611 decimum
2123 2566 2357 2611 sextum.

809 2648 1131 2716 Quanquam
1169 2648 1274 2701 nisi
1303 2647 1630 2717 olympiadis
1673 2662 1848 2701 annus
1878 2647 2159 2716 appositus
2195 2655 2357 2709 esset,

810 2740 1104 2793 conciliare
1154 2738 1258 2792 ista
1291 2738 1451 2793 facile
1485 2753 1790 2807 possemus,
1826 2739 2027 2808 quippe
2071 2754 2248 2792 annus
2291 2755 2358 2792 xv

810 2829 1038 2899 Tiberii,
1083 2831 1128 2885 si
1172 2831 1239 2886 ab
1273 2831 1517 2901 Augusto
1552 2846 1737 2885 mense
1772 2838 2011 2899 putetur,
2055 2845 2163 2899 quo
2191 2831 2359 2899 impe-

812 2938 934 2977 rare
968 2922 1164 2992 coepit;
1205 2922 1327 2975 iniit
1377 2936 1523 2975 anno
1552 2920 1757 2975 Christi
1783 2921 1873 2985 28,
1919 2931 2118 2991 quarto
2149 2922 2360 2975 labente

812 3011 1137 3082 olympiadis
1188 3011 1317 3073 201,
1372 3018 1428 3065 et
1482 3009 1547 3063 ad
1598 3010 1902 3079 Augustum
1958 3027 2195 3066 mensem
2233 3011 2356 3064 anni

811 3102 1011 3155 Christi
1038 3102 1107 3155 29
1137 3103 1485 3155 continuatus
1519 3108 1621 3166 est,
1659 3118 1766 3171 quo
1787 3103 1893 3156 duo
1928 3101 2135 3157 Gemini
2163 3119 2359 3158 consu-

812 3194 892 3247 ies
936 3202 1113 3247 erant.
1154 3193 1238 3247 lta
1282 3210 1352 3248 xv
1384 3193 1586 3247 Tiberii
1621 3208 1818 3262 passus
1861 3196 1967 3248 erit
2006 3194 2277 3256 Christus,
2312 3197 2356 3249 si

2458 2006 2590 2059 mini
2644 2018 2785 2058 anno
2842 2004 3031 2059 Δόκιιὶ
3076 2003 3247 2067 5551,
3296 2004 3692 2059 lncarnationis
3732 2005 3791 2058 51
3839 2006 3961 2057 attri-

2459 2093 2667 2157 buisse,
2692 2094 2757 2149 de
2778 2094 2935 2149 annis
2957 2093 3331 2150 desinentibus
3363 2093 3661 2163 intelligere
3685 2094 3959 2149 debuerunt.

2457 2181 2589 2237 Nam
2622 2183 2946 2250 baptismum
2991 2184 3058 2238 ab
3106 2198 3172 2238 eo
3216 2184 3470 2239 collatum
3500 2200 3623 2240 esse
3659 2186 3716 2239 in
3745 2185 3963 2240 consuls-

2458 2283 2572 2328 tum
2635 2274 2980 2331 Geminorum
3031 2274 3498 2350 verisimileéest;
3549 2290 3673 2329 cum
3736 2290 3801 2330 ex
3848 2274 3964 2329 Luca

2459 2375 2669 2420 constet
2697 2380 2841 2419 anno
2888 2381 2956 2418 xv
3000 2364 3202 2419 Tiberii
3236 2365 3381 2419 istud
3406 2356 3686 2432 evenisse;
3721 2373 3808 2419 aut
3834 2366 3893 2427 si,
3919 2374 3965 2418 ut

2460 2454 2811 2524 Epiphanius,
2844 2464 2907 2510 et
2942 2457 3028 2509 alii
3057 2457 3297 2525 quidam,
3337 2453 3625 2511 Novembri
3658 2471 3851 2519 mense,
3878 2471 3965 2509 non

2460 2556 2613 2601 sexto
2632 2546 2892 2609 Januarii,
2918 2546 2982 2599 ad
3006 2547 3331 2616 baptismum
3356 2548 3572 2602 venisse
3592 2546 3828 2613 credidit,
3850 2562 3963 2600 anno

2459 2636 2763 2691 communis
2792 2651 2911 2690 teras
2940 2653 3141 2703 xxvm;
3193 2646 3337 2691 certe
3386 2638 3513 2690 hinc
3569 2637 3637 2691 ad
3692 2639 3964 2708 passionem

2460 2729 2665 2782 solidus
2696 2743 2878 2783 annus
2900 2730 3251 2799 interpositus
3279 2738 3536 2794 est,-cum
3580 2745 3774 2783 annum
3804 2731 3964 2784 saltem

2457 2834 2623 2872 unum
2652 2820 2717 2888 τῇ
2759 2818 2980 2889 κηρύξει
3011 2818 3298 2873 Africanus
3335 2819 3697 2888 imputaverit.
3732 2820 3901 2887 Atqui,
3929 2819 3963 2873 si
4066 2870 4067 2901 ἢ

2458 2910 2773 2963 consulibus
2815 2910 2949 2978 ipsis
2978 2908 3217 2965 Geminis
3258 2910 3449 2964 Martio
3481 2927 3669 2967 mense
3692 2928 3871 2982 passus
3903 2911 3967 2965 {o-

2458 3007 2561 3062 ret,
2584 3009 2692 3053 tres
2722 3000 2790 3053 ab
2818 2998 3097 3063 Januario,
3124 3001 3207 3055 vel
3237 3016 3265 3053 a
3294 3000 3582 3056 Novembri
3610 3005 3836 3073 quinque
3862 3004 3969 3057 dun-

2458 3097 2606 3143 taxat
2636 3105 2849 3145 menses
2875 3089 3075 3147 Christi
3105 3091 3415 3161 praedicatio
3441 3100 3667 3149 teneret.
3693 3093 3835 3164 Quod
3854 3094 3968 3151 Μή·

2459 3194 2654 3233 canum
2692 3182 2927 3237 sensisse
2958 3198 3063 3236 non
3094 3183 3348 3238 arbitror.

814 3236 891 3247 ..η
937 3236 1113 3247 ν.-....
1156 3236 1234 3247 .-..
1284 3236 1346 3248 ...
1395 3236 1586 3247 μην...
1622 3236 1818 3262 ρης...
1861 3236 1963 3248 υ...
2009 3236 2277 3256 eum".-.
2312 3236 2356 3249 υ.
2852 3236 2887 3237 η
3159 3236 3179 3237 ρ

814 3282 896 3337 his
926 3284 1242 3338 consulibus
1276 3285 1555 3339 acciderit.
1588 3282 1689 3339 Sin
1710 3292 1813 3352 est,
1842 3296 1897 3339 ut
1928 3286 2358 3341 Christianorum
2532 3272 2636 3326 sed
2666 3271 2772 3327 άυο
2803 3282 2929 3331 sum
2972 3275 3026 3328 in
3072 3275 3164 3329 ίηο
3196 3274 3433 3330 Africani
3473 3278 3705 3343 ο²¹ευ¹ον
3732 3295 3876 3348 quem
3914 3296 3972 3333 ει

812 3378 1079 3435 veterum,
1127 3374 1465 3442 aliorumque
1516 3390 1687 3439 more,
1734 3390 1904 3430 annos
1957 3375 2159 3431 Tiberii
2197 3391 2228 3429 a
2258 3376 2360 3429 Pa-

814 3462 987 3516 schali
1014 3479 1201 3518 mense
1232 3463 1579 3519 antecedente
1609 3467 1836 3535 cmperit
1871 3467 2192 3535 Africanus;
2224 3469 2359 3523 idem

816 3571 993 3610 annus
1028 3572 1115 3610 xvt
1165 3555 1364 3611 Tiberii
1401 3558 1612 3611 censeri
1641 3559 1833 3627 potuit.
1883 3556 1987 3612 Sed
2028 3574 2150 3612 cum
2191 3560 2363 3629 olym-

818 3646 995 3715 piadis
1045 3647 1149 3701 2112
1206 3663 1380 3702 annus
1428 3649 1697 3705 secundus
1756 3650 2040 3705 inchoatus
2097 3652 2168 3705 sit
2219 3666 2363 3705 anno

814 3736 1014 3790 Christi
1056 3737 1147 3799 '50,
1192 3746 1251 3789 et
1298 3736 1369 3791 ad
1392 3746 1632 3793 aestatem
1680 3755 1852 3809 usque
1897 3740 2174 3809 sequentis
2232 3741 2361 3794 anni

791 3834 1145 3897 propagatus
1188 3826 1386 3893 fuerit;
1433 3843 1657 3885 necesse
1684 3839 1767 3885 est
1795 3844 1937 3883 anno
1968 3844 2087 3883 atrae
2121 3844 2363 3884 commu-

815 3916 901 3971 nis
930 3916 1017 3980 50,
1051 3916 1132 3970 vel
1169 3917 1231 3970 51
1272 3931 1491 3985 passum
1521 3917 1629 3989 dici
1666 3920 1734 3973 ab
1763 3919 2023 3975 Africano,
2052 3919 2360 3989 Christum;

817 4014 972 4075 prout
999 4020 1201 4059 annum
1242 4004 1443 4061 Tiberii
1473 4023 1584 4071 va,
1616 4017 1709 4063 aut
1736 4009 2002 4064 labentem
2033 4010 2359 4074 adhibuerit,

814 4100 910 4145 aut
940 4108 969 4144 a
1001 4092 1252 4149 Paschali
1293 4110 1482 4150 mense
1500 4082 1862 4165 “praevertet-it.
1900 4097 1956 4152 Si
1989 4114 2132 4153 anno
2167 4098 2362 4170 Diony—

816 4182 970 4235 siano
1017 4182 1085 4236 30
1115 4181 1392 4236 Christum
1432 4185 1603 4238 voluit
1642 4200 1764 4240 esse
1801 4202 2021 4255 passum
2046 4228 2061 4251 ,
2094 4186 2362 4243 incarna-

816 4269 1012 4322 tionem
1046 4284 1265 4323 necesse
1287 4280 1368 4324 est
1396 4272 1465 4325 ab
1491 4272 1684 4327 eodem
1712 4273 1945 4329 locatam
1980 4291 2102 4332 esse
2136 4279 2193 4331 in
2218 4293 2361 4333 anno

792 4360 1019 4429 periodi
1064 4358 1293 4415 Iuliana:
1335 4362 1496 4427 4715,
1533 4379 1642 4423 uno
1687 4379 1829 4418 anno
1859 4373 1984 4421 ante
2020 4382 2358 4424 communem

814 4465 997 4513 teram,
1050 4457 1106 4503 ut
1142 4450 1405 4520 hodieque
1448 4454 1689 4535 ponitur.
1726 4453 1820 4509 Sin
1869 4470 2012 4511 anno
2056 4456 2259 4513 Christi
2292 4460 2353 4513 51

2458 3364 2649 3419 Photio
2714 3375 2769 3421 et
2833 3366 3065 3437 Georgio
3131 3368 3449 3434 retulimus,
3537 3372 3967 3426 animadversione

2458 3456 2660 3526 digna:
2695 3458 2924 3511 alterum
2965 3458 3111 3528 quod
3156 3456 3383 3514 Photius
3434 3460 3642 3525 scribit,
3687 3460 3965 3515 Africanum

2458 3546 2523 3600 ad
2555 3546 2778 3601 Macrini
2803 3548 3084 3617 imperium
3117 3563 3253 3619 opus
3282 3563 3439 3602 suum
3467 3549 3798 3619 perduxisse,
3826 3567 3967 3605 anno-

2459 3650 2577 3689 rum
2604 3638 2741 3691 5725
2766 3636 3043 3691 historiam
3067 3636 3438 3706 complexum;
3470 3640 3780 3695 mendosum
3805 3642 3964 3701 videri,

2459 3742 2522 3783 ac
2560 3744 2656 3799 pro
2691 3728 2971 3799 Μακρίνου
3020 3728 3302 3797 legendum
3341 3728 3413 3783 Μ.
3456 3731 3783 3786 ’Δντωνίνου.
3816 3732 3965 3799 Quan-
4064 3788 4065 3793 η

2458 3836 2619 3891 quam
2647 3828 2700 3875 et
2744 3821 2889 3875 aliud
2921 3820 3272 3887 occurrebat;
3320 3820 3634 3878 Africanum
3670 3824 3964 3879 Stadionim
4064 3854 4065 3893 ξ

2458 3929 2567 3967 non
2620 3913 2760 3965 ultra
2804 3910 3159 3993 olympiadem
3203 3912 3310 3967 248
3356 3911 3412 3967 in
3440 3914 3678 3969 archivis
3704 3914 3963 3971 Athenien-
4064 3912 4065 3937 ‘

2459 4004 2599 4058 sium
2643 4002 2935 4064 invenisse,
2967 4018 3086 4073 quae
3129 4001 3395 4072 olympiae
3436 4001 3505 4056 ad
3554 4019 3750 4058 annum
3796 4002 3962 4058 Christi

2457 4086 2581 4161 217,
2611 4101 2664 4150 et
2690 4094 2915 4149 Macrini
2945 4094 3226 4164 imperium
3253 4093 3592 4161 extenditur;
3619 4105 3794 4151 tamen
3818 4108 3963 4150 rerum

2458 4194 2727 4255 gestarum
2766 4186 3083 4239 memoriam
3129 4185 3193 4239 ad
3248 4170 3721 4256 annos/praeterea
3765 4188 3964 4256 quinque

2457 4292 2804 4347 propagasse,
2831 4277 2892 4332 id
2917 4286 2999 4333 est
3024 4277 3090 4331 ad
3119 4292 3318 4332 annum
3350 4276 3553 4334 Christi
3582 4278 3678 4331 221
3710 4297 3725 4345 ;
3752 4278 3958 4331 Photium

2459 4384 2585 4423 vero
2604 4368 2849 4422 eumdem
2878 4368 3117 4422 historiae
3144 4368 3432 4423 terminum
3458 4376 3698 4437 putasse,
3720 4369 3805 4439 qui
3825 4369 3962 4438 olym-

2458 4461 2793 4531 pionicarum
2825 4468 2959 4514 erat.
2992 4458 3124 4515 Vide
3152 4475 3271 4530 quae
3303 4458 3395 4515 ιιι
3425 4459 3502 4514 De
3536 4460 3773 4515 doctrina
3801 4470 3965 4526 tempe.

814 4534 1123 4629 passionem
1160 4544 1485 4623 assignavit,
1525 4534 1740 4602 Tiberio
1786 4564 1819 4601 v
1864 4557 1917 4603 et
1962 4548 2157 4618 Seiano
2188 4566 2357 4616 coss.,
2391 4572 2435 4629 ι)
2463 4569 2600 4615 rum,
2631 4569 2751 4623 cap.
2784 4552 2876 4607 XL
2902 4553 3156 4607 diximus.

815 4630 974 4696 plane
1002 4638 1060 4682 ut
1092 4628 1448 4700 Epiphanius,
1478 4632 1677 4703 aliique
1701 4642 1911 4691 veteres
1935 4638 2179 4691 arbitrati
2213 4648 2359 4705 sunt,

731 4723 738 4729 ’
815 4719 1119 4773 lncarnatio
1150 4731 1411 4792 congruet
1466 4722 1521 4776 in
1570 4738 1770 4779 annum
1800 4726 2032 4795 primum
2060 4743 2180 4783 teras
2207 4730 2362 4785 Chri-

814 4810 1031 4876 stianae;
1060 4810 1246 4867 itidem
1276 4820 1332 4865 ut
1358 4812 1668 4878 Panodoro,
1700 4830 1765 4871 ac
1796 4816 1999 4871 Graecis
2024 4817 2361 4891 tLatinisque

813 4901 1153 4970 computistis
1200 4901 1468 4970 placuisse
1514 4905 1784 4960 novimus.
1842 4906 1948 4961 Sed
2000 4907 2105 4963 hac
2152 4911 2361 4983 ratione

814 5006 987 5044 annus
1020 4992 1201 5046 mundi
1230 4992 1368 5046 5725
1392 5034 1406 5057 ,
1462 4995 1555 5063 qui
1586 4996 1653 5051 ab
1686 4996 2058 5054 lncarnatione
2097 4998 2255 5054 debet
2295 5017 2359 5055 ex

814 5082 1050 5137 Africani
1080 5085 1288 5137 calculo
1314 5098 1436 5139 esse
1462 5084 1586 5148 225,
1614 5074 1719 5141 erit
1746 5091 2049 5145 communis
2082 5106 2199 5145 serae
2224 5092 2357 5159 225ς

813 5189 921 5241 quo
950 5188 1147 5226 annum
1186 5174 1396 5243 imperii
1430 5177 1726 5231 secundum
1760 5180 2063 5234 Alexander
2090 5181 2360 5237 ﬂammea:

816 5268 955 5318 Illius
1014 5264 1332 5321 inchoavit:
1380 5284 1501 5322 cum
1553 5277 1733 5322 tamen
1782 5271 2039 5326 Antonini
2082 5272 2359 5343 Alagabali

815 5358 1028 5409 tertium
1081 5358 1336 5415 incidisse
1380 5360 1433 5415 in
1479 5376 1682 5415 annum
1720 5361 1871 5417 illum
1924 5364 2109 5418 mundi
2160 5364 2360 5422 diserte

815 5448 1093 5516 scripserit
1114 5448 1423 5506 Africanus.

886 5544 1021 5608 Mea,
1054 5554 1113 5597 ut
1155 5546 1207 5599 in
1240 5547 1461 5615 ancipiti
1492 5562 1555 5603 ac
1598 5550 1850 5619 perplexa
1879 5556 2193 5622 quaestione,
2226 5546 2363 5610 con?

808 5634 1019 5702 jcctura
1053 5644 1156 5700 est,
1188 5635 1485 5705 Christum,
1519 5656 1582 5695 ex
1612 5641 1853 5698 Africani
1885 5647 2158 5714 Opinione,
2185 5648 2360 5702 incar-

809 5734 998 5783 natum
1052 5742 1173 5783 esse
1221 5745 1364 5783 anno
1413 5732 1617 5799 periodi
1667 5732 1890 5789 Iuliana:
1939 5737 2095 5798 4712,
2138 5734 2359 5793 biennio

812 5828 939 5874 ante
985 5834 1322 5876 communem
1370 5838 1563 5889 teram;
1619 5826 1801 5881 mundi
1834 5829 1992 5895 5501,
2028 5831 2352 5898 baptizatum

2530 4642 2771 4697 Alterum
2825 4654 2936 4707 est,
2984 4643 3127 4698 haud
3182 4643 3316 4700 satis
3366 4641 3579 4697 ﬁrmum
3629 4626 3961 4712 argumentari

2461 4746 2581 4787 esse
2613 4748 2766 4787 novae
2793 4733 3194 4805 cbronologiaa;
3218 4748 3335 4804 qua:
3373 4721 3439 4789 6i
3480 4734 3575 4788 illo
3616 4731 3963 4812 Africaniloco

2461 4825 2735 4879 concludit
2790 4829 3028 4897 quinque
3082 4841 3347 4881 annorum
3408 4825 3579 4881 labem
3632 4826 3688 4880 in
3736 4822 3964 4878 Romanos

2461 4915 2632 4969 fastos
2669 4923 2721 4971 et
2762 4918 2987 4973 annales
3017 4917 3320 4988 irrepsisse,
3355 4931 3419 4971 ac
3450 4916 3675 4971 totidem
3706 4915 3963 4987 superi!!!“

2461 5007 2515 5059 in
2544 5005 2610 5061 iis
2653 5022 2793 5063 esse.
2824 5005 2920 5062 Vis
2950 5014 3033 5061 est
3065 5006 3542 5080 argumentationis
3569 5004 3843 5072 ejusmodi.
3880 5003 3964 5054 An-

2460 5114 2562 5153 nus
2590 5098 2831 5155 Africani
2860 5100 2999 5155 5725
3023 5109 3107 5154 est
3134 5113 3254 5154 atrae
3282 5097 3485 5154 Christi
3528 5098 3654 5161 221,
3685 5094 3874 5168 periodi
3898 5091 3965 5144 Ju-

2459 5190 2617 5244 liana:
2638 5191 2797 5251 4951,
2820 5206 2928 5261 quo
2954 5190 3206 5245 consules
3236 5188 3383 5245 tuere
3416 5188 3617 5244 Gratus
3644 5197 3697 5244 et
3726 5186 3959 5241 Seleucus.

2462 5281 2573 5338 Hoc
2605 5299 2731 5338 vero
2761 5299 2856 5353 par
2888 5282 3172 5337 consulum
3201 5281 3277 5335 ait
3305 5285 3373 5337 ab
3411 5282 3617 5336 exactis
3647 5280 3963 5349 regibnsesse

2462 5374 2997 5445 septingentesimum
3065 5372 3380 5427 vicesimum
3449 5362 3723 5440 quintum.
3791 5364 3963 5421 Additis

2459 5481 2587 5534 ergo
2636 5480 2819 5535 regum
2866 5464 3023 5518 annis
3065 5462 3168 5516 245
3206 5462 3271 5516 ad
3303 5460 3443 5524 735,.
3469 5460 3603 5514 ﬁunt
3648 5459 3774 5513 anni
3815 5455 3963 5515 968.8
4060 5474 4061 5477 ‘

2461 5557 2655 5625 quibus
2688 5553 2933 5609 deductis
2960 5552 3085 5613 221,
3120 5560 3287 5607 restat
3320 5565 3495 5605 annus
3524 5548 3689 5605 Urbis
3722 5549 3815 5604 747
3843 5566 3855 5599 :
3882 5556 3961 5613 quo

2458 5647 2709 5703 Christus
2754 5662 2819 5701 ex
2862 5644 3164 5700 communis
3207 5658 3327 5700 arra:
3351 5641 3648 5697 ratidciniis
3694 5648 3840 5694 ortus
3873 5643 3960 5695 est;

2458 5739 2827 5809 quinquennio
2858 5738 3009 5807 prius
3035 5752 3195 5807 quam
3231 5736 3391 5805 vulgo
3418 5732 3645 5796 feratur,
3676 5734 3784 5786 imo
3805 5740 3960 5784 κιθηο
4058 5782 4059 5789 η

2462 5834 2569 5886 nio.
2604 5830 2772 5887 Natus
2802 5831 2955 5886 enim
2986 5830 3200 5897 ponitur
3245 5840 3385 5881 anno
3417 5823 3578 5881 Urbis
3616 5823 3840 5880 condit:
3860 5814 3958 5872 15-3.
