4046 6320
106 392 266 448 1‘05

1091 400 1545 461 DlSSERTATIO
1578 405 1667 459 DE
1697 406 2102 463 ϐηιεοοιιωι
2141 409 2341 466 ωε.

3181 419 3309 476 "06

108 509 332 603 Verum
364 511 652 570 Africanus
680 515 740 569 in
775 516 1089 575 consulibus
1117 522 1230 574 sive
1268 522 1671 590 magistratibus
1700 532 1745 585 Α
1770 532 1878 578 cta.
1938 522 2267 595 TheOphilus
2314 526 2705 582 Alexandrinus
2756 530 3036 601 episcopus
3086 538 3318 603 pascha-

100 602 328 656 annuis
374 606 753 669 numerandis,
799 622 895 663 eos
936 624 1107 664 annos
1162 612 1413 679 exclusit,
1468 614 1667 681 quibus

101 692 262 744 nulli
312 693 568 749 consules
616 694 834 750 fuerunt
865 716 880 752 :
915 701 1006 768 qui
1035 700 1249 769 quidem
1282 702 1333 755 in
1367 700 1542 757 Fastis
1580 702 1667 756 in-

99 780 357 850 signiter
382 784 620 855 quinque
658 795 915 841 notantur
945 789 1013 843 ab
1056 805 1197 843 anno
1239 789 1400 846 Urbis
1438 792 1541 848 378
1596 792 1664 847 ad

97 885 326 926 annum
346 873 476 941 382;
494 876 689 944 quibus
705 880 1017 932 continuum
1036 880 1425 950 interregnum.
1438 893 1489 937 et
1507 884 1667 953 ἀναρ-

98 960 210 1030 χία
241 965 467 1020 exstitit.
511 965 624 1021 Maus
660 975 744 1023 est
786 976 960 1023 autem
992 971 1261 1041 plerisque
1306 974 1664 1042 scriptoribus

99 1053 165 1105 in
217 1070 522 1110 annuorum
573 1059 980 1128 magistratuum
1029 1070 1120 1115 aut
1163 1077 1349 1131 regum
1403 1064 1662 1133 tempori-

100 1144 223 1198 bus
274 1148 686 1214 percensendis,
740 1166 834 1205 eos
894 1168 1067 1209 annos
1127 1155 1409 1219 omittere,
1466 1157 1662 1224 quibus

96 1236 254 1289 nulli
286 1238 503 1291 fuerunt
529 1257 545 1293 :
571 1241 712 1309 quod
743 1242 771 1294 a
798 1242 1116 1310 quibusdam
1147 1246 1416 1300 veteribus
1458 1246 1511 1299 in
1555 1246 1663 1300 Ro-

97 1326 296 1381 manis
315 1327 620 1397 digerendis
652 1333 937 1387 annalibus
956 1335 1297 1389 observatum
1328 1352 1447 1390 esse
1476 1337 1661 1405 dispu-

96 1424 190 1468 tat
240 1416 572 1487 Onuphrius,
608 1437 729 1474 cum
778 1422 843 1477 de
887 1424 1144 1479 varietate
1177 1430 1660 1496 computandorum

98 1506 283 1563 Urbis
321 1524 582 1564 annorum
612 1512 849 1567 disserit.

174 1618 464 1676 Postremo
495 1638 595 1677 nec
636 1623 766 1677 illud
816 1626 1127 1691 omiserim,
1168 1630 1312 1699 quod
1354 1643 1420 1683 ex
1466 1630 1658 1686 Photio

90 1718 155 1763 et
195 1709 433 1766 Eusebio
456 1708 668 1767 constat
696 1716 749 1768 in
785 1714 1058 1780 Chronico,
1087 1718 1282 1788 duplex
1306 1721 1373 1774 ab
1400 1721 1657 1776 Africano

91 1813 246 1902 opus
298 1802 705 1869 elucubratum;
762 1798 990 1873 quorum
1048 1810 1277 1865 alterum
1336 1812 1653 1873 historicum
1687 1848 1727 1902 Β

1767 613 1869 666 lem
1927 610 2409 685 cyclum'instituit
2458 632 2721 673 annorum
2769 636 3094 686 ccccuxvu,
3151 610 3309 693 cujus

1765 709 1977 783 centum
2038 705 2246 773 priores
2311 722 2482 763 annos
2538 709 2841 778 descripsit,
2895 728 3051 767 orsus
3102 729 3132 767 a
3178 731 3309 767 con-

1764 792 1941 845 sulatu
2000 791 2239 848 Gratiani
2282 812 2314 849 v
2377 806 2430 851 et
2492 797 2776 853 Theodosii
2829 802 3024 871 impp.,
3076 806 3167 871 qui
3221 813 3305 857 est

1764 896 1937 936 annus
1963 898 2085 936 tera:
2111 884 2439 941 Christiana:
2472 901 2735 953 cccuxx,
2766 892 2920 961 cyclo
2961 892 3096 945 luna:
3120 892 3162 945 1.
3206 892 3305 947 llic

1763 989 1937 1029 annus
1978 990 2044 1030 ex
2080 968 2317 1032 Africani
2361 979 2568 1034 calculo
2612 982 2903 1049 putabatur
2944 984 3011 1037 ab
3058 984 3305 1037 lncarna-

1764 1065 1912 1120 tione
1956 1081 2262 1130 ccccxxxu,
2297 1068 2364 1122 ab
2404 1069 2607 1123 Adamn
2649 1071 2786 1124 5882
2826 1072 2940 1138 (lib.
2982 1088 3021 1126 ιι
3060 1072 3133 1127 De
3163 1074 3300 1127 doct.

1762 1164 1941 1224 temp.,
1975 1171 2093 1225 cap.
2132 1155 2337 1227 LXIX).
2375 1156 2572 1213 Divisis
2602 1159 2739 1217 5882
2763 1175 2859 1227 per
2894 1160 2960 1215 19
2987 1162 3302 1231 relinquun-

1759 1252 1850 1298 tur
1880 1246 1943 1310 ll,
1975 1248 2123 1315 atqui
2154 1247 2177 1299 l
2204 1248 2482 1302 residuum
2514 1265 2633 1304 esse
2662 1251 2893 1305 methodi
2921 1253 3193 1321 paschalis
3220 1256 3304 1310 in-

1759 1346 1978 1392 tererat.
2012 1338 2331 1394 Panodorus
2367 1357 2494 1410 ergo
2534 1342 2717 1398 decem
2751 1343 3023 1409 detractis,
3055 1346 3300 1401 eumdem

1758 1427 1910 1480 illum
1969 1443 2171 1481 annum
2221 1430 2526 1483 numeravit
2578 1431 2644 1483 ab
2693 1433 2823 1486 orbe
2878 1434 3094 1487 condito
3138 1433 3297 1495 5872,

1757 1517 1953 1585 quibus
1980 1533 2074 1586 per
2110 1518 2175 1571 l9
2204 1520 2432 1588 partitis,
2464 1520 2647 1588 cyclus
2673 1522 2762 1573 ille
2792 1522 2929 1576 luna:
2954 1524 3176 1591 primus.
3206 1526 3298 1592 qui

1759 1608 2119 1676 quaerebatur,
2164 1610 2396 1663 exsistit.
2449 1607 2712 1665 Praeterea
2756 1610 3179 1668 lncarnatiouem
3233 1629 3297 1668 ac

1757 1697 1995 1753 Natalem
2042 1698 2239 1752 Christi
2270 1700 2485 1754 biennio
2515 1699 2768 1754 subduxit
2804 1703 2871 1757 ab
2894 1703 3132 1756 Africani
3157 1718 3291 1772 epo-

1756 1789 1855 1843 cha
1877 1806 1900 1855 ;-
1926 1796 1981 1843 et
2010 1791 2065 1843 in
2095 1805 2296 1844 annum
2328 1790 2548 1861 redegit,
2579 1795 2671 1861 qui
2709 1795 3113 1847 trecentesimus
3140 1804 3297 1848 octo—

90 1888 208 1943 fuit
255 1891 313 1944 in
362 1895 599 1964 quinque
656 1897 822 1952 libros
867 1900 1156 1967 partitum,
1213 1910 1265 1956 et
1329 1903 1396 1957 ad
1454 1919 1643 1957 annum

1753 1880 1987 1949 gesimus
2010 1887 2155 1934 retro
2175 1880 2464 1949 putabatur
2487 1882 2555 1934 ab
2583 1883 2807 1936 exordio
2831 1883 2966 1954 cycli
2990 1882 3291 1953 Theophili.

90 1983 326 2036 tertium
392 1984 703 2056 Alagabali,
781 1991 967 2044 mundi
1028 1993 1205 2056 5723,
1267 1994 1585 2062 perductum
1634 2014 1647 2048 :

87 2070 168 2125 de
198 2089 311 2141 quo
342 2075 603 2131 hactenus
652 2080 817 2132 locuti
858 2096 1068 2145 sumus,
1108 2082 1331 2135 alterum
1374 2084 1522 2151 quod
1545 2085 1652 2135 Ke-

92 2164 265 2225 στοὺς
313 2164 589 2235 inscripsit
623 2168 676 2222 in
710 2168 880 2225 libros
905 2169 1023 2223 XIV
1061 2171 1350 2240 digestum.
1388 2170 1647 2227 Eusebius

90 2268 231 2307 vero
267 2251 286 2304 1
325 2253 519 2311 Chron.
544 2270 733 2311 novem
767 2258 935 2311 libros
966 2267 1234 2313 numerat.
1270 2259 1438 2327 Cujus
1468 2260 1648 2329 operis

88 2355 481 2411 argumentum
525 2346 805 2416 multiplex
852 2346 973 2402 fuit.
1021 2348 1156 2403 Nam
1200 2349 1268 2404 de
1309 2349 1529 2403 medicis
1561 2365 1644 2403 re-

86 2438 225 2499 bus,
249 2437 509 2507 physicis,
542 2440 784 2503 rusticis,
815 2442 1078 2510 cltymicis
1098 2442 1280 2507 etiam,
1316 2442 1382 2496 iis
1414 2444 1465 2494 in
1494 2442 1647 2496 libris

86 2532 356 2581 tractavit
389 2548 401 2583 :
434 2546 559 2600 qua:
602 2532 770 2585 ambo
808 2532 1050 2600 ejusdem
1094 2532 1335 2586 Africani
1387 2543 1534 2597 sunt,
1588 2540 1647 2585 ut

85 2627 333 2673 testatur
359 2619 583 2675 Pbotius
602 2661 617 2684 ,
647 2638 753 2675 non
783 2632 840 2676 ut
875 2622 1151 2692 Scaligero
1180 2625 1351 2677 visum
1379 2631 1463 2678 est
1484 2662 1499 2687 ,
1549 2624 1643 2692 qui

88 2717 351 2764 auctores
400 2710 669 2767 immerito
718 2712 983 2767 distinxit.
1038 2712 1221 2782 Itaque
1264 2714 1458 2765 Κεστοὶ
1507 2714 1644 2767 nihil

88 2798 162 2851 ad
217 2801 620 2870 cbronologiam
671 2801 1002 2867 attinebant;
1038 2812 1225 2857 contra
1276 2818 1435 2871 quam
1486 2804 1642 2859 nobis

90 2889 374 2944 exciderat
422 2891 513 2943 lib.
568 2890 661 2945 ΧΠ
709 2892 785 2946 De
846 2892 1086 2945 doctrina
1139 2903 1460 2962 temporum,
1520 2908 1637 2963 cap.

88 2978 255 3041 XLII,
290 2980 382 3035 ubi
408 2980 643 3044 Κεστοὺς
670 2997 793 3036 cum
829 2982 1161 3055 mvra6i6lup
1191 2985 1414 3038 historia
1451 2982 1641 3039 confu-

87 3072 296 3127 dimus.
1030 3078 1035 3085 '

684 3227 910 3283 CAPUT
955 3228 1042 3284 111.

87 3339 170 3393 De
188 3336 486 3391 Crwcorum
514 3334 654 3400 teris,
672 3346 920 3406 quatenus
948 3338 1198 3392 methodis
1214 3340 1568 3405 paschalibus,
1586 3351 1641 3395 et

160 3408 318 3478 cyclis
342 3409 621 3476 implicattc
643 3417 783 3461 sunt.
818 3407 1083 3462 Panodori
1104 3420 1373 3476 computus
1399 3412 1639 3464 illustrao

160 3489 265 3549 tur.
296 3480 368 3549 Ab
415 3494 472 3531 eo
510 3487 823 3548 propagatus
860 3488 935 3533 est
996 3480 1127 3532 alter
1164 3495 1312 3549 quem
1366 3479 1635 3534 Maximus

162 3547 389 3601 adhibet.

162 3659 432 3716 ilactenus
465 3676 642 3716 meras
672 3677 938 3717 annorum
964 3678 1205 3718 summas
1234 3662 1303 3718 ab
1345 3665 1475 3719 orbe
1502 3680 1636 3718 con-

88 3752 207 3807 dito
257 3753 374 3807 sine
417 3753 523 3806 ulla
562 3755 858 3823 cyclorum,
893 3755 972 3808 uti
1007 3754 1211 3809 dictum
1246 3766 1348 3817 est,
1386 3756 1636 3809 methodo

87 3843 481 3898 subducebant.
516 3843 730 3907 Postea,
760 3860 880 3899 cum
906 3846 1017 3915 jam
1064 3860 1195 3901 usus
1226 3848 1439 3901 artiﬁcii
1476 3848 1635 3901 istius

87 3934 202 3988 fere
256 3934 308 3986 in
357 3933 599 3987 Ecclesia
648 3934 936 4002 coepisset,
988 3934 1191 4003 placuit
1234 3950 1406 3989 annos
1449 3934 1635 3989 mundi

87 4024 169 4077 sic
198 4022 265 4077 ad
294 4023 539 4077 eumdem
571 4032 773 4093 aptare,
829 4032 887 4077 ut
936 4022 1111 4079 divisa
1142 4042 1352 4080 summa
1402 4042 1495 4094 per
1544 4040 1635 4095 cy-

85 4116 293 4169 clorum
342 4114 644 4184 periodum,
694 4116 947 4185 proprius
975 4115 1101 4168 anni
1141 4116 1404 4185 cujusque
1449 4117 1633 4185 cyclus

85 4209 390 4263 exsisteret.
418 4206 585 4273 Quem
621 4208 673 4261 in
710 4208 867 4261 tinem
904 4208 1098 4279 partim
1134 4222 1397 4261 annorum
1430 4208 1635 4277 aliquot

87 4298 414 4354 detractione
454 4299 538 4352 vel
589 4298 889 4363 additione,
936 4298 1144 4368 priores
1190 4306 1474 4368 computos
1532 4298 1635 4351 im-

88 4394 398 4453 mutarunt;
452 4388 645 4455 partim
694 4388 761 4441 iis
802 4388 1047 4451 retentis,
1095 4388 1524 4441 lncarnatiouem
1569 4402 1632 4441 ac

1754 1968 1810 2022 Si
1841 1984 2017 2024 annus
2052 1968 2189 2023 5872
2234 1968 2418 2023 mundi
2467 1970 2881 2025 trecentesimus
2929 1973 3297 2041 octogesimus

1750 2056 2020 2111 secundus
2053 2057 2337 2111 haberetur
2378 2057 2445 2110 ab
2479 2058 2756 2111 incarnato
2801 2059 3045 2123 Domino,
3082 2062 3294 2117 caderet

1748 2144 2051 2222 lncarnatio
2079 2146 2135 2200 in
2180 2161 2377 2199 annum
2424 2148 2493 2203 ab
2538 2148 2741 2201 Adamn
2768 2150 2925 2203 5691.
2978 2150 3301 2207 Panodorus

1747 2244 1924 2290 autem
1956 2251 2079 2290 eum
2111 2252 2309 2313 annum
2340 2239 2545 2307 putavit
2580 2239 2735 2293 5493.
2767 2238 2929 2310 Igitur
2955 2242 3163 2310 primus
3194 2257 3293 2297 an-

1748 2343 1849 2380 nus
1874 2328 2009 2397 cycli
2051 2314 2356 2397 TheOpbili,
2387 2344 2507 2383 terte
2537 2328 2925 2384 incarnationis
2951 2332 3019 2386 ab
3048 2332 3139 2385 illo
3182 2350 3289 2386 nu-

1746 2422 1983 2469 meratus
2031 2425 2117 2470 est
2155 2418 2568 2472 trecentesimus
2615 2420 2971 2487 octogesimus
2998 2436 3011 2472 :
3042 2436 3161 2487 quae
3205 2429 3290 2474 est

1743 2505 1969 2574 insignis
1998 2506 2307 2561 observatio
2324 2508 2601 2561 vetustatis
2627 2522 2748 2562 terte
2776 2510 3094 2571 communis,
3124 2525 3294 2578 quam-

1743 2592 2121 2663 Dionysianam
2166 2596 2468 2657 nominant,
2515 2610 2819 2665 quanquam
2860 2611 2967 2649 uno
3013 2606 3169 2649 anno
3198 2596 3285 2650 ln-

1742 2685 2109 2739 carnatiouem
2158 2686 2575 2750 antevertimus,
2623 2700 2689 2739 eo
2735 2686 2876 2755 quod
2924 2701 3030 2739 aera
3086 2687 3285 2741 Christi

1742 2790 1848 2847 non
1880 2774 2307 2831 lncarnatiouem
2332 2777 2555 2830 includit
2594 2777 2798 2845 ipsam;
2841 2778 2934 2831 sed
2970 2792 2999 2828 a
3028 2777 3286 2834 Kalendis

1738 2862 2009 2919 Ianuariis
2035 2856 2309 2933 proximis
2353 2879 2383 2917 a
2432 2862 2606 2923 Natali
2645 2865 2849 2934 incipit.
2916 2864 3280 2920 Nihilominus

1741 2956 2011 3009 luculenta
2072 2964 2155 3011 est
2203 2957 2314 3010 haec
2370 2957 2578 3027 notatio
2630 2956 2863 3025 vulgaris
2910 2970 3067 3020 tera;
3123 2971 3279 3023 quam

1739 3045 2048 3114 cbronologi
2101 3045 2319 3113 quidam
2374 3045 2708 3098 recentiores
2766 3052 2823 3097 ut
2872 3045 3093 3098 minime
3143 3046 3283 3097 anti-

1666 3167 1705 3221 C
1740 3152 1922 3206 quam,
1949 3144 2003 3189 et
2027 3153 2058 3189 a
2085 3134 2340 3206 Dionysio
2381 3137 2606 3201 primum
2640 3135 2845 3205 Exiguo
2886 3129 3282 3205 repertam'im-
3332 3188 3337 3193 ,

1743 3234 2113 3297 pune.vcxant
2140 3241 2203 3278 ac
2229 3226 2463 3279 ludibrio
2494 3226 2709 3279 habent.
2737 3225 2839 3281 Sed
2868 3228 2985 3295 ejus
3010 3237 3280 3282 auctorem

1740 3317 1928 3370 saltem
1974 3314 2313 3368 Panodorum
2359 3314 2527 3369 fuisse
2577 3330 2643 3369 ex
2689 3330 2753 3370 eo
2797 3317 3085 3380 vincimus,
3134 3317 3276 3386 quod

1739 3404 1999 3475 Georgius
2048 3404 2329 3475 Syncellus
2371 3406 2793 3459 lncarnatiouem
2844 3405 3047 3472 Christi
3089 3408 3155 3460 ab
3184 3408 3277 3461 illo

1720 3497 1961 3551 relatam
1990 3495 2185 3549 astruit
2216 3495 2271 3547 in
2296 3508 2495 3546 annum
2526 3494 2711 3547 mundi
2734 3494 2903 3560 5493;
2932 3511 3088 3566 quem
3119 3496 3279 3565 ipsis-

1740 3586 1933 3642 simum
1974 3600 2096 3640 esse
2127 3585 2357 3654 primum
2388 3599 2508 3651 serae
2540 3587 2839 3641 communis
2883 3600 3002 3657 cap.
3034 3586 3276 3655 sequenti
3308 3588 3312 3595 “

1738 3676 2247 3739 demonstrabimus,
2281 3676 2370 3729 ttbi
2398 3673 2609 3745 Georgii
2637 3676 2989 3749 fragmentum
3016 3678 3143 3730 illud
3184 3692 3279 3731 ex-

1738 3770 2059 3825 scribemus.
2090 3768 2276 3823 Annos
2314 3766 2452 3821 5493
2480 3769 2523 3822 si
2552 3784 2645 3837 per
2672 3770 2737 3822 19
2766 3770 3016 3835 partiare.
3059 3770 3115 3821 lit
3138 3769 3278 3822 luna:

1738 3862 1921 3932 cyclus
1950 3860 2005 3923 2,
2054 3860 2144 3928 qui
2176 3860 2396 3928 perinde
2423 3874 2563 3912 anno
2606 3860 2779 3927 primo
2807 3859 3009 3913 Christi
3048 3859 3277 3913 nostrati

1736 3952 2002 4022 congruit.
2049 3950 2123 4002 Et
2161 3950 2260 4003 hac
2290 3948 2554 4003 Panodori
2605 3948 3031 4003 conformatione
3078 3948 3276 4001 accidit

1722 4052 1793 4115 με
1823 4050 2106 4111 computus
2128 4040 2229 4095 iste
2262 4055 2451 4094 recens
2476 4040 2543 4095 ab
2570 4040 2700 4093 orbe
2723 4039 2939 4093 condito
2966 4048 3086 4092 octo
3117 4038 3273 4093 annis

1736 4136 1913 4190 minor
1938 4143 2084 4189 esset
2132 4133 2313 4203 priore
2346 4132 2458 4195 illo,
2494 4132 2585 4201 qui
2617 4131 2717 4185 fuit
2753 4130 3013 4185 Africani.
3041 4128 3275 4185 Tametsi

1733 4228 1875 4281 enim
1899 4214 2083 4280 decem
2106 4238 2276 4277 annos
2303 4223 2369 4277 de
2389 4238 2453 4277 eo
2478 4221 2790 4278 Panodorus
2818 4222 3037 4277 abstulit
3055 4261 3070 4285 ,
3099 4228 3275 4274 tamen

1734 4309 2071 4370 communem
2116 4313 2411 4366 terminum
2462 4310 2680 4365 biennio
2726 4311 3039 4367 summovit.
3079 4306 3135 4362 Si
3190 4309 3276 4361 ln-

1732 4402 2062 4467 carnationis
2079 4401 2364 4470 pristinum
2386 4416 2586 4454 annum
2610 4400 2920 4454 retinuisset
2940 4399 3005 4453 ab
3021 4397 3275 4451 Africano

90 4478 396 4559 Passionem
452 4477 655 4533 Christi
704 4480 841 4533 alios
891 4480 944 4532 in
990 4494 1184 4541 annos,
1220 4494 1382 4549 quam
1430 4478 1627 4547 quibus

1739 4493 1933 4550 editum
1954 4533 1968 4558 ,
1998 4492 2091 4563 qui
2125 4504 2207 4549 est
2236 4491 2439 4562 periodi
2470 4489 2697 4545 Iuliana:
2724 4492 2881 4552 4712,
2907 4489 3125 4543 biennio
3150 4500 3274 4542 aute

88 4553 305 4633 ascripti
349 4570 505 4618 erant
532 4562 707 4627 initio,
742 4564 1073 4633 relegarunt.
1125 4562 1237 4617 Hoc
1270 4571 1327 4617 ut
1365 4564 1625 4633 paulatim

86 4655 327 4711 evenisse
357 4656 667 4725 conjectura
701 4661 884 4709 nostra
926 4655 1046 4723 fert,
1077 4657 1347 4725 explicare
1373 4654 1625 4725 deinceps

89 4747 379 4817 aggrediar.

159 4858 428 4927 Princeps,
478 4869 738 4929 quantum
784 4860 1049 4930 suspicari
1100 4859 1245 4921 licet,
1292 4858 1346 4912 in
1394 4858 1625 4929 Egypto

87 4949 413 5012 Panodorus,
449 4965 571 5003 cum
603 4950 1054 5005 animadverteret
1104 4964 1272 5002 annos
1321 4950 1390 5003 ab
1420 4949 1624 5002 Adamo

32 5070 35 5074 -
88 5056 152 5095 ex
196 5038 420 5092 Africani
456 5039 721 5093 sententia
752 5040 1029 5103 collectos,
1068 5037 1114 5093 si
1166 5052 1259 5106 per
1310 5037 1376 5091 19
1420 5036 1623 5092 divide-

92 5135 285 5190 rentur,
312 5142 652 5197 nequaquam
686 5130 951 5184 labentem
992 5130 1132 5183 lunze
1153 5130 1363 5199 cyclum
1390 5129 1619 5193 eiiicere,

93 5230 201 5274 non
221 5218 475 5273 dubitavit
502 5220 780 5289 captanda:
807 5220 1220 5291 opportunitatis
1249 5220 1399 5275 illius
1427 5222 1618 5291 gratia,

96 5321 283 5377 paucos
330 5323 501 5362 annos
563 5322 594 5361 e
660 5324 869 5362 summa
924 5308 1229 5379 decerpere.
1290 5308 1409 5368 .Iam
1477 5310 1621 5364 enim

98 5396 559 5451 Alexandrinorum
585 5396 791 5449 lunaris
813 5398 996 5461 cyclus
1026 5399 1436 5467 percrebuerat;
1468 5400 1559 5468 qui
1592 5416 1621 5453 a

98 5486 317 5556 paschali
359 5486 469 5541 fere
500 5502 683 5542 mense
714 5503 933 5542 sumens
968 5489 1201 5554 initium,
1246 5490 1385 5543 idem
1414 5498 1530 5544 erat
1558 5506 1621 5543 ac

96 5586 285 5639 noster,
330 5577 432 5630 hoc
462 5586 544 5633 est
584 5581 791 5648 primus
838 5581 999 5634 unius
1049 5582 1253 5648 primus
1286 5580 1469 5635 itidem
1504 5590 1619 5636 erat

98 5668 304 5723 alterius
338 5687 351 5723 :
386 5669 817 5740 quandoquidem
848 5672 1117 5740 paschalis
1148 5674 1322 5727 omnis
1352 5672 1618 5728 Romano-

104 5774 217 5815 rum
248 5759 519 5824 u:elhodus
544 5762 611 5818 ab
654 5760 1137 5817 Alexandrinorum
1170 5770 1251 5817 cst
1282 5762 1423 5818 fonte
1452 5763 1618 5817 dedu-

1728 4586 1987 4656 epocbam
2030 4592 2307 4649 nostram;
2339 4598 2513 4638 annus
2557 4582 2762 4655 primus
2801 4580 2935 4651 cycli
2964 4578 3270 4648 Theophili,

1730 4675 1934 4729 Christi
1986 4674 2123 4738 380,
2172 4674 2366 4728 fuisset
2415 4687 2534 4726 erat
2575 4668 2966 4725 lncarnationis
3006 4667 3273 4723 Panodori

1725 4766 1864 4831 382;
1897 4764 2083 4818 mundi
2109 4763 2268 4819 5872.
2309 4762 2516 4816 Ablatis
2546 4762 2702 4816 anuis
2722 4759 2824 4813 382
2849 4758 2915 4813 de
2946 4758 3103 4819 5872,
3137 4759 3272 4813 resi-

1724 4858 1817 4912 dui
1848 4864 1973 4909 sunt
2019 4854 2173 4909 5490.
2225 4854 2361 4921 Ergo
2411 4867 2585 4905 annus
2637 4850 2767 4905 5491
2821 4857 2965 4905 esset
3018 4849 3271 4903 lncarna-

1724 4930 1886 5003 ti°ouis
1938 4961 2133 5000 annus.
2190 4944 2332 4999 Idem
2397 4944 2601 5012 primus
2668 4940 2945 5010 TheOphili
2994 4955 3168 4993 annus
3204 4956 3271 4993 ex

1724 5038 1965 5093 Africani
2008 5045 2262 5105 computo
2309 5042 2425 5088 erat
2455 5036 2523 5088 ab
2555 5034 2758 5088 Adamn
2796 5031 2951 5096 5882,
2995 5046 3025 5085 a
3064 5030 3271 5089 Christi

1725 5128 2102 5183 lncarnatione
2148 5126 2270 5181 382.
2320 5125 2611 5181 Subductis
2653 5124 2753 5177 382
2783 5123 2849 5177 de
2882 5122 3039 5188 5882,
3074 5122 3267 5191 reliqui

1724 5228 1850 5276 sunt
1882 5219 2007 5271 anni
2033 5218 2169 5272 5500
2204 5238 2215 5272 :
2257 5218 2481 5286 proinde
2512 5230 2653 5267 anno
2683 5215 2814 5268 5501
2844 5214 3154 5269 incarnatus
3186 5222 3271 5268 est

1722 5309 1973 5364 Christus
2009 5323 2076 5362 ex
2119 5308 2359 5361 Africani
2406 5306 2722 5361 ratiociniis.
2774 5304 3074 5361 Discrimen
3118 5318 3270 5357 com-

1723 5399 1838 5469 puti
1868 5397 2027 5467 hujus
2062 5406 2115 5451 et
2154 5400 2396 5461 alterius,
2433 5399 2560 5450 anni
2597 5398 2679 5450 10.
2716 5396 2914 5451 Verum
2953 5394 3268 5449 Panodorus

1722 5490 1963 5552 biennio,
1998 5497 2057 5543 ut
2098 5490 2299 5543 dictum
2340 5497 2443 5549 est,
2471 5487 2902 5541 lncarnatiouem
2935 5486 3263 5539 descendere

1716 5583 1882 5652 jussit
1925 5583 1991 5635 ad
2040 5598 2237 5635 annum
2270 5582 2407 5634 5495
2436 5597 2451 5633 :
2483 5582 2644 5636 unde'
2669 5592 2789 5634 octo
2833 5586 3094 5631 annorum
3128 5579 3265 5631 dun-

1722 5681 1869 5727 taxat
1909 5674 2045 5728 inter
2078 5658 2362 5741 utrumque
2402 5680 2526 5726 nata
2557 5671 2851 5727 diﬂ‘erentia
2889 5680 2993 5724 est.
3028 5669 3261 5723 Accessit

1725 5765 1789 5819 ad
1824 5781 1941 5822 eam
1970 5766 2103 5836 cycli
2139 5766 2343 5820 lunaris
2376 5764 2850 5835 opportunitatem,
2874 5772 2926 5819 et
2957 5760 3261 5817 indictionir
