4046 6320
703 376 706 380 ’
743 384 877 434 14117

1739 381 1828 434 ΑΒ
1867 380 2133 436 Εεειῖιιιι
2171 377 2559 435 CllRONlCON
2597 373 2950 430 APPENDlX.

3791 372 3881 426 “€63

691 491 696 493 ’
737 508 890 549 usus.
929 490 1058 546 Nam
1097 493 1301 547 unitate
1342 493 1545 554 addita,
1584 501 1637 546 et
1676 508 1884 547 summa
1906 509 2010 564 per
2055 492 2120 547 15
2159 509 2282 561 par-
2315 498 2358 551 Α
2386 491 2530 559 quod
2559 499 2748 544 neuter
2779 491 2989 544 illorum
3037 487 3306 543 instituit.
3356 484 3499 537 llinc
3544 491 3747 551 apparet
3781 499 3879 538 terte

737 585 853 640 tita.
892 585 1106 652 propria
1139 584 1402 653 cujusque
1438 585 1565 636 anni
1600 583 1826 638 habetur
1863 584 2104 637 indictio.
2142 583 2283 635 Anni

735 667 874 723 5872
905 679 1000 738 per
1043 672 1107 725 15
1134 672 1407 724 distributi
1459 674 1773 741 relinquunt
1804 671 1853 726 7.
1901 669 2096 724 Verum
2144 685 2285 724 anno

733 758 937 814 Christi
967 760 1071 814 580
1096 760 1317 814 indictio
1353 760 1453 815 fuit
1482 762 1547 816 8:
1588 763 1764 816 unitas
1787 776 1914 832 ergo
1943 760 2160 830 adjungi
2193 761 2287 814 de-

734 851 825 905 bet
851 851 916 904 ad
949 867 1255 905 numerum.
1288 851 1442 916 Quod
1465 855 1510 908 si
1536 869 1735 907 annum
1765 853 2002 908 Africani
2027 853 2166 907 5882
2195 867 2300 920 ρειαί

737 940 803 993 15
835 940 1125 1002 divideres,
1174 940 1398 994 indictio
1447 942 1482 995 2
1528 944 1858 1012 proveniret,
1908 957 2028 1010 qua:
2078 941 2288 1009 longius

735 1029 890 1082 abest
920 1028 991 1081 ah
1027 1044 1108 1086 ea.
1140 1045 1257 1098 qua:
1291 1040 1404 1084 tum
1440 1033 1748 1100 putabatur.
1788 1031 2146 1097 Quamobrem
2179 1047 2286 1084 non

735 1119 916 1172 minus
950 1119 1286 1195 indictionis,
1333 1137 1494 1190 quam
1524 1123 1661 1191 cycli
1695 1123 1901 1175 lunaris
1934 1121 2289 1175 commoditas

735 1205 1076 1262 Panodorum
1112 1211 1347 1279 impulit,
1394 1219 1452 1264 ut
1485 1210 1726 1265 Africani
1767 1220 2080 1281 computum
2121 1211 2290 1265 inter-

735 1299 962 1366 polaret.
1013 1297 1072 1352 Si
1105 1299 1321 1366 quidem
1357 1298 1672 1355 indictionis
1716 1316 1847 1354 usus
1890 1316 1986 1369 per
2028 1302 2116 1354 illa
2155 1296 2290 1355 teni-

734 1401 867 1456 pora
894 1388 1264 1465 vehementius
1292 1389 1693 1445 increbrescere
1723 1393 1905 1462 cmpit,
1925 1401 1983 1445 ut
2011 1400 2092 1447 est
2122 1393 2174 1446 in
2198 1393 2289 1446 lib.

734 1476 803 1531 XI
826 1479 900 1532 De
916 1479 1158 1533 doctrina
1181 1491 1484 1547 temporum,
1517 1496 1639 1551 cap.
1669 1481 1803 1534 XLI.

803 1571 1018 1625 Atenim
1056 1585 1378 1640 persuasum
1421 1572 1522 1624 hoc
1555 1572 1830 1640 plerisque
1861 1571 1982 1634 fuit,
2016 1570 2290 1626 Christum

736 1660 1023 1714 Dominum
1059 1669 1110 1715 et
1141 1660 1316 1714 Martii
1349 1678 1505 1728 χχιιι,
1533 1671 1585 1715 et
1617 1662 1744 1715 luna
1773 1677 1860 1714 xiv
1904 1662 1985 1716 vcl
2018 1679 2103 1721 xv.
2132 1663 2182 1715 id
2209 1671 2292 1716 est

735 1751 1051 1820 plenilunio,
1081 1767 1203 1805 esse
1236 1767 1478 1821 passum,
1520 1753 1573 1806 id
1605 1760 1689 1807 est
1718 1760 1769 1806 in
1807 1753 2072 1808 Paschate
2103 1752 2292 1807 Iudai-

733 1858 818 1904 co,
857 1840 1033 1894 Martii
1082 1857 1212 1895 vero
1262 1859 1365 1896 xxv
1414 1846 1785 1899 resurrexisse

736 2024 971 2078 versiam
1009 2033 1112 2079 est.
1158 2023 1312 2090 Quod
1343 2025 1519 2080 Martii
1565 2042 1700 2081 χχιιι
1732 2042 1951 2096 passum
1989 2044 2110 2083 esse
2139 2029 2296 2082 Chri-

739 2125 884 2170 stum
910 2115 1080 2172 Graaci
1100 2119 1440 2190 computistaa
1470 2119 1821 2181 crediderint,
1848 2109 2162 2190 argumento
2187 2130 2290 2184 est,

739 2205 883 2275 quod
944 2207 1228 2272 Maximus,
1272 2211 1556 2280 Georgius,
1600 2210 1925 2264 'Chronicon
1973 2202 2293 2265 Alexandri-

737 2313 890 2359 num,
911 2297 1209 2362 Cedrenus,
1235 2309 1287 2353 et
1315 2301 1406 2352 alii
1437 2301 1746 2370 complures
1770 2302 1841 2353 ita
1868 2302 2122 2354 sentiunt.
2151 2302 2291 2365 Quin

736 2388 900 2441 etiam
937 2389 1270 2445 Caesariense
1301 2391 1615 2450 concilium,
1656 2392 1800 2459 quod
1855 2391 2066 2445 Victore
2119 2393 2294 2460 ponti-

736 2478 838 2542 ﬁce
863 2480 1009 2533 circa
1044 2496 1244 2534 annum
1288 2482 1490 2536 Christi
1537 2481 1767 2536 CXCVII
1812 2484 2139 2536 celebratum
2189 2489 2293 2544 est,

736 2568 841 2622 hoc
868 2570 1044 2637 ipsum
1073 2570 1279 2624 deliniit
1310 2557 1402 2624 lib.
1435 2570 1529 2623 Xll
1552 2571 1627 2626 De
1654 2573 1793 2626 doct.
1831 2582 1984 2640 temp.
2015 2588 2157 2641 cap.,
2181 2571 2292 2624 XII.

741 2659 1010 2724 Quocirca
1057 2661 1160 2714 tria
1199 2662 1311 2716 haec
1358 2662 1414 2716 in
1462 2663 1710 2717 eumdem
1761 2666 2106 2718 concurrisse
2152 2666 2293 2719 diem

742 2751 916 2805 Martii
949 2768 1082 2806 χχιιι
1122 2754 1366 2806 arbitrati
1398 2763 1544 2820 sunt,
1579 2755 1767 2811 feriam
1799 2771 1872 2817 vt,
1909 2765 1962 2810 et
1987 2757 2169 2810 lunam
2195 2773 2294 2822 xv;

739 2858 841 2898 nec
869 2859 974 2898 non
1006 2845 1303 2914 legitimum
1333 2847 1508 2900 aetatis
1540 2847 1779 2910 modum,
1819 2855 1877 2899 ut
1913 2863 2085 2900 χχχιιι
2123 2863 2296 2901 annos

739 2933 959 2987 circiter
1004 2935 1179 2988 aetatis
1224 2935 1491 2990 haberet:
1529 2937 1782 3004 quoniam
1834 2939 2106 2991 tricesimo
2155 2953 2298 2991 anno

737 3024 1047 3093 baptizatus
1089 3033 1207 3087 est,
1259 3039 1322 3078 ac
1374 3027 1474 3078 tria
1520 3024 1714 3079 deinde
1760 3024 2026 3080 Paschata
2070 3029 2294 3096 peregit.

723 3112 949 3177 Quibus
983 3113 1234 3166 omnibus
1273 3115 1608 3167 commodior
1641 3115 1824 3170 nullus
1853 3117 2295 3171 annus'inveniri

738 3203 937 3272 potuit,
955 3219 1116 3273 quam
1146 3205 1236 3272 qui
1259 3220 1376 3258 rem
1399 3207 1705 3260 communis
1720 3214 1803 3260 est
1823 3223 1952 3264 xui.
1975 3219 2030 3261 et
2053 3208 2104 3260 in
2128 3207 2302 3262 Pano-

739 3293 857 3347 dori
885 3305 1140 3364 computo
1170 3296 1310 3351 5555
1333 3299 1538 3361 exiens,
1563 3298 1845 3367 iniensque
1865 3299 2024 3363 5554,
2052 3300 2301 3370 idemque

741 3385 810 3439 ab
829 3384 1226 3450 lncarnatione,
1247 3387 1542 3442 secundum
1560 3387 1923 3453 Panodorum,
1942 3382 2027 3444 4'2.
2046 3390 2177 3444 Nam
2202 3392 2302 3445 hoc

743 3489 886 3528 anno
925 3476 1111 3543 cyclus
1143 3485 1260 3528 erat
1315 3478 1446 3530 solis
1494 3475 1770 3533 Romanus
1827 3495 1983 3543 χχιιι,
2014 3482 2190 3534 littera
2235 3480 2298 3547 G,

745 3567 1085 3637 proindeque
1121 3567 1299 3621 Martii
1325 3567 1456 3622 feria
1489 3586 1561 3636 Vl,
1587 3579 1640 3624 et
1664 3571 1836 3624 Martii
1862 3589 1966 3625 xxv
2001 3573 2300 3636 Dominica,

741 3660 929 3729 cyclus
951 3660 1091 3721 luna:
1120 3660 1537 3727 Alexandrinus,
1566 3670 1618 3716 et
1645 3661 1921 3717 Romanus
1954 3664 2055 3716 fuit
2085 3681 2136 3727 γ,
2171 3681 2302 3718 neo-

745 3750 920 3805 menia
955 3749 1170 3806 Nicaena
1194 3752 1370 3804 Martii
1402 3768 1454 3806 Ix
1484 3763 1536 3806 et
1564 3768 1720 3815 χχιιι,
1755 3755 1881 3808 luna
1909 3765 1996 3809 xv‘.
2028 3754 2168 3824 Ergo
2196 3772 2304 3810 non

745 3840 1061 3895 dubitarunt
1097 3841 1186 3894 illo
1209 3856 1350 3895 anno
1383 3829 1692 3910 passionem
1722 3843 2010 3917 accidisse.
2046 3844 2115 3899 Ut
2143 3845 2306 3916 igitur

744 3933 1060 3987 tricesimus
1080 3932 1167 3986 hic
1188 3941 1238 3986 et
1262 3933 1476 3997 tertius,
1498 3935 1580 3988 vel
1603 3943 1828 4004 quartus
1850 3938 2021 3994 aetatis
2051 3949 2196 3994 esset
2219 3956 2307 3996 an-

746 4038 850 4076 nus
871 4024 1090 4092 patienti
1113 4024 1353 4089 Christo,
1379 4027 1779 4081 constituerunt
1797 4043 1939 4081 anno
1960 4033 2194 4100 computi
2218 4031 2308 4084 Pa-

752 4115 940 4166 nodori
979 4115 1108 4168 5501
1147 4117 1486 4170 incarnatum
1523 4132 1642 4170 esse
1673 4117 1981 4183 Christum;
2021 4136 2141 4173 mra:
2195 4122 2309 4174 vuh

749 4205 891 4274 garis
908 4221 1068 4266 nouo,
1088 4207 1292 4274 periodi
1309 4206 1536 4262 Julianm
1557 4207 1718 4263 4722.
1742 4208 1817 4263 De
1838 4225 1941 4279 qua
1966 4211 2309 4281 illorum-opi-

753 4296 931 4353 nioue.
968 4303 1020 4347 et
1053 4297 1398 4364 chronologia
1431 4299 1494 4350 ad
1527 4296 1902 4367 Fragmentum
1932 4297 2146 4369 Georgii
2173 4299 2310 4371 Syn-

750 4385 868 4437 cclli
883 4384 1243 4451 disputabitur
1259 4386 1428 4453 capite
1442 4389 1683 4456 sequenti
1695 4387 1847 4441 .Huic
1863 4389 2073 4444 illorum
2089 4392 2313 4460 castiga-

2382 597 2483 635 nos
2506 583 2679 650 capite
2711 581 2726 633 Ι
2754 580 3034 641 docuisse,
3072 589 3395 646 computum
3441 576 3585 629 hunc
3613 577 3824 628 annalem
3845 589 3879 626 cz

2382 669 2802 723 Alexandrinum
2826 707 2839 730 ,
2890 668 3019 720 nihil
3059 683 3090 721 a
3123 665 3402 720 Panodori
3447 672 3697 733 computo
3732 665 3878 717 discre-

2383 775 2532 828 pare,
2563 760 2606 814 si
2641 760 2705 812 ad
2738 774 2908 814 annos
2937 759 3124 812 Adami
3172 760 3246 812 vel
3273 758 3462 811 mundi
3503 756 3766 824 respicias.
3784 754 3876 807 Tan

2384 851 2438 903 id
2467 857 2712 915 constat;
2759 852 2985 903 multum
3021 851 3161 903 hunc
3188 851 3257 904 ab
3285 865 3393 903 ara
3418 848 3681 916 Africani
3711 864 3809 902 esse
3823 851 3877 899 di-

2385 957 2620 995 versum.
2639 941 2903 1006 Quocirca
2926 943 3066 1011 quod
3091 944 3142 995 in
3165 941 3234 996 lX
3259 941 3332 995 De
3358 943 3603 995 doctrina
3629 953 3876 1007 temperas.

2387 1049 2506 1103 cap.
2531 1032 2594 1086 ιν
2615 1030 2870 1098 diximus,
2899 1050 2964 1088 ex
3001 1035 3174 1090 tribus
3197 1034 3430 1102 vulgatis
3457 1033 3754 1087 Graecorum
3775 1052 3876 1089 coss-

2389 1125 2552 1191 putis,
2587 1123 2922 1190 antiquitatis
2947 1125 3177 1192 palmam
3211 1124 3260 1177 ei
3295 1123 3505 1187 deberi,
3537 1125 3628 1194 qui
3662 1124 3721 1176 ad
3743 1123 3876 1176 lncar-

2346 1279 2351 1285 ,
2390 1218 2657 1269 nationem
2690 1214 2891 1269 Christi
2933 1223 3181 1268 numerat
3229 1217 3516 1269 absolutos
3557 1231 3723 1270 annos
3760 1218 3876 1279 55th},

2388 1303 2494 1370 late
2529 1301 2582 1354 id
2617 1304 2988 1371 accipiendum
3019 1311 3131 1366 est;
3165 1312 3220 1358 et
3265 1304 3516 1368 καθόλου,
3575 1307 3618 1358 si
3669 1322 3874 1360 annorum

2389 1393 2762 1448 tantummodo
2819 1409 3027 1449 summa
3086 1374 3750 1464 specteturfcujusmodi
3793 1414 3875 1449 cas:

2390 1481 2680 1535 Africanus
2713 1482 2967 1535 instituit.
3005 1481 3098 1536 Sin
3127 1498 3193 1537 eo
3221 1484 3382 1537 modo
3411 1485 3878 1554 consideretur,

2391 1571 2458 1624 ab
2487 1571 2832 1640 computandi
2863 1572 3136 1641 magistris
3164 1575 3568 1628 accommodata
3608 1585 3774 1644 postea
3806 1587 3875 1632 ειι.

2393 1677 2514 1715 cum
2550 1678 2680 1717 usus
2728 1665 2964 1719 methodi
3011 1667 3278 1735 paschalis
3325 1668 3592 1738 implexa;
3632 1669 3792 1723 eadem
3824 1677 3879 1723 εει

2393 1768 2516 1806 cum
2566 1755 2656 1808 illa
2686 1754 2991 1824 Panodori;
3036 1759 3129 1814 sed
3159 1761 3278 1829 ejus
3321 1770 3405 1814 est
3447 1763 3694 1815 tractatio
3719 1761 3879 1815 conici-

1829 1864 1841 1898 :
1891 1860 2122 1914 quorum
2161 1845 2292 1899 illud
2327 1817 2365 1870 Β
2397 1843 2669 1911 natioque
2700 1846 2983 1899 recentior.

651 1931 656 1936 ’
737 1931 872 1985 feria
903 1948 978 1995 vl,
1016 1933 1118 1986 hoc
1148 1941 1326 1987 autem
1362 1934 1495 1988 feria
1525 1953 1542 1989 ι
1571 1937 1864 2006 contigisse
1893 1946 2044 1990 extra
2071 1944 2293 1990 contro-

2462 2015 2590 2071 Post
2626 2018 2768 2073 hunc
2793 2018 3058 2075 Panodori
3093 2033 3402 2092 computum
3427 2043 3721 2095 perperam,
3753 2030 3878 2082 etad-

2392 2120 2584 2161 rersus
2623 2107 3037 2178 Evangeliorum
3073 2113 3236 2166 ﬁdem
3265 2131 3293 2167 a
3330 2114 3534 2172 Graecis
3560 2135 3619 2172 ea
3647 2135 3786 2187 quam
3815 2137 3881 2173 ex-

2393 2200 2572 2267 posui,
2605 2202 2812 2254 ratione
2841 2202 3188 2270 depravatum
3209 2244 3227 2268 ,
3272 2207 3409 2260 alter
3445 2210 3766 2278 excogitatas
3795 2221 3879 2268 est;

2393 2291 2485 2358 qui
2530 2290 2629 2344 hoc
2659 2292 2879 2346 excluso
2910 2294 3108 2361 priore,
3149 2295 3406 2365 pleraque
3452 2299 3506 2350 in
3553 2302 3692 2352 omni
3729 2300 3880 2353 Grecis

2393 2392 2445 2437 et
2471 2383 2690 2438 Oriente
2721 2386 2821 2439 hac
2855 2395 3011 2442 :etate
3038 2398 3285 2458 receptus
3318 2398 3421 2445 est.
3458 2393 3553 2446 Hic
3583 2392 3645 2445 ad
3674 2391 3881 2445 Pauodori

2395 2477 2653 2542 epocham
2686 2477 2781 2545 τῆς
2811 2478 3267 2549 ὲνανθρωπήσεως
3301 2496 3472 2536 annos
3501 2482 3644 2534 addit
3671 2485 3880 2542 sedecim;

2396 2566 2460 2618 ad
2493 2567 2906 2622 Alexandrinam
2961 2569 3173 2624 Maximi
3221 2581 3277 2626 et
3327 2571 3535 2642 Georgii
3588 2590 3746 2628 annos
3777 2574 3880 2626 adda

2396 2664 2540 2718 octo,
2590 2659 2634 2711 si
2683 2661 2981 2728 simplicem
3032 2677 3298 2717 annorum
3349 2681 3628 2719 numerum
3666 2667 3878 2718 advertas

2395 2746 2550 2810 Nam,
2589 2751 2633 2804 si
2684 2766 2860 2806 annus
2909 2753 3022 2820 ipse
3063 2763 3359 2823 spectetur,
3401 2765 3522 2810 octo
3576 2759 3693 2818 illis,
3731 2760 3878 2826 quibus

2396 2837 2815 2894 Alexandrinum
2859 2852 3172 2912 computum
3217 2860 3474 2913 superare
3514 2847 3729 2909 videtur,
3766 2849 3879 2899 annis

2397 2941 2463 2980 eo
2496 2927 2669 2981 niinor
2693 2937 2777 2982 est
2814 2948 2826 2982 :
2862 2930 2963 2984 hoc
2991 2939 3074 2986 est
3107 2931 3528 2988 lncarnationem
3571 2936 3752 2989 Christi
3789 2937 3879 2988 tnti-

2399 3019 2517 3072 dem
2550 3020 2706 3073 annis
2735 3022 3024 3089 anticipat;
3049 3031 3102 3076 et
3131 3039 3254 3076 cum
3286 3027 3487 3092 epocha
3522 3025 3762 3081 Panodori
3784 3043 3877 3079 cen-

2400 3109 2563 3162 venit.
2589 3110 2747 3162 Anno
2776 3110 2954 3178 itaque
2984 3111 3166 3165 mundi
3196 3113 3335 3166 5509
3369 3114 3567 3169 Christi
3596 3115 3876 3184 ὲνανθρώπη-

2348 3200 2366 3241 .‘
2404 3216 2485 3251 σιν
2511 3207 2794 3268 ortumque
2824 3200 3030 3254 tribuit.
3059 3201 3227 3272 Cujus
3255 3204 3470 3272 quidem
3500 3206 3778 3258 instituendi
3797 3216 3875 3257 tres

2404 3289 2623 3343 omnino
2652 3305 2845 3346 causas
2878 3293 3151 3347 exstitisse
3186 3309 3504 3361 persuasum
3538 3295 3710 3349 habeo.
3742 3294 3875 3346 I’riinx

2405 3383 2524 3446 fuit,
2560 3393 2618 3437 ut
2660 3385 2814 3440 annis
2861 3402 2954 3455 per
2999 3386 3063 3440 15
3095 3387 3335 3450 tributis,
3377 3388 3510 3442 citra
3551 3389 3746 3447 unitatis
3769 3386 3873 3453 adje-

2403 3476 2657 3540 ctionem,
2709 3478 2995 3531 haberetur
3037 3478 3282 3532 indictio.
3337 3478 3530 3536 Divisis
3556 3483 3678 3536 5509
3709 3498 3784 3550 per
3811 3481 3869 3539 l5.

2406 3569 2728 3635 relinquitur
2784 3568 3006 3622 indictio
3051 3567 3139 3632 IV,
3180 3571 3358 3638 qualis
3413 3586 3548 3626 anno
3600 3573 3749 3640 primo
3786 3586 3870 3622 aer:

2405 3654 2721 3709 Christianae
2749 3655 2848 3708 fuit
2869 3676 2881 3709 :
2900 3673 3055 3726 quem
3081 3658 3444 3714 lncarnatioui
3471 3660 3714 3714 dicarunt.
3737 3659 3867 3711 Altexa

2407 3745 2508 3798 fuit
2535 3747 2669 3815 cycli
2705 3744 2912 3801 Judaiei
2950 3750 3332 3815 commoditas,
3367 3767 3522 3820 quem
3555 3763 3603 3807 et
3629 3751 3866 3805 Victorinus

2408 3852 2470 3889 ac
2513 3837 2688 3891 Latini
2740 3846 2792 3891 et
2841 3839 3215 3896 Occidentales
3269 3843 3509 3912 plerique
3564 3842 3709 3898 secuti
3760 3849 3860 3893 sunt.

2407 3929 2724 3999 Quanquam
2769 3931 2902 3984 nihil
2952 3941 3147 4002 praeter
3207 3935 3477 4004 cyclorum
3527 3936 3602 3990 vel
3648 3946 3862 3986 aureorum

2410 4036 2754 4075 numerorum
2786 4022 3029 4077 ordinem
3069 4023 3403 4090 expressisse
3431 4022 3630 4078 Gracos
3648 4019 3859 4075 existimo;

2408 4128 2508 4166 nec
2538 4113 2591 4165 in
2627 4111 2946 4165 celebrando
2993 4112 3254 4167 Paschate
3297 4114 3363 4166 ad
3397 4129 3487 4170 eos
3527 4127 3706 4167 errores
3729 4109 3857 4162 aditi.

2411 4204 2568 4266 sisse,
2600 4218 2735 4272 quos
2765 4205 2819 4256 in
2850 4202 3112 4257 Victorini
3146 4218 3209 4257 ac
3243 4205 3548 4259 Latinorum
3578 4213 3737 4260 sectam
3759 4213 3856 4268 pm-

2411 4299 2627 4361 postera
2667 4292 2972 4347 Iudaeorum
3009 4293 3240 4349 imitatio
3269 4294 3572 4349 transfudit.
3608 4292 3757 4362 Cyclas
3784 4286 3854 4339 lu-

2411 4385 2598 4439 daicus
2622 4400 2684 4440 ac
2700 4385 2922 4441 Latinus
2935 4387 3003 4441 ab
3016 4387 3379 4441 Alexandrino
3391 4397 3442 4441 et
3457 4387 3670 4442 Romano
3685 4380 3856 4436 temnis

751 4476 882 4528 tioni
907 4475 1185 4545 suifragari
1208 4478 1739 4544 praeterea‘vetusilla
1760 4481 1978 4534 traditio
1995 4482 2303 4546 videbatur,
2338 4498 2382 4552 ι)
2412 4474 2703 4542 discrepat.
2735 4482 2794 4528 ut
2825 4476 2917 4545 qui
2955 4475 3160 4545 primus
3188 4483 3272 4530 est
3310 4474 3666 4535 Romanorum,
3699 4469 3856 4522 Latino-

751 4582 892 4620 anno
916 4569 1097 4620 mundi
1121 4568 1249 4621 5501
1287 4568 1625 4622 incarnatum
1655 4585 1774 4624 esse
1804 4571 2077 4626 Christum
2099 4614 2113 4637 ,
2145 4589 2305 4641 quam

751 4657 1041 4714 Africanus
1066 4662 1387 4715 auctoritate
1411 4678 1507 4716 sua
1531 4665 1956 4720 commendarat.
1985 4665 2060 4720 Ita
2082 4683 2308 4735 prorsus

753 4750 1143 4803 admirabiliter
1172 4753 1414 4822 contigit,
1463 4760 1521 4806 ut
1560 4753 1626 4806 ad
1659 4768 1822 4807 seram
1851 4755 2133 4824 pristinam
2158 4772 2311 4825 spre-

753 4838 824 4893 tis
856 4838 1123 4893 Panodori
1157 4841 1378 4897 calculis
1407 4843 1685 4910 redirent;
1721 4851 1833 4907 aut,
1882 4853 1939 4897 ut
1978 4844 2210 4912 priorem
2247 4847 2310 4898 il—

754 4931 866 4983 lum
898 4940 1208 5000 computum
1258 4941 1571 4988 constanter
1595 4935 1850 4989 Ecclesiae
1878 4936 2088 5006 aliquae,
2123 4936 2310 4989 civita-

753 5031 946 5092 tesque
979 5025 1333 5092 retinuerint;
1366 5025 1623 5095 deinceps
1657 5028 1804 5080 nulla
1835 5029 1888 5081 in
1917 5044 1979 5082 co
2012 5029 2310 5081 mutatione

759 5111 922 5177 facta,
970 5113 1206 5181 epOchas
1253 5113 1647 5170 lncarnationis
1691 5132 1754 5171 ac
1793 5117 2068 5174 Passionis
2108 5117 2309 5173 Christi

759 5206 1130 5259 tantummodo
1194 5206 1574 5260 sollicitarunt.
1626 5203 1825 5261 Verum
1877 5223 1976 5262 nec
2043 5210 2095 5261 in
2153 5209 2310 5262 annis

761 5298 942 5349 mundi
972 5312 1092 5348 cum
1116 5296 1369 5350 Africano
1390 5339 1405 5363 ,
1438 5312 1536 5351 nec
1559 5298 1614 5351 in
1634 5298 1789 5350 annis
1809 5296 2009 5352 Christi
2035 5299 2308 5366 putandis,

761 5404 881 5443 cum
930 5387 1215 5441 Panodoro
1263 5391 1694 5444 consentiebant.
1748 5389 1959 5443 Etenim
2001 5405 2175 5443 annus
2225 5391 2312 5443 ille

761 5496 880 5535 aii-re
907 5481 1228 5535 Christianae
1260 5495 1435 5534 nonus
1477 5480 1545 5535 ab
1575 5479 1832 5535 Africano
1875 5489 2188 5532 numeratus
2229 5487 2312 5532 est

762 5573 946 5626 mundi
976 5574 1104 5627 5511
1133 5592 1146 5639 ;
1178 5572 1382 5626 Christi
1412 5571 1763 5628 undecimus:
1809 5589 1838 5624 a
1878 5572 2162 5625 Panodoro
2188 5588 2313 5623 vero

763 5664 944 5718 mundi
979 5664 1136 5720 5501,
1166 5663 1364 5721 Christi
1404 5679 1596 5718 nonus.
1640 5663 1705 5715 At
1749 5664 1821 5716 illi
1864 5663 2070 5722 mundi,
2112 5671 2166 5712 ut
2209 5659 2312 5711 Pa-

768 5758 1024 5822 nodorus,
1074 5758 1243 5818 5501,
1287 5756 1485 5811 Christi
1521 5773 1646 5810 vero
1695 5756 1925 5819 primum
1979 5754 2310 5807 censebant:

2411 4583 2531 4621 rum
2563 4568 2632 4621 sit
2674 4583 2840 4633 xvtu;
2873 4568 2964 4636 qui
2995 4568 3206 4621 illorum
3241 4570 3471 4630 tertius,
3498 4567 3664 4619 borum
3695 4561 3747 4614 sit
3773 4572 3851 4612 nx.

2411 4664 2470 4710 ut
2498 4656 2591 4709 lib.
2628 4654 2693 4707 Vl
2722 4653 2798 4710 De
2825 4657 3063 4709 doctrina
3091 4665 3380 4724 temporum
3426 4654 3648 4725 pluribus
3675 4643 3854 4716 exposu-

2410 4761 2563 4812 mus;
2597 4747 2892 4815 praesertim
2929 4747 3103 4816 capite
3140 4744 3205 4808 V,
3253 4745 3345 4798 ubi
3391 4745 3615 4798 numeris
3652 4738 3852 4792 amborum

2413 4835 2591 4889 aureis
2612 4833 2919 4889 Kalendarii
2944 4834 3172 4889 Romani
3197 4832 3314 4887 dies
3334 4834 3578 4901 utrinque
3603 4827 3853 4910 stiparimus.

2411 4926 2490 4979 lbi
2516 4926 2581 4978 ad
2611 4924 2878 4979 Kalendas
2891 4923 3186 4978 Ianuarias
3211 4921 3487 4976 Romanus
3511 4931 3724 4974 numerus
3743 4911 3856 4964 ascri-

2413 5026 2536 5087 ptus
2579 5026 2661 5072 est
2701 5031 2786 5080 ιιι,
2839 5017 3156 5070 Latinorum
3205 5031 3320 5070 xix.
3369 5010 3628 5084 Ejusmodi
3658 5007 3852 5078 cyclom

2413 5109 2551 5161 ratio
2595 5107 2650 5162 in
2691 5118 2964 5178 postremo
2994 5106 3086 5160 illo
3117 5114 3371 5176 computo
3402 5107 3568 5161 locum
3598 5101 3739 5155 habet.
3764 5088 3851 5144 Nam

2412 5198 2602 5254 divisis
2627 5199 2764 5253 5509
2785 5214 2879 5268 per
2902 5197 2990 5263 19,
3017 5203 3220 5251 restant
3240 5197 3328 5260 18,
3356 5199 3445 5266 qui
3465 5192 3691 5250 Iudaicus
3713 5181 3852 5269 cyclis.

2413 5298 2465 5344 et
2492 5289 2715 5344 Latinus
2746 5296 2862 5343 erat
2893 5302 3032 5340 anno
3063 5285 3475 5348 lncarnationis,
3510 5283 3612 5337 sive
3637 5279 3855 5329 comma“Is

2411 5395 2530 5433 tera:
2560 5379 2772 5448 primo:
2805 5377 2872 5431 ad
2903 5393 3061 5446 quem
3111 5378 3282 5431 tribus
3323 5373 3561 5444 adjectis,
3598 5366 3851 5423 ellicituran-

2414 5486 2539 5527 reus
2574 5485 2830 5524 numerus
2859 5468 3344 5523 Alexandrinorum
3377 5468 3432 5528 2,
3465 5465 3552 5534 qui
3581 5457 3776 5516 eumdem
3795 5461 3854 5497 In"

2415 5580 2541 5615 num
2576 5571 2821 5632 occupat.
2859 5559 2946 5614 Sic
2979 5575 3122 5613 anno
3154 5559 3356 5613 Christi
3397 5557 3526 5611 1575
3553 5565 3713 5606 aureUs
3732 5547 3854 5596 ηωηέ·

2415 5671 2507 5709 rus
2556 5652 2950 5708 Alexandrinus
2999 5665 3113 5704 erat
3156 5667 3231 5702 vi.
3280 5649 3433 5701 llunc
3492 5656 3662 5698 annum

2415 5757 2658 5800 numerat
2690 5744 2843 5799 istius
2872 5759 2989 5795 :crm
3022 5743 3185 5796 ($83k
3220 5757 3328 5797 uuo
3369 5752 3582 5793 numero
3607 5744 3682 5785 Dt‘l'
3706 5724 3751 5776 I'v'
3775 5725 3850 5768 [ἠδ’
