4046 6320
113 409 255 465 N09

996 361 998 363 ’
1083 403 1527 459 υιεεειιτιτιο
1564 401 1652 455 οε
1691 402 2091 458 cnnamum
2129 403 2330 460 Eius.

3171 407 3312 464 Hi0

125 522 250 586 tito,
279 528 568 591 supersunt
601 522 651 575 5.
682 517 911 574 Proinde
945 517 1200 575 Iudaicus
1231 519 1332 572 iste
1360 518 1542 587 cyclus
1562 516 1661 570 fuit
1688 551 1733 602 Α
1760 515 1883 571 Hac
1904 519 2084 573 omnia
2106 518 2381 572 consecuti
2411 525 2536 572 sunt
2562 517 2756 572 additis
2779 518 2844 572 ad
2871 516 3134 572 Panodori
3163 534 3310 572 sum-

113 613 246 666 anni
279 613 439 676 1375;
468 613 734 680 duplicem
764 609 831 662 ad
865 611 1003 662 hanc
1028 624 1246 663 causam
1283 617 1554 677 postrema
1577 607 1656 659 in-

113 719 283 771 super
310 702 557 756 accedcre
587 704 775 771 potuit,
821 709 878 753 ut
907 716 1023 754 eam
1054 701 1227 753 labem
1261 701 1652 768 abstergerent,

112 808 226 862 qua
257 790 520 846 Panodori
555 799 864 861 computum
915 792 1241 860 posteriores
1294 791 1388 844 illo
1425 788 1659 843 artiﬁces

113 882 451 948 infecerant;
483 891 536 936 et
566 883 831 952 ingentem
865 881 1008 935 hunc
1040 881 1514 934 anachronismum
1559 881 1663 932 tol-

113 973 292 1026 lercnt
314 1014 328 1036 ,
363 987 470 1042 quo
503 973 798 1040 baptismus
842 980 895 1027 et
939 973 1118 1041 passio
1148 971 1373 1034 Christi,
1405 973 1544 1023 ultra
1573 969 1666 1022 Ti-

115 1061 260 1114 berii
281 1063 501 1128 obitum,
525 1062 580 1115 in
602 1061 717 1116 Caii
736 1069 788 1117 et
816 1061 1028 1116 Claudii
1049 1070 1292 1131 tempora
1322 1060 1661 1114 diﬂ‘unditur.

1757 621 1901 659 mam
1951 608 2207 662 sedecim.
2266 609 2455 664 Annus
2506 607 2902 662 lncarnationis
2951 624 2982 662 a
3029 607 3313 664 Panodoro

1759 696 1976 750 habitus
2014 708 2096 750 est
2125 697 2312 751 mundi
2341 697 2518 764 5595;
2556 714 2663 768 quo
2697 713 2792 766 per
2823 698 2886 751 19
2921 698 3147 761 tributo,
3179 701 3314 751 resi-

1761 786 1902 840 duus
1937 771 2021 841 est
2048 788 2232 856 cyclus
2267 789 2404 841 luna:
2437 804 2526 852 x1;
2557 804 2652 858 per
2685 789 2748 840 15
2781 796 2960 841 autem
2991 787 3198 841 divisus
3227 803 3315 842 re-

1764 877 1962 944 linquit
1989 891 2049 929 ιιι
2083 895 2095 930 :
2127 877 2352 946 adjectis
2396 878 2462 932 16
2505 879 2571 932 ad
2617 879 2774 942 5495,
2821 894 3138 948 summaque
3175 879 3314 932 5509

1767 985 1863 1038 per
1895 970 2081 1022 ambos
2108 972 2290 1038 cyclos
2318 969 2598 1031 distracta,
2636 968 2695 1021 lit
2724 969 2950 1021 indictio
2982 984 3054 1033 ιν,
3087 984 3209 1022 cum
3233 972 3315 1022 lu-

1765 1059 1883 1112 nari
1913 1059 2066 1129 cyclo
2092 1074 2244 1122 mu,
2272 1058 2415 1129 quod
2438 1067 2554 1112 erat
2582 1059 2943 1129 propositum.

1504 1211 1728 1294 eaeor
1775 1211 1863 1265 ιγ.

117 1333 496 1403 Fragmentum
529 1331 845 1400 Theophanis
876 1331 1075 1400 insigne
1109 1328 1175 1381 ad
1219 1328 1518 1383 ercorum
1547 1339 1906 1408 contpulorum
1937 1329 2190 1381 rationem
2224 1329 2620 1396 explicandam;
2657 1330 2724 1382 ad
2754 1331 2904 1400 idque
2935 1329 3092 1385 Noua
3138 1332 3316 1385 eodem

1545 1409 1876 1465 pertinentes.

194 1517 314 1569 ’Ὁτι
341 1516 438 1585 μὲν
465 1516 647 1588 ,ειρλαλ
667 1517 781 1584 οὐχὶ
805 1516 858 1567 δὲ
883 1515 1042 1585 δεφλγ¹
1061 1517 1088 1567 ὁ
1123 1515 1438 1587 Ἀφρικανὸς
1465 1515 1655 1582 λέγων,

115 1607 214 1659 δύο
245 1607 525 1675 σφάλλεται
554 1607 668 1676 ἐτη,
698 1606 832 1658 κατὰ
852 1607 949 1676 τὴν
973 1606 1170 1676 ἀψευδῆ
1196 1607 1300 1658 τῶν
1321 1606 1659 1674 Εὑαγγελίων

117 1699 410 1766 ὑφήγησιν·
442 1701 457 1728 ¹
489 1697 745 1767 πρόδηλον
780 1697 905 1765 γάρ,
935 1697 1014 1748 ὅτι
1047 1696 1122 1765 τῷ
1161 1695 1201 1748 λ’
1235 1696 1342 1748 ἔτει
1380 1697 1660 1767 ἀρχομένῳ

119 1807 250 1851 που,
295 1791 326 1859 ἢ
378 1788 552 1858 μικρῷ
586 1789 738 1858 πρὸς,
782 1788 815 1858 ἢ
861 1787 1094 1850 ἔλαττον,
1139 1788 1225 1840 διὰ
1265 1789 1324 1839 τὸ
1355 1790 1657 1859 εἰρημένον,

1833 1513 2328 1579 QuodAl‘ricanus
2378 1531 2550 1570 annos
2614 1516 2703 1587 (ad
2749 1517 2945 1571 Christi
2996 1520 3312 1587 passionem)

1761 1611 2080 1672 computans
2121 1603 2280 1666 555i,
2319 1617 2426 1657 non
2458 1603 2617 1666 5553,
2654 1613 2712 1657 ut
2743 1607 2956 1660 sincera
2993 1607 3312 1676 Evangelia-

1762 1708 1882 1745 rum
1913 1693 2152 1747 narratio
2180 1693 2442 1756 continet,
2479 1694 2690 1749 duobus
2727 1697 2885 1750 annis
2931 1697 3154 1750 fallitur.
3205 1698 3316 1750 Ma-

1763 1783 2019 1837 nifestum
2052 1791 2135 1838 est
2169 1785 2340 1838 enim.
2362 1799 2505 1838 anno
2544 1784 2819 1839 Christum
2857 1788 3310 1850 aetatisjneuute,

132 1858 362 1945 Ἰησοῦς
385 1879 451 1932 δὲ
481 1876 557 1948 ἦν
579 1879 718 1931 ὡσεὶ
742 1878 888 1932 ἐτῶν
911 1882 983 1940 λ’,
1001 1878 1146 1948 παρὰ
1166 1879 1242 1947 τῷ
1267 1858 1482 1948 μεγάλω
1507 1880 1658 1945 εὐαγ-

1762 1875 1862 1928 hoc
1892 1885 1975 1928 est
2006 1876 2166 1944 paulo
2211 1877 2332 1943 plus
2367 1876 2634 1938 minusve,
2671 1877 2966 1937 tricesimo,
3011 1882 3308 1932 secundum

119 1969 340 2037 γελιστῇ
378 1970 574 2038 Λουκᾷ,
614 1968 926 2038 ἐϐαπτίσθη,
960 1969 1050 2020 καὶ
1078 1967 1310 2034 ἐδίδαξεν
1351 1969 1442 2021 καὶ
1474 1968 1662 2038 ἐθερά-

120 2074 292 2110 πευσε
337 2060 509 2110 πᾶσαν
553 2059 722 2120 νόσον,
758 2059 848 2110 καὶ
889 2059 1062 2110 πᾶσαν
1097 2057 1362 2126 μαλακίαν
1407 2059 1498 2109 ἐπὶ
1540 2057 1665 2128 τρία

119 2147 242 2214 ἔτηο
286 2145 358 2206 ὼς
401 2144 535 2197 εἶναι
573 2147 660 2198 τὸν
697 2147 802 2200 ἀπὸ
843 2146 940 2214 τῆς
978 2145 1123 2208 θείας
1157 2146 1462 2216 συλλήψεως
1501 2147 1662 2199 αὑτοῦ

118 2238 314 2306 χρόνον
357 2238 650 2306 ἀρξάμενον
692 2235 766 2306 τῷ
797 2237 1001 2306 ,ειρλα’²
1041 2238 1146 2288 ἔτει
1190 2237 1282 2289 τοῦ
1327 2239 1549 2308 κόσμου,
1595 2242 1660 2309 τῇ

120 2324 314 2394 πρώτῃ
338 2325 427 2376 τοῦ
462 2326 855 2394 πρωτοκτίστου
896 2325 1057 2394 μηνὸς
1086 2320 1275 2390 Νισὰν,
1311 2327 1536 2396 Μαρτίῳ
1565 2327 1659 2391 κε’,

123 2417 289 2484 μέχρι
331 2417 426 2484 τῆς
475 2415 728 2479 ζωοποιοῦ
781 2416 1118 2478 ἀναστάσεως
1170 2416 1308 2468 κατὰ
1353 2416 1447 2486 τὴν
1495 2418 1662 2486 αὐτὴν

121 2505 504 2573 συμπεσοῦσαν
544 2505 754 2575 ἡμέραν
800 2506 877 2557 κε’
922 2507 1183 2576 Μαρτίου,
1233 2505 1366 2558 ὲτῶν
1417 2506 1516 2573 λγ⁸,
1571 2509 1664 2560 καὶ

121 2597 336 2664 ἡμέρας
377 2599 499 2665 μιᾶς
531 2597 606 2666 τῷ
635 2597 788 2667 ,εφλό
820 2597 927 2648 ἕτει
957 2597 1236 2666 ἀρξαμένη
1259 2598 1309 2627 ³·
1349 2598 1440 2665 ἀφ’
1471 2594 1537 2667 ἧς
1573 2599 1664 2649 ἐπὶ

119 2687 226 2753 τὴν
254 2688 330 2747 εἰς
359 2687 610 2754 οὐρανοὺς
638 2687 770 2756 μετά
799 2686 1038 2756 σώματος
1072 2687 1342 2756 θεοπρεπῆ
1372 2687 1516 2739 θείαν
1538 2687 1663 2739 ἀνά-

121 2774 285 2842 ληψιν
313 2775 509 2844 ἡμέραι
540 2774 611 2842 μ’.
650 2776 713 2826 Εἰ
748 2775 805 2827 δέ
839 2791 921 2836 τις
959 2777 1174 2827 ἀπιστεῖ
1206 2779 1317 2836 τοῖς
1361 2775 1663 2844 λεγομένοις

123 2865 259 2934 περὶ
284 2863 443 2932 αὐτῆς
475 2863 729 2932 πολλαχοῦ
754 2864 1065 2934 λεγομένης,
1091 2867 1171 2917 ὅτι
1200 2867 1256 2916 ὲν
1288 2865 1420 2934 αὐτῇ
1450 2866 1537 2916 τὸν
1571 2865 1662 2917 θά-

120 2971 285 3006 νατον
324 2956 562 3024 πατήσας
591 2957 619 3007 ὁ
647 2955 845 3024 Κύριος
883 2955 1034 3024 ἡμῶν
1070 2956 1449 3024 πρωτοκτίστῳ
1484 2955 1660 3025 ἡμέρᾳ

121 3043 274 3112 ζωὴν
306 3047 430 3113 ἡμῖν
467 3046 528 3096 ὲκ
555 3043 756 3114 νεκρῶν
786 3046 1046 3114 ὲπήγασε·
1075 3045 1336 3096 σκοπείτω
1363 3047 1436 3106 είς
1466 3046 1561 3115 τὴν
1597 3045 1660 3096 ια’

123 3134 365 3203 περίοδον
399 3136 504 3186 τῶν
544 3135 658 3204 (ρλβ’
690 3135 956 3188 κυκλικῶν
983 3137 1134 3197 ἐτῶν,
1169 3136 1306 3188 κατὰ
1341 3138 1400 3187 τὸ
1426 3143 1524 3204 σιγ⁹
1547 3138 1660 3198 ἔτος

157 3226 181 3235 ..ι

117 3226 228 3294 τῆς
279 3226 440 3294 αὐτῆς
483 3225 744 3294 περιόδου,
797 3225 896 3296 τὴν
943 3225 1522 3295 τεσσαρεσκαιδεκάτην
1569 3224 1661 3277 τοῦ

120 3320 257 3386 παρ’
303 3317 562 3386 Ἑϐραίοις
602 3316 808 3385 Πάσχα,
854 3319 944 3368 καὶ
976 3318 1260 3386 εὑρήσειςθ
1288 3317 1424 3375 κατὰ
1457 3317 1551 3384 τὴν
1579 3322 1661 3382 κγ’

118 3408 218 3458 τοῦ
244 3406 404 3458 αὑτοῦ
435 3407 673 3476 Μαρτίου
707 3407 889 3476 μηνὸς,
914 3409 969 3459 ὲν
992 3408 1170 3476 ἡμέρᾳ
1198 3410 1504 3475 παρασκευῇ
1534 3423 1662 3458 κατ-

119 3495 367 3548 αντῶσαν
398 3495 488 3546 ἐπὶ
525 3497 583 3547 τὸ
609 3499 866 3567 σωτήριον
901 3497 1085 3559 πάθος,
1116 3496 1144 3548 ὃ
1174 3497 1308 3567 ὑπὲρ
1330 3497 1481 3566 ἡμῶν
1509 3500 1661 3548 ἐκσυ-

122 3591 257 3648 σίως
294 3584 512 3657 ὑπέστη·
542 3589 631 3640 καὶ
654 3589 838 3656 ταφεὶς
867 3589 968 3641 ὑπὸ
1012 3589 1202 3658 Ἰωσὴφ
1230 3588 1321 3640 τοῦ
1349 3588 1406 3653 ἐξ
1441 3589 1663 3658 Ἀριμα-

120 3679 293 3739 θείας,
327 3679 416 3729 καὶ
457 3677 782 3747 Νικοδήμου,
829 3679 1020 3748 ἀνέστη
1066 3682 1130 3748 τῇ
1177 3679 1312 3747 μετὰ
1354 3679 1451 3746 τὴν
1495 3678 1662 3747 αὐτὴν

121 3771 472 3839 παρασκευὴν
501 3770 877 3838 ἐπιφωσκούσῃ
913 3770 1278 3840 τρίτῃήμέρᾳ,
1319 3771 1416 3839 μιᾷ
1451 3769 1659 3822 Σαϐϐά-

117 3879 252 3917 των,
297 3850 486 3928 πρώτῃ
519 3859 573 3911 δὲ
614 3859 706 3910 τοῦ
754 3860 877 3929 παρ’
919 3859 1184 3930 Ἑϐραίοις
1231 3860 1400 3911 Νισὰν
1450 3860 1660 3926 πρώτου

121 3947 312 4015 μηνός·
345 3948 460 4015 ἥτις
485 3947 570 3999 ἀεὶ
594 3949 657 4015 τῇ
684 3953 758 3998 κε’
790 3948 879 3999 τοῦ
914 3949 1150 4017 Μαρτίου
1180 3947 1344 4018 μηνὸς
1377 3948 1472 4017 μία
1506 3950 1597 4002 καὶ
1623 3952 1656 4018 ἡ

118 4041 258 4107 αὐτή
292 4040 454 4089 ἐστιν.

205 4215 263 4266 '0
300 4215 395 4284 μὲν
423 4211 512 4268 οὖν
557 4217 891 4288 Ἀφρικανὸς,
926 4217 1220 4289 συμφώνως
1244 4222 1308 4289 τῇ
1337 4219 1656 4291 ἀποστολικῇ
1719 4271 1722 4274 ,

117 4304 411 4372 παραδόσει
443 4305 517 4374 τῷ
549 4304 675 4373 ,εφα’
699 4306 805 4358 ἔτει
824 4310 919 4376 τὴν
942 4308 1085 4359 θείαν
1119 4308 1510 4378 χρονολογήσας.
1531 4310 1658 4379 σάρ-

118 4412 312 4454 κωσιν,
353 4396 476 4464 περὶ
514 4395 574 4446 τὸ
611 4397 776 4460 πάθος
806 4399 897 4450 καὶ
929 4399 1023 4468 τὴν
1071 4399 1329 4468 σωτήριον
1371 4399 1658 4452 ἀνάστασιν

116 4486 271 4537 δυσὶν
293 4485 434 4536 ἔτεσι
461 4486 738 4555 διήμαρτε,
772 4488 910 4539 κατὰ
931 4489 990 4540 τὸ
1011 4488 1166 4558 ,εφλω
1190 4489 1304 4552 ἔτος
1331 4488 1424 4540 τοῦ
1454 4489 1655 4556 κόσμου

115 4573 321 4643 ταῦτην
355 4571 682 4640 συναγαγών·
716 4575 965 4637 Εὐσέϐιος
991 4575 1046 4626 δὲ
1077 4577 1104 4626 ὁ
1143 4573 1422 4643 Παμφίλου
1454 4574 1521 4625 τὰ
1553 4575 1657 4627 άπὸ

129 4663 304 4730 Ἀδάμ
333 4663 434 4724 ’ἐως
469 4660 712 4731 Ἀϐραὰμ
741 4664 1020 4732 γενέσεως,
1052 4665 1086 4734 ἢ
1121 4664 1258 4716 κατὰ
1291 4665 1414 4726 τοὺς
1437 4665 1656 4734 χρόνους

116 4755 284 4806 Νίνου
311 4755 402 4822 καὶ
425 4755 770 4826 Σεμιράμεως
788 4755 892 4806 τῶν
923 4757 1214 4824 Ἀσσυρίων
1240 4757 1493 4825 βασιλέων
1521 4757 1659 4826 ὡμο-

114 4843 377 4912 λόγηται,
432 4843 702 4913 συντεμὼν
748 4844 838 4914 ἔτη
890 4851 1060 4915 ιγρπα’
1097 4845 1117 4875 ⁸
1165 4847 1530 4914 ὲστοιχείωσε,
1579 4845 1655 4914 τῷ

127 4932 400 5002 Ἐϐραῖκῷ
439 4933 872 5004 ἐξακολουθήσας,
916 4937 1007 4987 καὶ
1042 4935 1131 4986 τὸν
1166 4934 1410 5004 δεύτερον
1451 4937 1654 4988 Καϊνᾶν

116 5025 209 5093 ἔτη
247 5024 322 5091 ρλ¹
355 5023 585 5091 ζήσαντα
612 5026 715 5094 πρὸ
742 5026 836 5094 τῆς
859 5025 1161 5087 τεκνώσεως
1190 5026 1261 5094 μὴ
1295 5025 1651 5095 στοιχειώσας-

115 5109 175 5168 οὗ
201 5117 233 5166 ὁ
257 5113 394 5176 θεῖος
424 5114 798 5184 εὐαγγελιστὴς
827 5117 1032 5176 Λουκᾶς
1059 5117 1320 5186 μέμνηται
1353 5119 1409 5169 ὲν
1437 5121 1498 5185 τῇ
1539 5121 1652 5169 κατ’

114 5203 278 5256 αὑτὸν
312 5202 639 5273 ’γενεαλογίςι⁸
682 5205 755 5266 ὼς
798 5206 888 5257 καὶ
936 5204 1163 5272 ἀλλαχοῦ
1209 5205 1466 5256 λέλεκται.
1496 5206 1566 5256 Τὸ
1597 5206 1652 5258 δὲ

117 5294 240 5346 καθ’
269 5295 413 5362 ἡμᾶς
436 5291 588 5344 τοῦτο
617 5295 998 5362 χρονογράφιον
1034 5293 1136 5344 ἀπὸ
1177 5293 1342 5362 ’Λδὰμ
1377 5295 1477 5355 ἓως
1504 5295 1652 5359 γενέ-

118 5401 254 5444 σεως
289 5383 532 5452 Ἀϐραὰμ
554 5382 645 5452 ἔτη
673 5384 797 5451 ,γλβ’
821 5386 840 5414 ⁸
863 5382 1099 5451 περιέχει
1130 5383 1425 5450 συμφώνως
1450 5385 1512 5450 τῇ
1538 5381 1655 5450 θείς.

118 5471 394 5533 λΐωῡσέως
425 5476 603 5542 γραφῇ
648 5473 738 5523 καὶ
770 5475 884 5534 ταῖς
911 5475 1116 5538 γενεαῖς
1145 5472 1236 5523 τοῦ
1271 5473 1408 5524 κατά
1448 5474 1652 5524 Λουκᾶν

117 5563 467 5630 Εὐαγγελίου.
506 5567 608 5615 Καὶ
641 5564 745 5616 ἀπὸ
785 5565 877 5630 τῆς
921 5563 1217 5629 γεννήσεως
1265 5563 1507 5632 Ἀϐραάμ
1552 5563 1654 5624 ἕως

176 5717 281 5799 7‘].
317 5717 579 5787 ὑφήγησιν
608 5719 874 5788 πρόδηλον.
907 5719 1042 5770 Ὅτι.
1120 5718 1140 5749 ¹
1166 5734 1272 5772 cor.
1299 5732 1444 5785 ,εφα.

1533 5717 1552 5748 ³
1587 5719 1626 5784 f.
1661 5716 1982 5787 ἀρξαμένης.

1761 1967 1852 2019 illa
1874 1965 2031 2019 Lucae
2055 1967 2396 2035 evangelista:
2417 1967 2578 2020 verba
2610 1981 2730 2035 cap.
2762 1967 2850 2033 ΙΙΙ,
2888 1969 2959 2021 23
2987 1987 2998 2020 ;
3027 1967 3184 2021 Jesus
3224 1985 3314 2022 2:;-

1762 2067 1860 2110 tem
1895 2067 2007 2110 erat
2044 2060 2196 2127 quasi
2231 2045 2486 2110 annorum
2520 2060 2758 2126 triginta,
2803 2061 3133 2129 baptizatum
3165 2077 3309 2124 esse,

1760 2161 1823 2199 ac
1863 2147 2144 2211 docuisse;
2177 2156 2230 2200 et
2262 2147 2481 2208 morbos
2519 2162 2729 2210 omnes,
2779 2148 3174 2221 languoresque
3210 2169 3310 2207 cu-

1759 2251 1910 2293 rasse
1943 2238 2099 2292 annis
2127 2239 2330 2302 tribus;
2372 2226 2506 2292 adeo
2539 2245 2598 2292 ut
2627 2246 2842 2308 tempus
2877 2256 3056 2306 omne,
3099 2245 3239 2311 quod
3281 2260 3312 2296 a

1760 2324 1943 2378 divino
1973 2325 2117 2378 illius
2146 2331 2432 2394 conceptu,
2464 2335 2526 2379 et.
2561 2326 2630 2379 ab
2660 2341 2802 2379 anno
2834 2329 3018 2382 mundi
3053 2329 3211 2390 5501,
3249 2347 3313 2382 ac

1759 2413 1925 2469 Nisan
1965 2415 2228 2484 principis
2259 2417 2526 2470 mensium
2554 2417 2640 2470 die
2674 2420 2867 2486 prima,
2893 2418 3068 2473 Martii
3093 2437 3216 2483 xxv,
3244 2422 3311 2474 ad

1759 2504 2025 2557 virilicam
2057 2519 2229 2573 usque
2262 2506 2716 2560 resurrectionem
2746 2509 3074 2576 extenditur,
3105 2527 3222 2579 qtue
3255 2512 3310 2564 in

1760 2594 2000 2648 eamdem
2055 2610 2162 2648 xxv
2206 2594 2386 2649 Martii
2433 2585 2577 2650 diem
2629 2597 2852 2664 incidit;
2916 2614 3181 2654 annorum
3240 2604 3313 2656 sit

1731 2701 1734 2704 ‘
1761 2699 1951 2748 xxxm,
1973 2692 2024 2738 et
2046 2685 2206 2738 unius
2229 2684 2353 2747 diei,
2382 2701 2500 2755 qua:
2523 2702 2723 2740 annum
2747 2688 2884 2741 5534
2907 2690 3124 2759 incepit.
3158 2692 3314 2747 Unde

1761 2771 1826 2824 ad
1867 2771 2104 2825 divinam
2153 2787 2276 2826 cum
2327 2759 2556 2841 corpore
2603 2777 3028 2844 assumptionem
3075 2781 3222 2834 illius
3256 2783 3310 2836 in

1760 2862 1953 2916 coelum
2002 2861 2117 2917 dies
2167 2862 2506 2917 intercedunt
2536 2880 2623 2917 χιι.
2661 2863 2718 2918 Si
2762 2869 2885 2934 quis
2931 2878 3107 2923 autem
3147 2872 3304 2926 ﬁdem

1759 2956 1937 3008 minus
1967 2953 2188 3008 adhibet
2235 2954 2324 3018 iis,
2367 2971 2486 3024 quae
2533 2957 2598 3010 de
2639 2957 2726 3011 die
2775 2958 2863 3010 illa
2897 2974 3003 3012 non
3048 2975 3156 3012 uno
3187 2963 3304 3015 loco

1762 3053 2147 3106 memorantur,
2179 3045 2435 3098 nimirum
2469 3045 2751 3100 Dominum
2781 3055 3021 3102 nostrum
3045 3051 3304 3118 primaria

1761 3133 1940 3184 in-illa
1968 3135 2073 3196 die,
2116 3135 2321 3188 calcata
2359 3145 2550 3202 morte,
2581 3137 2746 3191 vitam
2784 3139 2942 3206 nobis
2976 3155 3041 3193 ex
3076 3143 3306 3196 mortuis

1763 3222 2033 3286 effudisse,
2067 3224 2132 3276 ad
2163 3226 2496 3280 undecimam
2531 3229 2810 3297 periodum
2850 3231 3176 3298 cyclicorum
3211 3249 3310 3286 an-

1763 3328 1954 3366 norum
1987 3312 2107 3375 5'52,
2139 3321 2192 3367 et
2237 3315 2356 3382 ejus
2384 3330 2586 3369 annum
2630 3316 2732 3368 213
2765 3303 3000 3370 animum
3039 3321 3306 3386 advertat,

1761 3405 1816 3456 in
1844 3420 2016 3472 eoque
2056 3403 2320 3458 decimam
2356 3413 2602 3473 quartam
2651 3405 2857 3458 Hebr-tri
2895 3406 3178 3461 Paschalis
3225 3419 3309 3461 at-

1760 3495 1960 3549 tendat.
1989 3493 2138 3549 Hanc
2153 3495 2296 3548 enim
2320 3496 2556 3550 inveniet
2577 3494 2663 3549 die
2685 3510 2818 3548 χχιιι
2840 3495 3016 3549 Martii
3036 3496 3302 3564 ejusdem,

1760 3601 1824 3639 ac
1852 3586 2166 3649 Parasceve,
2217 3586 2270 3638 in
2306 3587 2638 3640 salutiferam
2673 3587 2981 3654 passionem
3025 3587 3303 3650 incidisse,

1763 3691 1922 3744 quam
1956 3691 2052 3744 pro
2085 3675 2244 3729 nobis
2276 3675 2366 3728 ille
2395 3676 2683 3751 sustinuit;
2715 3683 2768 3728 et
2803 3678 3046 3745 sepultus
3086 3692 3116 3729 a
3154 3676 3324 3734 lose-

1761 3767 1997 3835 pho,qui
2023 3781 2088 3820 ex
2112 3767 2433 3819 Arimatbaea
2462 3773 2576 3820 erat
2601 3767 2888 3830 oriundus,
2921 3777 2969 3823 et
2993 3767 3305 3834 Nicodemo,

1760 3857 1916 3910 tertia
1943 3856 2009 3910 ab
2031 3855 2217 3909 eadem
2246 3855 2544 3911 Parasceve
2561 3857 2646 3911 die
2676 3859 2970 3911 resurrexit
3002 3877 3014 3911 :
3045 3873 3150 3911 una
3173 3857 3307 3913 Sab—

1759 3945 2026 4009 batorum,
2075 3954 2130 3999 et
2181 3945 2348 3999 Nisan
2394 3946 2553 4014 primi
2599 3945 2740 4014 apud
2787 3945 3039 4000 Hebraeos
3098 3949 3301 4002 mensis

1759 4036 1930 4105 prima
1961 4033 2078 4100 die;
2107 4050 2226 4104 quae
2252 4035 2507 4089 vicesima
2536 4035 2723 4105 quinta
2746 4035 2922 4089 Martii
2954 4051 3059 4090 una
3083 4039 3301 4092 eadem-

1759 4140 1863 4194 que
1903 4140 2115 4194 semper
2152 4125 2363 4178 incidit.

1827 4215 1991 4285 lgitur
2016 4215 2327 4280 Africanus,
2361 4229 2484 4270 cum
2519 4216 2573 4269 in
2608 4230 2809 4270 annum
2842 4215 3028 4269 mundi
3059 4217 3189 4272 5501
3222 4217 3303 4272 dio

1758 4307 1936 4359 rinam
1974 4305 2405 4362 lncarnationem
2442 4317 2801 4361 consentanee
2851 4306 3133 4360 traditioni
3173 4323 3302 4377 apo-

1760 4396 1959 4449 stolica:
1987 4397 2327 4464 conjecisset,
2369 4397 2423 4449 in
2447 4396 2696 4464 passione
2726 4411 2788 4448 ac
2814 4395 3086 4449 Salutifera
3116 4411 3288 4451 resur-

1759 4485 1995 4538 rectione
2033 4483 2399 4551 consignanda
2445 4484 2662 4537 biennio
2690 4485 2978 4544 aberravit,
3015 4495 3298 4553 utramque

1758 4573 2038 4629 conferens
2061 4575 2115 4629 in
2137 4590 2336 4628 annum
2367 4572 2550 4627 mundi
2583 4574 2738 4627 5551.
2771 4575 2838 4626 At
2866 4573 3126 4626 Eusebius
3147 4571 3300 4625 Pam-

1759 4666 1886 4734 phili
1908 4680 2077 4720 annos
2106 4666 2173 4719 ab
2201 4665 2405 4719 Adamn
2445 4665 2511 4718 ad
2536 4673 2714 4717 ortum
2742 4663 3016 4724 Ab-raami,
3057 4663 3146 4730 qui
3175 4662 3296 4716 Nini

1758 4769 1819 4805 ac
1860 4754 2231 4808 Semiramidis
2272 4769 2452 4823 regum
2495 4754 2730 4822 Assyriae
2760 4751 3113 4818 temporibus,
3146 4765 3296 4803 com-

1757 4847 1906 4898 muni
1946 4847 2196 4915 Opinione
2236 4846 2503 4914 congruit,
2550 4845 2603 4896 in
2650 4858 2810 4894 unam
2845 4857 3109 4895 summam
3146 4841 3298 4894 colli-

1757 4951 1909 5004 gens,
1949 4935 2079 4989 ’5l8l
2125 4937 2348 5004 putavit,
2387 4935 2636 4989 Hebraeos
2680 4932 2894 4987 codices
2943 4941 3162 4988 secutus
3200 4941 3295 4986 :ct

1760 5025 2054 5080 secundum
2083 5024 2306 5088 Cainan,
2345 5025 2435 5093 qui
2470 5026 2602 5077 vixit
2635 5037 2804 5077 annos
2833 5038 2967 5075 cxxx
3005 5031 3292 5090 antequam

1759 5115 2020 5182 gigneret,
2053 5117 2104 5166 in
2138 5115 2275 5167 serie
2303 5115 2520 5166 minime
2544 5111 2823 5165 collocavit
2849 5127 2863 5163 :
2891 5110 3049 5176 cujus
3076 5109 3293 5176 quidem

1760 5204 1930 5256 Lucas
1960 5204 2286 5271 evangelista
2311 5203 2552 5258 meminit
2579 5203 2630 5255 in
2655 5199 2962 5270 genealogia
2985 5213 3083 5252 sua
3112 5214 3126 5251 :
3151 5197 3292 5265 quod

1760 5295 1884 5348 alibi
1926 5292 2032 5358 jam
2083 5295 2334 5346 diximus.
2383 5293 2576 5346 Nostra
2631 5306 2792 5359 porro
2839 5290 3182 5356 cbronOIOgia
3225 5288 3293 5340 ab

1761 5386 1960 5436 Λιίιιιιιο
2016 5384 2081 5436 ad
2137 5394 2312 5438 ortum
2369 5383 2620 5435 Abraami
2689 5397 2858 5435 annos
2915 5378 3292 5446 complectitur

1759 5474 1918 5526 5312:
1947 5474 2036 5542 qui
2072 5489 2327 5527 numerus
2358 5481 2463 5524 tam
2490 5472 2651 5527 Mosis
2675 5473 2909 5526 historiae
2933 5484 3090 5537 quam
3127 5481 3292 5519 evan-

1760 5566 1938 5632 gelicae
1973 5565 2293 5633 genealogiae
2348 5561 2502 5617 Luca;
2553 5564 2822 5618 convenit.
2858 5562 2900 5613 A
2946 5559 3112 5612 natali
3160 5571 3290 5610 veto

2930 5716 2949 5748 ⁸
2985 5733 3090 5770 cor.
3120 5707 3289 5779 ,‘,".'-5'o

2059 5719 2079 5748 δ
2115 5718 2151 5784 f.
2187 5718 2420 5785 εὑρήσει.
2511 5721 2530 5750 ⁵
2562 5719 2599 5785 f.
2635 5716 2820 5784 ,ypm‘i’.
