4112 6314
827 428 953 484 Nil

827 632 1296 688 resurrectionem.
1329 642 1498 681 annos
1526 627 1666 681 2048
1697 627 1909 696 collegit
1938 627 2220 688 Eusebius,
2243 642 2363 680 cum

825 734 897 772 ex
930 717 1231 771 verioribus
1281 715 1581 770 ratiociniis
1634 725 1888 784 putentur
1931 730 1961 767 a
2008 716 2164 768 nobis
2203 715 2361 768 29.21.

830 807 994 861 Fiunt
1027 807 1081 861 in
1126 814 1295 859 totum
1343 806 1466 858 anni
1507 805 1574 856 ab
1611 805 1815 858 Adamo
1855 805 1992 859 5555
2025 824 2038 858 :
2069 805 2364 859 secundum

779 953 781 956 ς
829 896 1126 950 Eusebium
1154 908 1302 956 vero,
1333 896 1458 947 anni
1485 893 1641 957 5252,
1674 894 1813 962 quod
1846 895 1912 947 ab
1941 895 2231 962 apostolica
2257 902 2369 945 tra-

830 985 1037 1039 ditione
1076 981 1292 1053 penitus
1336 984 1604 1036 abhorret.
1648 982 1744 1036 Hic
1783 992 1962 1036 autem
2001 1000 2065 1036 ex
2103 983 2369 1052 ejusmodi

834 1073 1256 1128 hallucinatione
1286 1073 1361 1127 illi
1404 1088 1554 1134 error
1591 1073 1854 1141 obrepsit,
1889 1073 2031 1141 quod
2059 1081 2250 1140 praeter
2272 1087 2370 1148 an-

835 1179 934 1218 nos
963 1163 1189 1217 Cainani
1223 1164 1341 1224 150,
1377 1165 1512 1218 alios
1544 1165 1765 1231 insuper
1793 1164 1887 1215 111
1915 1163 2093 1218 omisit
2119 1162 2369 1231 All0phy-

833 1255 1030 1317 lorum,
1061 1254 1150 1322 qui
1185 1254 1237 1306 in
1268 1252 1519 1306 Judicum
1548 1253 1687 1306 libro
1716 1254 2060 1307 continentur
2096 1240 2239 1306 :.nec
2261 1268 2368 1305 non

833 1343 1127 1411 interregni
1147 1351 1199 1397 et
1223 1344 1392 1412 pacis,
1419 1342 1516 1408 40;
1551 1343 1675 1395 item
1710 1340 1878 1405 Darii,
1905 1342 1997 1411 qui
2029 1349 2082 1395 et
2109 1342 2367 1411 Astyages

833 1429 1014 1484 dictus
1040 1439 1143 1494 cst,
1177 1446 1348 1485 annos
1376 1446 1448 1484 ιι.

899 1520 1212 1574 Panodorus
1244 1537 1366 1575 vero
1411 1536 1550 1574 unus
1583 1535 1648 1574 ex
1691 1519 1903 1590 Egypti
1943 1522 2239 1582 monachis.
2285 1520 2368 1574 hi-

831 1610 1080 1675 storicus,
1111 1624 1281 1678 neque
1303 1610 1659 1678 chronologite
1686 1611 2036 1664 accuratioris
2067 1611 2366 1679 imperitus,

832 1699 924 1766 qui
954 1698 1169 1751 Arcadii
1210 1698 1568 1766 imperatoris.
1605 1712 1667 1750 ac
1702 1696 1986 1764 Theophili
2020 1697 2368 1751 Alexandrini

831 1788 1226 1856 archiepiscopi
1279 1795 1518 1855 tempore
1568 1786 1766 1849 ﬂoruit,
1815 1802 1936 1839 cum
1983 1787 2259 1841 veritatem
2314 1788 2366 1840 in

1825 425 1913 478 AD
1943 422 2200 478 EUSEBII
2231 417 2618 477 CHRONICON
2649 416 3002 472 APPENDIX.

828 538 1078 594 Abraami
1120 553 1289 608 usque
1315 537 1382 590 ad
1420 536 1754 592 salutiferam
1785 551 1997 591 crucem
2018 536 2359 592 et~vivilicam

2465 531 2552 584 τοῦ
2581 532 2844 602 σωτηρίου
2874 529 3103 599 σταυροῦ
3137 529 3344 598 καὶτῆς
3379 528 3640 590 ζωοποιοῦ
3664 529 3937 597 ἀναστάσεως

2477 327 2526 346 κα

3841 423 3936 479 iii!

2465 623 2612 692 ιβμηί
2645 621 2737 690 ἐτη
2774 620 3011 690 συνῆξεψ
3056 621 3210 672 ἀτινσ.
3245 619 3382 671 κατά
3411 621 3501 672 τὸν
3534 619 3702 689 ἀληθῆ
3729 621 3856 689 λόγον
3874 628 3936 694 ἐτη

2464 714 2626 780 ,βσκα’
2659 713 2784 781 ἡμῖν
2810 709 3217 776 ὲπιλελόγισται.
3240 710 3372 778 Ἒτη
3394 710 3448 761 δὲ
3472 709 3537 762 τὰ
3562 711 3729 764 πάντα
3747 715 3797 778 ἐξ
3820 715 3937 784 Ἀδὰμ

2465 801 2643 867 γεφλγ¹⁶
2693 798 2831 852 κατὰ
2855 798 2909 850 δὲ
2940 798 3190 850 Εὐσέὸιον
3217 798 3388 866 ,εσλβ’·
3419 799 3552 870 ὅπερ
3571 801 3823 871 ἀλλότριον
3846 805 3938 858 πάν-

2463 907 2529 959 τη
2563 890 2659 958 τῆς
2691 888 3048 956 ἀποπολικῆς
3079 886 3441 957 παραδόσεωςο
3473 889 3502 940 ὃ
3534 891 3628 941 καὶ
3671 894 3729 942 ὲκ
3759 894 3937 962 παραλο-
4040 886 4041 954 ξ

2465 979 2660 1048 γισμοῦ
2693 976 2893 1030 τοιοῦδε
2934 975 3183 1041 πέπονθε,
3230 977 3363 1045 πρὸς
3397 980 3508 1039 τοῖς
3544 979 3621 1048 ρλ¹
3663 980 3748 1031 τοῦ
3787 983 3938 1035 Καῖνὶν

2465 1071 2628 1130 ἔτεσι,
2659 1067 2798 1121 κατά
2822 1067 2912 1119 τὸν
2938 1067 2995 1118 ὲν
3022 1069 3130 1128 τοῖς
3154 1067 3375 1136 Κριταίς
3403 1068 3709 1136 ἀλλοφύλων
3727 1072 3744 1100 ⁷
3771 1071 3848 1140 ἐτη
3869 1081 3937 1142 ρετ

2466 1161 2818 1232 παραλείψαςο
2850 1160 2919 1212 τά
2948 1177 3008 1212 τε
3038 1161 3132 1229 τῆς
3163 1159 3420 1229 ἀναρχίας
3450 1162 3539 1212 καὶ
3567 1163 3773 1232 εἰρήνης
3795 1164 3868 1232 ετη

2468 1253 2559 1305 καὶ
2589 1250 2667 1303 ἔτι
2694 1250 2785 1303 τοῦ
2815 1249 3035 1321 Δαρείου
3067 1248 3158 1302 τοῦ
3180 1249 3274 1301 καὶ
3307 1249 3627 1318 Ἀστυάγους
3656 1251 3744 1320 ἐτη
3770 1258 3841 1304 ια’,

2441 1489 2450 1496 ί
2533 1511 2841 1582 Πανόδωρος
2870 1511 2926 1564 δέ
2963 1528 3048 1572 τις
3078 1510 3183 1563 τῶν
3222 1511 3341 1564 κατ’
3369 1511 3635 1576 Δίγυπ-τον
3671 1506 3744 1572 εἷς
3771 1515 3942 1582 pomi;

2469 1603 2752 1673 ἱστορικὸς,
2789 1604 2886 1656 οὐκ
2918 1604 3140 1674 ἄπειρος
3172 1601 3424 1672 χρονικῆς
3459 1602 3749 1671 ἀκριϐείας,
3791 1606 3837 1654 ὲν
3867 1608 3942 1666 τοῖς

2467 1700 2673 1768 χρόνοις
2714 1698 2964 1766 ἀκμάσας
3006 1698 3283 1766 Ἀρκαδίου
3329 1696 3583 1764 βασιλέως
3623 1697 3712 1748 καὶ
3748 1696 3942 1762 ﬁscella»
4044 1696 4045 1736 ἓ

2479 1788 2874 1857 Ἀλεξανδρείας
2894 1787 3337 1856 ἀρχιεπισκόπου,
3364 1785 3615 1854 ἀλήθειαν
3634 1786 3944 1853 ἀσπασάμενος

832 1876 1104 1944 plerisque
1133 1875 1412 1938 tenuisset,
1444 1883 1644 1942 septem
1680 1875 1948 1928 aberravit
1975 1876 2152 1938 annis.
2186 1875 2272 1928 ubi
2302 1874 2366 1928 ad

2466 1879 2522 1928 ὲν
2556 1877 2784 1959 πολλοῖς,
2813 1878 2855 1939 ζ’
2879 1875 3174 1944 διήμαρτεν
3199 1874 3390 1939 ἔτεσιν,
3419 1873 3585 1926 ἐλθὼν
3612 1877 3690 1935 εὶς
3711 1876 3797 1942 τὴν
3823 1879 3946 1940 σωτή-

830 1963 1164 2018 salutiferam
1195 1965 1611 2016 incarnationem
1643 1966 1900 2031 pervenit.
1934 1963 2084 2017 Hanc
2113 1963 2371 2018 enim'an-

833 2069 906 2107 no
932 2053 1114 2106 mundi
1149 2053 1284 2105 5495
1315 2053 1555 2122 illigavit:
1589 2052 1754 2121 Cujus
1784 2055 1870 2106 ille
1894 2056 2095 2108 erroris
2121 2055 2367 2108 occasio-

835 2160 957 2198 nem
989 2144 1172 2196 habuit
1203 2160 1266 2196 ex
1309 2158 1394 2206 eo,
1444 2143 1587 2212 quod
1631 2145 1686 2196 in
1731 2159 1872 2196 anno
1918 2145 2092 2212 primo
2138 2144 2368 2213 Philippi

831 2232 1046 2296 Aridmi,
1071 2235 1160 2301 qui
1186 2228 1491 2287 Alexandro
1516 2232 1792 2287 Macedoni
1823 2235 2028 2303 primus
2061 2235 2112 2288 in
2147 2252 2368 2304 regnum

833 2326 1129 2388 successit;
1159 2324 1346 2376 eodem
1379 2324 1646 2385 videlicet,
1683 2325 1736 2376 in
1770 2340 1877 2392 quo
1896 2333 1949 2378 et
1969 2327 2225 2379 Claudius
2245 2325 2369 2380 Pto-

832 2413 1052 2467 lemmus
1094 2413 1461 2480 expeditorum
1505 2429 1772 2465 canonum
1820 2415 2099 2466 ratiocinia
2148 2415 2366 2479 deﬁxit;

833 2502 1044 2554 initium
1093 2502 1284 2553 statuit
1318 2499 1615 2569 Egyptiaci
1671 2502 1818 2562 anni,
1874 2511 2031 2569 atque
2071 2500 2260 2564 Caeci,
2308 2503 2368 2556 in

832 2591 1004 2660 prima
1036 2591 1122 2644 die
1151 2588 1347 2652 Thoth,
1391 2591 1549 2658 primi
1595 2589 1968 2666 Egﬁyorum
2003 2591 2224 2652 mensis,
2259 2589 2368 2642 Au-

832 2679 975 2746 gusti
1009 2692 1164 2743 xxtx;
1199 2679 1340 2747 quod
1371 2679 1436 2732 ad
1465 2680 1705 2733 eamdem
1749 2679 2008 2749 epocbam
2055 2681 2363 2734 revolvitur.

835 2768 948 2821 Hoc
978 2784 1106 2822 vero
1135 2777 1345 2839 tempus
1380 2771 1511 2825 citra
1540 2771 1966 2825 controversiam
1999 2785 2141 2823 anno
2181 2770 2367 2824 mundi

834 2859 970 2915 5170
998 2861 1267 2914 tribuitur.
1291 2860 1457 2916 Porro
1479 2864 1545 2916 ab
1568 2877 1708 2915 anno
1732 2865 1904 2930 primo
1923 2861 2172 2931 Philippi,
2196 2877 2367 2929 usque

831 2951 899 3005 ad
943 2953 1140 3006 victam
1191 2952 1554 3021 Cleopatram.
1604 2955 1730 3006 anni
1783 2952 2074 3006 secundum
2133 2953 2388 3008 canones

777 3098 786 3113 κ
832 3043 1222 3096 astronomicos
1249 3051 1599 3098 numerantur
1629 3044 1750 3097 294.
1780 3042 1940 3096 Fiunt
1973 3046 2041 3096 ab
2077 3044 2207 3097 orbe
2237 3059 2363 3096 con-

830 3131 964 3193 dito.
987 3138 1039 3183 et
1069 3131 1137 3183 ab
1159 3124 1362 3185 Adamo
1386 3132 1450 3184 ad
1476 3135 1676 3185 exitum
1707 3121 2023 3200 Cleopatrae.
2057 3133 2183 3184 anni
2207 3132 2360 3186 5465.

834 3219 1032 3272 Verum
1062 3220 1130 3273 ab
1149 3220 1515 3274 ecclesiastica
1541 3221 1830 3274 traditione
1857 3221 2108 3274 dissentit
2142 3221 2195 3272 in
2227 3234 2368 3273 anno

828 3306 901 3358 45
935 3300 1446 3375 Αυευεῑῖϐπεοτὶε,
1489 3323 1594 3377 quo
1634 3308 1893 3362 Dominus
1929 3316 2112 3362 noster
2151 3324 2365 3362 carnem

831 3396 1028 3451 induit.
1090 3396 1208 3451 Non
1244 3400 1387 3452 enim
1431 3401 1613 3469 plures
1651 3415 1812 3468 quam
1846 3401 1918 3454 45
1958 3415 2130 3454 annos
2161 3415 2191 3451 a
2223 3399 2367 3453 victa

829 3487 1112 3554 Cleopatra
1155 3496 1210 3540 et
1246 3486 1475 3557 IEgypto
1513 3490 1759 3554 subacta,
1794 3490 1932 3559 apud
1961 3477 2364 3544 mathematicos

831 3577 1125 3644 imperasse
1155 3575 1354 3628 dicitur
1397 3578 1691 3647 Augustus.
1718 3580 1872 3645 Quod
1907 3581 1952 3634 si
1987 3593 2302 3633 concessum
2334 3593 2365 3631 a

832 3666 988 3720 nobis
1014 3665 1196 3726 fuerit,
1231 3680 1570 3736 consequens
1605 3647 1709 3722 erit
1741 3683 1881 3722 anno
1916 3668 2101 3721 mundi
2133 3667 2271 3721 5505
2299 3682 2365 3721 ex

831 3757 934 3810 hac
963 3757 1074 3811 vita
1100 3757 1397 3827 Augustum
1428 3759 1750 3814 excessisse.
1796 3759 1863 3812 At
1892 3758 2030 3813 idem
2059 3759 2175 3827 ipse
2202 3759 2362 3827 quin-

829 3855 919 3902 tus
956 3848 1060 3902 erit
1088 3849 1263 3902 aetatis
1297 3846 1590 3904 Salvatoris
1623 3864 1798 3904 annus
1831 3867 1844 3902 :
1875 3849 2018 3919 quod
2053 3860 2234 3918 aperte
2265 3848 2365 3901 fal-

830 3953 949 3993 sum
976 3946 1076 3993 est.
1107 3938 1258 4004 Quod
1284 3946 1460 3993 autem
1490 3939 1636 3993 circa
1657 3940 1861 3994 obitum
1885 3941 2114 3995 Caesaris
2136 3941 2363 4010 Augusti

828 4028 1136 4099 quindecim
1167 4029 1390 4083 circiter
1420 4044 1682 4084 annorum
1715 4029 1975 4085 Dominus
2003 4036 2166 4093 esset,
2202 4045 2266 4084 ac
2295 4045 2363 4099 xv

828 4117 1028 4173 Tiberii
1061 4119 1292 4175 Caesaris
1323 4134 1586 4173 annorum
1619 4118 1730 4172 fere
1768 4133 1896 4181 nx.
1929 4126 1987 4170 ut
2028 4133 2181 4171 sacra
2216 4116 2362 4171 Scri-

829 4219 982 4277 ptura
1011 4208 1190 4272 docet.
1222 4209 1422 4264 nemini
1453 4209 1673 4263 dubium
1709 4219 1810 4262 est.
1847 4208 1922 4261 Ita
1949 4209 2230 4277 contigerit
2251 4209 2360 4261 Au-

828 4297 974 4364 gusti
1006 4296 1234 4351 Caasaris
1263 4299 1438 4352 exitus
1481 4298 1620 4351 inter
1665 4312 1861 4365 annum
1904 4296 2088 4352 mundi
2131 4298 2268 4351 5514
2309 4304 2363 4351 et

827 4384 996 4450 5515;
1031 4386 1241 4439 initium
1269 4395 1446 4440 autem
1479 4387 1686 4456 imperii
1718 4387 1883 4441 totius
1913 4400 2056 4440 anno
2078 4387 2232 4441 5158.
2268 4386 2362 4439 Pa-

2468 1985 2578 2038 ριον
2607 1967 2891 2035 σάρκωσιν,
2923 1964 2998 2033 τῷ
3038 1968 3195 2031 ,συί-ιγ’
3237 1965 3344 2016 ἔτει
3390 1965 3591 2033 ταύτην
3624 1965 3944 2031 συλλογισάμε-

2466 2071 2572 2115 νος.
2619 2052 2678 2104 Ἦ
2711 2053 2764 2104 δὲ
2797 2051 2939 2103 αἰτία
2960 2050 3052 2103 τοῦ
3075 2050 3382 2120 σφάλματος
3402 2052 3561 2103 αὐτοῦ
3588 2053 3788 2118 γέγονεν
3804 2052 3946 2112 οὕτως.
4046 2050 4047 2100 l

2479 2142 2598 2193 Ἐπὶ
2629 2140 2735 2211 γὰρ
2764 2140 2821 2193 τὸ
2856 2147 2900 2192 α’
2935 2139 3050 2202 ἔτος
3071 2139 3329 2192 Φιλίππου
3358 2140 3449 2192 τοῦ
3485 2140 3740 2212 Ἀριδαίου
3767 2141 3843 2192 τοῦ
3864 2143 3947 2208 μετ’

2479 2232 2815 2302 Ἀλέξανδρον
2842 2232 2929 2282 τὸν
2955 2231 3231 2283 Μακεδόνα
3257 2230 3663 2298 βασιλεύσαντος
3690 2232 3949 2283 Μακεδόνων

2465 2328 2533 2383 α’,
2569 2321 2687 2373 καθ’
2721 2321 2752 2372 ὃ
2791 2321 2906 2382 ἔτος
2943 2322 3032 2372 καὶ
3074 2323 3102 2372 ό
3135 2320 3394 2381 Κλαύδιος
3425 2321 3743 2389 Πτολεμαῖος
3773 2321 3852 2390 τὴν
3873 2321 3950 2370 τῶν

2467 2408 2766 2476 προχείρων
2808 2409 3041 2459 κανόνων
3077 2407 3422 2476 ψηφηφορίαν
3449 2407 3675 2475 ἐπήξατο
3708 2409 3858 2478 ἀρχὴν
3883 2410 3948 2458 ΑΞ-

2468 2496 2766 2563 γυπτιακοῦ
2811 2497 2903 2549 καὶ
2946 2495 3254 2565 Ἑλληνικοῦ
3293 2497 3462 2557 ἔτους,
3517 2497 3654 2548 κατά
3697 2498 3784 2565 τὴν
3824 2497 3950 2548 α’τοῦ

2465 2587 2583 2638 Θὼθ
2619 2587 2782 2656 μηνὸς
2816 2588 2943 2657 παρ’
2983 2585 3294 2652 Αἰγυπτίοις
3321 2585 3632 2654 λεγομένου,
3666 2587 3740 2638 κθ¹
3770 2588 3847 2638 τοῦ
3872 2589 3949 2639 Αὖ-

2467 2676 2688 2742 γούστου
2731 2675 2894 2746 μηνὸς
2922 2671 3080 2727 οὖσαν
3119 2677 3640 2745 ἀποκαταστατικὴν,
3673 2678 3949 2747 ὁμόχρονοιιδ

2467 2765 2899 2834 ὁμολογουμένως
2938 2764 3052 2816 ἐστὶ
3075 2763 3152 2834 τῷ
3187 2763 3304 2835 ,ερο’
3331 2763 3434 2816 έτει
3471 2763 3562 2817 τοῦ
3607 2766 3813 2834 κόσμου.
3853 2765 3953 2817 Ἀπὸ

2465 2854 2556 2906 τοῦ
2588 2855 2746 2906 αὐτοῦ
2773 2854 2812 2906 δ’
2837 2857 2858 2885 ⁹
2883 2854 3032 2916 ἔτους
3059 2854 3316 2906 Φιλίππου
3343 2853 3501 2924 μέχρι
3524 2855 3620 2923 τῆς
3647 2855 3953 2926 καθαιρέσεως

2465 2945 2812 3014 Κλεοπάτρας
2847 2944 2937 3014 ἔτη
2985 2945 3124 2998 κατά
3155 2947 3278 3007 τοὺς
3320 2949 3730 3016 ἀστρονομικοὺς
3775 2947 3952 3006 κανόνας

2465 3035 2839 3100 ἐπισυνάγεται
2893 3035 3020 3100 σι,δῆ
3077 3034 3206 3087 Ἀπὺ
3245 3037 3338 3087 τοῦ
3379 3036 3540 3088 αὐτοῦ
3583 3034 3698 3105 ,ερο’
3739 3036 3952 3103 κοσμικοῦ

2468 3123 2615 3185 ἔτους
2637 3122 2686 3173 ε’
2712 3124 2755 3154 ¹⁰
2790 3124 3024 3190 γίνονται
3069 3123 3225 3195 ιευξγ¹
3285 3125 3452 3194 Ἀδὰμ
3496 3126 3598 3188 ἕως
3643 3124 3953 3195 καθαιρέσεως

2469 3213 2838 3282 Κλεοπάτρας.
2862 3214 3015 3267 Κατά
3034 3215 3187 3267 τοῦτο
3209 3215 3268 3267 οὐ
3294 3216 3502 3286 συνᾴδει
3534 3218 3599 3286 τῇ
3625 3215 3951 3283 ἐκκλησιατικῇ

2466 3305 2771 3375 παραδόσει,
2800 3306 2874 3368 ὡς
2896 3305 2955 3357 τὸ
2980 3306 3112 3374 πρὸς
3135 3306 3194 3358 τὸ
3230 3314 3317 3376 μγ¹
3344 3307 3458 3367 ἔτος
3485 3308 3779 3374 Αὐγούστου
3793 3307 3954 3359 Καίσα-

2467 3413 2573 3465 ρος·
2607 3397 2764 3465 ἡνίκα
2794 3399 2822 3448 ό
2849 3397 3046 3468 Κύριος
3073 3396 3226 3467 ἡμῶν
3251 3396 3551 3468 ὲσαρκώθτγ
3591 3400 3718 3468 μόνα
3753 3399 3848 3468 γὰρ
3876 3397 3956 3449 ἀπὸ

2462 3487 2559 3557 τῆς
2583 3489 2749 3557 αὐτῆς
2778 3489 3139 3558 καθαιρέσεως
3174 3488 3266 3542 καὶ
3298 3489 3570 3559 ὑποταγῆς
3603 3489 3852 3557 Αἰγύπτου
3888 3494 3952 3558 μγ

2463 3576 2554 3644 ἔτη
2580 3577 2786 3644 λέγεται
2817 3577 3246 3647 βεϐασιλευκέναι
3273 3579 3422 3646 παρά
3440 3583 3549 3640 τοῖς
3571 3579 3954 3649 μαθηματικοῖςί

2463 3665 2780 3734 Αὔγουστος.
2821 3669 2995 3738 Ὅπερ
3025 3673 3071 3720 εἰ
3101 3669 3274 3738 δῶμεν
3302 3669 3600 3737 ἀληθεύειν,
3643 3671 3950 3739 emeram.

2465 3756 2602 3809 κατά
2635 3758 2693 3807 τὸ
2720 3755 2838 3824 ,ecps'
2877 3756 2995 3819 ἔτος
3021 3757 3114 3810 τοῦ
3155 3759 3356 3827 κόσμου
3397 3758 3711 3828 τελευτήσας
3741 3762 3768 3811 ὁ
3791 3758 3952 3824 Αὐγου-

2466 3862 2598 3907 στος.
2629 3845 2717 3915 Τῷ
2746 3846 2792 3898 δ’
2820 3846 2964 3916 αὐτῷ
2995 3845 3033 3899 ε’
3069 3847 3217 3900 ἔσται
3245 3849 3341 3919 τῆς
3372 3848 3464 3901 τοῦ
3498 3849 3737 3920 Σωτῆρος
3763 3850 3948 3918 ἡλικίας.

2476 3941 2610 3992 Ἀλλ’
2642 3943 2722 3994 ὅτι
2758 3941 2852 4010 μέν
2872 3944 3004 3994 -ὲστι
3038 3943 3078 3974 ⁸³
3102 3943 3380 4015 πρόδηλονο
3410 3944 3490 3996 ὅτι
3522 3943 3734 4010 δὲκατά
3764 3944 3842 3996 τὸν
3871 3943 3949 3994 Avi-

2461 4031 2684 4098 γούστου
2709 4033 2980 4103 Καίσαρος
3007 4034 3227 4087 θάνατον
3256 4041 3316 4088 ιε’
3347 4035 3510 4103 ἐγγὺς
3539 4032 3666 4105 ἦγεν
3695 4035 3803 4098 ἔτος
3821 4038 3845 4087 ὁ
3865 4033 3947 4086 Κύ-

2463 4138 2593 4190 ριος,
2619 4123 2712 4174 καὶ
2735 4123 2870 4176 κατά
2894 4123 2954 4175 τὸ
2983 4129 3040 4176 ιε’
3065 4123 3310 4195 Τιὸερίου
3331 4126 3604 4196 Καίσαρος
3625 4127 3746 4178 ὡσεὶ
3769 4125 3884 4178 ἐτῶν
3899 4120 3947 4191 ἦν

2461 4210 2522 4274 λ’,
2554 4213 2626 4276 ὡς
2655 4213 2721 4265 τὰ
2755 4213 2926 4281 λόγια,
2961 4215 3054 4267 καὶ
3090 4214 3246 4267 τοῦτο
3285 4218 3573 4286 προφανές.
3621 4218 3798 4269 Ἔσται
3825 4213 3948 4284 ἀραὸ

2463 4300 2557 4367 μὲν
2586 4299 2889 4366 Αὐγούστου
2920 4303 3194 4374 Καίσαρος
3238 4303 3460 4368 θάνατος
3511 4305 3707 4374 μεταξύ
3749 4321 3840 4356 που
3876 4303 3946 4354 τοῦ

2461 4387 2602 4455 γεφιδν
2635 4388 2893 4456 κοσμικοῦ
2925 4388 3074 4452 ἔτους
3101 4391 3192 4444 καὶ
3220 4390 3312 4443 τοῦ
3345 4397 3514 4462 γεφιεν·
3552 4393 3584 4461 ἡ
3628 4393 3682 4444 δὲ
3723 4391 3848 4461 ἀρχὴ
3877 4392 3949 4456 τῆς

829 4476 1066 4529 nodorus
1091 4490 1218 4529 vero
1251 4476 1683 4532 mathematicum
1718 4492 1974 4532 canonem
2005 4485 2224 4534 secutus
2250 4481 2359 4531 Au-

2465 4476 2583 4545 ὅλης
2617 4473 2888 4546 βασιλείας
2926 4479 3086 4531 αὐτοῦ
3129 4479 3205 4550 τῷ
3235 4487 3410 4552 ,ευνη⁹.
3463 4483 3765 4553 Πανόδωρος
3801 4481 3865 4542 δὲ,
3899 4481 3944 4545 τῇ

825 4563 970 4630 gusti
989 4563 1199 4633 imperii
1220 4563 1570 4633 primordium
1600 4567 1826 4620 contulit
1856 4566 1910 4620 in
1944 4580 2142 4620 annum
2173 4567 2357 4620 mundi

828 4647 986 4713 εισι,
1018 4659 1243 4707 mortem
1283 4667 1408 4707 vero
1441 4653 1493 4706 in
1537 4669 1735 4725 annum
1774 4655 1932 4720 5506,
1961 4657 2355 4726 generationem

829 4739 1058 4808 denique
1081 4739 1277 4796 Christi
1303 4744 1356 4796 in
1384 4741 1538 4807 5495,
1570 4743 1711 4813 quod
1739 4747 1806 4800 ab
1830 4759 1895 4800 eo
1922 4759 2198 4815 perperam
2230 4760 2359 4800 con-

827 4821 943 4881 stat
955 4843 1079 4883 esse
1107 4826 1326 4884 factum.
2218 4833 2224 4838 ’

2464 4567 2810 4638 μαθηματικῇ
2833 4567 3192 4632 ἑξακολουθῶν
3216 4571 3395 4648 ἐκδόσε
3404 4590 3441 4635 ι,
3466 4573 3561 4642 τὴν
3589 4573 3683 4643 μὲν
3706 4572 3858 4643 ἀρχὴν
3874 4569 3946 4635 τῆς

2460 4656 2760 4723 Αὐγούστου
2788 4657 3058 4726 βασιλείας
3081 4658 3159 4729 τῷ
3178 4660 3329 4722 ,ευνα’
3357 4661 3464 4714 ἔτει
3494 4655 3582 4714 τοῦ
3607 4663 3796 4731 κόσμου
3817 4665 3946 4712 ἔσται

2460 4749 2669 4814 χείωσε,
2698 4747 2757 4799 τὸ
2783 4746 2837 4799 δὲ
2867 4748 3018 4810 τέλος
3037 4747 3113 4818 τῷ
3133 4757 3287 4817 βψς,
3316 4751 3411 4822 τὴν
3441 4751 3496 4806 δὲ
3522 4754 3774 4824 σωτήριον
3797 4751 3945 4821 Tim-

2437 4849 2544 4922 ’σιν
2566 4832 2644 4902 τῷ
2672 4837 2855 4902 ,ευι.,γ’⁹
2885 4837 2947 4889 οὐ
2979 4836 3158 4901 καλῶς
3179 4838 3612 4912 διαωησάμενος.

1709 4981 1804 5040 Ad
1839 4982 2093 5059 Georgii
2134 4980 2406 5058 Syncellt'
2449 4982 2885 5059 Fragmentum
2914 4986 3111 5047 Nam.

898 5095 1024 5147 ὀτι
1041 5095 1346 5164 peragat;
1365 5134 1379 5148 .
1405 5093 1658 5150 Veterum
1692 5097 1983 5151 multorum
2013 5098 2198 5169 Opinio
2235 5099 2357 5164 fuit,

823 5181 1098 5236 Christum
1123 5198 1232 5237 uno
1265 5190 1470 5236 tantum
1500 5196 1644 5235 anno
1671 5183 2015 5251 praedicasse.
2036 5201 2206 5256 eoque
2231 5201 2358 5255 pas-

827 5283 944 5321 sum
977 5267 1164 5320 fuisse.
1218 5267 1294 5320 Ex
1339 5281 1528 5322 eorum
1560 5283 1788 5322 numero
1825 5268 1927 5323 fuit
1961 5269 2274 5336 Africanus.
2295 5279 2357 5325 ut

828 5365 1054 5411 testatur
1083 5354 1438 5425 Hieronymus
1467 5357 1523 5410 in
1543 5355 1612 5408 IX
1632 5354 1868 5412 Danielis
1892 5376 1904 5411 :
1934 5374 2092 5427 quem
2114 5371 2260 5415 recte
2286 5377 2352 5414 ex

827 5448 1143 5502 auctoritate
1167 5446 1472 5516 evangelica
1499 5446 1764 5516 Georgius
1797 5448 2086 5519 redarguit.
2103 5449 2236 5506 Vide
2261 5450 2353 5504 XII

831 5535 902 5588 De
920 5536 1159 5591 doctrina
1183 5546 1464 5604 temporum
1482 5575 1498 5600 .
1527 5551 1648 5607 cap.
1678 5537 1769 5592 1X.

2535 5101 2633 5165 Ὦς
2656 5097 2805 5154 εἶναι
2821 5101 2928 5154 τὸν
2959 5103 3076 5157 ἀπὸ
3108 5106 3216 5173 τῆς
3249 5108 3429 5174 θείας.
3459 5109 3586 5166 Tria
3619 5113 3704 5168 hic
3727 5114 3938 5168 obseru-

2454 5186 2600 5242 tione
2629 5189 2810 5259 digna.
2838 5190 3104 5259 Alterum,
3135 5203 3297 5265 caput
3317 5198 3444 5252 anni
3473 5199 3527 5254 in
3560 5211 3804 5273 computo
3825 5201 3939 5259 Gre-

2455 5290 2539 5340 co.
2567 5292 2677 5332 non
2720 5287 2959 5348 repetere
2987 5282 3275 5353 Georgium
3306 5301 3338 5340 a
3385 5287 3532 5345 civili
3567 5294 3787 5363 epocha.
3815 5293 3860 5348 id
3876 5301 3939 5347 est

2455 5365 2846 5437 a‘Septembri;
2886 5373 2980 5427 sed
3010 5388 3039 5427 ο
3071 5390 3240 5431 verno
3289 5389 3529 5450 tempore
3572 5393 3730 5452 atque
3777 5384 3839 5439 ab
3868 5397 3939 5436 vui

2453 5454 2674 5512 Kalend.
2715 5458 2884 5528 April.
2927 5475 3034 5531 quo
3063 5461 3159 5518 die
3182 5467 3455 5524 conditum
3477 5471 3850 5527 essemundum
3865 5487 3939 5542 pu-

2451 5546 2672 5601 tabant:
2711 5548 2936 5606 alterum
2967 5567 3278 5626 passumex
3321 5550 3814 5623 illorum'ouinione
3845 5574 3938 5618 esu

893 5688 912 5720 '
940 5703 1045 5739 cor.
1080 5689 1168 5748 καὶ
1193 5689 1296 5741 τῶν
1315 5699 1362 5742 et
1385 5688 1706 5758 ἀλλοφύλων.
1780 5692 1801 5722 ³
1823 5692 1862 5759 f.
1888 5691 1918 5743 ὃ
1942 5694 2093 5762 ὁμοχ.
2166 5692 2188 5725 ⁸
2219 5694 2321 5747 into
2346 5708 2373 5746 α

2491 5697 2534 5728 η
2562 5698 2602 5766 f.
2639 5701 2750 5769 ἔτη.
2828 5704 2867 5734 ¹¹
2907 5695 3057 5760 Deut
3085 5708 3301 5772 aliquid.
