4046 6320
87 427 239 484 1413

1066 421 1514 477 DISSERTATIO
1554 421 1639 476 DE
1668 418 2070 474 GRECORUM
2107 418 2311 477 A1815.

3152 402 3287 473 itit

86 540 375 594 Christum
420 536 596 591 Martii
626 553 782 600 xxm,
822 536 956 591 feria
990 553 1075 602 vr;
1117 537 1481 590 resurrexisse
1515 550 1643 588 vero
1672 543 1718 597 Α
1744 548 2010 587 annorum
2036 533 2205 600 5l84;
2241 534 2421 604 itaque
2468 534 2750 603 legendum
2791 535 2927 603 apud
2978 533 3285 606 Georgium.

88 632 189 685 die
215 646 317 683 xxv
350 649 363 682 :
396 644 553 698 quam
576 627 857 697 Epiphanii
884 641 1099 697 quoque
1132 629 1451 680 sententiam
1476 623 1642 678 fuisse

88 730 336 775 constat.
357 718 484 772 Vide
516 734 634 787 qua:
673 732 834 785 super
861 733 919 769 ea
952 718 1149 783 partim
1181 717 1232 769 in
1264 714 1637 769 Auimadvers.

90 812 168 864 ad
225 812 354 863 hzer.
399 808 485 871 LI,
528 809 724 877 partim
764 808 819 860 in
858 806 947 859 ΧΠ
979 807 1053 860 De
1077 807 1313 859 doctrina
1354 816 1640 881 temporum

89 901 470 970 exposuimus.
512 898 644 951 Cum
700 907 875 953 autem
907 904 1080 967 capite
1120 898 1382 966 superiori
1421 896 1643 949 demon-

92 996 332 1044 stratum
363 990 433 1043 sit
481 987 799 1052 Maximum,
836 1004 993 1058 quem
1029 987 1310 1057 Georgius,
1341 997 1392 1041 et
1439 986 1638 1050 caeteri,

90 1077 195 1145 qui
250 1076 666 1130 Alexandrinam
712 1092 873 1129 ieram
926 1084 1236 1137 tenuerunt,
1268 1076 1440 1129 secuti
1491 1082 1638 1135 sunt,

90 1167 306 1219 Christi
356 1167 661 1234 passionem
710 1169 762 1220 in
795 1182 917 1220 eum
966 1183 1163 1219 annum
1199 1167 1517 1228 contulisse,
1547 1164 1643 1233 qui

90 1267 185 1311 est
236 1271 355 1309 terte
418 1266 615 1310 nostrae
648 1272 783 1320 xui,
842 1257 1046 1325 periodi
1100 1255 1325 1310 Julianus
1363 1257 1525 1333 4755,
1577 1270 1642 1308 eo

92 1358 252 1397 anno
284 1344 670 1398 admirabiliter
700 1346 944 1413 contigit,
974 1355 1029 1398 ut
1062 1347 1114 1397 in
1135 1344 1274 1398 diem
1305 1344 1480 1397 Martii
1505 1359 1641 1395 χχιιι

92 1434 312 1493 decima
377 1444 567 1502 quarta
628 1433 903 1487 Paschalis
961 1424 1239 1487 incideret.
1296 1432 1641 1486 Novilunium

95 1524 252 1578 enim
277 1540 341 1577 ex
372 1524 632 1579 Parisinis
653 1526 847 1578 tabulis
880 1526 1226 1589 commissum
1262 1532 1344 1578 est
1376 1523 1553 1576 Martii
1584 1539 1639 1586 x,

95 1614 241 1668 feria
270 1630 365 1677 vu,
416 1614 545 1668 hora
578 1613 672 1677 10,
708 1616 789 1668 ριν
832 1617 886 1668 in
929 1598 1206 1668 horizonte
1258 1612 1642 1684 Hierosolymi-

93 1713 259 1760 tano.
277 1705 453 1773 Quare
475 1704 683 1759 decima
712 1714 903 1776 quarta
936 1700 1185 1759 convenit
1206 1707 1260 1758 in
1280 1705 1454 1759 Martii
1486 1721 1639 1767 χχιιι,

35 1837 59 1865 κ
94 1796 245 1850 feria
292 1813 375 1862 v1;
430 1797 777 1866 plenilunium
830 1811 956 1851 vero
1027 1798 1262 1851 medium
1316 1798 1489 1851 Martii
1538 1814 1641 1850 xxv

96 1886 347 1949 ineunte,
373 1889 501 1939 hora
519 1886 765 1940 videlicet
788 1885 839 1950 i,’
866 1885 990 1939 55'a
1018 1885 1187 1939 media
1214 1895 1393 1939 nocte.
1424 1885 1640 1939 Nicaeuo

94 1991 238 2031 vero
266 1984 503 2044 tempore
540 1977 821 2057 neomenia
858 1976 1082 2031 cadebat
1113 1978 1167 2030 in
1218 1992 1268 2030 ix
1321 1977 1518 2041 Martii,
1551 1994 1643 2049 cy-

95 2066 191 2117 clo
222 2078 253 2114 v
285 2065 491 2118 decima
521 2068 735 2133 quarta,
769 2063 946 2116 Martii
981 2079 1092 2117 xxu
1118 2079 1129 2113 :
1168 2062 1310 2132 quod
1334 2062 1401 2115 ad
1431 2062 1643 2117 Gneco-

52 2163 56 2166 ‘
97 2168 230 2206 rum
256 2154 703 2222 computistarum
745 2163 976 2206 mentem
1018 2152 1251 2220 perbelle
1288 2153 1639 2227 congruebat,

96 2244 198 2312 qui
230 2250 286 2297 et
334 2242 507 2295 Martii
555 2257 707 2302 xxnt,
738 2248 792 2295 et
826 2241 959 2294 feria
990 2256 1060 2303 vi,
1097 2248 1151 2295 et
1194 2241 1491 2309 plenilunio
1521 2256 1642 2308 pas—

97 2348 230 2386 sum
278 2348 399 2385 esse
446 2330 718 2384 Christum
754 2331 1152 2383 asseverabant.
1186 2328 1290 2383 Sed
1330 2331 1444 2384 hazc
1480 2344 1641 2399 quam

99 2422 320 2475 illorum
363 2422 664 2475 rationibus
692 2426 1049 2475 consentanea
1085 2422 1331 2473 videntur
1358 2431 1464 2473 tam
1516 2432 1641 2476 sunt

96 2512 333 2575 absona,
369 2521 421 2566 et
458 2513 524 2565 ab
560 2512 869 2581 evangelica
914 2512 1137 2564 veritate
1182 2526 1403 2579 prorsus
1445 2512 1637 2567 aliena.

99 2600 215 2655 Sed
255 2616 355 2654 nec
399 2600 681 2669 Epiphanii
729 2600 1049 2654 sententiam
1094 2599 1323 2653 assecuti
1362 2600 1439 2653 illi
1483 2607 1638 2665 sunt;

96 2706 270 2760 quam
306 2706 405 2745 nos
436 2692 645 2745 abunde
687 2690 841 2745 libris
878 2691 984 2744 illis
1015 2691 1425 2760 explicavimus.
1460 2690 1643 2745 Tertio

93 2782 340 2851 denique
366 2788 579 2835 constat
595 2797 659 2835 ex
685 2781 901 2833 Maximi
940 2796 1003 2833 ac
1033 2778 1375 2849 Theophanis
1403 2779 1641 2844 decreto,

102 2869 382 2924 Christum
418 2869 699 2923 Dominum
729 2870 960 2923 triennio
983 2911 997 2934 ,
1026 2885 1089 2922 ac
1118 2870 1394 2924 mensibus
1427 2870 1644 2923 circiter

98 2959 289 3015 tribus
317 2977 345 3011 a
377 2960 646 3029 baptismo
678 2958 1017 3028 praedicasse,
1066 2966 1123 3013 ut
1170 2961 1261 3029 qui
1296 2976 1437 3014 anno
1467 2964 1643 3016 aetatis

100 3043 331 3103 ineunte
381 3064 529 3114 xxxi,
570 3048 810 3102 Januarii
859 3065 931 3114 vr,
968 3050 1267 3120 baptizatus
1317 3054 1405 3115 sit,
1457 3052 1643 3106 mundi

97 3141 249 3195 5530
264 3152 515 3207 exeunte,
539 3142 611 3194 ita
634 3150 691 3194 ut
711 3141 839 3194 5531
867 3143 1110 3209 proximo
1128 3158 1247 3196 vere
1278 3144 1600 3197 successerit
1626 3158 1639 3193 :

100 3246 255 3285 anno
287 3233 490 3301 periodi
518 3231 743 3285 Julianae
766 3232 923 3298 4752,
952 3247 1144 3300 passus
1187 3242 1364 3287 autem
1395 3237 1464 3289 sit
1502 3248 1644 3288 anno

98 3322 286 3376 aetatis
312 3338 481 3375 xxxm
512 3323 779 3384 absoluto,
828 3338 893 3376 ac
946 3322 1118 3377 tribus
1153 3334 1404 3392 praaterea
1440 3326 1642 3378 mensi-

102 3412 248 3477 bus;
276 3411 463 3473 mundi
497 3412 634 3465 5553
660 3402 960 3475 desinente,
1005 3412 1210 3480 periodi
1234 3410 1459 3467 Iuliana:
1484 3415 1640 3468 4755.

102 3502 169 3555 ln
214 3503 432 3571 quo-ab
478 3500 759 3570 Epiphanii
806 3494 1071 3559 sententia
1129 3502 1457 3556 desciscunt.
1513 3501 1647 3557 Vidi:

104 3587 328 3643 Maximi
356 3603 473 3658 cap.
502 3588 714 3643 XXXII.
762 3587 1051 3643 Sciendum
1096 3599 1177 3644 est
1215 3606 1397 3659 porro,
1432 3590 1646 3645 Graecos

102 3687 323 3733 atatem
359 3678 561 3733 Christi
617 3681 685 3734 ab
736 3678 1111 3734 lncarnatione
1162 3681 1279 3749 ipsa
1324 3696 1645 3745 numerare,

103 3784 245 3833 non,
266 3777 325 3823 ut
355 3771 495 3824 ratio
530 3770 787 3841 postulat,
820 3778 873 3823 et
894 3786 991 3824 nos
1030 3772 1189 3839 vulgo
1217 3771 1463 3851 facimus,
1496 3772 1647 3826 abeo

104 3868 374 3929 tempore,
409 3875 516 3931 quo
536 3869 686 3916 extra
731 3869 939 3915 uterum
972 3862 1191 3931 prodiit.
1222 3859 1462 3926 Quorum
1489 3863 1647 3917 insti-

105 3959 290 4004 tutum
314 3949 545 4005 Romani
575 3965 788 4020 queque
829 3953 1168 4019 computistaa
1205 3953 1469 4022 complexi
1499 3960 1645 4019 sunt,

108 4040 405 4110 Dionysius
439 4040 699 4111 Exiguus,
729 4041 900 4102 Beda.
931 4052 985 4096 et
1026 4043 1297 4099 inferioris
1333 4045 1429 4098 aevi
1458 4060 1650 4113 prope-

108 4131 332 4185 modum
358 4145 565 4187 omnes.
605 4131 744 4188 Hinc
785 4134 1045 4203 Georgius
1084 4148 1255 4189 annos
1284 4133 1403 4187 vitae
1440 4132 1648 4188 Domini

108 4229 306 4291 putare
328 4223 565 4292 incipita
596 4239 700 4277 xxv
729 4223 930 4290 Martii.

185 4314 480 4367 Σκοπειτω
501 4317 588 4380 εις
616 4314 731 4383 τὴν
767 4322 864 4369 ut;
904 4316 1082 4371 Divisa
1129 4330 1338 4370 summa
1382 4329 1649 4369 annorum

109 4402 256 4456 5533
298 4418 393 4472 per
422 4405 543 4468 532,
583 4405 710 4461 ﬁent
754 4407 1011 4461 absoluta:
1046 4407 1247 4476 periodi
1279 4423 1333 4471 x,
1373 4414 1427 4460 et
1474 4422 1680 4460 annus~

1741 622 1821 675 Ad
1876 622 2017 675 hanc
2072 638 2336 676 summam
2397 623 2442 677 si
2478 624 2618 677 2215
2668 625 2966 693 adieceris,
3028 634 3161 696 quot
3218 628 3287 680 ab

1742 710 2028 765 Abrahami
2060 711 2224 767 natali
2250 712 2318 763 ad
2341 696 2517 765 ortum
2543 712 2745 767 Christi
2775 714 3066 783 interponit
3116 715 3287 771 Euse-

1742 801 1881 859 bius.
1916 799 2114 855 efﬁcies
2142 816 2314 856 annos
2336 802 2491 857 5199.
2522 805 2599 857 Ac
2631 820 2815 858 revera
2853 806 3077 858 totidem
3111 820 3285 860 annos

1740 906 1807 943 ex
1831 890 2046 945 Eusebii
2076 893 2304 945 .calculo
2340 891 2511 946 Latini
2562 896 2895 965 antiquiores
2928 897 3233 965 exprimunt
3265 917 3281 953 :

1741 989 1794 1033 et
1827 982 1881 1034 in
1932 982 2171 1036 Romano
2209 982 2588 1054 Martyrologio
2648 1003 2741 1041 vm
2796 988 3015 1043 Kalend.
3060 988 3280 1044 Januar.

1741 1089 1997 1127 numerus
2028 1074 2115 1125 ille
2144 1076 2467 1142 concipitur.
2503 1074 2634 1131 Vide
2670 1077 2765 1132 lib.
2814 1077 2881 1131 IX
2922 1080 2997 1133 De
3044 1081 3284 1133 doctrina

1744 1175 2048 1231 temporum,
2073 1179 2193 1235 cap.
2229 1163 2290 1218 ll.
2320 1164 2490 1219 Porro
2520 1168 2582 1219 ad
2621 1169 2949 1236 passionem,
2992 1162 3112 1238 qua:
3144 1187 3284 1225 anno

1740 1257 2027 1309 Abrahami
2057 1256 2190 1309 2047
2228 1257 2465 1325 ponitur,
2487 1258 2610 1310 anni
2635 1265 2763 1312 sunt
2783 1240 2823 1309 la
2854 1260 3069 1313 conditu
3104 1276 3283 1313 rerum

1730 1345 1894 1401 5251.
1931 1344 2197 1410 Quaeritur
2228 1345 2491 1413 Georgius
2515 1347 2581 1399 ab
2608 1346 2835 1399 Eusebio
2865 1347 3282 1414 pmterudssum

1740 1434 1965 1497 Cainan,
1998 1444 2052 1488 et
2100 1436 2219 1503 ejus
2266 1450 2440 1488 annos
2470 1452 2646 1489 cxxx:
2676 1437 2796 1491 ideo
2837 1438 3093 1491 minorem
3135 1440 3285 1506 justo

1740 1540 1860 1580 esse
1881 1540 2145 1579 summam
2174 1526 2239 1579 ad
2270 1534 2445 1577 ortum
2485 1526 2811 1592 Abrahami;
2844 1543 3003 1597 quam
3056 1528 3169 1595 ipse
3210 1530 3287 1582 ait

1742 1630 1862 1669 esse
1894 1630 2158 1668 annorum
2197 1614 2356 1677 5519.,
2381 1615 2579 1683 quibus
2626 1616 2789 1669 additi
2826 1620 2955 1671 anni
3003 1614 3162 1680 2221,
3190 1622 3280 1686 ί]τεὶ

1743 1704 1809 1757 ab
1834 1703 2141 1757 Abrahamo
2170 1704 2237 1759 ad
2274 1705 2476 1759 Christi
2506 1708 2812 1775 passionem
2842 1708 3105 1770 intergecti
3134 1721 3281 1771 sunt,

1741 1794 1975 1848 efﬁciunt
2000 1809 2171 1848 annos
2194 1794 2365 1860 5535;
2388 1809 2509 1849 cum
2539 1804 2719 1849 tamen
2747 1796 3007 1849 EuSrbius
3028 1807 3078 1849 et
3111 1812 3283 1849 annos

1742 1885 1809 1938 ab
1828 1884 2134 1937 Abrahamo
2156 1895 2401 1939 numeret
2425 1885 2492 1939 ad
2512 1886 2779 1939 Christum
2801 1885 2958 1950 2048,
2978 1897 3026 1939 et
3056 1888 3121 1940 iis
3146 1888 3283 1955 prio-

1740 1989 1850 2027 rem
1886 1972 1952 2024 ad
1975 1988 2257 2031 numerum
2288 1971 2539 2040 adjectis,
2574 1990 2833 2028 summam
2864 1975 2986 2027 inde
3032 1977 3282 2027 conficiat

1741 2077 2005 2116 annorum
2030 2061 2187 2118 5252.
2215 2060 2419 2116 Desunt
2448 2063 2571 2116 anni
2610 2064 2703 2116 ’501
2746 2062 2811 2117 ad
2852 2062 3063 2131 Georgii
3096 2064 3280 2116 calcu-

1740 2154 1849 2206 lum
1882 2170 1894 2204 :
1932 2166 2069 2220 quos
2098 2153 2213 2220 ipse
2241 2152 2408 2211 variis
2437 2150 2609 2205 modis
2649 2153 2923 2205 inculcare
2954 2153 3163 2205 nititur.
3210 2155 3284 2205 lie

1739 2242 2001 2299 Cainano.
2036 2248 2089 2293 et
2116 2240 2274 2292 annis
2307 2238 2556 2293 Judicum
2593 2239 2902 2307 plenissime
2932 2241 3097 2294 habes
3126 2244 3183 2313 in
3210 2241 3279 2293 IX
3358 2300 3366 2309 .

1742 2322 1815 2384 De
1837 2331 2076 2389 doctrina
2108 2340 2411 2397 temporum.
2437 2327 2648 2400 Georgii
2696 2329 3007 2401 μικρολογία
3039 2332 3143 2386 ista
3172 2348 3281 2385 non

1740 2429 1821 2475 est
1851 2423 2036 2474 nauci.
2687 2412 2690 2419 ’

1808 2511 2152 2578 Πανόόωρος
2181 2510 2248 2565 δέ
2271 2527 2381 2577 τις.
2414 2508 2567 2565 Nunc
2601 2510 2668 2567 de
2694 2511 2860 2567 altero
2888 2519 3158 2582 computo,
3189 2515 3280 2582 qui

1740 2609 1822 2657 est
1859 2600 2128 2656 Pauodori
2161 2603 2436 2657 monachi.
2480 2602 2528 2657 Is
2553 2613 2713 2656 aram
2753 2604 2983 2673 priorem
3017 2618 3281 2658 annorum

1742 2695 1809 2749 ad
1868 2694 2072 2749 Christi
2134 2694 2535 2765 ὲνανθρὼπησιν
2584 2694 2715 2748 5501
2769 2703 2893 2748 octo
2958 2696 3143 2758 annis,
3199 2696 3284 2749 vel

1742 2784 1927 2838 decem
1974 2783 2308 2849 decurtavit;
2342 2784 2500 2852 cujus
2539 2783 2741 2837 inventi
2797 2784 3093 2851 probabilis
3132 2793 3214 2838 est
3252 2801 3289 2847 a_

1741 2876 1899 2929 nobis
1938 2889 2101 2943 supra
2126 2874 2331 2928 reddita
2357 2876 2527 2929 ratio:
2552 2889 2713 2943 quam
2744 2889 2871 2927 vero
2901 2872 3165 2942 Georgius
3204 2876 3284 2927 af-

1742 2965 1865 3028 fert,
1894 2964 2081 3018 frivola
2112 2972 2224 3030 est;
2268 2978 2366 3019 nec
2416 2964 2537 3033 jure
2582 2964 2853 3018 hominem
2903 2964 3179 3031 redarguit
3229 2972 3285 3017 ut

1742 3072 1866 3109 mox
1889 3053 2174 3109 videbitur.

1824 3145 1952 3197 Ἐπὶ
1979 3145 2085 3213 γὰρ
2108 3144 2174 3196 τὸ
2210 3152 2261 3197 α’
2285 3146 2436 3210 ἔτος.
2479 3143 2609 3210 Quae
2656 3150 2959 3213 sequuntur
3005 3142 3286 3213 insignite:-

1743 3232 2031 3301 depravata
2082 3241 2241 3299 sunt;
2293 3248 2465 3303 neque
2514 3233 2597 3286 vis
2647 3232 3147 3301 argumentationis,
3176 3248 3285 3301 qua

1745 3321 2085 3374 Panodorum
2130 3321 2411 3392 Syncellus
2454 3330 2757 3390 oppugnat,
2790 3323 2925 3375 satis
2952 3322 3287 3384 animadver—

1745 3415 1895 3468 titur.
1944 3413 2115 3482 Hujus
2165 3423 2343 3479 tamen
2398 3413 2509 3466 haec
2550 3428 2761 3466 summa
2815 3413 3135 3466 conficitur:
3164 3412 3286 3466 ideo

1745 3512 1944 3572 septem
1962 3503 2118 3558 annis
2143 3504 2324 3557 minus
2350 3511 2569 3571 putasse
2594 3501 2957 3567 Panodorum,
2988 3502 3133 3571 quod
3159 3516 3283 3555 cum

1746 3607 1887 3646 anno
1925 3592 2107 3646 mundi
2127 3592 2264 3648 5458
2292 3593 2566 3662 Augustus
2600 3594 2865 3661 imperare
2890 3594 3111 3661 cmperit
3163 3602 3286 3663 post

1745 3680 2076 3736 uecemJulii
2111 3682 2358 3745 Caesaris,
2390 3680 2708 3737 Panodorus
2736 3682 2863 3736 5451
2912 3685 3286 3752 tantummodo

1747 3773 2009 3839 posuerit,
2049 3772 2552 3826 mathematicorum
2586 3771 2853 3826 calculum
2894 3780 3131 3827 secutus.
3164 3772 3286 3828 Fuit

1748 3861 1887 3929 apud
1925 3869 2265 3916 astronomos
2300 3862 2352 3914 in
2380 3877 2481 3915 usu
2519 3876 2694 3915 canon
2725 3862 2965 3931 quidam,
2991 3864 3102 3917 sive
3124 3864 3287 3917 later—
3338 3916 3342 3920 .

1748 3952 1927 4003 culum
1956 3952 2268 4020 regum,qui
2298 3966 2327 4003 a
2348 3949 2723 4005 Nabonassaro
2751 3953 2817 4007 ad
2846 3952 3172 4007 Antoninum
3197 3970 3287 4009 us-

1725 4056 1853 4109 que
1897 4048 2241 4109 pr0pagatur,
2273 4040 2529 4094 nimirum
2571 4041 2640 4095 ad
2683 4040 2951 4096 Ptolemati
2991 4049 3230 4111 tempora
3267 4058 3283 4095 :

1749 4130 1840 4197 qui
1864 4144 1893 4182 a
1917 4129 2181 4185 Chaldaeis
2208 4131 2460 4185 traditum
2486 4146 2745 4187 canonem
2777 4130 3035 4185 Romanis
3064 4133 3288 4202 impera-

1748 4222 1958 4274 toribus
1983 4222 2201 4276 auxisse
2228 4221 2460 4276 videtur.
2490 4221 2688 4277 Verum
2727 4222 2781 4275 in
2812 4221 2949 4275 libro
2991 4224 3287 4292 προχείρων

1749 4310 2005 4373 κανόνων,
2051 4313 2143 4382 qui
2188 4312 2401 4368 tabulas
2447 4314 2836 4368 astronomicas
2895 4314 3285 4381 complectitur.

1748 4417 1923 4477 canon
1947 4402 2087 4456 idem
2114 4417 2143 4454 a
2186 4401 2435 4472 Philippo
2482 4404 2694 4458 Aridao
2725 4400 2953 4473 incipit,
2986 4405 3125 4458 utin
3173 4418 3288 4456 ma-

107 4492 221 4545 213
250 4494 543 4566 undecima
561 4535 576 4559 ,
606 4510 715 4566 quo
759 4511 945 4553 revera
974 4506 1168 4566 quarta
1213 4497 1421 4551 decima
1448 4498 1647 4551 Christi
1678 4495 1723 4550 Ι)
1752 4490 2047 4560 nuscriptis
2067 4489 2345 4567 codicibus
2369 4500 2610 4562 apparet,
2633 4494 2725 4561 qui
2752 4492 2985 4548 Theonis
3010 4507 3284 4553 commen-

110 4582 315 4635 ssculo
354 4582 543 4639 incidit
565 4584 623 4638 in
659 4584 837 4640 Martii
867 4586 1007 4641 diem
1040 4603 1200 4651 xxtn,
1226 4596 1284 4642 ut
1320 4587 1481 4657 paulo
1525 4595 1649 4642 ante

107 4670 368 4726 vidimus.

182 4758 384 4830 Πρώτη
406 4760 472 4815 δὲ
490 4762 594 4816 τοῦ
624 4765 756 4831 παρ’
798 4764 1099 4832 Ἑϐραίοις.
1140 4762 1333 4817 Mirum
1383 4763 1514 4818 illud
1545 4771 1648 4829 est,

112 4864 227 4904 non
271 4853 443 4905 solum
493 4854 827 4907 neomeniam
872 4854 1041 4909 fuisse
1084 4852 1249 4909 Nisan
1292 4853 1433 4907 diem
1477 4854 1647 4916 illum,

110 4957 275 5011 quem
317 4943 458 4997 lunae
490 4959 579 4998 xvi
616 4945 699 4999 vel
731 4960 840 4998 xvn
871 4961 991 5009 esse
1026 4944 1199 5009 dicit,
1247 4945 1340 4998 sed
1386 4944 1649 5012 ejusmodi

114 5046 331 5099 semper
355 5034 647 5094 exstitisse.
683 5032 848 5105 Nugae
888 5037 1003 5090 ista:
1039 5043 1197 5099 sunt,
1226 5035 1330 5089 nisi
1361 5035 1464 5088 hoc
1511 5033 1651 5088 forte

117 5122 308 5185 voluit,
347 5121 500 5178 initio
539 5140 719 5180 rerum
765 5113 997 5195 primum
1037 5140 1297 5191 mensem,
1333 5124 1445 5179 sive
1482 5123 1649 5179 Nisan

115 5210 453 5265 neomeniam
481 5212 736 5269 habuisse
758 5231 860 5268 xxv
887 5214 973 5268 die
1003 5212 1198 5267 Martii.

199 5296 391 5366 Ὀιιὲν
410 5295 523 5354 οὖν
554 5303 915 5369 Ἀφρικανός.
937 5302 1064 5356 Vide
1092 5302 1370 5371 superiora
1402 5300 1522 5355 libri
1551 5301 1652 5355 hu-

110 5391 206 5458 jus
226 5391 393 5445 nostri
422 5391 619 5460 capita.
754 5450 760 5455 ,

186 5478 471 5544 Εὐσέϐιος
516 5479 584 5533 δὲ
617 5483 649 5533 o’
686 5483 1016 5550 Παμφίλου.
1075 5480 1130 5533 1η
1175 5482 1431 5536 chronico
1469 5489 1650 5549 poste-

117 5569 287 5628 riore,
323 5568 609 5639 interprete
662 5580 847 5626 sancto
893 5570 1237 5641 Hieronymo,
1288 5571 1551 5627 Eusebius
1594 5570 1649 5624 in

118 5656 389 5711 Prommio
411 5670 653 5713 uulnerat
698 5660 766 5714 ab
822 5661 1024 5714 Adamo
1060 5661 1125 5714 ad
1167 5660 1426 5713 diluvium
1477 5674 1649 5714 annos

114 5745 278 5813 2242,
314 5760 344 5799 a
376 5746 574 5803 diluvio
622 5750 688 5803 ad
717 5757 895 5805 ortum
920 5751 1227 5823 Abrahami,
1259 5750 1381 5806 942.
1428 5748 1647 5806 Summa

1746 4581 1918 4635 tarios
1946 4583 2025 4644 ei;
2054 4583 2179 4644 τοὺς
2206 4582 2521 4654 προχείρους
2567 4584 2793 4647 κανόνας
2822 4584 3094 4638 exhibent.
3124 4582 3288 4652 igitur

1747 4684 1777 4721 a
1807 4677 1983 4725 morte
2027 4671 2338 4734 Alexandri,
2370 4679 2425 4726 et
2450 4670 2623 4726 Thoth
2657 4670 2909 4740 Philippi,
2949 4670 3017 4723 ad
3061 4678 3285 4725 mortem

1744 4758 2062 4828 Cleopatra,
2094 4764 2221 4816 anni
2254 4763 2581 4834 colliguntur
2606 4762 2730 4819 29¢.
2764 4761 2889 4817 Inde
2920 4761 3149 4831 Augusti
3175 4763 3286 4815 Cat-

1749 4850 1889 4903 saris
1920 4851 2012 4905 45.
2042 4850 2249 4922 Duplex
2284 4854 2430 4907 enim
2466 4854 2680 4919 initium
2707 4852 2959 4921 Augusti,
3000 4852 3225 4904 alterum
3254 4866 3284 4902 λ

1746 4946 1920 4993 morte
1971 4937 2100 4993 Julii
2144 4941 2394 5005 Caesaris,
2428 4941 2657 4996 alterum
2702 4955 2733 4993 a
2788 4954 2920 4994 nece
2966 4939 3182 4994 Anto..ii
3232 4947 3286 4992 et

1748 5027 2065 5097 Cleopatrae,
2096 5045 2214 5099 qua:
2242 5036 2327 5084 est
2362 5031 2567 5100 epocha
2615 5045 2878 5085 annorum
2923 5031 3282 5083 Actiacorum.

1748 5119 2030 5177 Intervalla
2058 5135 2220 5188 porro
2260 5134 2524 5174 annorum
2551 5135 2581 5174 a
2623 5121 2903 5177 neomenia
2930 5117 3128 5181 Thoth.
3166 5132 3286 5189 quc

1748 5213 2054 5284 principum
2110 5220 2338 5269 mortem
2369 5214 2614 5283 proxime
2644 5220 2934 5267 consecuta
2965 5217 3066 5274 est,
3100 5210 3155 5265 in
3193 5211 3285 5262 illo

1748 5316 1955 5356 canone
1991 5300 2309 5370 procedunt.
2352 5301 2593 5355 Mortuus
2617 5308 2699 5355 est
2728 5299 3029 5354 Alexander
3059 5298 3284 5367 Magnus

1747 5408 1891 5447 anno
1910 5392 2085 5461 primo
2102 5392 2323 5448 ineunte
2344 5389 2664 5460 Olympiadis
2677 5405 2822 5454 cxtv,
2836 5388 3284 5459 periodiJulianae

1748 5482 1909 5546 4590,
1939 5497 2083 5536 anno
2107 5481 2474 5536 Nabonassari
2500 5480 2623 5545 494,
2653 5480 2931 5550 quiem-pit
2965 5478 3283 5553 Novembris

1749 5588 1847 5627 xu.
1881 5570 2059 5637 Quare
2085 5573 2261 5625 Thoth
2294 5570 2524 5640 Philippi
2554 5570 2769 5633 Aridai,
2793 5572 2906 5626 sive
2941 5569 3131 5623 mortis
3159 5566 3310 5621 Ale-~
3350 5558 3351 5561 “

1750 5653 1961 5719 ἷιοιιὰιπί,
1984 5661 2231 5714 convenit
2261 5660 2314 5733 in
2338 5659 2650 5716 Novembris
2669 5674 2741 5712 xu
2772 5660 2896 5711 anni
2924 5650 3161 5727 ejusdem
3192 5674 3279 5721 pr-

1750 5748 1886 5804 riodi
1914 5747 2137 5805 Julianz
2164 5749 2323 5813 4590.
2358 5758 2411 5807 et
2430 5750 2640 5806 initium
2666 5748 2810 5815 dedit
2839 5764 2979 5804 anno
3005 5746 3281 5802 Nabcnas-
