4046 6320
128 480 255 533 HI?

1078 469 1522 555 DISSERTATIO
1555 468 1641 521 DE
1676 466 2080 523 CRIECORUM
2120 465 2321 519 AL'RIS.

3172 453 3299 516 1418

123 595 175 645 in
219 605 381 644 verno
430 602 611 642 mense
662 591 999 649 statuerunt;
1058 584 1227 651 Aprili
1272 583 1519 636 videlicet
1566 591 1657 633 aut
1689 592 1731 643 Α
1761 582 1967 635 scitur:
1996 580 2085 634 ubi
2111 589 2217 632 tam
2246 580 2484 630 lunarem
2517 591 2737 638 annnm,
2774 590 2834 629 ac
2875 578 3107 645 cyrlum,
3142 592 3301 645 quam

123 682 328 733 Martio.

191 772 318 837 Qua:
354 779 429 822 tot
471 768 742 821 initiorum
776 768 1008 820 varietas
1051 768 1200 834 prius
1243 766 1539 831 scriptores
1574 765 1657 830 ip-

119 877 233 922 sos,
254 876 409 929 quam
433 873 619 912 eorum
644 859 890 918 lectores,
925 855 1229 909 admirabili
1252 854 1661 923 perturbatione

119 951 383 1005 confudit.
412 948 541 1001 Nam
568 948 675 1001 duo
705 949 1018 1015 plerumque
1043 945 1256 998 diversa
1295 958 1581 1003 annorum,
1611 950 1663 996 et

117 1040 394 1111 cyclorum
440 1038 703 1107 principia
757 1037 985 1091 miscent
1033 1037 1306 1088 invicem:
1342 1050 1441 1087 nec
1494 1035 1559 1087 ad
1612 1034 1663 1086 id

118 1131 267 1200 quod
289 1132 451 1186 semel
485 1129 714 1196 amplexi
748 1135 895 1185 sunt.
926 1133 1239 1180 constanter
1262 1124 1661 1176 adhaerescunt.

119 1228 340 1275 Annum
369 1236 493 1275 ecce
535 1220 627 1273 alii
676 1219 746 1273 ab
776 1216 1075 1285 Septembri
1118 1217 1201 1269 vel
1260 1214 1480 1267 Octobri
1532 1214 1667 1265 inci-

120 1313 316 1380 piunt;
359 1311 537 1381 cyclos
568 1316 749 1361 autem
802 1308 932 1361 solis
966 1321 1030 1360 ac
1060 1308 1202 1359 fume
1240 1304 1311 1357 ab
1345 1301 1559 1375 Martio,
1582 1300 1667 1353 vel

119 1404 317 1473 Aprili.
345 1402 575 1469 Quidam
608 1401 819 1471 cyclum
851 1399 983 1453 solis
1001 1398 1068 1450 ab
1092 1396 1347 1459 Octobri;
1384 1395 1523 1447 luna:
1543 1408 1669 1446 vero

119 1496 195 1547 ab
232 1508 395 1547 verno
443 1507 627 1546 mense
663 1497 967 1557 coeperunt.
998 1487 1190 1540 Plures
1225 1500 1426 1538 annum
1456 1483 1667 1537 civilem

118 1601 149 1638 a
190 1583 523 1654 Septembri;
546 1582 973 1637 ecclesiasticum
993 1579 1060 1632 ab
1093 1577 1263 1646 Aprili
1294 1577 1561 1645 proticisci
1580 1576 1671 1644 ju-

119 1676 290 1740 bent;
316 1675 458 1728 hunc
489 1674 653 1728 etiam
693 1671 856 1740 aliqui
887 1669 1079 1723 Martio
1111 1669 1178 1721 ab
1221 1681 1427 1729 mense,
1463 1674 1517 1720 et
1553 1668 1671 1735 ejus

118 1774 281 1821 certa
312 1765 398 1819 die
423 1770 691 1834 repetunt.

192 1854 272 1908 Ea
307 1854 539 1908 methodi
565 1853 868 1907 obscuritas
889 1859 943 1906 et
970 1850 1220 1906 confusio
1247 1850 1367 1903 luce
1398 1854 1456 1900 ut
1490 1846 1669 1913 aliqua

1759 674 1989 725 solerem
2018 686 2047 723 a
2075 685 2243 739 verno
2272 684 2453 722 mense
2476 669 2692 735 incipit;
2722 668 2869 721 illum
2891 667 3107 736 quidem
3139 669 3207 721 ab
3239 668 3302 719 iis

1759 763 1968 825 diebus,
2003 762 2203 829 quibus
2242 759 2381 813 aﬂixi
2433 769 2561 813 sunt
2607 758 2756 812 aurei
2789 758 3032 821 numeri;
3070 758 3301 810 solareni

1762 866 1939 911 autem
1964 848 1967 853 ’
1990 857 2056 909 ab
2082 854 2448 923 :equinoctiali
2500 868 2705 906 mense.
2740 841 2867 905 rtem
2902 852 3080 919 capite
3111 846 3300 911 XXIII,

1762 950 1971 1019 cyclum
1995 947 2126 1001 solis
2154 962 2344 1006 xxviii.
2381 955 2434 997 ct
2458 949 2737 1007 lunm‘xrv,
2770 942 2939 1011 Aprili
2964 956 3027 995 ac
3052 939 3303 993 Paschati

1764 1039 1889 1091 anni
1910 1038 2026 1105 ejus
2054 1040 2303 1105 imputat,
2328 1035 2417 1103 qui
2445 1033 2651 1087 Pascha
2672 1033 2799 1086 anni
2820 1032 2960 1085 6155
2980 1029 3302 1093 antecessit;

1765 1131 1919 1197 cujus
1959 1130 2141 1199 cyclns
2183 1135 2300 1181 erat
2329 1127 2522 1180 solaris
2554 1142 2591 1188 1,
2624 1126 2829 1177 lunaris
2881 1140 2979 1188 xv;
3010 1138 3116 1191 quo
3145 1122 3305 1176 etiam

1766 1222 1942 1289 capite
1973 1221 2183 1288 cyclum
2218 1219 2348 1272 solis
2372 1233 2538 1269 xxvnt
2562 1231 2591 1269 a
2620 1215 2876 1269 Kalendis
2908 1214 3108 1283 Aprilis
3152 1228 3310 1266 orsus

1766 1322 1868 1365 est.
1905 1311 2053 1367 Unde
2085 1318 2303 1380 epactas
2335 1309 2465 1362 solis
2496 1298 2696 1361 feriam
2752 1306 2894 1358 illam
2937 1319 3060 1358 esse
3099 1303 3308 1365 definit,

1768 1418 1886 1471 qua:
1915 1415 1998 1471 est
2030 1402 2204 1456 Martii
2232 1416 2383 1461 χιιι,
2428 1400 2569 1454 sicut
2594 1409 2809 1468 epactas
2840 1398 3077 1459 lunares,
3102 1402 3312 1446 aetatem

1772 1498 1909 1549 luna
1938 1496 1992 1548 in
2017 1496 2204 1549 eodem
2234 1495 2338 1547 die.
2374 1492 2449 1545 Ex
2479 1506 2584 1561 quo
2638 1490 2883 1558 sequitur
2914 1487 3038 1539 anni
3081 1485 3314 1553 primor-

1768 1584 1917 1637 dium
1937 1584 1989 1636 in
2013 1582 2280 1636 Kalendas
2301 1582 2521 1651 Aprilis,
2548 1581 2615 1633 ab
2642 1580 2733 1632 illo
2766 1578 3041 1633 constitui.
3075 1575 3316 1645 Duplici-

1770 1684 1853 1728 ter
1868 1676 2047 1743 itaque
2063 1690 2263 1727 annum
2289 1688 2445 1727 suum
2473 1672 2787 1741 auspicatur
2804 1667 3067 1721 Maximus
3088 1707 3101 1728 ,
3121 1680 3316 1733 nempe

1772 1782 1801 1819 a
1835 1758 2090 1819 Kalendis
2133 1765 2333 1833 Aprilis
2356 1805 2370 1827 ,
2411 1772 2463 1817 et
2496 1762 2527 1817 a
2564 1760 2845 1816 neomenia
2888 1758 3135 1813 Paschali
3169 1773 3183 1806 :
3216 1771 3316 1809 cu-

1768 1857 2005 1926 jusmodi
2032 1858 2085 1909 in
2124 1856 2325 1910 nostris
2357 1872 2588 1924 quoque,
2623 1857 2674 1909 id
2705 1864 2787 1909 est
2823 1852 3052 1918 Latinis,
3080 1849 3317 1919 computi

116 1956 332 2000 "05m?
350 1946 728 2013 ἀίδρυῑδίίοηίε
750 1944 1075 2006 “km-retu",
1099 1943 1165 1996 de
1196 1941 1423 2011 Singulis
1454 1938 1670 1993 Gmco'
1700 1918 1745 1975 Β
1776 1949 2562 2018 scriptoribusinconstantiam
2584 1946 3067 2001 animadvertimus
3092 1943 3229 1996 libro
3250 1940 3318 1993 V'l

118 2053 250 2090 rum
289 2037 555 2103 computis
589 2035 779 2087 ordine
810 2034 1095 2087 dicendum
1126 2033 1248 2095 erit,
1283 2040 1337 2085 et
1363 2032 1456 2099 qui
1485 2031 1674 2083 unius-

117 2132 396 2198 cujusque
434 2129 681 2183 tradendi
733 2110 1006 2196 principes
1055 2124 1294 2182 fuerunt,
1334 2138 1520 2176 eorum
1554 2135 1676 2189 per-

120 2219 447 2290 vestiganda
481 2220 745 2273 sententia
762 2224 865 2278 est,
898 2224 975 2277 ut,
996 2212 1446 2282 quemadmodum
1476 2211 1547 2262 ab
1570 2210 1675 2262 illis

117 2308 414 2363 constituti
447 2309 583 2377 cycli
618 2306 849 2367 fuerint;
880 2314 934 2357 et
973 2317 1082 2371 quo
1118 2308 1275 2369 pacto
1324 2314 1445 2352 cum
1480 2296 1678 2349 Itoma-

117 2400 216 2453 nis
245 2398 621 2461 consentiant;
660 2410 723 2446 ac
749 2394 890 2462 quod
917 2392 1044 2444 anni
1066 2391 1299 2458 denique
1322 2388 1675 2457 primordium

116 2491 397 2559 ceperint,
420 2497 563 2542 certa
587 2486 792 2539 ratione
822 2483 1141 2537 declaretur.
1172 2482 1218 2534 A
1251 2481 1485 2535 Maximo
1515 2479 1678 2549 igitur

117 2577 503 2648 incipiendum
532 2578 657 2637 erit.
679 2576 768 2643 qui
806 2584 857 2628 ct
892 2574 1163 2642 antiquior
1192 2581 1307 2634 est,
1326 2581 1377 2625 et
1411 2571 1680 2639 antiquio-

114 2667 207 2720 ris
251 2666 569 2719 observator
623 2678 764 2725 terte,
829 2666 987 2731 cujus
1041 2661 1107 2715 de
1143 2676 1285 2713 anno
1332 2661 1593 2728 primum,
1628 2668 1681 2711 et

115 2756 263 2811 annui
295 2755 501 2824 epocha
530 2762 849 2810 statuemus.

200 2846 630 2900 Alexandrinum
662 2851 972 2911 computum
1026 2844 1078 2894 in
1134 2840 1381 2895 Paschali
1427 2854 1524 2892 sua
1565 2856 1681 2893 me-

114 2939 304 2993 thodo
351 2948 533 2992 tenere
580 2952 637 2990 se
684 2928 955 2988 Maximus
998 2932 1239 2987 ostendit
1265 2932 1437 3000 capite
1462 2928 1679 2995 XXXII,

114 3047 262 3085 cum
320 3044 519 3083 annum
578 3026 969 3081 Incarnationis
1004 3040 1067 3078 ac
1119 3025 1312 3078 natalis
1369 3022 1568 3077 Christi
1607 3023 1682 3073 ait

116 3121 313 3176 fuisse
362 3118 546 3173 mundi
578 3117 1059 3185 550I,'scripsisse
1096 3130 1222 3170 vero
1258 3130 1315 3169 se
1346 3129 1487 3168 anno
1522 3113 1681 3177 6155,

1775 2036 1851 2092 De
1876 2038 2113 2091 doctrina
2136 2047 2420 2106 temporum
2439 2051 2578 2105 quae,
2598 2037 2719 2104 quia
2750 2036 3001 2103 perlevis,
3028 2034 3183 2089 facile
3208 2033 3320 2087 dis-

1777 2131 2092 2194 simulatur;
2144 2130 2271 2182 dum
2315 2129 2443 2182 illud
2485 2135 2715 2189 constet.
2761 2141 2927 2180 verno
2973 2141 3178 2186 mense,
3212 2140 3319 2178 non

1777 2220 2073 2273 autumnali
2109 2234 2375 2274 annorum
2417 2235 2636 2274 suorum
2670 2219 2901 2286 epochas
2931 2216 3115 2272 ﬁxisse
3152 2215 3322 2270 Maxi-

1775 2326 1943 2365 mum.

1844 2401 1981 2455 Cum
2013 2401 2129 2455 hrec
2164 2399 2601 2469 exploratissima
2650 2399 2790 2461 sint,
2824 2404 3003 2451 tamen
3038 2413 3103 2450 ex
3132 2396 3322 2450 eodem

1779 2488 1995 2547 Maximi
2046 2500 2303 2561 computo
2330 2493 2559 2546 dilIicilis
2601 2492 2778 2545 nodus
2817 2490 3076 2545 occurrit.
3117 2488 3324 2559 Quippe

1780 2600 1979 2639 annum
2023 2583 2183 2645 6155,
2216 2592 2268 2637 et
2317 2582 2665 2636 indictionem
2730 2595 2819 2634 xw
2872 2580 3147 2649 componit
3199 2593 3323 2632 cum

1780 2691 1923 2728 anno
1958 2690 2085 2727 uxr
2135 2673 2391 2743 Heraclii,
2419 2672 2661 2739 adeoque
2682 2685 2803 2723 cum
2840 2670 2991 2739 cyclo
3020 2670 3150 2723 solis
3183 2683 3217 2731 I,
3244 2669 3325 2719 lu-

1781 2778 1864 2817 na:
1889 2779 1977 2816 xv.
2012 2763 2175 2829 Atqui
2208 2776 2383 2814 annus
2410 2776 2535 2840 axx:
2576 2758 2805 2844 Heraclii
2829 2764 3039 2825 ereptus
3062 2765 3145 2810 est
3168 2755 3312 2808 Octo

1782 2852 1863 2906 bri
1895 2851 2021 2903 anni
2043 2850 2245 2903 Christi
2290 2864 2430 2903 tacx.
2483 2847 2724 2901 Mortuus
2765 2843 2848 2899 est
2891 2859 3020 2898 vero
3065 2843 3239 2895 Martii
3270 2859 3323 2895 xi

1782 2942 1910 2995 anni
1963 2954 2157 3021 IDCXLI.
2203 2940 2258 2993 Si
2292 2955 2467 2994 annus
2514 2938 2701 2993 mundi
2748 2937 2886 2990 6155
2916 2935 2984 2988 ab
3010 2935 3198 3004 Aprili,
3231 2942 3325 2990 aut

1783 3035 2064 3089 neomenia
2112 3032 2361 3088 Paschali
2392 3040 2609 3101 caperet
2636 3031 2918 3084 exordium
2940 3071 2954 3093 ,
2997 3045 3103 3082 non
3136 3030 3324 3097 utique

1784 3124 1922 3177 6155
1965 3138 2164 3176 annum
2207 3123 2471 3191 attigisset
2504 3120 2851 3194 iHeraclius:
2897 3119 3325 3191 quandoquidem

118 3210 377 3267 Heraclii
407 3226 531 3300 ξικι
554 3224 671 3278 cap-
712 3208 854 3262 XVII
886 3208 1189 3300 signiﬁcat;
1226 3207 1380 3271 cuius
1414 3206 1539 3259 anni
1567 3222 1686 3275 pas-
1712 3244 1753 3300 ο
1786 3216 2068 3270 neomenia
2097 3214 2377 3268 Paschalis
2407 3228 2549 3266 anno
2582 3214 2687 3269 isto
2726 3213 2948 3282 contigit
2986 3211 3159 3266 Martii
3202 3228 3327 3277 xix;

117 3307 243 3359 sim
274 3290 522 3369 exemplo
553 3302 740 3356 utitur.
790 3300 977 3352 Aunus
1025 3299 1233 3368 primus
1264 3297 1491 3350 Heraclii
1524 3299 1687 3365 coepit

114 3391 368 3446 Octobri
399 3404 581 3445 mense
614 3388 743 3441 anni
786 3402 906 3441 atrae
931 3386 1254 3441 Christiana:
1298 3402 1435 3449 mox,
1478 3386 1687 3438 tricesi-

116 3497 265 3536 mus
287 3495 417 3533 vero
444 3480 647 3548 primus
678 3494 820 3531 anno
850 3492 1028 3535 IDCXL,
1063 3477 1350 3531 indictione
1377 3476 1689 3531 Constanti—

115 3570 460 3640 nopolitana
490 3585 574 3622 inv
603 3576 724 3637 post
774 3568 1156 3637 Septembrem,
1202 3569 1356 3637 cyclo
1398 3568 1541 3620 luna:
1576 3582 1686 3629 xiv,

115 3662 278 3717 solis
297 3675 351 3725 v,
394 3659 570 3713 littera
614 3658 825 3713 Domin.
854 3659 959 3712 BA.
999 3656 1147 3710 Hanc
1172 3672 1334 3725 porro
1379 3656 1690 3709 methodum

114 3751 273 3807 anni
302 3750 389 3805 sui
433 3751 600 3803 tradit
629 3752 803 3819 capite
830 3749 993 3812 XVII,
1025 3757 1083 3801 ut
1116 3749 1289 3802 divisa
1338 3762 1550 3802 summa
1593 3762 1691 3815 per

114 3857 339 3904 xxvm,
372 3839 417 3893 si
456 3840 581 3909 quid
632 3840 907 3893 residuum
938 3840 1037 3902 sit,
1077 3854 1172 3908 pro
1202 3840 1315 3893 sola
1333 3838 1378 3890 ri
1423 3839 1575 3907 cyclo
1603 3852 1694 3890 ca—

113 3934 373 4004 piatur:
414 3940 504 3984 aut
546 3932 591 3985 si
641 3931 776 3983 nihil
824 3938 1009 3993 restet,
1064 3932 1269 3998 integer
1315 3931 1428 3998 ipse
1480 3929 1689 3999 cyclus.

117 4024 292 4076 Idem
337 4028 392 4073 et
435 4022 488 4073 in
522 4021 715 4081 lunari,
765 4028 922 4087 atque
955 4020 1246 4074 indictione
1286 4020 1552 4089 prmcipit.
1580 4018 1691 4071 Hoc

1788 3313 1977 3372 quarta
2006 3302 2211 3357 decima
2243 3300 2518 3355 Paschalis
2534 3300 2785 3356 Kalendis
2809 3302 3101 3369 Aprilibus,
3136 3303 3266 3356 feria
3294 3318 3329 3354 ι.

1790 3393 1943 3448 Unde
1964 3392 2172 3446 Pascha
2205 3394 2259 3445 in
2280 3393 2479 3461 Aprilis
2510 3409 2603 3445 vin
2628 3392 2977 3456 diffunditur;
3008 3394 3159 3462 cyclo
3190 3394 3328 3447 luna-

1790 3494 1897 3537 tam
1926 3483 2171 3538 Romano
2200 3499 2359 3553 quam
2402 3484 2999 3552 Constantinopolitano
3038 3492 3136 3552 xv;
3181 3490 3329 3557 cyclo

1790 3588 1919 3627 vero
1974 3572 2105 3627 solis
2143 3590 2159 3626 ι
2198 3570 2815 3642 Constantinopolitano,
2844 3573 3088 3628 Romano
3137 3591 3209 3640 vn,
3249 3578 3328 3629 ιη.

1792 3670 1904 3717 tera
1933 3661 1997 3727 G,
2030 3663 2173 3731 quod
2198 3662 2460 3715 Maximus
2494 3678 2611 3730 cap.
2645 3662 2764 3715 XIX
2792 3664 2993 3717 diserte
3016 3666 3229 3719 astruit.

1864 3753 1976 3807 Hoc
2009 3770 2118 3807 non
2170 3754 2273 3806 alia
2298 3754 2511 3833 ratione
2565 3752 2787 3806 dissolvi
2835 3763 3013 3822 potest
3057 3773 3216 3826 quam
3272 3773 3332 3813 ea

1794 3858 1914 3910 qua:
1942 3841 2010 3896 I-X
2052 3842 2128 3895 De
2151 3842 2391 3895 doctrina
2427 3852 2715 3909 temporum
2759 3844 2919 3897 allata
2957 3854 3062 3908 est,
3091 3863 3208 3916 cap.
3246 3846 3331 3910 Ill,

1793 3932 1883 3984 ubi
1915 3932 2205 3984 Maximum
2249 3931 2585 3985 osmndimus
2615 3930 2882 3999 duplicem
2923 3936 3180 4003 epocham
3207 3938 3331 3989 anni

1794 4021 1966 4075 civilis
2019 4031 2072 4075 et
2098 4021 2452 4074 ecclesiastici
2485 4020 2798 4077 confudisse
2829 4041 2843 4078 :
2875 4040 3105 4093 quarum
3149 4026 3238 4079 illa
3266 4030 3350 4082 ab.

115 4110 313 4167 modo
344 4109 533 4163 divisis
556 4110 713 4163 annis
741 4109 899 4171 6155,
943 4116 1127 4178 cyclus
1176 4109 1507 4176 relinquetur
1561 4109 1693 4162 solis

112 4196 362 4267 I,'Iunaa
390 4215 491 4263 xv,
520 4198 828 4253 indictionis
871 4214 989 4251 IIII.
1029 4198 1214 4253 Restat
1255 4198 1386 4250 illud
1424 4198 1695 4266 inquiren-

112 4297 313 4359 dum;
342 4290 537 4360 ecquid
594 4306 769 4345 annus
820 4291 907 4344 ille
954 4290 1091 4343 6155
1138 4305 1169 4342 a
1219 4289 1522 4359 Septembri
1568 4294 1693 4343 anni

109 4385 351 4442 Christi
376 4399 549 4449 iach,
578 4399 647 4437 an
680 4396 710 4435 a
741 4380 985 4437 Paschali
1016 4398 1199 4437 mense
1237 4383 1363 4436 anni
1402 4396 1578 4437 19cm
1613 4383 1696 4435 in-
1795 4382 2041 4437 eumdem
2078 4396 2277 4457 annum
2301 4382 2512 4435 distulit
2541 4382 2595 4434 in
2622 4381 2935 4438 Paschalem
2959 4402 3218 4454 mensem,
3243 4408 3333 4445 ec-

112 4477 335 4547 cipiat.
1797 4473 2101 4527 clesiastico
2136 4488 2267 4527 usus
2290 4474 2533 4527 exordio.

202 4557 377 4626 Quod
401 4560 563 4628 igitur
589 4573 928 4626 nequaquam
958 4574 988 4612 a
1015 4558 1315 4628 Septembri
1356 4577 1527 4615 annos
1560 4577 1689 4615 suos
1728 4567 1770 4619 D
1866 4564 2005 4617 Ante
2036 4563 2322 4617 Maximum
2366 4563 2681 4621 Panodorus
2721 4584 2892 4625 annos
2936 4588 3064 4628 suos
3111 4589 3139 4627 a
3175 4592 3341 4631 verno

112 4654 205 4709 sit
255 4663 514 4711 exorsus,
545 4664 612 4701 ex
646 4647 836 4702 XXXII
866 4648 1054 4718 capite
1086 4653 1334 4706 concludi
1381 4661 1576 4722 potest.
1623 4655 1694 4707 “ll
1798 4662 2034 4721 tempore
2081 4656 2366 4709 inchoasse
2408 4657 2617 4711 videtur
2660 4678 2671 4712 :
2722 4661 2824 4715 etsi
2880 4662 3141 4735 Georgius
3176 4668 3231 4721 in
3273 4686 3340 4723 eo

109 4742 292 4797 enim
317 4740 375 4791 in
400 4739 645 4793 eumdem
679 4752 876 4792 annum
911 4740 1357 4795 inundiMartium
1386 4758 1449 4796 ac
1476 4742 1695 4797 Decem-
1796 4748 2130 4814 fragmento,
2172 4748 2313 4815 quod
2354 4748 2531 4815 capite
2560 4754 2828 4819 superiori
2889 4757 3193 4821 retulimus,
3245 4761 3337 4813 ubi

110 4837 299 4885 brem
334 4828 577 4894 conjicit,
620 4844 810 4897 nempe
857 4830 1013 4891 5501,
1066 4846 1172 4898 quo
1214 4839 1267 4884 et
1317 4831 1506 4883 feriam
1544 4849 1575 4884 ιι
1622 4833 1678 4883 ai‘

1797 4833 2201 4905 ἐνανθρώπησιν
2226 4876 2241 4895 ,
2281 4845 2333 4889 et
2366 4837 2613 4909 γέννησιν
2660 4841 2727 4894 ab
2773 4856 2837 4895 eo
2868 4842 3126 4911 illigatam
3179 4849 3341 4903 refert

112 4922 349 5005 fuisse;
380 4916 553 4971 Martii
608 4935 735 4981 xxv,
791 4928 844 4973 et
900 4928 1147 4989 quartam
1205 4920 1514 4975 Decembris
1567 4938 1693 4977 xxv.
1799 4934 1940 4972 anno
1978 4921 2164 4974 mundi
2207 4922 2363 4983 5495,
2414 4926 2618 4977 nullam
2666 4936 2868 4981 certam
2900 4930 3020 4996 ejus
3064 4934 3141 4986 rei
3173 4936 3339 5005 signi-

105 5014 307 5066 Certe
323 5004 588 5075 Georgius
614 5005 917 5076 Syncellus,
940 5010 1032 5076 qui
1061 5009 1304 5063 eamdem
1323 5024 1489 5066 aram
1510 5011 1697 5078 expri-
1799 5009 2101 5065 ficationem
2140 5011 2369 5073 dederit,
2409 5023 2586 5070 tamen
2640 5015 2714 5068 ita
2763 5016 3058 5074 Christiani
3091 5022 3202 5077 fere
3234 5004 3341 5078 Vve-

104 5101 261 5159 mil.
324 5108 498 5147 annos
554 5110 684 5149 SUOS
742 5110 770 5147 8
802 5112 905 5148 XXV
952 5097 1126 5150 Martii
1180 5096 1529 5165 incipitfnoc
1588 5114 1697 5152 non
1798 5108 1965 5162 teres,
2013 5101 2200 5153 saltem
2240 5104 2627 5159 ecclesiasticis
2667 5108 2718 5159 in
2771 5112 3038 5179 computis
3063 5121 3115 5167 et
3165 5114 3339 5167 histo-

100 5187 574 5244 Alexandrinum
592 5185 1298 5251 Chronicon;etsiinterdut
1398 5189 1515 5241 .lter
1541 5204 1700 5242 usur-
1800 5192 1932 5253 riis,
1972 5190 2152 5245 facere
2201 5205 2593 5249 consueverant
2640 5206 2698 5250 ut
2754 5200 2820 5253 de
2860 5201 3112 5257 Africano
3158 5218 3276 5274 cap.
3318 5205 3336 5257 l

104 5288 252 5352 ραι,
289 5277 363 5330 de
396 5291 503 5344 quo
538 5276 658 5330 vide
686 5292 805 5344 cap.
830 5273 917 5339 IIl,
946 5276 1037 5330 lib.
1071 5274 1145 5329 IX
1175 5275 1251 5329 De
1282 5276 1529 5330 doctrina
1565 5288 1698 5330 tem-
1799 5279 1962 5347 hujus
1993 5280 2117 5333 libri
2150 5281 2453 5338 docuimus.

100 5384 358 5443 porum,
394 5367 573 5435 cyclos
613 5370 788 5420 autem
830 5367 959 5421 solis
994 5381 1056 5420 ac
1112 5369 1252 5420 luna:
1303 5369 1590 5436 perspicue
1630 5369 1698 5422 ab
1872 5367 1968 5423 His
2012 5372 2421 5436 animadversis,
2466 5374 2621 5429 facile
2656 5376 2765 5444 jam
2796 5379 2899 5431 erit
2948 5381 3078 5435 solis
3112 5397 3173 5436 ac
3202 5384 3339 5437 lunae

99 5460 339 5517 eodem
373 5456 582 5518 Martio,
610 5472 716 5517 non
747 5472 775 5507 a
809 5455 1109 5525 Septembri
1156 5458 1411 5511 inchoare
1439 5474 1496 5511 se
1526 5458 1699 5511 decla-
1801 5460 1981 5527 cyclos
2009 5475 2127 5512 atrae
2151 5454 2330 5529 hujus,
2367 5470 2419 5515 et
2449 5468 2687 5533 computi
2714 5468 2963 5536 proprios
2996 5472 3337 5539 investigare,

106 5560 236 5606 ται,
291 5560 423 5613 mp.
462 5544 545 5603 Vl.
592 5545 682 5597 ubi
716 5546 1033 5598 laterculum
1066 5560 1350 5609 enarrans,
1389 5547 1533 5616 Quod
1587 5549 1702 5601 edi-
1802 5562 1864 5599 ac
1897 5562 2019 5599 cum
2054 5550 2256 5602 nostris
2290 5565 2634 5619 componere,
2677 5554 2730 5607 in
2760 5571 2869 5624 quo
2905 5558 3199 5612 fcedissirre
3224 5560 3339 5612 hal-

110 5654 252 5695 tum
290 5643 383 5688 est
420 5650 539 5701 pug.
571 5634 692 5695 515,
740 5633 1054 5688 Ianuarium
1087 5645 1138 5689 et
1188 5634 1537 5689 Februarium
1571 5640 1699 5690 anni
1804 5635 2070 5690 Iucinatns
2094 5646 2176 5690 est
2211 5636 2483 5705 Scaliger;
2521 5643 2595 5695 uti
2629 5645 2787 5712 paulo
2833 5656 2953 5714 post
3002 5647 3337 5703 ostendetur.

106 5721 829 5787 antecedentisessedicit;
858 5723 1421 5793 Paschavero,etejus
1445 5727 1700 5789 xiv,anni
1801 5721 2040 5775 Primum
2082 5726 2225 5777 enim
2277 5730 2420 5794 quod
2470 5730 2535 5781 ad
2571 5732 2702 5785 solis
2729 5736 2938 5803 cyclnm
2980 5736 3207 5799 attinet,
3258 5736 3340 5788 di-

102 5807 797 5889 sequentis.l’r:etereaid
820 5813 1163 5880 excapitibds
1206 5812 1246 5866 Χ
1280 5828 1341 5867 ac
1364 5814 1473 5867 XIII
1503 5829 1695 5883 cogno-
1804 5814 1935 5868 visis
1986 5818 2140 5870 annis
2192 5820 2259 5873 ab
2306 5821 2435 5875 orbe
2482 5822 2741 5888 condito,
2792 5826 3042 5880 residuus
3089 5841 3346 5882 numerus

307 5905 584 5964 ΡΑτιιοι..
616 5904 729 5961 Gtt.
767 5904 951 5981 XIX.
1011 5908 1015 5913 ’

2212 5960 2221 5969 .
2998 5918 3073 5978 liii

1797 4109 2097 4179 Septembri
2146 4110 2468 4177 procedebat
2508 4132 2519 4164 :
2569 4113 2683 4167 hinc
2720 4114 2786 4167 ab
2816 4114 3007 4183 Aprili,
3039 4125 3131 4170 aut
3171 4135 3334 4176 verno

1795 4214 1996 4254 mense.
2021 4197 2254 4253 Proinde
2291 4199 2429 4253 6155
2455 4216 2654 4254 annum
2690 4202 2901 4257 civilem
2924 4204 3056 4259 alias
3082 4222 3204 4261 cum
3234 4208 3334 4263 lle-

1795 4291 1948 4344 raclii
1967 4304 2107 4343 anno
2134 4294 2283 4352 XXII,
2310 4299 2363 4344 et
2390 4291 2684 4345 indictione
2706 4306 2794 4343 xw
2818 4297 3182 4362 comparavit;
3206 4299 3336 4355 alias
