4046 6320
727 361 860 417 “19
1735 349 1824 402 Al)
1863 349 2123 404 ECSEBH
2165 347 2550 404 01111οΧ10οΝ
2591 347 2950 402 APPENDIX.
3767 349 3864 403 1Ωο

734 477 920 530 cvclus
941 481 1022 526 est
1059 471 1190 526 solis
1215 489 1228 524 :
1263 476 1355 523 aut
1381 475 1530 522 certe
1561 473 1710 520 totus
1742 465 1856 534 ipse
1883 465 2144 518 numerus
2161 461 2264 528 28;
2295 471 2338 524 Α
2369 479 2514 518 anno
2537 463 2696 516 1579..
2723 462 2798 514 Ac
2825 453 2908 516 vel
2927 477 2992 524 cx
3021 477 3108 524 eo,
3131 460 3274 530 quod
3303 476 3332 512 a
3361 461 3618 516 Kalendis
3645 460 3866 515 Januarii:

737 537 879 621 anno
921 563 1058 618 6155
1085 559 1260 614 diviso
1306 573 1400 629 per
1437 557 1542 622 9.8,
1593 555 1918 624 relinquitur
1945 555 1995 608 1.
2038 553 2268 607 Proinde
2371 557 2614 608 lunarem
2669 555 2879 624 cyclum
2955 553 3202 607 inchoari
3251 553 3480 616 scribit,
3543 553 3864 621 conjecturam

737 657 920 710 cvclus
949 655 1126 710 solisr
1157 649 1436 707 concurrit
1457 663 1578 702 cum
1611 661 1754 700 anno
1783 645 1988 700 Christi
2015 645 2136 706 641,
2160 659 2270 713 quo
2371 653 2608 698 nostram
2638 645 2920 712 approbat,
2953 659 3114 713 quam
3149 645 3326 712 capite
3359 643 3426 698 111
3447 645 3706 712 superius
3739 645 3866 713 ιπηιξὶ-

731 713 1008 801 Ιίυιιιειιιιις
1053 743 1186 798 solis
1217 741 1400 812 cyclus
1433 747 1548 793 erat
1597 753 1670 799 γι,
1701 737 1880 789 littera
1924 733 2270 788 Dominicalis
2370 737 2642 800 cavimus;
2673 733 2886 790 Grzccos
2933 737 2986 788 in
3019 736 3122 788 hoc
3167 750 3364 803 genere
3407 736 3656 803 computi
3701 735 3866 787 Latino-

729 835 808 888 G:
845 835 984 890 unde
1013 831 1210 901 reliqui
1233 831 1486 897 deinceps
1519 826 1800 896 propagari
1832 833 2096 893 possunt;
2127 823 2269 892 quod
2370 839 2488 878 rum
2561 841 2626 880 ac
2672 825 2978 880 Iudaeorum
3062 839 3254 880 aureos
3311 841 3568 881 numeros
3619 827 3864 894 accepisse.

731 929 788 980 in
834 925 1186 996 sequentibus
1235 919 1522 976 constabit.
1558 916 1754 986 Cyclus
1803 914 2009 966 lunaris
2055 910 2270 964 Maximi
2370 915 2502 970 Nam
2527 915 2842 970 Latinorum
2887 917 3162 986 proprium
3195 917 3247 970 id
3285 917 3410 978 fuit,
3445 917 3697 970 lunarem
3723 915 3780 970 ab
3801 913 3860 968 Ja-

735 1020 876 1072 idem
907 1029 1130 1086 prorsus
1161 1021 1241 1066 est
1285 1025 1406 1064 cum
1457 1007 1720 1061 Romano.
1757 1003 2042 1073 Siquidem
2085 1001 2274 1054 divisis
2341 1007 2562 1060 'nuario
2599 1009 2810 1078 cyclum
2845 1009 3131 1070 inchoare;
3183 1023 3304 1061 cum
3339 1009 3408 1062 ab
3455 1007 3654 1078 Aprili,
3687 1009 3757 1061 vel
3793 1005 3862 1058 Pa-

735 1107 872 1162 6l55
893 1122 986 1176 per
1015 1105 1096 1170 19,
1123 1103 1310 1172 reliqui
1339 1106 1466 1154 sunt
1493 1113 1586 1158 xv,
1608 1109 1658 1150 et
1689 1111 1876 1150 revera
1907 1108 2050 1146 anno
2071 1091 2272 1144 Christi
2372 1097 2540 1150 schali
2567 1111 2750 1151 mense
2783 1096 3046 1152 Romanis
3077 1097 3214 1152 idem
3247 1099 3434 1168 cyclus
3461 1099 3782 1168 procederet.
3809 1097 3862 1150 Ex

733 1199 856 1264 611,
887 1198 1065 1268 cyclus
1093 1201 1225 1248 erat
1261 1193 1400 1246 luna;
1434 1189 1518 1242 15.
1565 1186 1724 1251 Quod
1771 1186 1968 1238 mirum
2004 1195 2124 1250 esse
2163 1193 2271 1234 non
2371 1189 2456 1242 his
2517 1188 2860 1242 concluditur
2912 1204 3114 1243 annum
3171 1190 3378 1243 civilem
3421 1189 3864 1258 Constantinopoli-

735 1291 910 1344 debet.
967 1287 1042 1340 Ex
1089 1285 1277 1340 eodem
1321 1283 1522 1350 quippe
1584 1275 2072 1332 Alexandrinorum
2125 1273 2271 1324 fonte
2373 1287 2556 1332 tanum
2611 1279 2822 1334 duobus
2889 1279 3218 1348 respondere
3261 1279 3434 1348 cyclis
3487 1279 3788 1346 lunaribus,
3825 1287 3862 1329 ut

735 1380 900 1434 ϐιωθὶ
933 1393 995 1431 ac
1021 1375 1198 1429 Latini
1235 1376 1438 1444 pariter
1481 1373 1723 1423 lunarem
1770 1365 2001 1418 hausere
2027 1361 2268 1430 cyclum;
2370 1383 2544 1422 annm,-
2587 1367 2720 1422 δεδι
2759 1385 2790 1422 ει
2827 1368 3132 1440 Septembri
3169 1370 3296 1422 an“;
3345 1369 3482 1423 ιδῃ,
3521 1371 3786 1438 incipiens,
3817 1367 3861 1419 ad

733 1477 786 1522 et
826 1469 892 1522 ab
923 1467 1108 1522 eadem
1154 1463 1356 1534 epocha
1381 1503 1394 1524 ,
1429 1461 1682 1512 nimirum
1731 1455 1796 1508 ab
1851 1467 2016 1506 verno
2062 1463 2268 1510 mense.
2369 1459 2682 1515 Decembris
2712 1463 2870 1514 tinem
2904 1463 3056 1532 cycto
3097 1462 3131 1514 2
3164 1462 3776 1530 Constantinopolitano,
3804 1463 3862 1514 vel

734 1575 890 1616 “sum
923 1559 1066 1612 illius
1091 1557 1355 1626 auspicari
1394 1561 1546 1606 sum.
2370 1549 2404 1601 5
2429 1546 2674 1603 Romano
2715 1553 3044 1620 respondet:
3081 1567 3111 1604 a
3153 1551 3410 1606 Kalendis
3439 1551 3726 1613 Ianuariis,
3751 1553 3864 1622 cyclo

801 1650 860 1704 In
891 1647 1192 1702 indictione
1215 1642 1450 1711 putanda
1485 1639 1772 1708 pcrplexus
1795 1643 1877 1688 est
1901 1633 2186 1690 Maximus,
2207 1631 2268 1682 in

2373 1639 2553 1700 tertio,
2583 1648 2636 1694 et
2667 1639 2913 1696 Romano
2941 1642 2994 1706 6,
3037 1643 3180 1712 quod
3224 1644 3290 1698 de
3321 1643 3486 1696 solari
3523 1658 3731 1712 quoque
3752 1643 3864 1712 rycio

732 1756 902 1810 eaque
922 1736 1209 1792 methodus
1235 1721 1524 1800 fallit,qu:e
1549 1741 1640 1798 per
1663 1729 1868 1797 cyclurn
1895 1727 2270 1792 integrumqu
2301 1793 2344 1810 n
2375 1729 2620 1786 Ποιηεηιο
2649 1733 2936 1788 dicendum
2973 1745 3073 1789 εει,
3113 1735 3427 1790 murmuris
3461 1735 3618 1789 ειιιηξε
3651 1735 3768 1788 δεδι
3795 1749 3866 1802 μετ

731 1793 904 1892 cndida
943 1827 1150 1881 dividit.
1174 1823 1304 1876 Nam
1339 1822 1383 1875 si
1415 1821 1548 1873 6155
1575 1833 1668 1886 per
1703 1819 1763 1870 15
1799 1817 2050 1885 partiare,
2081 1827 2270 1880 super-

2375 1820 2462 1882 28,
2499 1831 2664 1876 restat
2703 1823 2887 1892 cyclus
2919 1826 3052 1878 solis
3079 1825 3142 1878 2!
3178 1825 3248 1878 ab
3289 1823 3512 1878 Octobri
3563 1826 3688 1878 anni
3729 1793 3862 1876 ﬂii:

733 1881 839 1976 erit
891 1918 1110 1974 indictio
1155 1929 1273 1968 xm.
1309 1912 1469 1982 Atqui
1521 1927 1606 1964 atv
1645 1915 1820 1976 empta
1863 1915 1944 1958 est
1975 1900 2276 1971 Septembri
2372 1925 2480 1978 quo
2535 1909 2810 1966 Romanus
2849 1913 2882 1966 9
2927 1915 3106 1966 adhuc
3147 1915 3200 1966 in
3243 1931 3345 1968 usu
3389 1924 3548 1968 erat:
3599 1929 3733 1968 anno
3771 1930 3866 1967 vero

735 2013 862 2066 anni
887 2009 1009 2072 640,
1031 2015 1085 2062 et
1123 2014 1382 2073 sequente
1409 2001 1508 2056 641
1548 1999 1723 2052 adhuc
1752 1995 2018 2056 obtinuit;
2049 2007 2148 2046 nec
2172 1991 2277 2043 alia
2375 2007 2630 2067 δριμιυηιρ
2663 2001 2804 2054 ίδτδ
2843 2009 2960 2055 erat
3015 2003 3200 2070 Cyclas
3253 2003 3340 2055 ω.
3389 2003 3654 2068 Quocirca
3701 2005 3866 2073 prims

736 2117 856 2154 eum
888 2113 1030 2152 anno
1061 2093 1246 2149 mundi
1278 2095 1412 2146 6155
1441 2089 1688 2158 componi
1725 2087 1930 2140 debuit.
1975 2083 2168 2138 Verum
2209 2079 2276 2132 ad

2373 2091 2554 2161 cyclus
2591 2091 2787 2146 solaris
2814 2091 3532 2162 Constantiriopolitanuruin
3565 2105 3682 2150 erat
3709 2093 3866 2150 Bouia-

735 2187 1046 2243 methodum
1085 2185 1268 2238 unitas
1313 2179 1528 2234 additur
1576 2175 1732 2230 annis
1781 2173 1990 2236 mundi,
2027 2183 2085 2224 ut
2133 2169 2274 2224 indi-—
2373 2199 2476 2238 nus
2506 2183 2570 2236 {7
2599 2184 2666 2236 ab
2693 2181 2951 2246 Octobri;
2979 2181 3238 2238 Januario
3275 2199 3401 2238 vero
3431 2195 3704 2253 sequente,
3723 2187 3804 2250 {8;
3827 2193 3868 2240 et

737 2281 970 2332 ctiouem
1021 2275 1288 2328 labentem
1337 2271 1624 2325 obtineas:
1658 2264 2106 2336 quemadmodum
2153 2275 2274 2330 cap.

2371 2273 2579 2338 primus
2617 2275 2802 2342 cyclus
2839 2273 3116 2327 Romanus
3163 2273 3424 2328 Januario
3459 2289 3644 2330 mense
3687 2291 3866 2345 respon-

737 2365 954 2422 XXXlll
989 2357 1241 2432 Compuli
1285 2361 1554 2414 admonet.
1609 2356 1886 2424 Duplicem
1932 2353 2076 2407 enim
2129 2352 2272 2404 indi—

2373 2363 2532 2417 debat
2567 2365 2717 2432 cyclo
2756 2363 3355 2434 ConstantinOpolitano
3395 2365 3484 2418 ιε.
3525 2365 3738 2420 Octobri
3771 2380 3868 2420 rem

737 2459 972 2512 ctionem
1005 2453 1192 2507 statuit
1217 2471 1229 2504 ἒ
1261 2463 1444 2510 unam,
1471 2462 1588 2516 quin
1606 2447 1818 2506 exsistit
1833 2458 1895 2496 ex
1914 2443 2070 2496 annis
2093 2440 2276 2494 mundi
2375 2459 2650 2520 sequente,
2693 2454 2846 2522 cyclo
2896 2455 2980 2508 15,
3027 2455 3258 2508 ιυηειιδίε
3287 2457 3474 2526 cyclus
3509 2457 3786 2520 idem'cral
3824 2470 3872 2508 ac

741 2562 838 2617 per
869 2561 934 2598 xv
969 2545 1190 2604 divisis;
1228 2548 1418 2608 estque
1449 2539 1656 2592 unitate
1689 2535 1886 2596 minor,
1919 2547 2080 2602 quam
2105 2532 2278 2598 rcipsa
2374 2539 2724 2607 Latinorum;
2777 2549 2829 2595 ei,
2853 2565 2856 2568 λ
2881 2544 3124 2595 ternario
3177 2545 3355 2597 ,ηίηοι-
3404 2555 3522 2600 ειηι
3577 2544 3800 2600 Romam,
3833 2556 3872 2598 ει

741 2646 870 2689 tunc
899 2639 1220 2703 usurpatur;
1253 2629 1496 2690 alteram,
1527 2641 1646 2695 quae
1677 2626 1744 2678 ab
1774 2624 1998 2692 Augusti
2038 2622 2278 2676 secundo
2373 2629 2754 2684 Alexandrino.
2787 2627 2912 2696 Sed,
2953 2642 3012 2685 ut
3037 2631 3148 2700 jam
3185 2636 3388 2698 moniti,
3427 2650 3601 2703 neque
3637 2637 3690 2688 in
3717 2635 3870 2688 embo-

743 2727 952 2796 impcrii
987 2739 1130 2778 anno
1157 2731 1242 2776 est
1263 2735 1458 2776 exorsa
1486 2736 1506 2772 ε·
1525 2733 1684 2786 quem
1711 2715 1925 2785 quidem
1959 2713 2183 2766 aﬂirmat
2211 2727 2278 2766 ex
2375 2718 2654 2772 lismorum
2693 2721 2936 2787 ratione;
2977 2737 3078 2776 nec
3107 2724 3159 2776 in
3193 2722 3476 2778 Paschalis
3512 2725 3802 2780 celebritate
3823 2725 3874 2778 ab

743 2834 810 2870 xv
835 2815 1130 2870 indictione
1169 2813 1400 2882 primam
1436 2824 1579 2864 anno
1615 2811 1720 2862 isto
1759 2807 1972 2861 fecisse.
1997 2804 2120 2858 llaec
2151 2811 2278 2858 sunt
2375 2809 2750 2864 Alexandrinis
2787 2821 2840 2865 et
2871 2811 3167 2868 Catholieis
3195 2815 3460 2870 institutis
3489 2816 3869 2870 abhorrueruut.

743 2901 1128 2957 commentitia.
1165 2899 1302 2952 Vera
1331 2905 1506 2951 autem
1538 2896 1687 2964 origo
1709 2893 1974 2963 patefacta
2011 2901 2092 2946 est
2115 2907 2276 2960 supra
2377 2898 2602 2952 Indictio
2657 2901 2892 2969 denique
2936 2903 3122 2958 eadem
3177 2913 3294 2957 erat
3345 2919 3408 2958 ac
3459 2903 3730 2971 Romana,
3785 2905 3874 2959 sive

743 3008 860 3062 cap.
883 2990 968 3043 lll.
999 2990 1131 3044 Vide
1165 2997 1218 3042 et
1242 3001 1362 3055 cap.
1393 2987 1432 3050 l,
1461 2987 1554 3040 ubi
1583 2987 1649 3039 de
1689 2982 2088 3038 indictionibus
2113 2982 2280 3036 Maxi-
2375 2989 2742 3057 imperatoria,
2775 2999 2833 3042 ut
2875 3001 3088 3048 vocant,
3138 3008 3168 3045 a
3203 2991 3540 3060 Septembri;
3583 2997 3693 3048 sive
3731 2996 3874 3049 οςειε.

745 3083 816 3134 mi
841 3081 1070 3148 egimus.
1101 3142 1109 3148 ,
1739 3075 1750 3082 ”
2305 3115 2346 3170 C
2381 3081 2699 3134 siastica-ab
2729 3079 3006 3136 Januario.
3045 3081 3258 3136 Unitate
3285 3100 3414 3150 ergo
3455 3088 3624 3153 major
3655 3099 3764 3140 erat
3787 3087 3858 3138 illa

817 3142 1062 3221 ln'altero
1086 3142 1362 3236 computo,
1391 3181 1548 3235 quem
1575 3166 1710 3217 κατὰ
1737 3164 2030 3234 Ῥωμαίους
2051 3163 2280 3232 appellat
2305 3142 2346 3170 υ
2380 3187 2498 3240 qua:
2521 3188 2582 3226 ex
2609 3171 2972 3225 Alexandrino
3011 3181 3263 3240 computo
3290 3175 3470 3242 prodit
3495 3193 3510 3227 :
3551 3177 3692 3243 quod
3725 3177 3856 3242 impri

744 3259 1042 3328 Georgius,
1103 3258 1302 3326 quique
1353 3271 1550 3310 annum
1620 3255 2012 3309 lncarnationis
2065 3255 2282 3308 exhibet

2379 3261 2480 3316 ruis
2545 3261 2841 3314 notandum
2880 3265 3058 3326 venit,
3107 3271 3168 3316 ut
3223 3277 3290 3317 ex
3355 3280 3419 3318 eo
3468 3266 3872 3335 chronolugorun.

744 3349 930 3402 mundi
964 3345 1122 3410 5509,
1147 3347 1369 3415 perinde
1398 3345 1646 3414 ambigua
1669 3355 1750 3400 est
1771 3361 2031 3400 annorum
2055 3347 2277 3414 epocha.
2379 3352 2708 3412 Graecorum,
2739 3361 2792 3404 et
2831 3353 3095 3420 imprimis
3124 3353 3470 3422 Theophanis
3503 3365 3680 3410 errata
3721 3356 3876 3422 depre-

743 3438 962 3491 lsaaeus
990 3439 1236 3506 Argyrus
1287 3452 1402 3504 cap.
1447 3435 1512 3488 111
1541 3437 1786 3505 Computi
1827 3438 2050 3505 prioris,
2081 3452 2280 3490 annum
2381 3440 2698 3492 hendamus.
2743 3439 2916 3508 llujus
2957 3440 3355 3495 observationis
3395 3446 3665 3512 specimen
3709 3445 3878 3512 prabe-

745 3529 956 3580 civilem
983 3529 1057 3580 ait
1085 3543 1114 3578 a
1148 3527 1446 3590 Septembri
1483 3527 1758 3592 inchoari;
1783 3529 1989 3596 cyclum
2019 3529 2274 3590 solarem,
2381 3530 2576 3584 bimus.

748 3621 813 3690 ab
837 3617 1089 3674 Octobris
1119 3619 1399 3673 Kalendis.
1423 3619 1640 3688 Cyclum
1663 3634 1792 3672 vero
1821 3620 2060 3672 lunarem
2076 3634 2193 3688 cap.
2217 3619 2280 3672 IV
2451 3619 2803 3687 Theophanes
2833 3620 2907 3674 ait
2941 3623 3244 3676 Heraclium
3286 3625 3514 3690 coepisse
3543 3639 3688 3678 anno
3727 3624 3880 3678 mundi

746 3687 814 3764 ab
861 3708 1117 3762 Januario
1171 3709 1388 3778 incipit,
1422 3687 1484 3763 ac
1534 3709 1721 3762 divisis
1774 3710 1930 3762 annis
1966 3687 2157 3761 mundi
2191 3723 2285 3776 per
2382 3709 2951 3770 6102,lnearnationis
2969 3711 3090 3774 602,
3115 3713 3360 3766 Octobris
3391 3732 3458 3774 iv,
3487 3715 3610 3767 feria
3637 3731 3702 3774 ιι,
3726 3717 3877 3768 indirt.

747 3809 1128 3866 congruentem
1161 3801 1312 3869 cyclo
1348 3801 1521 3853 cuivis
1553 3811 1858 3862 numerum,
1896 3799 2074 3868 colligi
2107 3799 2286 3852 Iaben-
2383 3813 2487 3850 MV.
2527 3796 2625 3849 llic
2659 3808 2742 3851 cst
2778 3815 2952 3854 annus
2993 3800 3192 3854 Christi
3223 3799 3578 3870 Dionysianus
3607 3801 3733 3864 610,
3759 3801 3882 3871 cyth)

747 3902 852 3944 tem
887 3905 1028 3944 anno
1059 3891 1245 3943 ultimo
1283 3891 1494 3958 cyclum
1538 3891 1750 3942 asserit.
1783 3890 2016 3948 Annum.
2045 3905 2151 3955 quo
2185 3891 2286 3942 ista
2383 3887 2638 3954 praeditus
2661 3889 2824 3943 solari
2861 3906 2948 3951 ιιι,
2985 3889 3160 3943 littera
3193 3890 3252 3943 D.
3287 3891 3468 3960 Itaque
3487 3907 3636 3946 error
3665 3903 3746 3946 est
3771 3891 3880 3960 apud

747 3977 1026 4044 prodebat,
1057 3977 1232 4046 rapite
1265 3975 1332 4029 lll
1378 3977 1570 4030 scribit
1606 3993 1725 4031 csse
1772 3979 1952 4030 mundi
1989 3977 2148 4038 (58,21,
2181 3993 2285 4044 quo
2383 3969 2802 4043 Theophanem,
2837 3979 3224 4048 legendumque
3283 3979 3484 4042 feriat,
3527 3996 3634 4034 non
3683 3997 3739 4034 ιι.
3783 3979 3882 4032 Erat

747 4065 921 4119 diviso
963 4081 1056 4134 per
1081 4066 1170 4128 28,
1217 4067 1274 4119 ﬁt
1322 4067 1453 4120 solis
1498 4067 1686 4136 c_vcltts
1744 4067 1833 4128 21,
1877 4075 1986 4118 tum
2033 4067 2283 4122 Octobr-is
2385 4065 2607 4118 ἱιιι1ιριλο
2655 4067 3261 4136 Constantinopolitana
3329 4071 3396 4123 ab
3449 4070 3749 4139 Septembri
3795 4085 3880 4122 xiv.

749 4153 982 4206 xxvrdie
1017 4153 1202 4208 feriam
1245 4171 1300 4207 ιιι
1331 4156 1520 4209 scribit
1565 4155 1752 4220 fuisse,
1797 4159 1969 4223 capite
2017 4156 2282 4224 sequenti.
2385 4155 2538 4208 llunc
2567 4155 2730 4224 igitur
2763 4171 2965 4211 annum
3005 4168 3160 4227 putat
3203 4159 3554 4228 Theophanes
3599 4163 3672 4214 ab
3713 4161 3882 4214 Adamn

743 4244 843 4299 Est
887 4243 974 4295 hic
1021 4259 1192 4298 annus
1238 4247 1438 4300 Christi
1499 4247 1666 4308 1572,
1709 4248 1861 4317 cyclo
1917 4245 2159 4299 Romano
2210 4263 2284 4309 ix,
2385 4243 2978 4310 6102;.lncarnati0nis
3003 4232 3518 4306 602.'AtCedrenus
3553 4252 3880 4308 munditittls.

755 4334 932 4385 littera
959 4332 1215 4388 Dominie.
1263 4335 1365 4390 DC.
1399 4337 1540 4392 ldem
1579 4349 1754 4391 tamen
1795 4339 1969 4406 capite
2001 4337 2088 4400 Vl,
2125 4339 2283 4408 μέχρι
2388 4335 2778 4390 Ituran-nationis
2828 4337 2952 4392 609.
2985 4337 3186 4394 Verum
3228 4341 3372 4408 quod
3423 4341 3490 4394 ad
3527 4340 3882 4395 lncarnationis

754 4421 849 4489 τῆς
877 4421 1045 4490 ἀρχῆς
1077 4422 1168 4472 τοῦ
1220 4423 1512 4491 ἀρχομένου
1555 4426 1873 4495 Ἰανουαρίων
1900 4464 1914 4488 ,
1963 4445 1981 4476 ι
2014 4441 2184 4494 usque
2217 4427 2282 4478 ad

2347 4430 2358 4477 ι
2385 4438 2556 4478 annos
2577 4429 2784 4489 attinet,
2809 4427 3064 4490 Miscclla,
3083 4445 3202 4498 qua:
3223 4447 3288 4484 ex
3321 4430 3666 4500 Theophanis
3693 4431 3882 4486 historia

753 4511 962 4562 initium
994 4507 1254 4572 Januarii,
1277 4517 1366 4580 qui
1397 4517 1634 4580 proxime
1664 4517 1932 4584 sequitur,
1961 4533 1978 4564 ι
2007 4529 2178 4569 annos
2209 4515 2282 4567 ait
2385 4525 2616 4580 constat,
2649 4519 2896 4572 eumdem
2935 4519 3096 4573 habet
3125 4537 3324 4574 annum
3359 4519 3484 4585 602,
3517 4531 3573 4574 ut
3601 4533 3800 4581 certum
3833 4523 3884 4574 sit

751 4613 870 4652 esse
901 4600 1074 4654 6880:
1114 4601 1309 4670 quibus
1342 4603 1528 4657 divisis
1575 4621 1668 4672 per
1711 4605 1794 4668 10,
1827 4605 2034 4674 cyclum
2085 4605 2222 4657 lunae
2253 4605 2286 4656 2
2386 4620 2414 4656 a
2449 4605 2772 4676 Theophane
2828 4611 2902 4662 ita
2951 4613 3212 4680 scriptum
3257 4611 3460 4676 fuisse,
3509 4615 3700 4666 mundi
3745 4611 3884 4672 6103.

753 4688 964 4772 eontici.
1029 4688 1147 4742 lla‘c
1218 4694 1290 4744 ita
1353 4693 1632 4746 conciliari
1691 4703 1935 4762 possunt.
2007 4693 2288 4748 Scribebat
2387 4695 2774 4752 lncarnationis
2820 4699 2965 4754 602:
3024 4703 3212 4756 divisis
3257 4702 3396 4756 6102
3449 4719 3546 4772 per
3579 4703 3680 4770 15,
3729 4701 3886 4770 reliqui

755 4771 965 4827 lsaacus
1007 4774 1222 4830 Octobri
1277 4793 1460 4831 mense
1511 4780 1638 4832 a‘nni
1691 4783 1892 4836 Christi
1944 4781 2116 4848 1372;
2164 4797 2286 4836 eum
2388 4794 2512 4836 sunt
2539 4785 2836 4852 12;addita
2869 4791 3094 4853 unitate,
3126 4805 3192 4843 ex
3211 4771 3480 4861 praecepto
3503 4792 3738 4858 Maximi,
3766 4790 3888 4847 celti-

749 4861 860 4926 jam
915 4863 980 4914 ab
1026 4863 1322 4930 Septembri
1371 4877 1582 4938 emptus
1625 4881 1766 4924 esset
1807 4888 1979 4926 annus
2021 4875 2288 4927 Constan-
2386 4875 2527 4941 gitur
2553 4876 2775 4930 iudietio
2809 4894 2930 4942 xm,
2968 4879 3070 4932 hoc
3102 4890 3184 4933 est
3219 4881 3460 4935 ltotnana
3493 4899 3522 4936 a
3559 4883 3808 4937 Januario
3837 4881 3884 4932 ad

754 4953 1136 5021 tinpolitauus
1167 4959 1296 5010 6881
1328 4975 1448 5012 eum
1485 4961 1774 5014 indictione
1797 4979 1846 5015 XI
1877 5002 1892 5026 ,
1927 4964 2136 5017 ratione
2161 4968 2288 5018 vero

753 5041 887 5108 cycli
927 5043 1120 5096 solaris
1169 5058 1200 5096 a
1233 5045 1484 5101 Kalendis
1531 5048 1813 5102 Octobris:
1867 5066 2026 5118 porro
2074 5051 2288 5104 ratione

753 5131 888 5200 cycli
923 5133 1156 5196 lunaris,
1191 5133 1442 5190 Kalendis
1478 5135 1750 5190 Januariis
1785 5142 2133 5206 sequentibus
2184 5141 2289 5194 ini-

755 5222 886 5274 tium
917 5221 1196 5276 habiturus
1217 5232 1349 5284 erat,
1377 5226 1456 5278 sic
1481 5233 1538 5278 ut
1563 5243 1734 5279 annus
1756 5227 1902 5294 0880
1923 5237 2288 5296 perseveraret

755 5325 896 5364 anno
926 5311 1076 5364 1579..
1115 5313 1294 5381 Itaque
1327 5315 1394 5367 ad
1431 5314 1696 5370 Kalendas
1717 5318 1956 5370 Januarii
1989 5321 2116 5374 anui
2149 5321 2286 5374 1575

755 5397 971 5454 ﬂuxisse
1001 5401 1073 5452 ait
1105 5415 1270 5456 annos
1303 5403 1476 5458 6880:
1509 5405 1697 5458 horum
1732 5409 1954 5460 ultimus
1989 5411 2285 5478 occupabat

757 5502 954 5540 annum
979 5487 1132 5550 1572,
1165 5491 1320 5558 cujus
1351 5492 1480 5546 adeo
1517 5496 1722 5564 cyclum
1762 5497 2064 5565 investigat.
2103 5500 2288 5554 Dividc

758 5591 926 5652 annos
959 5579 1096 5633 6880
1129 5595 1222 5648 per
1251 5581 1334 5642 19,
1365 5591 1530 5635 restat
1558 5585 1591 5635 9.
1627 5587 1766 5636 luna:
1795 5588 1974 5650 cyelus
2001 5588 2282 5652 .ludaicus,

757 5635 1088 5734 ct/Latinus;
1121 5675 1210 5742 qui
1247 5673 1484 5728 Romano
1595 5677 1899 5744 respondet,
1935 5689 2132 5746 quotus
2167 5693 2284 5736 erat

2391 4967 2546 5016 linem
2599 4964 2942 5033 Decembris;
2973 4967 3570 5040 Constantinopolitana
3620 4989 3748 5028 vero
3771 4989 3796 5026 a
3817 4971 3884 5025 Ja-

2389 5055 2597 5114 nuario,
2633 5056 2698 5106 ad
2736 5057 2893 5110 tinem
2927 5057 3172 5127 Augusti.
3204 5047 3474 5125 Quocirca
3505 5065 3730 5116 indictio
3767 5077 3886 5118 com-

2389 5143 2498 5206 puti
2528 5143 2895 5207 Alexandrini,
2927 5162 3046 5214 qua:
3071 5163 3135 5202 ex
3167 5150 3432 5205 divisione
3457 5153 3556 5223 τῆς
3593 5153 3780 5222 bimae;
3805 5153 3886 5204 ori-

2347 5287 2350 5290 _
2391 5237 2497 5290 tur,
2533 5235 2635 5286 nisi
2663 5236 2730 5287 ab
2759 5235 3064 5304 Septembri
3092 5254 3262 5294 annos
3289 5241 3588 5306 ordiamur,
3615 5259 3643 5296 a
3663 5242 3886 5296 Januario

2391 5321 2456 5374 ad
2501 5322 2867 5392 Septembrem
2913 5331 3174 5382 unitatem
3227 5331 3350 5384 addi
3409 5333 3514 5386 sibi
3571 5333 3824 5401 postulat;
3864 5343 3886 5380 ιι

2393 5409 2712 5478 Septembri,
2749 5415 2814 5465 ad
2849 5416 2976 5468 anni
3019 5421 3198 5484 tinem,
3225 5419 3440 5474 binario
3467 5431 3552 5476 est
3575 5422 3826 5490 augenda.
3845 5425 3888 5470 ut

2390 5501 2599 5554 civilem
2651 5503 3304 5574 Constantinopolitanam
3363 5519 3704 5580 asscquatur.
3753 5510 3888 5578 Igitur

2393 5610 2540 5646 anno
2582 5593 2782 5648 Christi
2823 5597 2965 5662 610,
3007 5607 3126 5652 erat
3163 5615 3340 5657 annus
3391 5603 3760 5658 Alexandrinae
3797 5615 3886 5655 an

2392 5685 2526 5739 6102
2554 5700 2582 5738 a
2633 5701 2820 5758 vcrno_
2851 5701 3035 5743 mense
3063 5701 3307 5762 coeptus.
3349 5693 3394 5744 Α
3445 5693 3742 5766 Septembri
3787 5705 3886 5746 vero
