4046 6320
145 394 271 451 14121

1101 388 1549 447 DlSSER'l‘ATlO
1593 388 1677 442 DE
1716 386 2116 443 GRAECORUM
2157 385 2358 442 Ellis.

3174 350 3327 463 [14εέ

142 507 317 565 civilis
364 521 537 563 annus
570 506 709 561 6105
753 506 929 577 putari
973 506 1139 575 cmpit
1168 524 1181 559 :
1227 503 1369 573 quod
1407 502 1683 555 Cedremts
1714 507 1755 560 Α
1787 499 2341 571 laheutem’cujusque
2372 505 2606 571 computi
2642 502 3053 563 numerandum,
3082 507 3326 572 praeipit

143 608 360 655 secutus
388 606 511 663 est;
550 598 701 666 prius
745 607 946 659 autem,
977 596 1360 664 Theophanes,
1392 594 1483 662 qui
1515 591 1683 644 eccle-

144 689 366 745 siastico
396 702 565 754 more,
608 695 669 741 ut
694 687 951 753 vidimus,
977 698 1149 739 annos
1190 699 1217 736 a
1258 683 1516 736 Paschate
1550 682 1686 734 solet

146 781 402 848 incipere.
936 772 939 774 ’

213 867 569 938 Theophanes
633 867 772 922 idem
839 872 1027 920 narrat
1082 863 1316 919 Leonem
1388 860 1685 916 Isauricum

144 960 345 1015 obiisse
400 972 543 1012 anno
583 958 791 1027 imperii
832 959 918 1013 sui
957 974 1084 1019 xxv,
1123 956 1234 1024 jam
1290 954 1356 1007 ab
1409 952 1687 1006 mensibus

142 1047 378 1111 duobus,
406 1047 595 1101 diebus
634 1062 745 1099 χιιι
782 1047 1034 1100 inchoato
1051 1059 1192 1107 ,κπιν
1222 1041 1489 1097 Kalendas
1535 1040 1684 1100 Julii,

76 1204 87 1208 _
143 1138 440 1191 indictione
464 1153 538 1197 ix,
569 1137 711 1204 quod
746 1145 799 1190 et.
847 1137 1072 1191 historia
1112 1134 1348 1189 Miscella
1378 1133 1541 1188 refert
1586 1132 1688 1186 sub

143 1225 304 1278 finem
337 1225 459 1278 libri
490 1219 628 1278 XXI.
666 1227 823 1289 Ἔτος
859 1221 927 1295 ἦν
961 1225 1067 1278 ἀπὸ
1097 1224 1194 1294 μὲν
1225 1224 1449 1285 κτίσεως
1487 1224 1684 1293 κόσμου

144 1314 285 1367 κατὰ
318 1314 618 1383 Ῥωμαίους
639 1314 824 1385 ,ςσμη’
868 1315 975 1368 ἀπὸ
1022 1314 1206 1384 Ἀδὰμ,
1244 1313 1380 1365 κατὰ
1428 1314 1484 1365 δὲ
1525 1315 1687 1380 Αἰγυ-

141 1404 355 1465 πτίους,
388 1404 553 1472 ἧγουν
585 1396 969 1475 Ἀλεξανδρεῖς,
992 1402 1184 1472 ,ςσλβς
1217 1403 1323 1454 ἀπὸ
1344 1402 1399 1454 δὲ
1424 1402 1686 1453 Φιλίππω

140 1494 285 1545 κατὰ
328 1493 641 1557 Μακεδόνας
677 1493 830 1564 ,αξγε
878 1492 1007 1558 Quae
1039 1494 1117 1546 sic
1176 1491 1379 1547 Paulus
1420 1490 1688 1546 Diaconus

139 1580 339 1638 vertit:
387 1602 404 1634 ι
437 1584 572 1639 Cum
619 1600 795 1639 annus
846 1592 990 1640 esset
1044 1599 1075 1637 a
1112 1584 1421 1639 conditione
1471 1586 1687 1654 quidem

140 1673 365 1737 mundi,
395 1673 550 1741 juxta
600 1672 911 1735 Romanos,
955 1674 1022 1727 ab
1054 1674 1225 1726 Adam
1282 1682 1468 1728 Sextus
1512 1676 1683 1727 mille-

140 1764 317 1819 simus
364 1764 768 1819 ducentcsimus
807 1764 1253 1833 quadragesimus
1301 1772 1546 1826 octavus,
1599 1779 1687 1818 sc-

139 1854 383 1907 cundum
409 1854 693 1924 .Egyptios
722 1871 871 1919 vero,
914 1871 1008 1909 seu
1040 1855 1459 1917 Alexandrinos.
1502 1865 1688 1910 sextus

138 1945 461 1999 millesimus
504 1945 907 1999 ducentesimus
942 1945 1252 1999 tricesimus
1309 1945 1621 2011 secundus;
1661 1960 1688 1998 a

138 2024 411 2103 Philippo,
449 2020 747 2089 secundum
795 2035 1134 2099 Macedones,
1179 2037 1498 2091 millesimus
1538 2051 1691 2091 sexa-

139 2125 382 2193 gesimus
407 2125 616 2180 tertius.
643 2144 661 2178 ι
700 2124 819 2178 Fuit
846 2126 932 2179 hic
963 2142 1137 2179 annus
1158 2126 1360 2180 Christi
1389 2126 1690 2180 communis

137 2228 265 2268 aera:
286 2213 404 2277 741,
423 2231 529 2284 quo
552 2216 648 2269 fuit
667 2216 888 2268 indictio
902 2231 981 2277 ix,
998 2223 1106 2269 tam
1125 2214 1361 2269 Romana
1377 2231 1534 2285 quam
1551 2214 1692 2269 Con-

139 2304 645 2375 stantinopolitano,
667 2303 828 2358 Junio
848 2320 1050 2359 mense.
1078 2306 1340 2360 Detractis
1374 2307 1529 2359 annls
1554 2302 1690 2361 5508

138 2393 213 2447 de
248 2394 407 2459 6248,
430 2402 635 2450 restant
680 2395 781 2447 7.10
807 2398 927 2448 atrae
955 2393 1313 2466 Dionysiame.
1352 2395 1469 2451 Uno
1508 2396 1690 2465 itaque

141 2483 330 2538 minus
358 2499 501 2538 anno
519 2492 793 2553 computat
817 2484 1203 2555 Theophanes;
1230 2487 1372 2555 quod
1396 2494 1448 2540 et
1470 2486 1692 2541 indictio

139 2576 516 2631 demonstrat:
554 2590 679 2630 nam
712 2577 760 2631 si
792 2591 962 2631 annos
984 2574 1122 2629 6248
1150 2591 1245 2645 per
1274 2576 1341 2629 15
1368 2577 1687 2643 distt'ibuas,

142 2664 391 2720 exsistet
415 2666 637 2720 indictio
668 2681 785 2725 vm.
818 2668 977 2735 Atqui
1002 2668 1054 2720 in
1068 2682 1172 2720 :era
1192 2658 1689 2739 Constaniinopoli-

142 2766 300 2815 tana,
329 2770 487 2823 quam
523 2755 836 2809 Paschalem
881 2764 1039 2809 vocat
1085 2755 1347 2825 Scaliger,
1391 2757 1690 2810 Romanam

145 2846 545 2916 Theophanes;
598 2847 788 2901 divisis
847 2846 1005 2899 annis
1053 2845 1121 2898 ab
1170 2844 1411 2907 Adamo,
1465 2861 1690 2901 currens

148 2937 382 2991 indictio
405 2935 747 3004 relinquitur.
781 2932 873 2988 Sic
906 2949 1048 2986 anno
1073 2933 1420 2987 Alexandrini
1454 2936 1689 3001 computi

1788 590 1987 646 addere
2046 592 2203 644 annis
2253 592 2453 645 Christi
2518 591 2861 663 Dionysianis
2920 608 3094 647 annos
3147 594 3325 659 5494,

1785 681 1922 733 5508
1955 688 2008 735 et
2044 681 2200 744 5500,
2232 691 2392 750 atque
2424 697 2454 734 a
2488 682 2786 750 Septembri
2820 692 2980 752 caput
3010 684 3136 736 anni
3172 699 3328 753 repe-

1786 780 1937 823 tere:
1970 758 2119 838 quod
2160 771 2261 825 hoc
2296 773 2541 840 exemplo
2597 773 2940 841 perspicuum
2971 773 3121 828 facit.
3169 773 3326 826 Auno

1786 861 1985 915 Christi
2022 861 2177 927 1596,
2209 864 2372 931 ('(Bpit
2401 864 2465 916 ab
2498 861 2795 935 Septembri
2838 864 3144 918 Graecorum
3176 876 3328 918 more

1737 948 1741 955 ’
1788 965 1963 1007 annus
2010 952 2185 1006 1507:
2223 954 2358 1009 adde
2405 969 2581 1007 annos
2625 952 2795 1015 5500,
2850 952 3076 1009 habebis
3123 969 3323 1007 annum

1723 1829 1760 1881 ll

132 3012 295 3089 ’6252
341 3042 434 3095 per
482 3026 550 3080 15
584 3024 780 3089 diviso,
815 3031 1061 3093 superest
1092 3023 1315 3078 indictio
1343 3040 1440 3089 vn,
1479 3025 1690 3078 binario
1726 3030 1734 3043 ‘

142 3118 395 3171 Romana
434 3116 630 3180 minor,
662 3128 784 3168 cum
814 3116 1023 3168 unitate
1061 3122 1272 3167 tantum
1309 3115 1556 3183 superari
1598 3115 1691 3169 de-

142 3210 297 3263 licat.
322 3207 449 3259 Item
474 3206 541 3260 de
564 3204 703 3258 6252
725 3203 982 3259 detractis
1002 3204 1159 3266 5492,
1193 3204 1395 3259 residui
1421 3213 1548 3258 sunt
1571 3205 1691 3267 7.110,

142 3281 277 3351 cum
314 3296 404 3349 741
444 3296 680 3365 reliquos
728 3310 851 3348 esse
902 3302 1166 3362 oporteat.
1227 3293 1467 3364 Denique
1520 3312 1695 3351 annus

143 3386 387 3455 Philippi
415 3400 508 3455 per
527 3386 669 3438 idem
690 3391 905 3451 tempus
928 3384 1209 3437 labebatur
1227 3385 1385 3447 1064,
1404 3402 1511 3439 non
1539 3387 1691 3441 1065.

142 3476 343 3544 Itaque
369 3474 539 3528 falsus
589 3483 672 3528 est
706 3472 1097 3542 Theophanes,
1139 3482 1193 3527 et
1224 3476 1568 3529 scribendum
1618 3478 1694 3531 illi

146 3563 280 3627 fuit,
310 3574 525 3615 mortuo
554 3561 731 3616 Leone
755 3562 1089 3618 successisse
1110 3562 1525 3618 Constantinum
1554 3582 1697 3621 anno

146 3650 457 3706 secundum
506 3651 777 3705 Romanos
830 3649 1003 3718 6249,
1060 3651 1424 3707 Alexandrino
1455 3652 1612 3717 6255,
1666 3672 1698 3708 a

142 3742 408 3812 Philippo
436 3740 592 3797 1064.

739 3850 963 3908 CAPUT
1020 3852 1109 3907 Vl.

145 3945 512 4013 Confutantur
538 3962 611 4015 ea,
637 3961 753 4015 qua:
787 3946 851 3998 de
881 3943 1076 4015 Grmcis
1117 3946 1367 4011 computis
1419 3946 1696 4012 explicavit

227 4015 461 4084 Scaliger
488 4016 541 4067 in
577 4014 661 4067 V11
688 4016 757 4084 De
782 4014 1152 4069 emendatione
1184 4024 1481 4084 temporum
1508 4016 1693 4067 iidem-

225 4100 325 4153 que
363 4082 520 4137 uariis
552 4083 796 4150 exemplis
824 4084 1139 4137 illustriores
1161 4082 1469 4139 redduntur.

224 4191 385 4245 Nunc
415 4191 482 4245 ad
510 4190 829 4246 excutienda
870 4191 961 4244 illa
993 4192 1272 4245 veniamus
1310 4206 1430 4259 qua:
1456 4192 1522 4245 de
1551 4190 1699 4245 Grae-

143 4283 241 4336 cis
276 4281 411 4337 iisce
450 4283 717 4351 computis
745 4280 1015 4351 Josephus
1058 4281 1298 4350 Scaliger
1337 4283 1390 4335 in
1435 4297 1594 4351 opere
1623 4283 1701 4336 De

141 4372 517 4426 emendatio”
558 4376 845 4439 temporum
894 4373 1072 4426 attulit
1114 4374 1203 4441 (p.
1251 4372 1354 4426 749
1396 4374 1525 4427 edit.
1576 4388 1699 4442 pos-

1720 3136 1765 3196 C

1789 1042 1926 1096 7097
1969 1057 2088 1096 aera:
2134 1044 2448 1109 orientalis;
2506 1044 2641 1098 adde
2678 1044 2838 1107 5508,
2880 1043 2969 1097 fiet
2997 1059 3171 1099 annus
3208 1058 3327 1097 απαξ

1788 1130 2068 1186 Paschalis
2099 1133 2267 1200 7105;
2303 1134 2439 1188 addc
2470 1132 2638 1196 5494,
2673 1134 2774 1186 erit
2813 1147 2986 1187 annus
3014 1149 3135 1188 aera:
3176 1135 3329 1187 luna-

1788 1224 1863 1276 ris
1894 1222 2051 1278 7091.
2084 1222 2281 1278 Verum
2317 1226 2371 1277 in
2416 1225 2517 1277 hoc
2549 1230 2820 1292 postremo
2869 1225 3046 1277 lunari
3075 1232 3329 1293 computo

1788 1314 1896 1363 duo
1931 1312 2173 1366 subtrahi
2212 1319 2467 1381 perpetua
2514 1311 2768 1363 methodo
2792 1311 2966 1377 jubet,
3012 1318 3068 1363 ut
3103 1312 3328 1379 proinde

1789 1402 2007 1456 nonnisi
2036 1403 2173 1455 7089
2205 1418 2378 1457 annus
2433 1402 2521 1456 ille
2569 1411 2802 1473 putetur.
2858 1388 3013 1465 Hice,
3068 1401 3323 1469 inquam,

1789 1486 1971 1545 cautio
1997 1490 2290 1547 falsissima
2318 1500 2422 1553 est,
2452 1499 2511 1546 ut
2540 1506 2604 1545 ea
2623 1490 2995 1545 demonstrant
3024 1506 3142 1561 qua:
3169 1506 3328 1557 supc.

1788 1581 2029 1635 rioribus
2058 1582 2326 1650 capitibus
2354 1583 2581 1651 exposui
2606 1583 2672 1637 de
2694 1583 2868 1636 tribus
2894 1582 3015 1636 istis
3036 1581 3321 1650 compotis.

1789 1667 1921 1721 Nam
1972 1670 2091 1723 du:e
2131 1686 2192 1723 ex
2244 1670 2362 1736 his,
2419 1671 2624 1725 lunaris
2671 1679 2724 1726 et
2773 1672 3085 1733 orientalis,
3126 1683 3324 1722 annum

1789 1762 2094 1814 communis
2124 1759 2339 1822 natalis,
2366 1774 2428 1813 ac
2454 1759 2764 1830 Dionysiani
2793 1760 3033 1829 praabent
3058 1758 3322 1817 eumdem,

1789 1850 1883 1918 qui
1913 1858 1996 1904 est
2037 1850 2173 1903 5495
2203 1851 2375 1904 iniens
2404 1864 2434 1902 a
2470 1850 2791 1919 Septembri.
2829 1849 3113 1913 Maximus,
3157 1848 3325 1902 Geor-

1791 1939 1938 2007 gius,
1995 1952 2059 1991 ac
2093 1937 2448 2007 Thetiphanes
2487 1954 2592 1992 tera
2636 1939 2718 1992 usi
2752 1947 2901 2004 sunt,
2946 1954 3106 2007 quam
3146 1939 3329 1991 orien-

1793 2028 1953 2082 talem
1984 2036 2141 2081 vocat
2166 2026 2425 2099 Scaliger.
2453 2028 2563 2082 lloc
2592 2039 2741 2083 extra
2770 2029 3192 2083 controversiam
3220 2040 3324 2083 est.

1790 2115 2231 2170 Nam'Christum
2284 2126 2533 2171 asserunt
2562 2118 2923 2180 incarnatum,
2965 2124 3020 2171 et
3049 2117 3104 2170 in
3153 2117 3327 2170 lucem

1790 2205 1994 2259 editum
2029 2220 2172 2260 anno
2197 2209 2433 2276 computi
2482 2208 2565 2261 Sui
2598 2208 2755 2261 5501.
2802 2207 2966 2276 Igitur
3002 2221 3177 2261 annus
3208 2220 3328 2259 tera:

1791 2293 2131 2379 Dionysia‘nze
2155 2296 2280 2361 641,
2317 2313 2423 2367 quo
2453 2296 2684 2351 Ileraclii
2708 2312 2882 2351 annus
2918 2313 3042 2350 xxxi
3083 2294 3327 2351 Paschali

1791 2401 1977 2441 mense
2020 2391 2290 2453 currebat,
2324 2391 2627 2458 computari
2676 2389 2745 2443 ab
2787 2390 2893 2443 illis
2942 2390 3123 2443 debuit
3157 2386 3323 2454 6141,

1791 2482 1989 2537 additis
2020 2483 2159 2539 5500
2200 2485 2266 2538 ad
2315 2484 2437 2538 641.
2492 2485 2653 2554 Atqui
2678 2501 2798 2542 eum
2855 2487 3030 2556 ipsum
3081 2492 3326 2540 statuunt

1797 2585 1998 2624 annum
2055 2573 2239 2639 mundi
2272 2572 2439 2636 6155,
2476 2581 2676 2644 quotus
2710 2582 2792 2628 est
2844 2576 2896 2627 in
2949 2576 3331 2635 lunari,com-

1796 2671 1957 2729 puto;
1995 2662 2041 2716 si
2071 2663 2138 2716 ad
2168 2678 2339 2718 annos
2372 2664 2465 2717 641
2505 2664 2770 2734 adiungas
2802 2664 2973 2727 5492,
3010 2667 3086 2719 uti
3124 2669 3333 2721 metho-

1795 2751 1902 2807 dus
1943 2753 2256 2823 exigit..Sic
2304 2751 2502 2807 annum
2546 2756 2777 2825 primum
2807 2747 3055 2818 lleraclii,
3086 2756 3178 2825 qui
3212 2757 3334 2812 iniit

1792 2840 2013 2896 Octobri
2046 2845 2173 2898 anni
2221 2844 2423 2900 Christi
2466 2846 2569 2899 610
2604 2830 2877 2900 numerari
2909 2848 3146 2916 oportuit
3191 2849 3330 2923 6110

1792 2934 2068 2991 orientalis
2109 2952 2263 3000 aera),
2320 2947 2375 2991 at
2426 2937 2600 2991 solum
2639 2937 2777 2992 610⁸2
2824 2945 3046 3007 putatur
3085 2953 3114 2991 a
3157 2938 3332 2993 Theo-

1792 3012 1997 3091 phanel;
2033 3037 2234 3096 quotus
2277 3036 2361 3082 est
2401 3031 2453 3082 in
2483 3043 2576 3094 ea,
2604 3043 2765 3098 quam
2805 3028 3050 3083 lunarem
3094 3029 3331 3100 Scaliger

1793 3114 2047 3167 annellat.
2142 3124 2151 3131 '

1936 3127 2047 3167 llat.
2142 3127 2150 3131 ‘
2348 3158 2352 3163 .

1828 3127 2128 3257 pgiaeterea
2157 3203 2416 3274 Georgius
2455 3221 2517 3259 ac
2554 3205 2924 3279 Theophanes,
2944 3215 3002 3260 ut
3030 3222 3195 3275 supra
3221 3222 3335 3262 me-

1794 3293 2071 3356 minimus,
2089 3309 2246 3347 teram
2270 3294 2582 3348 orientalem
2607 3294 2863 3365 Scaligeri
2886 3297 3165 3350 nominant
3192 3297 3334 3351 κατὰ

1794 3384 2150 3451 Αιγυπτίους,
2214 3386 2326 3440 sive
2378 3384 2759 3455 Ἀλεξανδρεῖς,
2816 3384 3130 3442 Paschalem
3168 3404 3330 3450 vero.

1796 3471 1935 3524 κατὰ
1967 3472 2282 3540 Ῥωμαίους.
2320 3470 2551 3541 insignis
2578 3484 2660 3528 cst
2687 3488 2750 3528 ea
2782 3474 2848 3529 de
2896 3490 2955 3528 re
2984 3475 3336 3543 Theophanis

1796 3562 1969 3625 locus,
2010 3578 2167 3631 quem
2193 3562 2367 3633 capite
2391 3564 2655 3631 superiori
2687 3565 2990 3631 retulimus,
3014 3566 3103 3619 ubi
3133 3580 3334 3619 annum

1796 3651 2037 3715 Christi,
2110 3657 2200 3722 qui
2259 3654 2614 3721 respondebat
2657 3670 2781 3707 xxiv
2838 3652 3033 3708 Leonis
3088 3653 3332 3719 Isaurici,

1796 3753 2019 3814 eratque
2051 3745 2174 3806 740,
2208 3746 2284 3797 ait
2317 3746 2614 3799 secundum
2644 3745 2936 3813 Romanos,
2970 3747 3021 3800 id
3043 3756 3127 3802 est
3155 3750 3209 3802 iu
3236 3747 3339 3801 Pa-

1797 3833 1989 3897 schali,
2017 3841 2074 3887 ut
2100 3833 2340 3903 Scaliger
2361 3850 2480 3887 eam
2507 3845 2683 3899 vocat,
2712 3851 2817 3890 aera
2848 3853 2967 3891 esse
2993 3838 3163 3902 6218;
3197 3838 3338 3891 κατὰ
3396 3866 3399 3869 -

1811 3922 2172 3992 Ἀλεξανδρεῖς
2207 3924 2368 3979 6252.
2413 3924 2665 3981 Deductis
2697 3927 2855 3981 annis
2885 3927 3046 3992 5508,
3082 3929 3147 3981 de
3177 3928 3335 3991 6248,

1799 4020 1966 4066 restat
2015 4027 2187 4065 annus
2216 4012 2358 4075 740;
2395 4013 2461 4067 de
2488 4013 2625 4070 6‘25“).
2655 4024 2831 4070 autent
2862 4018 3141 4071 subductis
3177 4018 3335 4080 5500,

1797 4109 1858 4153 ut
1889 4102 2027 4154 solet
2057 4101 2431 4171 Theophanes,
2470 4098 2710 4174 reliquus
2740 4115 2822 4158 est
2850 4120 3026 4159 annus
3057 4106 3124 4159 ab
3155 4108 3339 4161 lucar-

1797 4189 2015 4243 natione
2062 4188 2195 4253 752,
2227 4198 2350 4245 octo
2404 4194 2561 4245 annis
2608 4193 2783 4245 minor
2815 4208 2921 4247 tera
2968 4191 3291 4263 Dionysiaua
3322 4234 3336 4254 ,

1801 4280 1878 4333 uti
1911 4288 2335 4333 consentaneum
2377 4290 2497 4335 est:
2536 4282 2729 4336 ablatis
2759 4290 2934 4357 autem
2981 4286 3139 4338 annis
3179 4285 3337 4346 5492,

1799 4369 2055 4424 residuus
2104 4377 2190 4424 est
2242 4385 2418 4425 annus
2459 4372 2857 4427 incarnationis
2897 4372 3166 4429 Panodori
3216 4375 3339 4429 710.

142 4460 392 4531 treium),
436 4475 573 4531 quae,
628 4469 687 4513 ut
719 4462 964 4516 universe
996 4461 1195 4524 dicam,
1236 4463 1499 4531 ejusmodi
1539 4472 1697 4528 sunt;
1731 4460 1775 4512 D
1801 4464 2035 4531 Apparet
2077 4478 2207 4532 ergo
2236 4473 2546 4531 computum
2593 4470 2896 4535 utrumque,
2929 4478 3158 4534 quorum
3210 4466 3343 4517 alte-

144 4562 220 4609 ut
254 4554 472 4607 illorum
522 4550 763 4607 scientia:
808 4549 1053 4603 funditus
1083 4561 1353 4617 expertem
1402 4566 1465 4605 ac
1510 4551 1697 4605 rudem

145 4641 438 4697 hominem
490 4638 658 4693 fuisse
682 4638 1071 4715 demonstrent.
1114 4636 1221 4691 Nec
1244 4653 1308 4691 ea
1346 4639 1505 4691 modo
1542 4640 1703 4707 repli-

142 4732 431 4796 cabimus,
451 4746 572 4800 qua:
586 4730 652 4783 ab
666 4730 782 4798 ipso
809 4731 861 4781 in
882 4726 924 4779 Υ
944 4726 1018 4782 De
1037 4730 1395 4782 emendatione
1420 4739 1704 4797 temporum

142 4825 438 4890 disputata
473 4820 741 4889 capitibus
786 4820 999 4873 duobus
1020 4858 1035 4882 ,
1085 4820 1141 4871 in
1175 4834 1319 4871 nono
1353 4819 1427 4872 De
1465 4821 1705 4871 doctrina

144 4924 455 4977 temporum
500 4909 678 4976 capite
726 4905 769 4958 ν
817 4907 1237 4961 confutavimus.
1274 4907 1372 4960 Hic
1430 4922 1493 4966 ea
1532 4908 1704 4960 solum

143 5000 478 5069 attingenda
504 5005 652 5062 sunt,
670 5011 788 5066 qua:
808 4996 875 5049 ad
896 5005 1209 5065 computum
1232 4996 1449 5050 Maximi
1479 4999 1706 5066 septimo

143 5095 215 5147 in
258 5090 398 5143 libro
433 5088 724 5152 disseruit;
754 5101 875 5154 quae
910 5087 964 5138 in
1013 5086 1157 5141 hunc
1207 5088 1407 5151 locum,
1460 5098 1513 5141 et
1545 5087 1706 5156 hujus

138 5180 459 5239 editionem
480 5175 731 5245 Compuli
758 5185 1031 5229 reservata
1063 5176 1293 5230 fuerant.

229 5268 313 5322 Ex
340 5255 429 5321 his
453 5266 683 5334 primum
716 5265 845 5319 illud
883 5267 1219 5334 apertissime
1248 5265 1442 5320 falsum
1475 5278 1559 5320 est
1598 5274 1707 5321 tres

142 5365 304 5416 istos
338 5367 621 5425 computos
649 5355 729 5440 si’c
753 5355 971 5419 habere,
1005 5362 1063 5408 ut
1090 5357 1324 5411 natalem
1358 5358 1557 5413 Christi
1586 5357 1711 5410 Dio-

141 5450 458 5521 nysianum
505 5446 772 5508 habeant,
825 5448 1107 5501 orientalis
1159 5448 1411 5515 quidem,
1468 5450 1520 5501 in
1567 5464 1709 5501 anno

140 5536 580 5597 5501,1unaris
634 5539 690 5589 in
733 5547 875 5591 anno
928 5536 1096 5598 5:195,
1148 5536 1428 5591 Paschalis
1480 5540 1532 5591 in
1567 5554 1711 5592 anno

134 5626 327 5685 3509.
368 5625 466 5693 (ita
496 5628 639 5677 enim
669 5627 849 5707 vocari
880 5634 988 5679 tres
1024 5641 1160 5679 teras
1199 5628 1319 5681 illas
1345 5643 1375 5680 a
1413 5626 1707 5697 Scaligero,

136 5717 291 5775 libri
344 5714 508 5769 huius
565 5714 718 5768 initio
767 5702 1131 5772 monuimus.)
1175 5716 1324 5772 Unde
1375 5720 1441 5772 ad
1476 5735 1705 5772 ‘annum

1805 4567 1923 4605 rum
1958 4553 2224 4617 lunarem,
2273 4555 2585 4607 orientalem
2618 4556 2847 4609 alterum
2886 4556 3182 4607 nominavit
3210 4556 3341 4607 Sea-

1805 4642 1969 4710 liger,
2026 4642 2093 4695 ab
2142 4643 2349 4696 Adamo
2401 4658 2616 4711 parem,
2673 4653 2727 4698 et
2774 4645 3019 4698 eumdem
3077 4658 3344 4699 annorum

1804 4749 2093 4787 numerum
2124 4735 2397 4803 colligere.
2432 4735 2508 4787 Ac
2540 4736 2585 4789 si
2627 4751 2751 4788 vera
2798 4742 2944 4788 esset
2978 4734 3345 4802 Scaligeriana

1805 4822 2111 4888 methodus,
2142 4832 2195 4878 et
2244 4824 2311 4877 ad
2341 4839 2539 4878 annum
2573 4840 2692 4878 tera:
2726 4824 3069 4893 Dionysiana:
3112 4826 3346 4879 addendi

1810 4914 1987 4967 forent
2015 4915 2175 4977 5500,
2208 4923 2267 4967 ut
2317 4930 2776 4985 consequeremur
2821 4931 3021 4968 annum
3066 4918 3347 4971 orientalis

1808 5006 2067 5073 computi,
2098 5005 2209 5060 sive
2234 5005 2376 5062 κατὰ
2399 5007 2779 5076 Ἀλεξανδρεῖς,
2811 5023 2917 5061 non
2950 5010 3135 5079 utique
3159 5010 3346 5064 mundi

1808 5093 1966 5156 6233,
1992 5094 2085 5147 sed
2123 5094 2263 5147 6240
2294 5098 2565 5150 numerari
2594 5099 2829 5165 oportuit
2855 5112 3052 5151 annum
3086 5099 3205 5153 740.

1877 5183 2141 5239 Praeterea
2180 5185 2315 5239 falso
2338 5195 2391 5239 et
2440 5186 2570 5239 illud
2602 5202 2632 5240 a
2670 5172 2947 5258 Sealigero
2977 5190 3237 5257 scriptum
3264 5197 3346 5244 est

1808 5288 1992 5329 teram.
2027 5290 2187 5343 quam
2214 5277 2445 5344 appellat
2480 5278 2745 5341 lunarem,
2778 5293 2920 5331 anno
2950 5278 3088 5332 5195
3115 5280 3346 5333 natalem

1808 5363 2061 5416 exhibere
2083 5363 2285 5419 Christi
2308 5351 2322 5418 ὲ
2348 5366 2440 5417 sed
2473 5366 2538 5419 ad
2563 5366 2870 5419 methodum
2894 5366 3164 5421 decurtari
3192 5369 3346 5421 annis

1807 5452 1841 5503 9.
1868 5471 1880 5506 2
1914 5452 2058 5520 quod
2086 5464 2445 5509 commentum
2478 5456 2666 5522 ἄλογον
2701 5464 2859 5510 estet
2890 5456 3346 5510 ridiculutu.Nam

1812 5557 1985 5611 neque
2050 5544 2293 5600 ratione.
2350 5559 2526 5613 neque
2578 5546 2897 5599 auctoritate
2944 5545 3180 5597 nititur:
3239 5545 3346 5597 imo

1813 5636 2039 5701 utraque
2101 5633 2461 5687 convincitur.
2527 5633 2802 5703 Siquidem
2862 5634 3101 5701 computi
3161 5644 3345 5689 auctor

1814 5721 1993 5775 istius.
2032 5730 2087 5774 ut
2130 5723 2341 5775 quidem
2378 5733 2617 5775 annaret.
2671 5724 2770 5773 fuit
2815 5723 3151 5773 Pnnmlm'mt.
3196 5726 3255 5771 At
3302 5726 3351 5770 is
