4046 6320
699 363 832 417 I425

699 490 836 528 anno
867 474 1005 528 5493
1033 473 1464 527 lnc‘arnationem
1503 469 1772 529 attribuit,
1813 476 1951 524 teste
1983 469 2232 538 Georgio.

699 567 835 620 Tum
867 567 1137 636 cyclorum
1186 573 1239 616 et
1277 562 1633 614 indictionum
1689 559 1932 614 calculus
1973 558 2236 612 hactenus

700 660 994 728 explicatus
1027 675 1055 708 a
1084 656 1241 709 nobis
1271 653 1514 706 eumdem
1540 651 1759 704 damnat
1793 665 2050 704 errorem.

773 749 923 804 Unus
956 749 1022 801 ab
1058 747 1150 799 illo
1187 745 1385 798 citatur
1414 744 1593 797 fautor
1635 741 1798 811 hujus
1841 740 2112 811 opinionis
2138 739 2238 794 Ce-

704 837 943 890 drenus:
980 832 1247 904 quen.'ait
1273 846 1432 884 atram
1467 831 1610 883 illam
1648 828 1821 899 sequi,
1854 843 1973 896 qua:
2008 825 2238 878 natalem

679 928 906 983 Christi
956 925 1227 993 componit
1269 938 1388 976 cum
1438 937 1581 976 anno
1649 921 1836 974 mundi
1878 917 2064 996 5495;
2121 915 2240 968 ideo

705 1029 964 1089 perpetua
1001 1017 1250 1070 m'ethodo
1295 1018 1358 1069 de
1411 1014 1558 1069 illius
1588 1028 1695 1066 aera
1723 997 2082 1080 jdeducendos
2122 1021 2243 1060 esse

708 1110 864 1163 5494.
888 1108 1000 1162 Etsi
1027 1107 1193 1161 futilis
1219 1113 1301 1160 est
1331 1114 1524 1158 auctor
1546 1105 1664 1166 iste,
1701 1116 1802 1174 nec
1839 1101 1905 1152 ad
1936 1097 2240 1151 uniusmodi

709 1209 1015 1268 computum
1050 1197 1402 1260 adhaerescit;
1434 1201 1612 1247 tamen
1655 1206 1723 1246 ne
1773 1190 1824 1244 id
1866 1188 2243 1257 quidemvvere

709 1291 775 1345 de
821 1305 885 1344 eo
935 1287 1241 1358 praedicavit
1291 1285 1740 1358 _Scaliger_(pag.
1778 1277 1956 1347 565),
2013 1276 2240 1330 natalem

709 1393 1042 1433 communem
1077 1378 1131 1430 in
1154 1376 1332 1446 ipsius
1365 1390 1470 1429 aera
1505 1361 1646 1426 anno
1679 1371 1961 1423 convenire
1985 1367 2140 1422 5495.

781 1468 1017 1521 Primum
1049 1466 1248 1521 diserte
1303 1466 1388 1519 hic
1428 1463 1585 1534 (pag.
1617 1461 1759 1521 {44)
1796 1458 2027 1511 allirmat
2069 1472 2127 1510 se
2177 1455 2244 1508 ad

712 1574 881 1612 annos
929 1557 1318 1612 lncarnationis
1365 1564 1555 1625 putare
1605 1551 1776 1609 5506,
1807 1558 1861 1603 et
1919 1547 2082 1617 paulo
2123 1552 2246 1598 ante

713 1649 900 1704 scribit
933 1627 1134 1700 annum
1162 1645 1361 1698 Tiberii
1383 1659 1452 1696 xv
1481 1657 1601 1696 esse
1643 1639 1828 1694 mundi
1869 1638 2026 1693 5550.
2057 1637 2246 1689 Annus

713 1757 781 1793 xv
814 1738 1020 1792 Tiberii
1067 1747 1150 1790 est
1183 1751 1302 1789 serae
1346 1733 1644 1788 communis
1691 1747 1836 1784 xxix.
1875 1729 2037 1783 Deme
2077 1741 2247 1780 annos

715 1828 850 1882 5494
877 1828 943 1882 de
965 1826 1124 1890 5556,
1159 1835 1216 1878 ιιι
1257 1825 1494 1894 praecipit
1531 1822 1796 1892 Scaliger,
1828 1819 2034 1873 orietur
2071 1831 2246 1870 annus

718 1934 823 1971 xi.”
854 1929 974 1971 aera:
1003 1915 1348 1980 Christiana;
1374 1913 1680 1969 tricesimus
1709 1919 1885 1963 autem
1923 1907 2168 1972 exsistet,
2204 1905 2250 1960 si

717 2006 855 2060 5506
885 2004 1124 2059 auferas.
1221 2069 1225 2074 _

787 2096 868 2149 Ad
924 2096 1037 2150 haec
1082 2095 1264 2150 urbem
1313 2089 1962 2159 Constantinopolitanam
2017 2083 2252 2140 exaediﬁ-

717 2197 888 2241 catam
914 2186 1078 2240 relert
1102 2184 1320 2239 indiCtio
1350 2198 1408 2235 ιιι
1453 2196 1593 2235 anno
1623 2179 1804 2234 mundi
1835 2177 1970 2232 5858
2004 2176 2080 2246 (p.
2102 2174 2248 2243 255),

619 2327 623 2332 .
719 2279 843 2332 Maii
882 2293 970 2340 xi,
1017 2277 1150 2330 feria
1192 2291 1251 2329 ιι.
1306 2275 1428 2328 Fuit
1466 2287 1594 2341 ergo
1641 2273 1818 2325 littera
1851 2269 1915 2332 D,
1977 2276 2032 2322 et
2079 2281 2251 2319 annus

717 2367 916 2423 Christi
936 2363 1230 2419 cccxxx.Si
1258 2364 1323 2416 de
1352 2362 1489 2416 5858
1517 2361 1722 2414 adimas
1751 2358 1889 2413 5494
1913 2400 1928 2425 ,
1958 2356 2047 2410 ﬁet
2079 2370 2252 2408 annus

719 2457 920 2510 Christi
953 2441 1391 2508 cccxuv.‘Vides
1425 2439 1755 2517 ἀλογιστίαν.

790 2547 996 2599 ltursus
1025 2544 1164 2596 idem
1194 2541 1472 2596 Cedrcnus
1503 2541 1576 2592 ait
1614 2541 1765 2608 (pag.
1793 2536 1924 2606 269)
1949 2535 2254 2590 Nectarium

725 2635 1367 2704 Constantinopolitanam
1437 2633 1672 2686 tenuisse
1745 2629 2053 2683 cathedram
2113 2639 2255 2679 anno

725 2727 908 2780 mundi
938 2725 1092 2788 5888,
1122 2722 1514 2777 lncarnationis
1549 2721 1671 2774 594.
1717 2719 1903 2773 Annus
1932 2732 2041 2787 quo
2070 2715 2257 2771 sedere

722 2817 886 2885 coepit
933 2814 1233 2874 Nectarius,
1263 2819 1343 2866 est
1370 2813 1422 2864 in
1455 2825 1558 2864 azra
1589 2809 1910 2879 Dionysiana
1943 2808 2074 2871 581;
2115 2821 2258 2858 mor-

724 2914 850 2959 tuus
878 2914 959 2958 est
989 2911 1164 2956 autem
1196 2901 1319 2955 598.
1369 2900 1623 2959 Deductis
1663 2900 1819 2953 annis
1849 2897 1987 2951 5494
2023 2900 2089 2950 de
2122 2895 2259 2948 5888

724 2994 915 3062 reliqui
953 3000 1078 3048 sunt
1131 2990 1254 3044 594.
1291 2991 1483 3043 Verum
1533 3004 1638 3041 non
1688 2989 1774 3039 ille
1819 3001 1992 3039 annus
2015 2981 2106 3047 est
2139 3000 2258 3039 terte

725 3083 1060 3151 Dionysianae
1107 3099 1124 3132 -.
1156 3080 1311 3148 cujus
1340 3078 1404 3131 ad
1449 3077 1752 3132 methodum
1793 3075 2110 3130 anferendos
2138 3089 2259 3130 esse

727 3173 884 3226 scivit
917 3184 1088 3222 annos
1121 3169 1279 3222 5494.

797 3258 1000 3323 Quarto
1032 3259 1290 3328 synodum
1325 3256 1650 3325 Ephesinam
1694 3257 1919 3326 primam
1959 3253 2170 3309 confert
2203 3255 2256 3306 in

728 3362 925 3420 annu'm
967 3348 1106 3402 5915
1142 3348 1296 3417 (pag.
1323 3347 1484 3415 2⁸26).
1524 3345 1706 3400 Deduc
1748 3361 1919 3400 annos
1967 3344 2122 3408 5494,
2171 3344 2260 3398 ﬁet

729 3455 902 3494 annus
930 3439 1129 3492 Christi
1149 3439 1268 3491 42.1.
1301 3439 1465 3507 Atqui
1487 3446 1606 3494 erat
1636 3453 1810 3492 annus
1843 3439 1968 3491 43L

797 3528 994 3593 Quinto
1044 3529 1343 3581 Romanum
1389 3529 1781 3597 imperatorem,
1815 3529 1906 3596 qui
1954 3543 2075 3580 cum
2113 3527 2256 3581 Con-

730 3620 967 3672 stantino
989 3616 1450 3686 Porphyrogeneto
1470 3616 1747 3684 imperium
1773 3612 1959 3679 tenuit,
1979 3632 2007 3669 a
2038 3615 2261 3686 Stepha-

733 3722 803 3760 no
833 3707 941 3760 iilio
965 3707 1020 3760 in
1049 3706 1285 3760 ordinem
1307 3704 1577 3761 redactum
1604 3722 1722 3761 esse
1745 3716 1928 3760 narrat
1945 3722 2084 3760 anno
2104 3707 2260 3769 6455,

732 3799 1021 3854 indictione
1051 3812 1113 3852 ιιι
1144 3797 1220 3866 (p.
1245 3796 1401 3866 522).
1427 3798 1612 3851 Annus
1641 3805 1757 3850 erat
1787 3797 1986 3852 Christi
2010 3797 2131 3858 944,
2159 3812 2265 3865 quo

706 3887 955 3940 'indictio
989 3902 1043 3940 ιιι
1069 3887 1178 3955 jam
1205 3889 1560 3954 usurpabatur
1582 3886 1887 3942 Decembris
1910 3903 2016 3951 χιιι,
2043 3887 2261 3956 quando

735 3971 863 4030 illud
890 3977 1104 4031 accidit.
1120 3974 1235 4030 Jam
1259 3978 1304 4029 si
1337 3977 1405 4029 ab
1427 3979 1580 4031 annis
1598 3975 1734 4030 6453
1757 3978 1970 4045 auferas
1999 3977 2160 4042 5494,
2181 3994 2267 4031 re-

734 4067 1002 4133 linquetur
1023 4081 1196 4120 annus
1222 4065 1419 4120 Christi
1448 4066 1568 4119 959.
1587 4065 1876 4120 Subductis
1898 4076 2076 4120 autem
2106 4068 2263 4120 annis

737 4155 892 4220 5508,
913 4157 1119 4210 exsistit
1149 4172 1324 4210 annus
1357 4155 1480 4209 944.
1507 4154 1683 4220 Quare
1717 4172 1822 4210 non
1863 4158 2132 4223 lunarem,
2167 4157 2268 4212 sed

712 4243 1042 4303 'Paschalem
1077 4253 1385 4313 computum
1418 4244 1589 4297 tenuit
1620 4244 1719 4296 hoc
1751 4244 1870 4296 loco
1901 4245 2192 4300 Cedrenus.

807 4333 970 4392 Sexto
996 4335 1447 4405 Theophylactum
1470 4335 1828 4404 patriarcham
1853 4335 2051 4388 obiisse
2072 4336 2262 4389 scribit

739 4426 880 4498 (pag.
898 4425 1020 4492 526)
1037 4439 1175 4477 anno
1191 4425 1347 4487 6464,
1367 4426 1656 4480 indictione
1671 4424 1780 4487 xiv,
1803 4425 2075 4478 Februarii
2095 4442 2260 4480 xxvii.

739 4515 835 4568 llic
862 4529 1034 4568 annus
1066 4523 1148 4569 est
1166 4529 1284 4568 rem
1313 4517 1610 4569 communis
1632 4515 1754 4576 956,
1779 4515 1973 4583 quibus
2000 4516 2262 4570 detractis

742 4607 804 4658 de
823 4604 956 4657 6464
985 4605 1163 4668 annis,
1185 4613 1390 4658 restant
1411 4605 1567 4660 5508.
1590 4605 1824 4659 Proinde
1853 4610 2013 4658 etiam
2043 4607 2130 4659 hic
2160 4623 2266 4661 atra

739 4690 983 4746 Paschali
1018 4694 1290 4748 Cedrenus
1325 4693 1515 4746 utitur.
1596 4714 1602 4720 λ

808 4780 1046 4848 Denique
1084 4784 1312 4851 scriptor
1339 4783 1479 4835 idem
1503 4782 1757 4852 deinceps
1795 4784 1860 4837 ad
1895 4784 2054 4837 ﬁnem
2083 4784 2269 4852 operis.

737 4872 1094 4938 computoillo
1123 4875 1310 4937 utitur,
1343 4874 1434 4942 qui
1452 4873 1514 4928 ad
1537 4888 1695 4926 teram
1726 4875 2081 4929 Christianam
2106 4891 2268 4945 appo-

742 4962 819 5012 nit
843 4975 1012 5014 annos
1035 4962 1190 5026 5508,
1218 4971 1274 5015 ιιι
1309 4979 1372 5016 ex
1403 4964 1690 5018 indictione
1715 4967 1877 5032 liquet
1904 4985 1915 5020 :
1953 4967 2096 5019 velut
2125 4982 2268 5019 anno

741 5049 924 5100 mundi
955 5049 1109 5111 6468,
1137 5049 1289 5112 6471,
1327 5037 1480 5114 6497,
1527 5052 1685 5114 6508,
1715 5052 1870 5116 65l8,
1909 5054 2067 5117 6524,
2102 5054 2263 5115 6526,

743 5138 897 5200 (3527,
927 5149 978 5192 ct
1011 5139 1089 5192 sic
1115 5139 1168 5191 in
1194 5141 1431 5208 reliquis.
1464 5141 1594 5206 Quae
1619 5152 1792 5211 potest
1818 5145 1980 5212 igitur
2014 5160 2108 5212 par
2144 5145 2269 5198 huic

743 5242 861 5279 esse
889 5229 1181 5292 temeritas,
1225 5245 1342 5297 quae
1373 5233 1669 5285 oscitantia
1708 5235 1896 5302 major,
1931 5250 2089 5303 quam
2123 5235 2268 5288 aliir-

745 5331 888 5367 mare
916 5315 1212 5372 Cedrenum
1257 5321 1330 5372 ita
1370 5335 1539 5376 annos
1568 5323 1752 5374 mundi
1794 5337 2053 5392 perpetuo
2101 5341 2269 5378 com-

748 5414 980 5468 putasse,
1012 5415 1070 5457 ut
1101 5407 1164 5459 ad
1208 5424 1364 5461 seram
1391 5410 1749 5465 Christianam
1803 5415 2055 5481 adjiceret
2081 5415 2220 5468 549i
2253 5433 2265 5477 ;

747 5512 866 5546 cum
914 5498 1108 5565 ubique
1151 5498 1259 5551 fere
1295 5499 1428 5553 5508
1459 5502 1711 5569 adjnngat
1739 5519 1752 5566 ;
1785 5513 1876 5556 aut
1909 5506 1952 5556 si
1994 5507 2148 5559 aliter
2187 5508 2266 5558 in-

749 5583 968 5647 stituat,
1006 5586 1239 5638 mendosi
1287 5589 1565 5655 perspicue
1619 5592 1825 5642 numeri
1885 5593 2030 5644 sint?
2079 5595 2269 5658 Unus,

747 5674 964 5742 opinor,
1003 5677 1147 5728 locus
1180 5686 1280 5740 est,
1321 5677 1373 5729 in
1399 5685 1528 5746 ‘quo
1560 5694 1680 5731 cum
1736 5695 1840 5732 tera
1873 5683 2072 5751 vulgari
2118 5685 2266 5751 paria

1669 357 1756 410 AD
1797 356 2056 410 russea
2094 355 2483 411 cunonrcox
2517 353 2876 410 APPENUIX.
2972 333 2974 335 ’

3726 354 3827 430 im

2265 473 2310 528 Α
2340 468 2486 529 facit,
2523 469 2783 522 detractis
2825 467 2891 520 de
2921 481 3064 519 anno
3106 466 3291 519 mundi
3319 462 3496 521 5494:
3529 455 3754 519 nimirum
3784 469 3824 520 in

2335 571 2399 610 eo
2433 557 2525 624 qui
2580 565 2799 624 putatur
2830 554 2990 616 6021,
3022 569 3127 622 quo
3156 554 3524 608 Iustinianum
3565 553 3734 609 iniisse
3765 572 3825 609 re-

2339 645 2481 709 fert;
2520 648 2722 714 quique
2756 644 3124 716 Dionysianus
3159 647 3258 698 fuit
3291 660 3467 699 annus
3489 645 3609 698 5‘27.
3657 645 3706 698 Si
3726 662 3826 715 prae-

2339 744 2421 788 ter
2487 735 2587 788 hoc
2652 736 2896 804 exempla
2957 735 3060 788 alia
3111 745 3399 804 suppetant
3460 737 3676 804 (neque
3719 736 3826 788 enim

2340 827 2566 880 scrutari
2605 834 2760 879 vacat
2808 825 3049 894 omnia),
3081 841 3142 880 ea
3177 826 3333 896 longe
3377 826 3692 895 paucissima
3715 835 3826 890 sunt,

2341 932 2436 969 nec
2465 932 2587 970 cum
2622 933 2831 984 eorum,
2854 931 2973 986 quas
3001 900 3374 988 produximus,
3406 933 3628 972 numero
3657 933 3826 985 compa-

2345 1009 2452 1060 rari
2485 1015 2711 1076 queunt.
2761 1009 3028 1073 Quocirca
3080 1022 3240 1062 nemo
3287 1007 3597 1062 Graecorum
3635 1017 3825 1060 veterum

2343 1097 2408 1152 de
2434 1098 2535 1152 hac
2563 1113 2670 1151 aera
2717 1100 2972 1168 cogitavit
3020 1111 3290 1165 unquam;
3342 1113 3500 1152 nemo
3545 1099 3738 1153 biennio
3762 1098 3828 1150 de-

2341 1190 2574 1246 curtavit
2602 1209 2615 1242 :
2640 1190 2782 1258 quod
2816 1191 3060 1258 ineptum
3092 1196 3176 1242 est
3210 1203 3273 1241 ac
3302 1186 3570 1269 frivolum.

2410 1281 2468 1334 ιιι
2489 1281 2657 1352 cyclis
2686 1297 2812 1335 vero
2846 1281 2979 1335 solis
3002 1296 3063 1333 ac
3089 1281 3249 1342 lunar,
3277 1295 3414 1348 quos
3436 1279 3690 1348 computis
3717 1277 3825 1333 Grat-

2343 1373 2421 1428 cis
2466 1371 2890 1427 accommodavit
2936 1373 2991 1424 in
3042 1369 3196 1424 Notis
3247 1360 3583 1440 ad'Eclogas
3637 1370 3826 1431 Maximi,

2343 1474 2542 1532 quanta
2571 1462 2820 1516 caecitas!
2851 1461 3016 1532 Cyclo
3047 1460 3177 1516 solis
3200 1473 3322 1514 ιρι-ω
3360 1461 3566 1514 lunaris
3593 1461 3744 1528 primo
3771 1476 3828 1512 re-

2344 1554 2607 1622 spondere
2645 1559 2840 1605 asserit
2881 1551 3089 1622 cyclum
3133 1550 3265 1604 solis
3289 1564 3399 1602 xvn
3441 1561 3559 1602 mra)
3583 1547 3826 1612 Paschalis,

2344 1649 2398 1694 et
2447 1639 2726 1694 orientalis
2774 1655 2976 1693 nonum
3006 1655 3019 1702 ;
3049 1654 3113 1694 ac
3139 1639 3316 1693 tribus
3356 1639 3477 1692 istis
3508 1639 3702 1692 litteras
3726 1637 3757 1688 Β
3783 1638 3828 1696 Α,

2346 1736 2405 1782 ιιι
2439 1730 2509 1785 sit
2551 1729 2827 1782 Romanus
2861 1728 3044 1797 cyclus
3069 1745 3137 1782 v:
3186 1728 3338 1797 cyclo
3367 1743 3492 1781 vero
3522 1727 3686 1779 lunari
3726 1742 3828 1786 aere,

2349 1835 2511 1889 quam
2544 1820 2786 1872 lunarem
2807 1823 2983 1882 vocat,
3011 1817 3337 1886 respondere
3367 1817 3610 1870 similiter
3640 1816 3688 1868 in
3721 1830 3831 1868 com-

2349 1919 2477 1980 puto
2532 1911 2776 1963 Paschali
2833 1909 3042 1977 cyclum
3081 1923 3226 1970 xvii,
3262 1909 3319 1961 in
3363 1908 3607 1972 orientali
3655 1922 3832 1964 nonum,

2349 2000 2562 2072 quando
2586 2017 2676 2054 xiv
2693 2000 2970 2055 Paschalis
2993 2007 3110 2054 erat
3126 1999 3326 2068 Aprilis
3349 2015 3398 2052 v.
3418 1998 3604 2052 Mirum
3631 2013 3738 2053 cum
3760 2003 3832 2053 ista

2348 2093 2626 2157 scriberet,
2646 2105 2751 2146 non
2781 2093 2928 2145 illum
2959 2090 3297 2145 consuluisse
3319 2088 3602 2142 Maximum
3631 2100 3834 2152 suum,et

2348 2182 2651 2252 exemplum
2696 2182 2763 2235 ab
2816 2196 2880 2235 eo
2926 2181 3184 2250 descripti
3231 2178 3506 2233 Paschalis
3551 2181 3834 2234 animadver-

2349 2274 2521 2327 tisse:
2573 2287 2718 2326 anno
2763 2273 2953 2326 mundi
3001 2271 3167 2334 6155,
3224 2272 3434 2341 cyclum
3486 2271 3614 2325 solis
3655 2270 3837 2338 imputat
3901 2281 3904 2288 '

2351 2350 2617 2417 Maximus
2649 2363 2905 2431 primum,
2930 2364 3141 2432 cyclum
3169 2363 3309 2415 lunae
3328 2378 3428 2426 xv;
3468 2361 3740 2415 terminum
3763 2357 3839 2410 Ρισ

2353 2454 2610 2515 sebalem,
2659 2455 2772 2507 sive
2804 2468 2894 2506 xiv
2940 2452 3015 2506 ait
3062 2453 3315 2507 incidisse
3351 2453 3600 2506 Kalendis
3645 2453 3836 2521 Aprilis.

2353 2542 2485 2596 feria
2524 2544 2717 2612 prima.
2767 2541 2823 2596 Si
2858 2543 2982 2611 quis
3008 2542 3146 2596 alius
3179 2545 3511 2606 orientalem,
3532 2559 3682 2613 quem
3719 2550 3839 2595 vocat

2358 2630 2616 2701 Scaliger,
2658 2634 2966 2702 computum
2993 2631 3264 2696 adhibuit,
3306 2632 3353 2686 is
3396 2644 3478 2686 est
3514 2635 3735 2701 profecto
3757 2631 3840 2684 ila-

2358 2723 2555 2776 ximus.
2601 2720 2735 2774 Nam
2786 2723 2939 2776 docet
2991 2735 3134 2775 anno
3189 2721 3321 2776 5501
3385 2723 3706 2776 incarnatum
3750 2738 3841 2775 esse

2356 2812 2655 2866 Christum.
2687 2811 2854 2882 Igitur
2882 2812 3034 2882 cyclo
3081 2813 3224 2867 illius
3252 2827 3373 2866 teras
3402 2813 3572 2880 primo
3605 2812 3841 2880 respondet

2357 2918 2423 2956 ex
2451 2903 2712 2975 laterculo
2735 2903 2994 2972 Scaligeri
3021 2905 3204 2973 cyclus
3225 2905 3356 2959 solis
3375 2919 3463 2958 xxi
3487 2905 3538 2957 in
3564 2919 3664 2958 aera
3685 2903 3840 2960 lunari,

2360 3000 2415 3043 et
2442 3006 2496 3044 ix
2522 2990 2577 3044 in
2602 2991 2851 3044 Paschali
2879 3010 2893 3043 :
2939 2991 3217 3045 Romanus
3244 3007 3374 3046 vero
3402 2994 3585 3062 cyclus
3628 3006 3738 3050 xxv,
3765 2989 3842 3040 hoc

2284 3107 2332 3169 ο
2360 3089 2442 3134 est
2455 3079 2642 3134 litterae
2661 3079 2766 3132 ΕΙ).
2786 3081 2946 3150 Atqui
2963 3091 3174 3136 consmt
3190 3081 3476 3160 litteramG
3494 3096 3630 3135 anno
3651 3082 3732 3133 illo
3751 3095 3842 3131 cum

2362 3185 2412 3221 vi
2448 3169 2688 3224 Romano
2729 3171 2879 3240 cyclo
2929 3172 3058 3226 solis
3079 3172 3379 3227 obtinuisse
3415 3191 3427 3226 :
3464 3173 3705 3225 nimirum
3735 3184 3846 3221 anno

2359 3259 2563 3314 Christi
2592 3275 2782 3325 nexu,
2815 3276 2921 3331 quo
2957 3262 3090 3316 feria
3127 3263 3299 3332 prima
3333 3242 3520 3316 incidit
3547 3263 3599 3315 in
3626 3260 3845 3314 Kalendas

2361 3350 2581 3420 Aprilis.
2616 3352 2750 3406 ltem
2780 3368 2848 3428 ex
2896 3353 3092 3408 tabella
3143 3355 3404 3424 Scaliger!
3455 3352 3660 3407 decima
3693 3358 3845 3418 quarta

2359 3438 2636 3496 Paschalis
2662 3443 2814 3513 cyclo
2857 3445 2995 3498 luna:
3023 3460 3091 3499 xv
3121 3445 3312 3499 cadere
3352 3446 3608 3499 debuerat
3635 3447 3683 3497 in
3708 3441 3846 3495 Marii

2362 3547 2489 3594 XXX,
2523 3542 2582 3586 υῐ
2610 3542 2752 3588 esset
2781 3549 2980 3602 aureus
3009 3550 3266 3589 numerus
3288 3550 3384 3596 VII,
3415 3552 3535 3589 cum
3576 3546 3741 3588 tamen
3762 3546 3847 3586 1'23"

2365 3628 2476 3672 tum
2509 3621 2578 3675 sit
2629 3623 2994 3691 anno‘eodem
3050 3639 3595 3688 aureum‘numerum
3620 3624 3848 3678 exstitisse

2365 3724 2452 3772 xv,
2478 3718 2532 3764 et
2555 3713 2838 3764 terminum
2866 3712 3175 3766 Paschalcm
3205 3712 3471 3766 Kalendas
3496 3714 3698 3783 Apriles
3723 3727 3848 3763 occu-

2365 3815 2541 3868 passe.
2575 3801 2794 3855 Possem
2842 3804 2940 3857 ista
2977 3803 3139 3858 latius
3186 3806 3469 3873 persequi,
3503 3814 3556 3858 et
3604 3804 3849 3858 inscitiam,

2364 3905 2470 3960 qua
2501 3893 2646 3945 nulla
2671 3893 2770 3947 hoc
2797 3894 2850 3966 in
2881 3903 3195 3963 argumento
3222 3897 3392 3964 major
3429 3903 3605 3966 potest
3631 3895 3848 3948 accidere.

2365 3982 2610 4050 pluribus
2660 3984 2920 4053 exemplis
2977 3983 3279 4039 traducere.
3312 3985 3430 4039 'Sed
3507 4001 3575 4040 ex
3619 3984 3850 4054 superiore

2367 4072 2512 4124 omni
2539 4073 2904 4141 disputatione
2925 4089 3084 4142 quam
3113 4072 3178 4127 de
3203 4074 3470 4142 computis
3493 4075 3610 4129 istis
3629 4084 3679 4128 et
3705 4088 3849 4127 eorum

2367 4161 2506 4216 inter
2535 4178 2592 4217 se
2617 4164 2825 4218 ratione
2847 4174 3152 4218 accuratam
3185 4165 3536 4228 instituimus,
3567 4157 3689 4220 licet
3717 4163 3852 4218 cuivis

2371 4252 2448 4303 vel
2469 4252 2729 4305 mediocri
2760 4267 2858 4305 usu
2889 4251 3071 4304 talium
3103 4252 3367 4306 instructo
3395 4251 3598 4308 inﬁnite
3627 4260 3852 4323 patentem

2369 4339 2834 4394 hallucinationem
2866 4343 3212 4396 convincere.

2945 4428 3167 4485 CAPUT
3207 4429 3320 4484 VII.

2373 4521 2447 4574 De
2486 4520 2720 4590 met/mdo
2783 4521 3017 4590 paschali
3066 4531 3422 4588 compulorum
3480 4522 3763 4574 ercormu
3813 4533 3854 4567 lc

2436 4591 2658 4661 primum
2690 4589 2753 4642 de
2778 4590 3197 4661 ἠμεροευρεσζῳ,
3229 4593 3331 4642 sive
3357 4591 3705 4661 investiganda
3740 4590 3851 4655 feria.

2438 4657 2776 4724 Exponunlur
2800 4657 3051 4712 elei'nentit
3080 4657 3192 4725 ejus
3224 4661 3434 4721 omnia;
3460 4657 3582 4724 quid
3622 4661 3720 4711 sint
3742 4672 3855 4724 regu-

2441 4727 2596 4788 lares,
2636 4737 3023 4797 concurrentes,
3064 4726 3373 4796 προσθεταί.
3434 4726 3689 4797 Scaligeri
3736 4728 3854 4778 inti:

2378 4858 2389 4866 .
2435 4811 2600 4862 error.
2628 4797 2892 4849 Maximus
2921 4808 2968 4849 et
2997 4795 3214 4848 Isaacus
3245 4797 3488 4863 expositi.

2438 4881 2716 4938 Paschalis
2772 4879 3140 4939 methodusin
3175 4883 3283 4936 duo
3341 4883 3555 4955 fastigia
3609 4882 3855 4940 dividitur;

2373 4987 2467 5039 pro
2509 4974 2674 5042 cyclis
2719 4973 2962 5037 totidem,
3015 4975 3145 5028 solis
3201 4989 3264 5028 ac
3298 4975 3484 5052 lunae.
3540 4974 3673 5029 Pars
3721 4976 3854 5038 itaque

2373 5062 2518 5127 prior
2545 5071 2627 5116 est
2659 5063 2942 5116 character
2973 5062 3098 5126 diei,
3135 5065 3249 5118 sive
3282 5064 3435 5128 feria,
3471 5066 3617 5135 quod
3643 5069 3855 5134 ἡμεροευο

2375 5152 2549 5218 ρέσιον
2582 5152 2843 5207 Maximus
2860 5153 3107 5222 appellat,
3144 5157 3414 5223 posterior
3445 5156 3509 5209 ad
3542 5165 3773 5225 quartam
3792 5155 3852 5206 de

2375 5241 2564 5294 cimam
2597 5241 2932 5310 paschalem';
2971 5244 3249 5312 ipsumque
3276 5243 3484 5298 Pascha
3505 5245 3855 5302 Christianum;

2375 5338 2427 5381 et
2457 5331 2521 5382 ad
2557 5331 2714 5392 lunae,
2749 5341 2808 5384 ut
2839 5343 3052 5393 vocant,
3077 5342 3285 5388 aetatem
3325 5337 3741 5406 investigandam
3771 5348 3855 5402 per-

2376 5420 2527 5471 tinet.
2561 5419 2848 5488 Utriusque
2879 5423 3013 5474 ratio
3037 5439 3066 5475 a
3097 5424 3248 5476 nobis
3272 5426 3650 5493 explicabitur,
3685 5435 3817 5491 atque
3837 5437 3854 5467 δ

2375 5509 2562 5576 ριὶριί,
2589 5526 2708 5579 qua:
2733 5511 2864 5564 solis
2887 5515 3102 5580 propria
3133 5521 3234 5577 est,
3263 5516 3540 5581 capiemus
3586 5515 3796 5568 initium.

2445 5597 2566 5650 Tria
2599 5611 2724 5653 sunt
2785 5599 2851 5652 ad
2900 5602 3251 5669 indagandum
3299 5603 3488 5657 feriam
3522 5589 3576 5659 in
3604 5605 3857 5658 Graecorum

2378 5697 2626 5755 computo
2656 5691 2999 5755 necessaria;
3025 5690 3333 5762 προσθεταὶ,
3363 5692 3477 5748 δίνη
3513 5704 3707 5764 epacta:
3749 5705 3858 5745 men-

2277 1792 2318 1846 Β

2294 4445 2344 4503 D
