4046 6320
230 527 375 586 “25

1172 512 1742 573 DISSEIlTATlO'DE
1777 509 2178 568 GBIECORUM
2216 508 2413 563 AEDIS.

3277 498 3412 554 1196

232 651 629 715 sium;epactae
659 656 958 712 annorum;
990 641 1105 710 ειή
1156 632 1409 699 πόσταία,
1443 636 1556 691 sive
1614 640 1775 703 quota
1806 634 1845 688 Α
1875 630 2002 683 bent
2042 628 2232 682 feriam
2277 642 2390 690 vn;
2445 619 2697 675 Kalendis
2739 624 2927 715 autem
2974 612 3170 684 Aprilis
3217 612 3411 715 caedem

230 731 349 785 dies
379 730 597 785 mensis.
637 729 963 801 Προσθετάς,
1008 743 1100 781 eos
1132 742 1273 789 esse,
1307 727 1398 795 qui
1429 725 1691 795 regulares
1745 737 1773 773 a

231 819 699 888 computatorihus
741 818 945 873 nostris
982 824 1263 878 vocantur,
1313 813 1552 884 Scaliger
1590 814 1776 869 existi-

232 919 343 963 mat
376 911 520 981 (pag.
557 910 677 979 749)
712 931 725 962 :
760 910 814 962 in
846 924 953 977 quo
986 908 1139 983 valde
1201 905 1423 960 fallitur.
1476 903 1776 973 Appellatio

231 998 447 1065 quidem
485 999 602 1067 ipsa
629 998 953 1067 regularium
987 1000 1101 1058 ταῖς
1126 994 1446 1064 προσθεταῖς
1480 1008 1777 1047 accommo-

230 1088 347 1141 dari
370 1095 562 1157 potest,
591 1089 663 1141 uti
695 1104 796 1143 nos
825 1089 878 1141 in
913 1087 1100 1140 Latina
1122 1086 1371 1161 versione
1399 1085 1773 1149 fecimus;sed

232 1179 305 1230 ita
342 1189 397 1233 ut
420 1193 526 1232 non
554 1179 769 1233 eosdem
791 1194 911 1233 esse
932 1177 1253 1232 Graecorum-
1286 1177 1557 1247 regulares
1583 1189 1645 1229 ac
1672 1175 1768 1227 La-

230 1273 395 1331 tinos,
427 1269 714 1340 intelligas.
741 1270 815 1322 Ac
846 1272 913 1323 de
936 1271 1128 1323 horum
1165 1269 1381 1338 quidem
1412 1266 1770 1337 regularibus,

227 1366 283 1412 et
316 1361 768 1415 concurrentibus
800 1363 1007 1431 egimus
1033 1361 1127 1416 lib.
1160 1359 1229 1413 VI
1268 1359 1342 1414 De
1371 1360 1618 1412 doctrina
1648 1365 1775 1409 tem-

226 1464 434 1516 porum,
487 1466 605 1521 cap.
636 1450 868 1515 XXVIII,
913 1453 1067 1521 cujus
1092 1451 1338 1505 doctrina
1373 1449 1565 1520 capitis
1620 1463 1773 1502 assu-

229 1540 423 1594 menda
443 1552 527 1597 est
554 1543 619 1596 ad
649 1541 845 1597 Gnaei.
876 1544 1115 1612 computi
1162 1543 1443 1608 notitiam;
1500 1548 1585 1595 est
1629 1538 1771 1594 enim

228 1634 555 1687 necessaria.
582 1632 684 1687 Sed
724 1635 826 1687 hoc
873 1634 991 1689 loco
1024 1634 1244 1689 minime
1281 1632 1602 1702 repetenda;
1649 1644 1770 1683 cum

229 1721 284 1775 in
318 1730 564 1792 promptu
597 1724 705 1777 illic
724 1724 983 1780 habeatur
1009 1742 1022 1777 :
1054 1733 1249 1794 praeter
1277 1722 1603 1792 paucissima
1624 1735 1771 1789 qua:-

227 1809 455 1874 dam,et
505 1798 854 1883 xat'pttbtcpa,
905 1813 1022 1867 siue
1056 1813 1254 1883 quibus
1306 1810 1563 1880 explicari
1626 1806 1769 1878 quod

230 1900 487 1969 proposui
513 1916 622 1955 non
653 1908 849 1970 potest.
875 1901 1189 1956 Latinorum
1218 1902 1493 1970 regulares
1525 1906 1650 1953 sunt
1696 1897 1772 1951 fe-

1875 724 2073 786 epactae
2105 716 2236 769 solis
2291 729 2365 766 vn
2421 725 2543 765 cum
2597 707 2912 778 προσϐεταϊς
2959 718 3053 766 vn,
3086 709 3139 757 et
3174 716 3283 754 uno
3324 698 3415 785 die

1876 804 2258 863 Kalendarum,
2289 799 2521 854 offerunt
2544 798 2728 851 feriam
2755 811 2793 848 l.

1944 891 2243 965 Προσθεταί
2272 890 2513 951 Maximi,
2545 896 2671 942 sunt
2715 885 2861 938 feriae
2893 880 3092 936 ultimae
3128 877 3232 932 diei
3263 882 3412 965 antee

1876 964 2135 1053 cedentis‘
2163 980 2403 1049 proxime
2447 990 2684 1031 mensem
2722 988 2876 1037 eum,
2928 970 3082 1037 cujus
3122 964 3413 1047 προσθεταξ

1875 1051 2203 1125 dicuntur-in
2230 1082 2370 1122 anno
2405 1066 2578 1135 primo
2629 1061 2764 1132 cycli
2797 1051 3409 1142 'Constantinopolitani.

1873 1162 1962 1229 qui
2012 1158 2300 1229 respondet
2353 1157 2505 1227 cyclo
2572 1155 2814 1209 Romano
2853 1165 2928 1213 vi,
2971 1145 3188 1216 quando
3235 1144 3409 1197 littera

1874 1258 1956 1303 est
2014 1248 2089 1313 G;
2146 1255 2258 1301 tum
2313 1247 2456 1299 enim
2504 1242 2810 1297 Decembris
2868 1234 3220 1308 prmcedentis
3289 1232 3413 1286 ulti-

1875 1354 1994 1392 mus
2050 1338 2104 1391 in
2154 1335 2344 1389 feriam
2404 1348 2418 1386 I
2468 1333 2674 1386 incidit.
2734 1330 2856 1384 Ideo
2908 1324 3169 1397 regularis
3213 1321 3413 1377 Janua-

1874 1430 1941 1484 rii
1988 1428 2113 1482 anni
2161 1427 2323 1489 illius,
2364 1440 2392 1479 a
2436 1438 2543 1494 quo
2581 1422 2822 1493 proxime
2870 1426 3086 1475 secutus
3122 1422 3205 1469 est
3240 1427 3415 1467 annus

1875 1520 2080 1588 primus
2134 1515 2270 1587 cycli
2326 1514 2538 1581 solaris,
2588 1512 2753 1581 Aprili
2793 1512 3031 1571 ineunte,
3089 1514 3172 1561 est
3223 1521 3239 1558 ι
3283 1502 3413 1557 feria

1875 1613 2079 1667 ultima:
2105 1611 2210 1664 diei
2233 1595 2476 1663 Januarii
2508 1622 2580 1659 IV.
2624 1605 2673 1660 Is
2702 1603 3078 1670 est-regularis
3114 1597 3413 1657 Februarii,

1873 1713 1921 1758 et
1944 1703 2023 1757 sic
2050 1701 2325 1769 deinceps,
2352 1706 2411 1752 ut
2432 1714 2513 1758 .ex
2536 1696 2737 1750 tabella
2797 1701 2980 1764 patet:
3014 1707 3133 1763 qua:
3184 1697 3413 1759 quatuor

1873 1790 2121 1845 versibus
2152 1795 2384 1842 constat.
2414 1786 2433 1839 I
2465 1799 2677 1839 menses
2702 1783 2980 1836 Romanos
3018 1777 3411 1848 complectitur,

1876 1880 1912 1931 li
1947 1886 2167 1947 epactas
2198 1876 2410 1929 illorum
2446 1875 2558 1928 sive
2612 1873 2931 1945 προσθετάς,
2984 1869 3049 1924 111
3084 1869 3413 1939 singulorum

229 1990 325 2042 riae
348 1988 555 2043 dierum
590 1992 646 2044 in
675 2005 817 2045 anno
840 1992 977 2061 cycli
1007 1992 1159 2055 solis,
1190 1992 1282 2063 qui
1318 1991 1547 2044 litteram
1584 1987 1766 2042 habuit

1878 1971 2141 2024 mensium
2171 1968 2312 2033 dies,
2349 1966 2416 2019 IV
2447 1966 2668 2021 “eosdem
2702 1966 2817 2019 dies
2845 1964 3102 2018 collectos
3132 1976 3268 2031 quos
3317 1959 3412 2011 ad-

226 2072 293 2137 G,
335 2076 487 2129 initio
524 2077 591 2129 ab
615 2077 785 2146 Aprili
810 2076 1004 2145 ducto;
1059 2086 1157 2131 aut
1178 2079 1346 2135 etiam
1399 2078 1468 2133 ab
1492 2074 1768 2130 Januario.

229 2162 285 2215 Si
324 2162 631 2219 aJanuario
675 2166 927 2232 ducatur,
982 2169 1260 2237 regulares
1304 2169 1507 2223 mensis
1530 2167 1692 2235 hujus
1716 2174 1771 2220 et

227 2257 502 2324 sequentis
528 2259 737 2312 unitate
768 2258 1003 2314 minores
1035 2266 1181 2325 sunt,
1216 2275 1376 2329 quam
1405 2262 1451 2315 si
1496 2261 1563 2315 ab
1598 2261 1768 2329 Aprili

226 2346 338 2401 orsi
369 2346 648 2403 fuerimus.
696 2346 922 2414 Quando
958 2349 1135 2404 littera
1186 2336 1535 2404 Dominicalis
1584 2362 1665 2405 est
1702 2349 1766 2414 (Ξ,

227 2445 357 2492 tunc
396 2437 648 2495 Kalendae
698 2440 899 2509 Aprilis
940 2439 1125 2495 feriam
1185 2441 1384 2496 habent
1431 2458 1479 2504 I,
1519 2440 1771 2495 Kalendae

226 2525 349 2580 Maii
382 2543 478 2593 m;
531 2536 587 2583 et
627 2530 701 2583 ita
752 2530 1006 2605 deinceps
1052 2544 1223 2598 usque
1279 2529 1346 2582 ad
1400 2528 1768 2593 Decembrem,

224 2627 390 2686 quota
442 2620 617 2675 littera
673 2631 755 2675 est
807 2622 1031 2675 initialis
1076 2622 1341 2690 cujusque
1378 2620 1580 2676 mensis
1609 2621 1675 2674 ab
1700 2623 1767 2684 Δ,

226 2710 435 2765 unitate
464 2712 661 2778 addita,
695 2720 843 2766 tanta
871 2721 951 2766 est
974 2712 1119 2767 feria.
1154 2712 1222 2764 At
1271 2709 1528 2768 Januario
1556 2718 1772 2766 antece-

223 2801 384 2854 dente
407 2799 508 2853 fuit
538 2801 669 2854 feria
707 2816 765 2862 ιι,
828 2799 1111 2854 Februarii
1147 2797 1372 2853 Kalend.
1410 2798 1540 2853 feria
1572 2816 1626 2863 v,
1677 2800 1768 2855 ubi

221 2898 277 2943 et
297 2891 500 2945 unitate
529 2891 733 2955 addita,
768 2893 956 2946 littera:
979 2890 1338 2945 Kalendarum
1375 2889 1561 2944 feriam
1613 2892 1768 2945 exhi-

221 2984 372 3038 bent.
406 2982 603 3038 Verum
643 2985 886 3040 calculus
944 2992 1066 3054 post
1121 2984 1409 3047 bisextum,
1443 2982 1633 3038 Martio
1686 2983 1769 3037 vel

220 3076 391 3146 Aprili
420 3078 601 3147 potius
639 3077 847 3148 incipit.
887 3076 1064 3144 Quare
1090 3074 1334 3130 Januarii
1380 3083 1433 3131 et
1486 3074 1770 3131 Februarii

220 3151 502 3237 regulares.
519 3167 691 3238 accipi
714 3167 910 3223 debent
936 3183 1002 3223 ex
1030 3167 1185 3233 feria,
1235 3182 1394 3238 quam
1431 3166 1630 3221 habent
1676 3181 1769 3221 eo-

1872 2062 2004 2124 (Μ,
2036 2070 2093 2115 ut
2122 2059 2600 2131 propagandorum
2642 2056 2964 2127 regularium
3004 2055 3141 2107 ratio
3178 2051 3416 2107 declare-

1874 2160 1982 2215 tur,
2013 2167 2174 2221 quam
2202 2166 2320 2218 cap.
2353 2148 2520 2204 XXVI
2546 2150 2731 2218 primae
2753 2147 2922 2217 partis
2946 2144 3193 2213 Computi
3247 2142 3416 2195 Maxi-

1871 2260 1995 2298 III-6
2027 2245 2265 2316 exponit.
2291 2242 2388 2296 Hic
2415 2243 2558 2296 enim
2589 2242 2707 2296 dies
2731 2255 2917 2294 omnes
2954 2238 3021 2292 ab
3044 2236 3214 2307 Aprili
3246 2234 3311 2287 ad
3353 2234 3414 2286 Ii-

1870 2349 1992 2388 nem
2022 2332 2263 2403 proxime
2283 2331 2649 2387 antecedentis
2670 2332 2869 2384 mensis
2886 2328 3051 2390 illius,
3076 2327 3233 2393 cujus
3247 2340 3415 2394 προσ-

1870 2425 2029 2491 οετᾴς
2070 2424 2385 2494 quazrimus,
2428 2438 2523 2493 per
2570 2422 2599 2474 ‘7
2637 2422 2800 2476 dividi
2825 2420 3084 2490 precipit,
3114 2418 3412 2476 residuum,

1871 2524 1963 2568 aut
1985 2517 2030 2572 si
2063 2504 2195 2570 nihil
2243 2516 2499 2586 supersit,
2554 2514 2914 2585 septenarium
2968 2512 3147 2581 ipsum
3183 2516 3415 2589 epactas

1870 2624 1994 2664 esse
2030 2609 2231 2663 mensis
2264 2608 2597 2678 insequentis
2626 2609 2718 2661 ait.
2763 2605 3010 2673 Exempli.
3053 2616 3250 2656 causa:
3276 2601 3415 2654 scire

1869 2700 2000 2754 libet
2039 2714 2158 2769 quae
2185 2700 2295 2754 sint
2326 2707 2525 2769 epacta:
2556 2696 2906 2766 Septembris.
2950 2695 2995 2747 A
3038 2693 3295 2747 Januario
3347 2689 3414 2743 ad

1869 2790 2097 2859 Augusti
2131 2790 2291 2843 tinem
2323 2789 2437 2843 dies
2455 2798 2580 2843 sunt
2602 2786 2707 2839 245
2732 2804 2747 2838 :
2787 2801 2817 2840 e
2838 2784 3034 2855 quibus
3052 2782 3296 2836 deductis
3322 2780 3413 2843 90,

1868 2891 2075 2937 restant
2108 2881 2209 2936 155
2240 2895 2268 2934 a
2298 2879 2548 2936 Kalendis
2576 2879 2772 2948 Aprilis
2797 2892 2914 2946 qua:
2937 2877 2980 2930 si
3012 2890 3103 2945 per
3126 2874 3156 2925 7
3180 2872 3409 2932 dividas,

1868 2975 2144 3030 residuum
2203 2972 2345 3028 est6
2390 2972 2661 3042 regulares
2721 2967 3067 3047 Septembris.
3133 2963 3286 3031 Quod
3348 2962 3414 3016 ab

1869 3064 2067 3136 Aprilis
2094 3061 2346 3117 Kalendis
2371 3060 2611 3115 calculus
2634 3058 2843 3128 incipit,
2872 3072 2977 3110 non
3019 3071 3082 3109 ex
3121 3069 3185 3108 eo
3236 3051 3414 3120 sequi-

1870 3164 1978 3221 tu,
2017 3154 2294 3225 regulares
2337 3152 2539 3221 Aprilis
2585 3164 2767 3211 esset,
2809 3148 2899 3202 sed
2933 3147 3109 3216 potius
3146 3161 3250 3210 vn;
3299 3155 3413 3211 quae

220 3276 340 3314 rum
363 3258 612 3317 Kalendae
639 3277 782 3316 anno
812 3263 1080 3333 sequenti,
1103 3277 1210 3333 quo
1241 3263 1417 3316 littera
1447 3268 1530 3316 est
1558 3259 1623 3326 F,
1656 3271 1766 3314 tum

1872 3263 1957 3303 res
1999 3246 2330 3316 Scaligerum
2355 3242 2559 3307 lefcllit,
2582 3242 2693 3327 qui
2733 3239 3027 3311 προσθξτάς
3056 3236 3270 3290 Maximi
3302 3232 3413 3287 uni.

220 3367 352 3406 vero
377 3351 667 3408 Januarius
694 3354 927 3421 incipita
966 3353 1101 3408 feria
1142 3370 1221 3417 ut,
1253 3350 1583 3408 Februarius
1614 3368 1645 3406 a
1688 3368 1764 3405 vi.

225 3442 291 3496 Ili
321 3445 750 3515 suntregulares
783 3445 1050 3501 mensium
1073 3444 1463 3509 Romanorum,
1490 3443 1583 3514 qui
1642 3458 1758 3513 per-

224 3537 370 3605 petui
400 3536 715 3606 immotique
745 3544 910 3603 sunt;
948 3551 1048 3591 nec
1078 3544 1280 3607 epactze
1300 3534 1585 3592 .mensium
1644 3548 1770 3603 pro~

221 3625 337 3695 prie
372 3626 479 3679 dici
503 3624 719 3680 debent.
745 3625 879 3679 Nam
912 3633 1111 3695 epactce
1140 3625 1351 3695 proprie
1375 3631 1502 3679 sunt
1531 3622 1645 3677 dies
1673 3638 1767 3675 an-

219 3717 524 3772 tecedentes
556 3726 717 3788 caput
743 3719 867 3771 anni
889 3718 1176 3783 niensisve,
1196 3718 1353 3787 cujus
1382 3726 1585 3787 epactaa
1606 3716 1771 3769 nomi-

218 3820 415 3863 nantur
447 3828 460 3862 :
487 3808 933 3878 quemadmodum
994 3812 1210 3865 lunares
1265 3820 1463 3879 epactae
1502 3808 1615 3863 dies
1644 3814 1771 3861 sunt

219 3901 413 3970 reliqui
434 3915 464 3953 a
495 3901 741 3957 confecta
784 3901 970 3953 ultima
992 3901 1210 3972 syzygia
1250 3901 1313 3957 ad
1344 3901 1502 3954 linem
1533 3899 1657 3953 anni
1688 3899 1769 3952 ci-

218 3992 362 4053 vilis,
409 4003 535 4061 puta
587 4008 617 4045 a
658 3990 991 4054 Decembris,
1023 3992 1104 4046 vel
1134 3991 1329 4053 Martii,
1369 3992 1413 4046 si
1455 4006 1484 4044 a
1510 3988 1767 4043 Januario

218 4080 301 4134 vel
329 4079 498 4148 Aprili
529 4093 704 4133 annus
741 4079 948 4133 lunaris
1007 4078 1192 4145 ineat;
1237 4088 1441 4149 epactaa
1485 4080 1618 4135 solis
1670 4095 1766 4133 an-

217 4186 342 4229 nua!
373 4170 504 4225 feria
534 4179 615 4226 cst
640 4170 745 4226 diei
780 4171 951 4224 ultimi
1001 4172 1171 4226 totius
1204 4172 1349 4235 anni,
1401 4179 1458 4225 ut
1497 4171 1572 4225 ait
1600 4171 1764 4232 Maxi-

216 4279 359 4318 mus.
393 4262 578 4333 Itaque
626 4261 877 4317 Kalendae
917 4263 1046 4333 ipsa:
1096 4263 1321 4328 mensis,
1360 4263 1517 4332 cujus
1565 4272 1765 4333 epacta:

217 4361 501 4417 vocantur,
535 4354 587 4407 in
616 4360 928 4424 epactarum
955 4369 1241 4408 numerum
1282 4367 1623 4423 nequaquam
1673 4368 1764 4407 vc-

216 4447 396 4500 niunt.
426 4442 542 4498 Non
581 4445 894 4514 suntigitur
921 4444 1235 4514 προσθεταί,
1288 4444 1391 4498 hoc
1446 4451 1527 4498 est
1564 4451 1764 4513 epactze

218 4536 506 4598 mensium,
533 4535 673 4588 idem
698 4551 821 4589 cum
854 4533 1220 4589 Romanorum
1248 4535 1607 4605 regularibus.
1629 4533 1763 4588 Hinc

191 4635 418 4705 .epactas
444 4626 572 4680 solis
602 4640 813 4689 annuaa,
838 4627 950 4682 sive
997 4635 1402 4688 concurrentes,
1458 4640 1580 4681 cum
1631 4611 1835 4681 solis‘D

219 4717 552 4787 regularibus
576 4715 939 4794 Kalendarum
973 4717 1162 4773 feriam
1210 4716 1469 4787 praebent.
1494 4716 1560 4769 At
1596 4733 1760 4789 προσ-

212 4807 365 4863 θεταί
404 4823 527 4863 cum
579 4806 783 4877 epactis
824 4809 954 4863 solis
1001 4824 1109 4863 non
1141 4807 1371 4863 reddunt
1404 4807 1613 4872 feriam,
1656 4807 1760 4861 nisi

211 4902 504 4973 addaturij
542 4900 792 4954 ποσταία.
819 4898 1135 4970 Exemplum
1177 4916 1193 4951 :
1231 4909 1346 4954 esto
1390 4914 1564 4953 annus
1604 4899 1760 4953 Chri-

217 4993 284 5045 sti
316 5006 513 5053 tacxu,
539 4998 593 5044 et
615 4997 886 5059 quaeratur
934 4988 1066 5042 feria
1097 4987 1464 5043 Kalendarum
1489 4986 1757 5054 gScpteni-

215 5082 413 5136 brium.
448 5080 848 5136 Concurrentes
875 5079 968 5133 illo
999 5093 1141 5132 anno
1176 5078 1397 5132 fuerunt
1428 5093 1524 5143 νη,
1552 5092 1617 5129 ex
1648 5076 1751 5131 me-

212 5170 379 5226 tIiodo
399 5171 593 5240 capitis
618 5168 829 5223 XXVIII
873 5168 995 5223 libri
1048 5167 1120 5221 νιν
1157 5167 1233 5221 De
1278 5167 1517 5220 doctrina
1563 5176 1757 5235 tempa-

214 5276 330 5318 mm
367 5256 459 5330 qui
481 5258 547 5314 ad
580 5260 857 5328 regulares
886 5256 1215 5329 Septembris
1252 5273 1329 5310 vn
1384 5259 1579 5327 adjecti
1627 5258 1769 5311 dant

214 5351 400 5410 feriam
429 5367 526 5415 vn,
548 5349 851 5419 cujusmodi
885 5365 1069 5404 revera
1099 5362 1240 5401 anno
1261 5347 1353 5401 illo
1376 5348 1494 5411 fuit,
1524 5364 1644 5401 cum
1670 5349 1756 5401 lit-

214 5455 324 5500 tera
354 5437 702 5493 Dominicalis
734 5448 877 5491 esset
906 5437 969 5502 G,
1017 5439 1168 5508 cyclo
1220 5437 1347 5490 solis
1386 5435 1630 5490 Romano
1678 5453 1751 5492 vr.

214 5536 287 5585 'ta
318 5530 573 5587 Kalendis
604 5530 807 5601 Aprilis
832 5529 988 5583 iidem
1015 5538 1398 5583 concurrentes
1428 5542 1500 5580 vn
1530 5542 1652 5580 cum
1669 5542 1755 5583 re-

209 5623 490 5695 gularibus
521 5639 537 5676 ι
575 5624 705 5677 dant
734 5621 920 5678 feriam
948 5636 984 5674 ι.
1017 5620 1104 5685 At,
1133 5637 1195 5675 ex
1226 5619 1474 5674 methodo
1513 5619 1750 5685 Maximi,

207 5722 419 5783 epactae
449 5713 579 5766 solis
604 5727 676 5764 vu
703 5726 844 5765 anno
882 5709 1058 5779 primo
1088 5710 1223 5778 cycli
1255 5710 1449 5764 solaris
1488 5708 1753 5765 Constan-

206 5805 569 5880 tiuopolitani,
631 5819 753 5858 cum
793 5803 1113 5875 npocﬂeraic
1162 5799 1493 5871 Septembris
1530 5818 1601 5868 vr,
1654 5802 1749 5855 ad-

210 5899 324 5954 dita
355 5894 738 5967 ποσταέᾳγιιοο
780 5903 863 5949 est
900 5909 1007 5949 uno
1057 5891 1142 5949 die
1201 5891 1550 5963 Septembris,
1596 5892 1747 5947 cxiii-

1872 3346 1978 3392 tatc
2042 3349 2319 3408 perperam
2381 3326 2585 3401 auget.
2618 3330 2802 3398 Itaque
2864 3336 3079 3397 cpactas
3134 3324 3309 3402 Martii
3341 3327 3414 3377 ait

1870 3410 1991 3485 esse
2024 3445 2075 3491 ν,
2106 3432 2321 3497 epactas
2377 3423 2578 3493 Aprilis
2629 3438 2687 3485 ι,
2728 3427 2946 3490 epaetas
2984 3417 3106 3471 Maii
3144 3414 3260 3479 in,
3308 3430 3413 3468 uno

1868 3521 2053 3585 verbo,
2087 3526 2251 3589 quota
2280 3526 2362 3571 est
2390 3515 2569 3569 littera
2620 3512 2844 3568 initialis
2878 3508 3166 3579 cujuslibet
3212 3506 3412 3562 mensis

1869 3611 2051 3666 addita
2081 3610 2309 3671 unitate,
2350 3612 2533 3660 tantas
2562 3620 2684 3660 esse
2723 3601 3021 3674 προσθετάς
3050 3597 3262 3655 asserit.
3300 3594 3411 3653 Hoc

1868 3701 2027 3754 modo
2052 3695 2341 3769 προσθεταί
2378 3692 2709 3764 Septembris
2737 3698 2895 3745 erunt
2918 3704 2990 3743 vn
3013 3706 3028 3755 ;
3051 3685 3301 3741 Octobris
3346 3697 3413 3749 ιι,

1867 3779 2196 3847 reclamante
2227 3787 2463 3841 Maximo
2488 3786 2543 3838 in
2582 3782 2843 3838 laterculo
2884 3780 3083 3849 duplici
3147 3776 3336 3846 capitis
3367 3774 3406 3835 l,

1867 3883 2022 3951 cujus
2066 3882 2121 3936 in
2161 3879 2386 3936 sinistro
2425 3891 2618 3931 versus
2667 3875 2875 3947 primus
2912 3871 3149 3923 continet
3179 3865 3404 3937 npooiis~

1866 3976 1961 4037 τάς
1987 3972 2165 4026 Martii
2188 3988 2275 4034 iv:
2300 3984 2436 4042 quas
2476 3966 2717 4036 Scaliger
2748 3981 2781 4017 v
2818 3978 2849 4017 a
2878 3962 3116 4016 Maximo
3154 3957 3406 4012 constitui

1865 4065 1999 4120 falso
2024 4046 2247 4134 putavit.
2282 4061 2340 4115 In
2360 4074 2519 4115 versu
2562 4065 2755 4127 quarto
2809 4052 3095 4126 προσθεταί
3127 4056 3250 4106 sunt
3306 4047 3405 4104 Se.-

1865 4155 2125 4226 ptemhris
2153 4162 2205 4207 et
2227 4150 2497 4214 Octobris,
2520 4137 2683 4218 hujus
2718 4161 2755 4208 l,
2809 4147 2952 4201 illius
2985 4160 3035 4198 vr
3071 4163 3083 4197 :
3112 4158 3246 4213 quas
3284 4142 3407 4195 uni-

1865 4254 1973 4299 tate
2011 4244 2257 4315 producit
2283 4241 2555 4297 auctiores
2585 4238 2841 4307 Scaliger.

1868 4356 2084 4410 Tabella
2124 4353 2433 4425 «poclis-:th
2498 4352 2552 4403 in
2576 4347 2857 4425 mensibus
2900 4345 3152 4411 Iulianis,
3192 4354 3241 4401 et
3269 4344 3406 4400 Cau-

2265 4420 2729 4490 stantinopolimuo
2759 4428 3015 4487 computo.

1932 4535 2143 4592 Menses
2286 4532 2577 4607 προσθεταί
2718 4529 2843 4607 Dies
2873 4545 3023 4585 men—
3083 4583 3087 4587 _
3162 4530 3283 4607 Dies
3302 4529 3406 4607 cola

2794 4603 2933 4655 sium
3213 4600 3329 4652 lecti

1861 4696 2154 4752 Januarius
2394 4696 2427 4749 λι
2814 4692 2875 4745 51
2927 4695 2933 4700 ⁷
3198 4688 3257 4739 51

1860 4767 2187 4822 Februarius
2399 4766 2433 4817 4
2815 4761 2884 4814 28
3198 4758 3266 4810 59

1860 4837 2083 4892 Martius
2396 4835 2430 4887 4
2808 4830 2869 4882 51
3197 4828 3266 4881 90

1859 4929 2054 4997 Aprilis
2396 4926 2433 4997 .7
2813 4921 2881 4997 si
3198 4920 3299 4997 τῇς)
3368 4923 3369 4926 ‘

1858 4991 2030 5052 Maius
2390 4994 2424 5046 2
2814 4992 2875 5043 51
3198 4991 3290 5043 151

1854 5069 2047 5123 Junius
2400 5064 2433 5117 5
2813 5061 2883 5115 50
3000 5123 3007 5127 ν
3196 5061 3288 5112 181

1823 5154 2026 5213 ’.Ιυιίυε
2402 5154 2433 5205 ’1
2817 5153 2876 5205 51
3194 5148 3297 5202 212

1854 5231 2126 5297 Augustus
2398 5223 2431 5297 δ
2558 5228 2559 5235 κ
2815 5221 2876 5297 ξιξ
3192 5218 3297 5297 ἓέιὲ

1857 5289 2166 5367 September
2388 5295 2422 5349 6
2812 5290 2882 5344 50
3024 5344 3027 5345 ν
3192 5289 3300 5344 ‘275

1855 5388 2086 5442 October
2401 5389 2426 5441 1
2816 5384 2877 5438 51
3193 5381 3295 5433 554

1856 5456 2154 5512 November
2396 5460 2432 5511 4
2813 5453 2882 5506 50
3192 5450 3293 5503 565

1854 5526 2143 5583 December
2397 5528 2429 5581 6
2814 5524 2873 5577 51
3191 5519 3294 5572 054

1924 5618 2209 5674 Sciendum
2236 5630 2317 5675 est
2339 5626 2536 5681 autem,
2556 5618 2678 5671 licet
2714 5616 2970 5669 Maximus
3006 5611 3071 5665 ab
3098 5610 3263 5677 Aprili
3291 5608 3391 5660 τῶν

1824 5704 2159 5781 “προσθετῶν
2190 5710 2475 5764 ratiocinia
2497 5709 2762 5772 deducat;
2816 5700 2997 5759 revera
3030 5710 3205 5754 tamen
3241 5715 3268 5752 a
3305 5698 3394 5751 Ja—

1856 5804 2044 5855 nuario
2091 5802 2380 5872 proﬁcisci.
2438 5799 2644 5855 Etenim
2681 5816 2708 5852 a
2742 5797 2961 5858 Kalend.
3002 5794 3272 5865 Aprilibus
3325 5790 3390 5841 ad

1859 5894 2110 5947 ultimum
2138 5892 2446 5949 Decembris
2468 5892 2583 5947 dies
2607 5890 2849 5961 suutS75
2877 5887 3070 5955 quibus
3102 5901 3193 5952 per
3228 5882 3256 5935 7
3288 5886 3392 5935 αις·
