4046 6320
673 465 680 470 .
724 413 858 465 142⁵1
1694 419 1785 473 AD
1813 416 2076 478 EUSEHH
2110 423 2500 481 CHROI‘QICON
2539 422 2890 484 APPENDIX.
2923 452 2926 454 τ
3768 423 3868 478 MSS

721 530 942 584 tributis
1011 521 1335 596 restant/2,
1392 550 1511 604 quae
1569 539 1856 606 προσθεταέ
1899 556 2018 595 esse
2071 543 2265 597 debent
2295 553 2340 607 Α
2375 545 2602 600 habebat
2650 545 2833 613 cyclos
2868 559 3052 606 xxvnt,
3111 527 3270 611 cujus
3299 551 3502 612 epactze
3543 548 3673 596 sunt
3725 557 3783 595 vt.
3811 544 3866 594 Ad

720 624 962 678 Januarii
995 664 1010 690 ,
1080 627 1126 681 si
1191 625 1257 680 ab
1317 627 1487 696 “Aprili
1551 639 1972 698 computentur;
2041 644 2097 687 at
2173 634 2262 688 Ja-
2367 635 2641 703 regulares
2691 635 2870 703 itaque
2911 631 3185 688 Februarii
3240 650 3326 695 tv,
3381 633 3429 687 si
3481 633 3732 685 accedant
3771 647 3864 698 epa-

647 733 649 735 ί
723 716 947 770 nuarins
1008 725 1214 770 tantum
1278 717 1437 772 habet
1495 734 1530 771 ι.
1571 719 1801 775 Proinde
1832 723 1911 776 sic
1949 739 1978 775 a
2007 723 2266 780 Januario
2368 735 2468 779 cla:
2507 741 2579 788 vt,
2609 735 2661 780 et
2699 713 2987 795 ἡπόσταία
3023 741 3045 778 ι
3085 724 3173 777 ﬁet
3209 722 3465 795 Kalendis
3499 721 3786 776 Februariis
3813 719 3868 775 le-

724 807 969 862 calculus
1005 815 1347 876 propagatur.
1378 809 1640 873 Quoniam
1676 827 1797 869 cum
1845 813 2078 867 litteraG
2101 823 2182 869 est
2213 816 2267 868 in
2368 817 2447 870 ria
2473 833 2544 871 tv.
2571 815 2697 869 Erat
2729 824 2905 870 autem
2923 831 2972 868 v.
2996 814 3165 884 lgitur
3195 830 3306 867 non
3331 822 3534 881 epacta:
3562 830 3612 866 vr
3645 811 3866 865 annicur-

725 913 850 960 usu,
878 897 1119 964 Januarii
1144 897 1401 954 Kalendis
1433 899 1564 954 feria
1609 909 1694 955 est
1745 904 2013 970 sccumlaf;
2068 913 2269 973 epacta:
2370 906 2559 968 rentis,
2592 905 2686 960 sed
2719 907 2787 960 vn
2825 905 2952 958 anni
2987 905 3266 974 sequentis
3299 903 3620 958 adhibenda:
3671 911 3798 966 sunt,
3825 911 3865 955 ut

724 985 968 1040 Januarii
1012 995 1138 1041 sunt
1168 1004 1206 1052 I,
1245 989 1429 1042 ultima
1465 989 1582 1043 dies
1627 989 1868 1044 Januarii
1915 1002 2000 1046 est
2035 992 2166 1047 feria
2192 1011 2263 1048 tv.
2369 994 2502 1048 feria
2530 994 2824 1065 vprodeat.
2860 994 3032 1064 Hujus
3061 995 3139 1049 rei
3170 1010 3334 1048 causa
3369 1011 3434 1049 ex
3459 995 3722 1063 dispositu
3751 1008 3867 1062 regu-

726 1075 858 1130 Nam
882 1075 1071 1132 divisis
1099 1077 1168 1131 52
1188 1079 1400 1142 diebus,
1423 1080 1523 1132 hoc
1554 1092 1639 1134 est
1684 1081 1745 1135 3l
1777 1079 2041 1147 Januarii,
2066 1093 2119 1138 et
2141 1099 2270 1154 epa-
2369 1085 2560 1139 larium
2592 1085 2808 1154 petitur.
2837 1083 2971 1164 Haut
2999 1087 3043 1148 si
3080 1085 3149 1139 ab
3185 1084 3355 1154 Aprili
3387 1095 3563 1154 empta
3607 1087 3868 1155 progressio

726 1176 811 1220 cta
833 1168 952 1236 ejus
982 1183 998 1220 ι
1031 1183 1126 1237 per
1155 1168 1210 1231 7,
1245 1175 1453 1222 restant
1485 1171 1600 1224 dies
1631 1170 1696 1232 4;
1723 1171 1802 1224 sic
1832 1171 2022 1228 divisis
2053 1173 2142 1239 9|,
2169 1173 2269 1226 hoc
2370 1192 2478 1230 non
2509 1177 2943 1245 interpellaretur
2969 1176 3023 1229 in
3055 1173 3329 1242 Januario,
3357 1185 3611 1244 essetque
3654 1175 3868 1244 regularis

725 1265 810 1311 est
837 1258 1026 1313 diebus
1057 1260 1322 1314 mensium
1356 1262 1538 1327 trium,
1576 1260 1756 1314 addita
1787 1271 1973 1332 epacta
1997 1261 2265 1326 Januarii;
2342 1269 2555 1336 'bujus,
2600 1276 2660 1320 ut
2699 1282 2793 1336 par
2853 1273 2989 1332 erat,
3019 1282 3080 1329 ll,
3131 1273 3186 1320 et
3235 1265 3511 1319 Februarii
3541 1284 3593 1324 v.
3616 1282 3687 1320 ex
3713 1267 3868 1335 θρηῑέ

727 1363 821 1416 per
850 1349 900 1412 7,
929 1349 1204 1404 residuum
1226 1357 1309 1405 est
1339 1351 1368 1402 7
1394 1359 1582 1420 epacta
1615 1353 1818 1407 mensis
1839 1352 2075 1422 Aprilis;
2112 1352 2269 1407 dein-
2371 1359 2568 1414 veteris
2611 1361 2760 1423 anni,
2817 1367 2872 1412 et
2927 1359 3268 1428 regularibus
3316 1358 3590 1412 Februarii
3639 1375 3753 1411 cum
3800 1377 3867 1409 ππ

725 1458 852 1511 ceps
875 1451 1050 1496 autem
1093 1443 1162 1496 ab
1191 1443 1360 1513 Aprili
1392 1445 1526 1498 nihil
1553 1445 1798 1509 additur,
1834 1446 2088 1514 quoniam
2146 1459 2272 1515 epa-

2270 1477 2272 1483 ι
2373 1451 2528 1519 erat;
2559 1455 3032 1517 reprmscntaretur
3048 1448 3179 1501 feria
3193 1449 3399 1517 quinta.
3416 1447 3568 1502 Nunc
3589 1450 3646 1502 in
3661 1448 3868 1503 Januario

725 1541 811 1586 cta
837 1535 1037 1604 Aprilis
1056 1543 1139 1591 est
1172 1535 1223 1599 7,
1252 1536 1334 1590 vel
1359 1537 1413 1590 6.
1449 1535 1620 1604 Hujus
1643 1538 1742 1599 rei,
1775 1536 2069 1606 quamlibet
2098 1536 2231 1591 levis
2253 1576 2266 1598 ,
2371 1555 2566 1592 novum
2600 1540 2875 1594 exordium
2918 1537 3346 1608 imprudentibus
3383 1539 3659 1608 obrepsit,
3714 1549 3764 1592 ut
3807 1555 3868 1592 re-

725 1624 1031 1679 observatio
1049 1641 1160 1678 non
1183 1626 1504 1680 mediocrem
1542 1627 1715 1682 lucem
1767 1626 1922 1680 aﬂ‘ert
1961 1624 2268 1681 Graecorum
2371 1629 2573 1699 gularis
2618 1635 2931 1698 competens
2982 1643 3090 1681 uno
3134 1629 3444 1682 deminutus
3496 1630 3648 1682 lieret
3683 1645 3715 1683 I.
3744 1628 3870 1681 Obi'l

725 1703 1029 1782 computo':
1063 1714 1222 1783 cujus
1248 1715 1578 1784 ignoratione
1598 1716 1732 1772 adeo
1766 1713 2054 1772 manifesto
2082 1730 2269 1774 errore
2370 1732 2556 1792 epacta
2589 1723 2791 1776 unitate
2815 1720 3002 1789 major,
3033 1721 3087 1774 id
3117 1733 3199 1777 est
3239 1724 3367 1777 anni
3417 1723 3711 1792 sequentis,
3753 1728 3870 1773 antc-

725 1803 1036 1872 implicatus
1071 1812 1155 1860 est
1186 1804 1438 1874 Scaliger.
2371 1813 2599 1866 vertitur
2653 1875 2656 1880 _
3481 1865 3484 1867 Α

794 1894 1013 1948 Isaacus
1064 1894 1360 1950 monachus
1421 1897 1615 1960 prioris
1668 1896 1916 1966 Computi
1967 1899 2140 1969 capite
2184 1895 2272 1962 IV,
2306 1889 2346 1943 Β
2445 1903 2766 1973 Epaetarum
2790 1917 3113 1968 annuarum,
3149 1904 3260 1958 sive
3283 1905 3718 1958 concurrentium
3758 1904 3874 1956 inve-

726 1983 1023 2056 προώετάς
1052 1987 1314 2040 mensium
1343 1997 1498 2040 vocat
1529 1987 2032 2057 snazrdg,{quarutti
2059 1989 2276 2060 epilogi-

2273 2018 2276 2027 ’
2381 1994 2608 2066 stigatio
2637 1994 2794 2048 aliter
2821 2007 2851 2046 a
2884 1991 3116 2048 Maximo
3153 1995 3682 2065 proponitur‘capite
3723 1992 3871 2046 XXIX.

725 2090 900 2130 smum
934 2077 1125 2146 incipit
1151 2077 1220 2130 ab
1273 2077 1475 2146 Aprili;
1534 2092 1596 2132 ac
1652 2080 1918 2148 superiori
1953 2080 2028 2134 illi
2077 2081 2274 2134 rationi
2375 2081 2584 2148 Quotus
2610 2093 2690 2140 est
2712 2089 2896 2158 cyclus
2918 2092 3066 2154 anni,
3101 2089 3192 2160 qui
3227 2086 3507 2155 quaeritur,
3539 2086 3752 2139 totidem
3768 2083 3874 2142 dies.

725 2165 1051 2235 suffragator
1071 2166 1295 2222 accedit.
1327 2166 1534 2222 Etenim
1563 2177 1780 2238 epaetas
1802 2170 2098 2239 cujuslibet
2125 2186 2276 2226 men-
2369 2180 2484 2228 uno
2500 2174 2736 2246 dempto.
2769 2181 2910 2232 sumi
2937 2179 3194 2249 praecipit.
3219 2176 3340 2229 Inde
3360 2175 3633 2245 cyclorum
3653 2173 3874 2228 omnium.

726 2256 805 2311 sis
835 2256 1116 2310 constituit
1149 2254 1334 2311 feriam
1359 2258 1560 2312 ultimae
1588 2258 1691 2314 diei
1718 2259 2084 2314 antecedentis
2123 2261 2275 2331 cyclo
2377 2266 2523 2345 nullo
2552 2276 2822 2338 exempto,
2871 2284 3153 2324 numerum
3193 2282 3296 2337 per.
3317 2265 3350 2319 4
3378 2263 3566 2336 partiri
3599 2279 3612 2315 :
3666 2263 3793 2332 quod
3826 2277 3876 2314 ex

726 2346 920 2413 primo,
946 2361 1067 2401 cum
1104 2346 1279 2402 littera
1301 2356 1383 2403 est
1411 2346 1474 2402 G.
1510 2348 1858 2404 Ostendimus
1885 2365 2048 2419 supra
2077 2365 2198 2420 cap.
2227 2350 2273 2406 Υ
2375 2353 2640 2410 divisione
2665 2359 2910 2425 provenit
2950 2357 3017 2411 ad
3055 2353 3387 2425 superiorem
3448 2368 3710 2407 summam
3759 2349 3877 2404 addi-

725 2436 937 2506 cyclum
969 2437 1102 2492 solis
1130 2437 1300 2492 lsaaci
1326 2437 1652 2507 respondere
1688 2455 1797 2492 xvn
1822 2437 2086 2502 Romano,
2115 2441 2274 2510 cujus
2372 2452 2510 2508 tum,
2549 2453 2768 2514 totoque
2785 2463 2880 2516 per
2910 2448 2939 2500 7
2969 2448 3188 2518 partito,
3241 2443 3506 2512 reliquum
3544 2446 3647 2496 erit
3702 2449 3874 2510 epacta,

728 2527 920 2580 littera:
945 2534 1073 2580 sunt
1099 2525 1208 2580 AG.
1245 2526 1426 2596 Itaque
1455 2528 1706 2585 Octobris
1725 2529 1976 2585 Kalendae
2003 2531 2056 2584 in
2086 2529 2273 2586 feriam
2374 2534 2456 2588 vel
2473 2535 2519 2589 si
2549 2537 2783 2605 supersit
2814 2537 2968 2600 nihil,
3001 2534 3341 2606 septenarius
3371 2533 3506 2602 ipse.
3531 2529 3690 2586 Verbi
3717 2531 3876 2602 gratia.

727 2618 1020 2673 secundam
1052 2618 1329 2685 incidunt;
1361 2628 1414 2674 et
1446 2620 1572 2690 quia
1609 2621 1727 2676 dies
1782 2621 1968 2674 ultima
2030 2619 2271 2691 Septem-
2373 2636 2684 2695 quaerantur
2703 2634 2905 2697 epacta:
2927 2627 3054 2681 anni
3076 2643 3221 2681 xxvi.
3252 2624 3333 2680 Ob
3352 2625 3533 2694 cyclos
3563 2639 3668 2678 xxv
3690 2630 3876 2692 prater-

731 2711 844 2764 bris
868 2707 973 2764 fuit
1011 2708 1145 2764 fet-ia
1177 2711 1370 2779 prima,
1399 2711 1526 2766 hinc
1565 2719 1768 2782 epactze
1794 2709 2043 2768 Octobris
2077 2720 2204 2768 sunt
2230 2729 2270 2780 ι,
2375 2717 2480 2772 itos
2535 2734 2691 2774 sumo
2737 2717 2854 2773 dies
2890 2718 2980 2783 25,
3015 2726 3130 2772 tum
3160 2718 3341 2772 divido
3367 2715 3436 2769 9-6
3485 2732 3579 2786 per
3626 2716 3680 2779 J,
3724 2729 3881 2784 prove-

724 2809 927 2868 epacta:
988 2798 1303 2856 Novembris
1338 2817 1408 2866 tv,
1446 2811 1645 2871 epactae
1684 2800 1926 2871 Januarii
1957 2818 2020 2865 ll,
2055 2818 2152 2857 nec
2184 2805 2270 2857 in-
2374 2810 2531 2862 niunt
2553 2809 2604 2864 6.
2635 2809 2977 2880 Culliguntur
3008 2809 3060 2863 5.
3091 2808 3219 2864 Item
3253 2809 3392 2875 cycli
3420 2807 3552 2862 solis
3591 2806 3657 2859 28
3697 2811 3880 2874 epactas

725 2893 1081 2962 terrumpitur
1104 2907 1170 2945 eo
1200 2908 1381 2947 mense
1408 2894 1601 2947 calculi
1647 2894 1987 2964 progressio;
2020 2903 2084 2948 ut
2129 2895 2270 2965 apud
2373 2898 2447 2952 ita
2470 2900 2743 2954 conficies.
2782 2900 2939 2968 Cape,
2960 2898 3078 2962 dies
3128 2898 3196 2952 27
3229 2899 3297 2953 ob
3342 2905 3644 2952 transactos
3693 2895 3882 2949 totidem

728 2985 1037 3048 Maximum.
1069 2985 1206 3040 Vide
1234 2996 1394 3054 caput
1426 2982 1490 3037 IV
1516 2983 1684 3038 lsaaci
1719 2985 1990 3039 monachi.
2371 2991 2574 3060 cyclos,
2629 2990 2822 3045 deinde
2844 2990 2912 3044 28
2939 2990 3123 3060 cyclos
3157 2991 3326 3059 ipsos,
3362 2990 3509 3042 nullo
3538 2989 3768 3041 detracto
3783 2999 3882 3052 par-

796 3074 1110 3144 Sequuntur
1139 3089 1402 3128 annorum
1427 3083 1647 3142 epactze,
1697 3089 1833 3142 quos
1885 3081 2270 3142 concurrentes
2373 3081 2474 3136 tire
2495 3096 2590 3151 per
2617 3081 2672 3146 4,
2691 3087 2745 3136 et
2763 3088 2988 3150 septem,
3010 3081 3104 3151 qui
3123 3082 3246 3136 inde
3267 3087 3571 3134 nascuntur
3587 3077 3718 3131 adde
3735 3076 3796 3129 ad
3810 3074 3881 3133 27.

729 3165 956 3219 Romani
1013 3172 1414 3234 computatores
1443 3169 1654 3217 vocant.
1685 3161 1780 3216 Est
1809 3169 1985 3249 autem
2017 3161 2268 3218 residuus
2293 3211 2335 3269 c
2370 3188 2435 3226 ac
2458 3188 2725 3228 summam
2761 3172 2830 3226 34
2854 3172 3032 3228 divide
3055 3188 3150 3241 per
3180 3172 3231 3226 7,
3250 3171 3525 3226 Exsistent
3560 3178 3754 3238 epactze
3780 3164 3883 3219 anni

727 3255 981 3310 feriarum
1011 3255 1268 3315 numerus
1293 3269 1357 3308 ex
1387 3268 1530 3308 anno
1583 3247 1938 3307 antecedenti.
1974 3251 2041 3306 Ut
2091 3253 2136 3308 si
2162 3268 2262 3308 διι-
2294 3247 2348 3282 ⁸³-
2368 3265 2541 3318 ultimi
2590 3280 2660 3317 Vl.
2719 3263 2890 3334 Hujus
2964 3264 3199 3317 methodi
3253 3264 3533 3331 perspicua
3599 3259 3734 3316 ratio
3802 3266 3882 3310 εει

725 3366 826 3404 nus
879 3349 1088 3418 primus
1119 3364 1146 3400 a
1180 3347 1310 3401 feria
1362 3348 1533 3418 prima
1559 3348 1815 3418 .incipiat,
1873 3348 2094 3403 ultimus
2147 3348 2264 3405 dies
2363 3352 2498 3408 Nam
2521 3357 2722 3424 epactis
2746 3355 2916 3410 ultimi
2952 3370 3216 3409 annorum
3267 3354 3384 3418 dies
3435 3345 3884 3406 accrescunt.le

728 3442 838 3494 ὑνίι
865 3440 998 3493 feria
1033 3441 1204 3509 Prima
1227 3456 1240 3505 ;
1264 3439 1486 3509 Ρνοίηάο
1525 3449 1724 3508 ορθεῑέε
1754 3439 1978 3495 secundi
2008 3439 2136 3494 anni
2160 3441 2266 3504 erit
2365 3461 2490 3500 cum
2539 3447 2777 3502 nondum
2827 3444 3070 3516 expletus
3107 3453 3188 3501 est
3229 3446 3517 3500 vicesimus
3569 3452 3782 3498 octavus
3808 3454 3881 3491 an-

725 3530 927 3592 nnitas,
984 3537 1038 3582 et
1069 3528 1140 3581 ita
1166 3527 1440 3596 deinceps.
1466 3526 1690 3596 Cyclum
1719 3528 1948 3582 solarem
2002 3526 2266 3582 Maximus
2368 3551 2494 3600 nus,
2543 3537 2751 3590 nullam
2800 3537 2855 3590 in
2903 3551 3192 3590 commune
3241 3535 3535 3606 symbolam
3565 3528 3885 3588 conteret?

721 3621 934 3674 υτάίῑυι·
960 3619 1032 3673 ab
1072 3617 1318 3671 Romam)
1377 3634 1452 3681 νιν
1507 3617 1664 3686 cuius
1717 3617 1890 3672 “uera
1954 3617 2019 3674 (ἶ.
2053 3615 2292 3671 Primus”
2368 3644 2485 3681 rum
2517 3629 2642 3698 quia
2675 3636 2798 3698 post
2825 3629 3093 3684 bisextum
3124 3627 3336 3698 incipit,
3361 3626 3481 3682 ideo
3513 3624 3772 3680 bisextilis
3795 3621 3886 3690 ipse

724 3711 929 3765 mensis
965 3718 1048 3764 est
1096 3710 1312 3776 Aprilis.
1382 3708 1548 3778 Igitur
1596 3710 1748 3779 cyelo
1795 3710 1968 3779 primo
2012 3708 2266 3765 Kalendis

2368 3720 2485 3774 dies
2516 3719 2659 3774 cedit
2684 3720 2737 3772 in
2783 3733 3070 3773 summam.
3121 3715 3414 3787 Propterea
3465 3716 3609 3770 nullo
3649 3714 3882 3768 detracto.

721 3801 996 3872 Aprilibus
1041 3801 1278 3856 esu‘eria
1326 3802 1519 3870 prima.
1573 3798 1785 3870 Epacta:
1815 3808 1942 3854 sunt
1988 3816 2095 3867 vn;
2142 3814 2266 3853 nam

2371 3813 2427 3864 tit
2458 3811 2732 3882 cyclorum
2774 3810 3013 3864 omnium
3060 3809 3274 3863 divisio.
3324 3807 3438 3862 Hac
3473 3804 3720 3860 methodo
3745 3802 3884 3857 utitor

718 3901 922 3964 epacta:
972 3900 1100 3948 sunt
1151 3893 1284 3947 feria
1335 3892 1510 3945 ultimi
1566 3890 1671 3946 diei
1721 3891 2079 3962 praecedentis
2118 3892 2263 3946 anni.
2371 3903 2587 3958 lsaacus
2616 3907 2857 3974 Argyr“
2899 3903 3076 3972 capue
3125 3901 3215 3956 ιιι,
3284 3899 3562 3955 postremo
3619 3911 3722 3951 nec
3781 3892 3885 3947 illud

721 3988 862 4040 Αιιηί
899 3986 1123 4042 Secundi
1163 3993 1366 4054 θρδοῑῖε
1415 3995 1541 4038 διηιῑ
1574 4001 1610 4048 ιν
1642 3985 1787 4039 lenii
1841 3993 1967 4039 sum
2004 4000 2065 4049 ην
2089 3985 2268 4054 quam
2370 3995 2647 4062 omittam;
2682 3994 2786 4050 etsi
2820 3993 3065 4049 Romano
3094 4009 3245 4048 more
3302 3991 3566 4046 bisextilis
3593 3989 3714 4043 dies
3762 3986 3885 4040 inﬁn-

719 4088 940 4141 sunttv,
967 4089 1184 4147 propter
1208 4076 1514 4131 bisextilem
1565 4075 1728 4129 diem.
1762 4074 1898 4130 Cum
1954 4076 2098 4129 enim
2136 4089 2281 4153 con-V

2370 4087 2530 4140 datur
2561 4086 2700 4140 inter
2742 4100 2868 4140 utv
2921 4091 2977 4138 et
3028 4099 3132 4137 xxv
3174 4081 3489 4146 Februarii;
3541 4079 3771 4148 indeque
3798 4077 3881 4129 llo-

717 4170 1055 4224 currcnlium
1111 4170 1315 4238 epocba
1368 4184 1396 4223 a
1437 4168 1630 4221 Martio
1663 4169 1747 4221 V61
1800 4168 1970 4235 Aprili
2017 4167 2267 4229 sumitur.
2371 4179 2666 4236 inanoritu,
2696 4192 2832 4231 nova
2859 4177 3038 4230 littera
3059 4160 3723 4240 succedat;nihilominus
3764 4169 3883 4223 Isaa-

719 4261 952 4328 simplex
977 4268 1060 4313 cst
1079 4269 1290 4328 epacta,
1316 4259 1408 4314 sed
1437 4274 1466 4311 a
1497 4257 1756 4312 Januario
1773 4257 2091 4312 ineuntibus
2109 4256 2270 4310 annis
2371 4282 2493 4321 cum
2517 4269 2818 4322 bisextitem
2844 4266 2983 4322 diem
3007 4280 3130 4320 eum
3156 4273 3372 4334 putare,
3404 4264 3494 4332 qui
3515 4271 3594 4317 est
3620 4260 3883 4315 vicesimus

717 4354 915 4422 dnpiex
951 4353 1269 4416 assumitur,
1296 4362 1353 4405 ut
1383 4355 1437 4405 in
1463 4352 1707 4406 Romano
1763 4359 2018 4420 computo
2073 4348 2271 4420 duplex
2373 4373 2569 4421 nonus,
2599 4366 2651 4412 et
2676 4358 2929 4424 ultimus;
2957 4357 3030 4411 uti
3057 4363 3255 4426 quarto
3276 4339 3454 4424 capite
3483 4354 3740 4414 declarat,
3765 4348 3884 4419 quod

717 4447 896 4499 littera
922 4444 1059 4497 solet
1084 4456 1259 4497 essc'=
1293 4458 1520 4512 quarum
1546 4444 1694 4510 prior
1723 4458 1754 4495 a
1784 4440 2040 4500 Kalendis
2069 4439 2271 4504 Ianua.-
2372 4459 2425 4502 et
2448 4449 2582 4502 alios
2618 4448 2938 4503 observasse
2989 4445 3355 4511 meminimus,
3385 4446 3493 4499 imo
3542 4443 3605 4496 ab
3639 4440 3883 4496 nonnullis

720 4537 819 4589 riis
842 4535 908 4587 ad
939 4534 1208 4589 bisonum
1238 4540 1555 4600 usurpatur;
1576 4532 1841 4602 posterior
1883 4532 2006 4586 inde
2052 4531 2117 4585 ad
2155 4546 2271 4585 ver—
2299 4538 2318 4595 ι

2299 4538 2424 4595 Din
2463 4537 2710 4593 Martium
2742 4553 2862 4594 esse
2905 4537 3243 4592 translatum.
3278 4533 3354 4590 De
3401 4550 3510 4605 quo
3541 4532 3657 4588 vide
3684 4547 3797 4602 quae
3834 4529 3881 4580 Ii-

719 4634 919 4677 tentem
970 4639 1191 4677 annum.
1234 4620 1444 4692 Epaetaé
1492 4637 1586 4689 per
1617 4629 1786 4674 totum
1844 4621 2055 4690 cyclum
2107 4621 2265 4675 annis
2367 4630 2465 4683 bro
2491 4627 2585 4691 ιγ,
2617 4644 2736 4698 cap,
2768 4626 2884 4691 xu,
2920 4627 2988 4681 ad
3032 4625 3219 4681 Caleni
3251 4624 3430 4679 locum
3465 4623 3665 4678 ibidem
3710 4619 3885 4674 descri-

720 4717 948 4784 singulis
992 4724 1352 4786 congruentes
1405 4713 1662 4768 describit
1711 4712 1976 4766 Maximus
2031 4712 2086 4776 in
2125 4720 2264 4775 rota,
2369 4729 2520 4788 ptum
2550 4718 3050 4774 animadvertimus.
3087 4781 3090 4793 ν

718 4822 879 4876 quam
931 4809 1108 4876 capite
1166 4808 1341 4876 primo
1387 4807 1708 4874 posuimus:
1746 4818 1844 4857 nec
1891 4801 2120 4857 diﬂicilis
2184 4811 2268 4857 est
2939 4827 3165 4884 CAPUT
3196 4818 3333 4885 νιίι,

718 4900 1022 4954 ¹¹¹θί¹¹⁰ἀι¹δο
1464 4993 1469 4994 ί
2051 4989 2061 4994 _
2374 4921 2687 4994 Explicatur
2709 4916 2973 4994 utet/totius
2995 4917 3217 4994 lunw_.in
3255 4925 3493 4994 computo
3514 4911 3755 4969 Maximi,
3803 4908 3885 4994 δέτι

786 4994 1040 5060 Quamvis
1106 5001 1282 5053 autem
1339 4991 1601 5044 Maximus
1662 5007 1883 5055 annntn,
1948 4989 2267 5060 cyelumque
2444 4978 2822 5066 Alexandrino.
2857 4987 3075 5055 Epacta:
3125 4987 3282 5066 quit,
3331 4978 3654 5052 ejusdemque
3709 4978 3886 5047 ιεςιιφ

717 5059 949 5139 solarem
1006 5085 1075 5140 ab
1127 5083 1296 5153 Aprili
1359 5082 1598 5150 incipiat,
1664 5092 1717 5135 et
1765 5080 2054 5134 Jatmarius
2116 5095 2267 5133 men-

1664 5092 1717 5135 οι
1765 5080 2054 5134 jammrms
2116 5095 2267 5133 me“-
2436 5079 2536 5124 res,
2568 5071 2616 5114 et
2646 5059 2916 5121 ambarum
2937 5059 3259 5126 propagatio.

717 5183 793 5231 sis
819 5179 1062 5232 decimus
1082 5179 1174 5242 sit,
1210 5179 1263 5230 in
1300 5177 1529 5229 ratione
1557 5185 1732 5228 tamen
1785 5175 1889 5228 τῶν
1934 5177 2264 5244 ἡμεροευρε-
2385 5195 2391 5201 ’
2436 5175 2542 5229 Pro
2589 5174 2828 5229 diversis.
2871 5170 3180 5226 Gnecorum
3243 5168 3368 5222 teris
3432 5183 3496 5222 ac
3549 5163 3810 5234 compotis
3831 5159 3883 5212 ab

720 5268 832 5319 σίου
860 5269 913 5321 in
948 5268 1050 5321 hoc
1087 5284 1289 5329 mense.
1313 5277 1362 5322 et
1389 5266 1602 5321 duobus
1649 5266 1999 5333 sequentibus
2045 5272 2266 5338 epactas
2367 5266 2496 5318 orbe
2532 5264 2768 5334 condito,
2794 5265 2928 5316 varii
2965 5262 3146 5315 itidem
3178 5260 3316 5332 cycli
3345 5269 3474 5320 sunt
3504 5258 3628 5313 solis
3651 5271 3718 5309 ac
3739 5255 3880 5307 luna:

719 5361 944 5414 assumit
969 5360 1088 5428 ejus
1123 5361 1245 5412 anni
1282 5402 1297 5425 ,
1333 5360 1424 5427 qui
1457 5374 1629 5412 novus
1662 5357 1730 5410 ab
1780 5357 1941 5426 Aprili
1982 5356 2260 5410 succedit:
2364 5365 2785 5424 epactarumque
2865 5341 3286 5422 colligendarum
3364 5351 3514 5404 varia
3576 5345 3880 5400 methodust

718 5454 790 5502 uti
818 5454 992 5521 capite
1025 5450 1139 5504 XIX
1169 5451 1450 5520 signiﬁcat.
1482 5449 1826 5518 Exemplum:
1859 5464 2032 5502 annus
2075 5447 2264 5501 Adami
2365 5462 2526 5517 quam
2559 5447 2624 5501 ad
2674 5447 2908 5511 unicam,
2961 5446 3370 5515 simpliccmque
3429 5441 3668 5509 redigere
3697 5436 3880 5507 potuis-

716 5543 856 5596 til33
879 5545 999 5598 iniit
1029 5559 1058 5596 a
1089 5543 1345 5598 Kalendis
1368 5543 1640 5611 Aprilibus
1673 5541 1797 5593 anni
1828 5539 2027 5593 Christi
2069 5554 2261 5600 tacxu,
2366 5549 2513 5602 sent;
2547 5537 2590 5592 si
2627 5536 2691 5589 ad
2751 5537 3018 5590 labentem
3071 5550 3275 5590 annutn
3321 5530 3558 5600 computi
3589 5528 3674 5583 sui
3705 5524 3880 5616 aliquid

612 5615 619 5624 ’
715 5633 868 5701 ryclo
901 5634 1143 5688 Romano
1173 5650 1247 5696 vi,
1271 5635 1447 5687 littera
1481 5631 1542 5686 G.
1579 5632 1773 5702 Cyclus
1802 5645 1929 5698 ergo
1952 5629 2264 5684 Constanti-
2367 5642 2535 5680 annos
2557 5625 2843 5688 adderent;
2891 5641 2991 5680 nec
3019 5640 3136 5680 eam
3192 5621 3620 5678 commoditatem
3653 5627 3878 5688 pem!"

717 5727 1060 5793 ιιουοιίιειιιιιε
1092 5729 1140 5782 ei
1172 5725 1542 5796 rcspondensr
1585 5721 1773 5779 iisdem
1830 5723 2085 5776 Kalendis
2120 5721 2256 5774 iniit.
2365 5717 2601 5781 mallent,
2629 5727 2685 5768 ut
2723 5731 2842 5770 tene
2883 5730 2993 5771 sua:
3017 5729 3224 5770 summa
3254 5727 3348 5782 per
3400 5712 3667 5783 cyclorutn
3719 5716 3880 5760 nume-

721 5816 897 5879 ρωω
923 5817 1201 5880 Januario,
1229 5817 1541 5880 Februario,
1583 5831 1640 5867 ac
1667 5813 1854 5867 Mattio
1875 5815 2048 5867 locum
2088 5811 2260 5864 adhuc
2367 5825 2487 5865 t'utn
2538 5809 2850 5875 distributa,
2912 5808 3161 5879 proprius
3224 5805 3490 5876 cujusque
3542 5801 3661 5857 anni
3725 5797 3884 5869 εςςῑω
