4046 6320
227 487 359 545 I429

1149 491 1597 547 DISSERTATI’}
1640 449 1722 544 ai;
1760 489 2163 545 ιςιιίιεεοιιυιι
2196 486 2394 542 ASRIS.

3264 485 3393 542 1459

224 613 524 659 exsnsteret.
558 594 627 659 Ut
663 607 717 660 in
748 604 991 661 Romano
1016 617 1269 677 computo
1296 626 1415 664 ama
1442 610 1664 673 Christi,
1691 610 1756 663 ad
1788 617 1830 670 Α
1930 608 2083 673 Quod
2132 614 2309 661 autem
2356 607 2410 659 in
2452 605 2518 658 IX
2567 604 2642 658 De
2686 604 2920 657 doctrina
2968 614 3270 670 temporum,
3301 617 3391 655 ea-

223 698 491 764 cyciorum
518 705 929 768 epactarumque
956 700 1284 763 methodum,
1302 703 1555 755 unitatem
1583 701 1764 769 adjici-

223 798 387 848 mus;
416 800 585 852 neque
619 787 762 840 solos
809 803 927 841 aera:
975 803 1146 842 annos
1182 790 1511 843 adhibemus.
1571 790 1628 843 In
1656 806 1762 857 quo

221 864 395 920 Latini
448 884 635 925 omnes
681 874 1040 927 consentiunt.
1074 876 1129 929 In
1160 878 1317 931 anuis
1364 894 1493 931 vero
1550 878 1757 941 mundi,

220 959 435 1010 tametsi
465 973 715 1028 magnum
764 963 903 1015 inter
944 966 1300 1034 cbronologos
1337 967 1628 1020 discrimen
1680 969 1759 1020 in-

218 1049 490 1113 tercedat;
547 1065 609 1104 ac
666 1052 822 1121 longe
851 1054 1031 1122 plures
1060 1057 1179 1111 aliis
1221 1058 1309 1109 alii
1343 1064 1653 1120 numerent;
1693 1058 1760 1111 de

225 1138 393 1205 cyclis
449 1149 646 1206 tamen,
700 1146 1013 1214 epactisque
1061 1163 1247 1202 omnes
1307 1150 1447 1202 inter
1480 1164 1536 1203 se
1567 1165 1759 1203 conve-

217 1226 376 1278 niunt
402 1243 415 1277 :
438 1229 579 1297 quod
602 1232 693 1299 qui
726 1234 959 1301 plurium
1013 1249 1271 1289 annorum
1301 1238 1564 1290 summam
1612 1237 1759 1291 insti-

217 1323 397 1382 tuunt,
418 1319 484 1372 ad
502 1320 713 1374 illorum
741 1324 1044 1379 methodum
1064 1334 1452 1397 competentem
1476 1342 1755 1380 numerum

216 1408 500 1475 adjiciunt,
523 1411 599 1463 sie
629 1421 686 1464 ut
720 1427 925 1465 summa
947 1430 1041 1482 per
1068 1417 1246 1485 eyelos
1277 1418 1513 1486 integros
1562 1418 1754 1487 divisa,

215 1498 376 1551 iidem
427 1498 720 1553 labentium
760 1503 883 1555 anni
913 1504 1187 1572 cyclorum
1207 1507 1345 1574 apud
1369 1522 1555 1563 omnes
1582 1510 1761 1563 orian-

214 1594 321 1639 tur.
354 1586 592 1656 Exempli
626 1605 815 1653 causa;
856 1608 954 1647 nos
991 1596 1057 1649 ab
1073 1597 1202 1650 orbe
1228 1598 1441 1651 condito
1468 1600 1534 1653 ad
1557 1616 1755 1654 annum

214 1677 444 1745 primum
468 1694 585 1732 term
615 1683 915 1745 communis
938 1693 1190 1752 putamus
1221 1702 1393 1742 annos
1410 1689 1567 1753 5984,
1604 1690 1674 1743 ita
1700 1699 1755 1743 ut

216 1769 438 1826 ultimus
485 1772 556 1825 sit
602 1771 709 1837 ille,
761 1790 919 1844 quem
973 1778 1203 1842 primum
1254 1778 1457 1834 Christi
1502 1782 1750 1835 facimus.

212 1856 371 1912 A'lius
394 1873 562 1915 annos
588 1874 838 1917 numerat
872 1865 1031 1929 5959,
1062 1877 1120 1919 ιιι
1145 1868 1404 1938 Scaliger.
1443 1868 1499 1923 Si
1530 1887 1630 1925 nos
1658 1886 1753 1941 op-

1865 698 1974 767 pite
2002 696 2067 761 γ,
2094 696 2422 750 credidimus
2486 694 2769 747 Maximum
2809 695 3045 747 lunarem
3100 695 3390 761 προήγεσιν

1860 788 2107 841 olfecisse
2135 787 2239 840 diei
2268 786 2424 839 unius
2448 799 2477 837 a
2503 785 2705 837 Nicaeni
2730 785 2943 838 concilii
2970 793 3224 852 tempore,
3247 783 3389 851 quod

1859 892 2119 930 canonem
2147 876 2319 929 a‘tatis
2348 876 2504 938 luam,
2533 881 2690 941 atque
2704 880 3009 942 epactarum
3026 872 3415 926 constituisset

1860 966 1914 1017 in
1949 981 2054 1017 xxx
2086 964 2282 1025 Martii,
2332 979 2439 1016 non
2500 963 2554 1015 in
2600 978 2758 1026 xxxi;
2790 962 2865 1014 uti
2896 977 3106 1030 :equum
3154 969 3287 1025 erat,
3340 960 3385 1013 si

1857 1058 2071 1125 quidem
2103 1050 2462 1125 epocha'anni
2496 1057 2549 1109 in
2577 1054 2825 1109 Kalendis
2858 1054 3058 1122 Aprilis
3087 1054 3155 1107 ab
3193 1068 3257 1107 eo
3302 1054 3388 1107 de-

1857 1145 2055 1215 ﬁgitur,
2082 1148 2221 1200 scito
2245 1160 2485 1200 errorem
2516 1160 2655 1207 esse,
2688 1161 2846 1214 quem
2895 1145 3186 1213 depravata
3218 1142 3388 1197 Scali-

1856 1236 1967 1305 geri
2018 1236 2178 1290 lectio
2225 1237 2383 1292 nobis
2433 1237 2655 1305 peperit,
2693 1236 2782 1304 qui
2814 1236 2867 1287 in
2912 1232 3123 1301 Eclogis
3170 1232 3387 1285 Maximi

1856 1326 1998 1396 (pag.
2030 1327 2172 1397 759),
2197 1342 2331 1397 quas
2356 1327 2420 1381 ad
2456 1341 2607 1379 suam
2638 1332 2870 1379 mentem
2903 1324 3259 1395 interpolavit,
3290 1338 3389 1376 nec

1858 1418 2045 1472 iisdem
2080 1419 2223 1473 illius
2249 1419 2425 1473 verbis
2450 1417 2749 1485 exprimere
2786 1417 3017 1479 curavit,
3067 1416 3385 1483 scripserat;

1867 1509 1929 1560 Ἦ
1961 1509 2187 1561 ποσταία
2213 1510 2310 1577 τῆς
2342 1507 2562 1577 σελήνης
2581 1507 2636 1557 ὲν
2661 1509 2725 1575 τῇ
2761 1506 3005 1574 τριακάδι
3025 1506 3115 1557 τοῦ
3147 1504 3387 1573 Μαρτίου

1856 1598 2040 1671 μηνός,
2067 1608 2168 1652 etc.
2200 1599 2262 1651 ’11
2294 1598 2350 1650 δὲ
2380 1598 2605 1649 ποσταία
2632 1597 2726 1665 τῆς
2770 1596 3053 1665 ἑϐδομάδος
3104 1595 3241 1648 κατὰ
3291 1595 3387 1663 τὴν

1851 1687 2363 1758 τριακάδα-πρώτην
2417 1687 2506 1739 τοῦ
2536 1685 2695 1738 αὐτοῦ
2752 1686 2935 1756 μηνὸς,
2967 1686 3063 1747 τὰς
3089 1685 3183 1737 τοῦ
3216 1684 3385 1753 ἡλίου.

1855 1773 1956 1829 Sed
1990 1791 2288 1844 perperam.
2317 1774 2452 1826 Nam
2485 1775 2831 1828 scribendum
2889 1773 3131 1844 τριακάδι
3176 1771 3383 1843 πρώτῃ.

1856 1862 2077 1934 Sumpta
2103 1875 2185 1921 est
2223 1865 2335 1919 haec
2362 1866 2542 1934 ecloga
2564 1880 2627 1917 ex
2656 1863 2830 1933 capite
2855 1863 3019 1916 XXXI
3052 1866 3236 1933 prima:
3264 1868 3385 1932 pa‘r-

210 1950 519 2015 portunitas
550 1952 652 2004 ista
673 1955 979 2022 delectaret,
1013 1965 1071 2010 ut
1117 1973 1179 2013 ex
1206 1974 1435 2026 summa,
1479 1977 1640 2031 quam
1686 1964 1751 2016 ab
1785 1954 1825 2012 Β
1852 1961 1921 2013 tis
1943 1958 2190 2027 Compuli
2218 1977 2229 2011 :
2261 1959 2312 2010 in
2333 1972 2439 2027 quo
2461 1957 2557 2019 ita,
2590 1963 2647 2008 ut
2668 1955 2797 2019 dixi,
2822 1956 3033 2024 legitur.

212 2039 419 2093 Adamo
446 2042 749 2108 delinimus,
774 2050 993 2115 praecise
1016 2050 1325 2116 distribu‘ta,
1345 2053 1477 2121 cycli
1512 2053 1753 2108 labentes

206 2126 545 2185 edicerentur
583 2153 595 2187 :
630 2137 785 2190 annis
836 2138 973 2191 5984
998 2155 1093 2208 per
1123 2141 1191 2194 28
1235 2144 1467 2211 partitis,
1511 2145 1750 2214 reliquus

205 2228 356 2273 esset
386 2224 569 2291 cyclus
588 2226 719 2280 solis
750 2242 878 2292 vm;
906 2244 1001 2297 per
1036 2230 1100 2283 I9
1145 2248 1275 2289 vero
1304 2231 1525 2299 divisis;
1568 2238 1750 2305 cyelus

207 2310 353 2365 lunae
376 2328 495 2377 xm,
528 2317 607 2371 sic
630 2334 695 2371 ex
720 2318 981 2374 divisione
1014 2337 1277 2377 annorum
1298 2324 1455 2388 5950,
1496 2328 1627 2381 solis
1661 2344 1750 2382 es-

202 2410 290 2456 set
322 2407 505 2475 cyclus
540 2423 598 2470 ιι,
636 2410 775 2465 lunae
806 2428 936 2469 xvu.
960 2414 1028 2467 At
1054 2425 1171 2469 crat
1203 2414 1479 2471 Romanus
1511 2420 1639 2475 solis
1667 2436 1751 2491 cy—

202 2496 325 2548 clus
348 2511 401 2558 x,
435 2498 642 2555 lunaris
674 2516 733 2564 u,
758 2518 900 2557 anno
922 2506 1097 2574 primo
1142 2522 1262 2560 aera:
1299 2506 1641 2575 Christianas,
1691 2513 1746 2565 in

200 2599 365 2651 quem
393 2587 602 2657 utrique
630 2591 1021 2661 eonspiramus.
1074 2594 1243 2666 Igitur
1268 2598 1333 2652 ad
1361 2601 1625 2657 eruendas
1657 2619 1749 2673 cy-

197 2676 341 2737 elos,
379 2674 615 2748 Scaliger
641 2681 673 2734 8
703 2682 851 2737 addit
876 2684 943 2737 ad
973 2701 1272 2753 summam;
1304 2696 1363 2741 ut
1393 2690 1532 2744 5958
1562 2708 1659 2761 per
1678 2695 1745 2747 28

200 2767 418 2833 partitis
448 2771 631 2839 cyclus
664 2774 793 2829 solis
814 2773 1198 2841 inveniaturx;
1241 2780 1309 2831 ad
1328 2780 1569 2835 lunarem
1596 2799 1741 2847 vero,

196 2855 235 2907 4
257 2857 470 2925 adjicit;
516 2868 572 2913 ut
614 2862 750 2916 5951
783 2879 876 2933 per
919 2865 984 2919 19
1015 2868 1252 2933 tributis,
1282 2850 1531 2927 ‘exsistat
1552 2877 1739 2945 cyclus

200 2948 346 3002 lunae
372 2966 427 3004 ιι.
452 2951 558 3008 Nos
585 2955 649 3009 ad
674 2957 981 3011 methodum
1004 2961 1141 3029 cycli
1167 2963 1360 3017 solaris
1389 2964 1671 3033 adjicimus
1688 2968 1741 3034 2,

200 3038 268 3091 ad
309 3039 447 3094 luna:
466 3044 697 3112 cyelum.
735 3047 787 3101 8.
816 3046 893 3103 Ita
941 3050 1129 3105 divisis
1160 3054 1318 3109 annis
1344 3055 1481 3109 5986
1527 3063 1621 3125 per
1652 3058 1739 3122 28,

201 3131 480 3185 residuum
526 3137 629 3189 erit
676 3138 761 3197 10.
801 3155 895 3208 per
926 3141 991 3195 I9
1021 3152 1196 3197 autem
1225 3144 1416 3200 divisis
1445 3149 1604 3213 5992,
1656 3166 1742 3205 re-

198 3230 348 3275 stant
373 3223 426 3277 2.
456 3222 542 3280 Sic
577 3226 972 3284 incommodam
1015 3232 1159 3285 illam
1206 3239 1478 3304 cyclorum
1512 3241 1741 3295 varieta-

1924 2048 2022 2102 IIic
2062 2048 2213 2102 bidui
2256 2046 2496 2102 defectus
2530 2061 2623 2117 per
2651 2054 2822 2101 totum
2855 2047 3062 2115 cyclum
3096 2048 3236 2099 luna:
3266 2060 3384 2100 ser-

1850 2139 1926 2205 pit
1949 2155 1962 2203 ;
1990 2144 2043 2191 et
2071 2144 2271 2205 epacta:
2296 2143 2553 2205 perpetuo
2580 2135 2789 2190 duobus
2819 2137 3055 2191 minores
3079 2144 3203 2190 sunt
3223 2150 3383 2203 quam

1848 2227 2121 2282 Romanae.
2166 2226 2406 2297 Exempli
2446 2242 2631 2289 causa,
2676 2228 2827 2297 cyclo
2874 2243 2962 2280 xiv
3002 2236 3201 2294 epactas
3237 2242 3385 2278 com-

1846 2334 2038 2374 munes
2074 2314 2316 2383 sunt‘iv,
2372 2316 2599 2372 Maximo
2638 2334 2695 2382 ιι,
2741 2325 2800 2370 ιιι
2836 2318 2910 2370 ait
2949 2319 3123 2386 capite
3171 2316 3380 2369 XXVII.

1845 2406 2018 2475 Atque
2067 2406 2177 2459 haec
2218 2416 2527 2475 epactarum
2565 2407 2869 2477 progressio
2906 2406 3169 2459 naturalis
3201 2415 3305 2469 est,
3332 2415 3385 2459 ct

1845 2506 2155 2567 epactarum
2212 2513 2517 2566 germanam
2559 2498 2924 2553 conditionem
2966 2496 3157 2550 retinet
3206 2515 3218 2548 :
3265 2512 3383 2565 qua:

1844 2595 1927 2641 est
1968 2586 2253 2654 ejusmodi,
2299 2595 2357 2639 ut
2398 2588 2617 2642 totidem
2675 2588 2900 2658 quilibet
2952 2602 3124 2640 annus
3165 2596 3382 2656 epactas

1845 2678 2058 2742 habeat,
2082 2687 2213 2748 quot
2240 2687 2365 2732 sunt
2389 2678 2591 2734 residui
2622 2678 2738 2733 dies
2771 2693 2801 2730 a
2830 2680 3110 2732 neomenia
3142 2678 3383 2747 proxime

1845 2768 2188 2823 antecedente
2222 2768 2287 2822 ad
2318 2773 2443 2821 anni
2478 2774 2657 2838 caput.
2686 2767 2849 2838 Cyclo
2886 2769 3022 2822 lunae
3048 2784 3156 2831 xiv,
3183 2767 3379 2822 Kalen-

1842 2859 1927 2913 dis
1966 2858 2167 2928 Aprilis
2209 2860 2332 2913 luna
2383 2858 2594 2913 Nicazna
2642 2859 2743 2913 fuit
2776 2860 2956 2913 tertia.
3005 2859 3141 2928 Ergo
3180 2869 3379 2927 epacta-

1842 2951 2033 3004 merito
2073 2959 2200 3006 sunt
2242 2952 2295 3003 2.
2335 2950 2392 3005 In
2420 2951 2662 3019 Romano
2706 2959 2957 3019 computo
3003 2950 3239 3019 vulgaris
3269 2966 3376 3003 me-

1842 3042 2037 3097 thodus
2070 3043 2104 3096 4
2134 3050 2399 3097 numerat.
2434 3042 2507 3097 De
2534 3057 2639 3113 qua
2672 3043 2793 3097 vide
2823 3043 2916 3097 lib.
2948 3040 3013 3094 Vl
3047 3040 3121 3094 De
3142 3041 3376 3093 doctrina

1844 3140 2144 3201 temporum,
2161 3149 2280 3203 cap.
2302 3132 2484 3188 XXIII.

1909 3227 2231 3297 Epactarum
2301 3227 2740 3283 inveniendarum
2819 3226 3102 3282 methodus
3166 3229 3281 3281 haec
3349 3242 3375 3278 a

682 3280 687 3281 γ
1211 3280 1478 3304 ν,ν.ν......
1522 3280 1731 3295 "me.--

195 3318 313 3363 tem
340 3309 655 3370 Latinorum
688 3322 925 3389 eomputi
956 3323 1022 3375 ab
1040 3325 1168 3378 orbe
1202 3326 1442 3389 condito,
1499 3344 1561 3383 ac
1588 3332 1742 3387 chro-

1849 3280 2094 3383 ιιιιχέηιο,
2125 3280 2545 3388 agema;
2558 3280 2792 3372 traditur
2819 3336 2832 3384 ;
2878 3280 3094 3388 cyclum
3120 3280 3371 3387 luutepcr

194 3404 431 3473 nologiae
463 3407 741 3464 devitant:
775 3426 934 3481 quam
987 3411 1214 3470 Gra2cu|i
1261 3420 1421 3474 nimis
1465 3423 1743 3481 ambitiose

194 3495 496 3547 consectati
530 3504 674 3552 sunt.

264 3580 401 3636 Cum
438 3583 545 3641 duo
572 3588 679 3641 sint
714 3587 1020 3647 Grmcorum
1062 3605 1437 3665 computorum
1491 3600 1737 3667 divortia,

194 3679 254 3724 ut
279 3688 417 3742 saepe
465 3677 622 3733 nobis
678 3695 901 3736 necesse
933 3695 1014 3739 est
1042 3695 1317 3755 repetere;
1352 3697 1404 3743 et
1458 3692 1740 3761 utriusque

189 3762 467 3834 principes
495 3766 597 3822 hoc
638 3769 690 3822 in
718 3785 880 3839 Opere
907 3788 936 3826 a
966 3775 1123 3829 nobis
1152 3778 1279 3832 editi
1307 3780 1434 3843 duo,
1472 3780 1738 3841 Maximus

188 3859 247 3907 et
280 3852 529 3917 Isaaeus;
576 3872 641 3911 ex
692 3869 921 3929 utroque
980 3865 1348 3934 depromptam
1405 3872 1736 3940 singulorum

189 3943 455 3998 rationem
483 3948 668 4014 paucis
698 3952 1121 4020 explicabimus;
1161 3974 1219 4009 ac
1249 3962 1473 4027 primum
1500 3962 1733 4020 Maximi.

186 4034 247 4089 Is
276 4034 693 4093 Alexandrinam
750 4058 910 4096 atram
960 4049 1228 4115 sequitur;
1281 4051 1333 4104 in
1392 4068 1495 4121 qua
1533 4056 1735 4122 primus

186 4141 370 4179 annus
386 4142 504 4181 aera:
519 4130 835 4188 Christian-.e
856 4146 1169 4190 numeratur
1194 4138 1330 4193 5495
1357 4157 1367 4190 :
1393 4157 1493 4210 qua
1526 4154 1734 4198 summa

187 4228 292 4283 per
318 4214 387 4268 28
412 4216 586 4271 divisa
614 4222 798 4290 cyclus
838 4222 1065 4277 efﬁcitur
1106 4226 1234 4280 solis
1267 4244 1334 4287 v,
1368 4244 1460 4296 per
1508 4231 1571 4285 19
1607 4249 1733 4285 vero

183 4304 387 4374 partita
439 4308 577 4363 lunre
625 4314 810 4381 cyclus
855 4313 911 4367 2.
966 4314 1093 4369 Erat
1130 4324 1306 4370 autem
1340 4317 1609 4375 Romanus
1643 4340 1732 4393 ey-

182 4397 310 4451 cius
334 4398 464 4453 solis
496 4415 545 4461 x,
576 4402 715 4457 luna:
747 4420 803 4459 Il.
838 4404 1003 4475 Igitur
1033 4409 1217 4477 cyclus
1245 4409 1378 4463 solis
1404 4411 1456 4463 in
1496 4413 1595 4467 hac
1625 4430 1730 4467 :rra

183 4488 417 4557 primus,
450 4501 531 4545 est
560 4492 786 4549 Romani
814 4499 947 4567 cycli
974 4514 1047 4561 vr,
1101 4499 1308 4555 lunaris
1340 4518 1470 4555 vero
1526 4505 1731 4558 utrobi~

180 4592 295 4647 que
329 4596 467 4636 unus
495 4589 596 4644 est,
631 4592 682 4639 et
715 4586 876 4643 idem.
920 4588 1139 4661 Epocha
1169 4594 1317 4655 anni,
1354 4594 1596 4663 cyclique
1644 4596 1727 4649 Iu-
1762 4604 1804 4659 ι)

182 4670 338 4727 naris
394 4675 535 4741 (nam
568 4674 634 4729 de
668 4679 827 4731 solari
858 4680 969 4748 jam
1000 4680 1254 4754 diximus)
1282 4699 1311 4736 a
1340 4683 1567 4739 Maximo
1615 4696 1726 4739 sta-

183 4761 363 4813 tuitur
393 4762 446 4815 iu
475 4761 725 4819 Kalendis
751 4768 969 4835 Aprilis.
994 4770 1168 4840 Caput
1191 4773 1727 4828 enncadecaeteridos

181 4860 271 4917 est
296 4867 489 4908 aureus
516 4871 770 4910 numerus
799 4873 831 4910 I.
854 4856 1141 4916 Neomeuia
1160 4864 1353 4932 prima,
1377 4864 1549 4917 Martii
1569 4881 1725 4921 xxui.

182 4942 533 5010 ltaqueanno
562 4948 888 5019 primocycli
946 4952 1173 5015 lunaris,
1218 4956 1472 5009 Kalendis
1530 4956 1726 5025 Aprilis

182 5029 688 5092 Iunal‘uitdccima.
732 5038 867 5092 Hinc
899 5049 980 5093 est
1011 5042 1150 5109 quod
1193 5042 1455 5098 Maximus
1512 5056 1726 5113 epactas

181 5121 316 5174 anni
341 5124 497 5191 primi
518 5123 971 5185 lunarisrxl’uisse
1002 5133 1191 5187 scribit
1213 5150 1329 5202 cap.
1366 5135 1572 5199 XXVII,
1601 5153 1728 5205 quo-

184 5214 331 5265 niam
367 5220 494 5269 setas
533 5216 672 5270 luna:
722 5226 870 5272 tanta
926 5222 1025 5276 fuit
1074 5221 1247 5276 Martii
1281 5240 1443 5290 xxxi,
1485 5229 1574 5295 qui
1610 5228 1725 5282 dies

181 5316 359 5356 canon
387 5311 472 5359 est
502 5315 809 5375 epactarum
840 5314 973 5368 solis
1001 5328 1063 5367 ac
1099 5316 1255 5375 luna},
1280 5325 1334 5367 ut
1368 5317 1502 5369 idem
1539 5321 1611 5370 ait
1643 5334 1728 5372 ca-

181 5393 295 5462 pite
342 5391 528 5450 XXXI.
564 5398 715 5464 Quod
772 5417 879 5455 non
923 5406 1356 5459 animadvertens
1408 5406 1641 5476 Scaliger
1673 5412 1725 5461 in

126 5484 339 5541 -Νοιίε
364 5486 431 5540 ad
470 5488 696 5561 ECIOgas
723 5494 796 5562 (p.
828 5495 927 5550 735
970 5498 1102 5550 edit.
1151 5499 1272 5563 ult.)
1304 5499 1540 5560 Maximi,
1574 5510 1727 5567 puta-

180 5578 261 5630 vit
300 5578 542 5633 imminui
579 5583 787 5639 duabus
834 5587 1127 5644 unitatibus
1166 5606 1427 5645 summam
1469 5611 1481 5646 :
1513 5595 1651 5660 quod
1697 5612 1724 5645 a

180 5670 515 5737 temporibus
545 5673 745 5729 Christi
787 5679 910 5730 luna
943 5677 1160 5732 biduum
1192 5682 1564 5749 anticipasset,
1617 5701 1725 5751 quo

180 5760 320 5813 nihil
349 5760 646 5826 jocularius
676 5769 970 5834 cchgitari
1029 5770 1222 5837 potuit.
1262 5770 1364 5823 Sed
1398 5772 1463 5826 de
1500 5772 1598 5825 hoc
1641 5790 1725 5827 cr-

180 5863 305 5906 rcrc
342 5846 445 5916 iam
476 5855 628 5910 alias.
662 5852 671 5855 ⁷

1843 3409 2091 3463 undecim
2113 3409 2292 3464 ducito
2325 3430 2337 3463 :
2375 3426 2638 3465 summam
2667 3410 2876 3464 binario
2908 3410 3167 3463 minutam
3200 3410 3372 3464 divide

1843 3514 1935 3567 per
1962 3498 2051 3559 50,
2088 3499 2252 3554 habes
2283 3508 2498 3569 epactas
2531 3502 2678 3564 anni,
2715 3501 2869 3569 cujus
2898 3502 3081 3570 eyclus
3121 3500 3370 3568 multipli-

1840 3598 1994 3643 catus
2014 3595 2116 3643 est.
2140 3588 2302 3659 Cyclo
2332 3591 2469 3644 lunre
2498 3608 2604 3654 xiv,
2636 3591 2681 3645 si
2715 3590 2779 3642 I4
2809 3606 2903 3659 per
2941 3591 3000 3643 II
3030 3590 3370 3658 multiplices,

1841 3680 1966 3733 fient
1994 3681 2112 3734 154.
2143 3679 2395 3735 Deductis
2420 3680 2473 3744 2,
2506 3696 2568 3734 ac
2594 3681 2808 3735 residuo
2831 3680 2932 3733 I52
2964 3695 3055 3750 per
3081 3680 3150 3733 50
3176 3680 3369 3740 diviso.

1840 3778 2131 3839 supersunt
2167 3771 2222 3835 2,
2260 3780 2459 3841 epactas
2490 3773 2625 3841 cycli
2665 3787 2775 3825 xiv.
2813 3769 2884 3825 Ut
2921 3787 3009 3825 res
3057 3778 3170 3825 tota
3206 3770 3366 3837 subji-

1838 3860 2009 3914 ciatur
2056 3862 2246 3925 oculis,
2287 3862 2535 3915 tabellam
2585 3861 2936 3928 ascribemus,
2970 3863 3022 3914 in
3055 3877 3159 3931 qua
3192 3864 3373 3931 cyclus

1837 3950 2043 4004 lunaris
2104 3949 2384 4018 adjunctas
2447 3951 2605 4005 habet
2665 3961 2883 4022 epactas
2937 3960 3044 4005 tam
3105 3952 3373 4006 Romanas

1834 4047 1886 4091 et
1906 4053 2239 4104 communes,
2263 4056 2422 4109 quam
2442 4040 2769 4105 decurtatas,
2793 4053 2844 4096 et
2868 4042 3079 4095 Maximi
3105 4043 3366 4111 proprias.

2232 4126 2563 4181 Laterculum
2598 4129 2729 4199 cycli
2757 4130 2977 4181 lunaris.

2118 4237 2255 4291 Anni
2428 4237 2640 4307 Epacta:
2676 4237 2781 4291 Ro—
2811 4236 3212 4320 EpactaeMaxi-

2508 4323 2677 4361 mante
2973 4322 3046 4361 ml

1970 4413 1983 4447 ι
2550 4397 2609 4449 11
3003 4398 3036 4450 9

1971 4480 2006 4515 ιι
2547 4466 2616 4517 22
2964 4466 3034 4520 ‘20

1968 4549 2026 4585 ιιι
2586 4535 2621 4589 5
2850 4538 3028 4587 ἰ1

1971 4641 2021 4676 ιγ
2553 4627 2621 4681 14
2970 4626 3037 4677 I2

1966 4710 1998 4746 ν
2306 4684 2323 4715 ¹
2546 4698 2615 4751 23
2962 4696 3032 4747 ‘25

1966 4780 2018 4817 vl
2587 4768 2621 4819 6
3002 4764 3035 4816 4

1964 4870 2038 4906 vit
2549 4855 2617 4906 17
2966 4854 3033 4905 15

1964 4938 2060 4975 \‘lll
2548 4922 2618 4977 28
2686 4968 2689 4969 ν
2956 4922 3026 4977 26

1963 5008 2016 5044 ix
2584 4994 2622 5046 9
3001 4994 3099 5070 7,.

1960 5098 1991 5132 x
2544 5082 2615 5137 20
2963 5086 3027 5137 18

1962 5165 2014 5201 xr
2583 5152 2614 5205 1
2962 5154 3031 5208 29

1962 5235 2037 5272 xu
2550 5222 2619 5274 I2
2965 5225 3032 5275 I0

1963 5327 2053 5364 xm
2548 5311 2621 5365 23
2964 5314 3027 5367 21

1964 5397 2051 5433 xw
2585 5382 2619 5435 4
2998 5386 3033 5437 2

1964 5468 2029 5503 xv
2548 5452 2613 5503 15
2963 5454 3029 5506 15

1965 5558 1991 5593 x
2003 5558 2049 5593 VI
2551 5542 2619 5593 26
2960 5545 3030 5597 24

1968 5627 2075 5663 xvu
2582 5612 2613 5662 7
2995 5615 3029 5667 5

1968 5697 2098 5733 xvnt
2556 5680 2619 5731 I8
2964 5683 3027 5735 I6
3080 5728 3083 5739 ι

1968 5767 2054 5802 xix
2588 5755 2622 5804 0
2959 5752 3029 5804 ‘28
3080 5748 3087 5797 ῗ

1901 5864 1973 5917 lix
2024 5866 2105 5919 bis
2156 5876 2283 5923 mtas
2337 5869 2475 5921 luna!
2523 5884 2707 5923 mcnsc
2750 5866 3009 5935 quolibet,
3046 5882 3109 5921 ac
3156 5868 3243 5922 die
3281 5866 3347 5921 tie
