4046 6320
697 381 706 386 ’
788 376 913 430 “Si
1761 374 1847 428 AD
1888 373 2148 429 EUSEBII
2190 374 2579 431 CBRONICON
2612 362 2965 429 APPENDIX.
3821 375 3900 430 tua

791 485 1160 554 prehenditur.
1190 486 1457 542 Maximus
1485 489 1658 558 capite
1685 489 1914 553 XXVIII,
1943 493 2013 547 ita
2050 493 2118 547 de
2145 495 2242 547 hac
2282 511 2339 548 re
2368 499 2410 553 Α
2443 500 2550 546 tur.
2603 493 2705 548 Sed
2758 494 3010 564 quoniam
3055 508 3320 547 numerus
3364 507 3638 546 annorum
3684 492 3807 558 hujus
3827 510 3898 546 an

783 577 1045 645 praecipit.
1091 575 1328 633 Inventis
1369 580 1572 648 epaetis
1607 581 1743 634 adde
1788 583 1904 637 dies
1949 599 2139 638 omnes
2170 599 2198 636 a
2227 583 2328 638 Ka-
2437 582 2670 636 sedecim
2707 583 2939 651 priorem
2967 579 3177 634 excedit
3214 599 3226 634 :
3258 581 3480 678 hinc‘ad
3511 581 3704 678 cyclos
3719 580 3822 632 illius
3841 584 3896 634 ait

781 667 926 722 Iend.
951 667 1152 737 Ap’rills
1183 668 1249 722 ad
1283 684 1428 732 eum,
1473 671 1627 738 cujus
1663 681 1794 727 aetas
1832 675 2150 743 inquiritur,
2180 693 2284 731 sun

2313 707 2328 718 .
2433 671 2562 724 ditis
2599 670 2684 735 16,
2713 671 2846 740 eyeli
2881 669 3044 738 hujus
3087 670 3352 722 orientur.
3384 668 3580 722 Annus
3613 669 3798 738 primus
3826 685 3895 721 ενι

778 773 919 810 mam
968 758 1170 828 partire
1198 775 1293 828 per
1319 761 1387 815 29
1414 762 1533 832 1/2,
1561 764 1835 818 residuum
1864 767 1968 819 erit
2002 773 2133 820 aetas
2164 769 2284 820 luna

2313 809 2322 822 ,
2424 759 2786 831 Christiana,
2839 756 3214 813 Alexandrina:
3265 765 3350 810 est
3397 756 3570 814 5493.
3629 758 3724 827 qui
3766 759 3896 827 puli

778 847 903 907 Haec
931 850 1214 904 metliodus
1256 867 1467 907 morosa
1511 862 1614 918 est,
1649 871 1747 909 nec
1782 857 1930 911 utilis
1980 861 2153 927 vulgo,
2202 875 2322 926 pro-
2430 851 2658 950 divisus-
2689 850 2782 904 dat
2830 849 2884 903 2.
3189 848 3277 910 16,
3331 849 3430 950 lict
3479 848 3676 919 cyclus
3708 848 3892 950 l3.

776 949 898 1006 pter
947 939 1230 1008 adjunctos
1284 941 1532 997 horarios
1587 945 1954 1015 epilogismbs.
2011 946 2323 1015 Expeditior
2427 959 2585 1012 quem
2627 941 2719 995 dat
2767 956 2944 1040 annus
2980 940 3116 996 5509
3143 941 3465 1040 posterioris
3495 942 3753 1040 computi,

775 1044 862 1082 res
887 1030 1010 1093 erit,
1055 1031 1101 1084 si
1133 1033 1406 1101 regulares
1451 1035 1708 1089 adhibeas
1745 1056 1757 1089 :
1791 1052 2016 1104 quorum
2059 1053 2318 1107 propaga-
2427 1031 2815 1118 l9’tribuatur.
2856 1028 2946 1084 Sic
2993 1031 3059 1083 ad
3107 1031 3315 1128 cyclum
3364 1030 3499 1128 solis
3534 1030 3731 1128 facta:

775 1120 974 1173 tionem
1024 1120 1244 1176 Isaacus
1290 1125 1512 1191 exponit
1555 1126 1730 1194 capite
1759 1125 1846 1181 IX.
1875 1127 2109 1181 Possunt
2140 1137 2317 1182 autem
2423 1111 2649 1188 adjectis
2695 1121 2782 1183 16,
2835 1120 3059 1174 exsistet
3111 1120 3295 1190 cyclus
3347 1121 3494 1221 solis:
3644 1119 3760 1221 anni

771 1202 974 1278 duplici
1023 1213 1183 1266 modo
1227 1215 1513 1284 propagari
1565 1235 1576 1268 :
1629 1218 1777 1284 prior
1813 1225 1913 1280 est,
1954 1227 2013 1271 ut
2052 1220 2284 1288 regulari

2313 1233 2348 1268 .-
2423 1210 2548 1265 Item
2581 1212 2643 1264 ad
2678 1228 2734 1264 ιιι
2771 1211 3140 1274 indictioneui,
3186 1229 3306 1282 quae
3347 1228 3412 1267 ex
3463 1211 3605 1265 5193
3655 1213 3892 1279 relinquitur

770 1300 1036 1371 Cujusque
1068 1304 1271 1358 mensis
1309 1320 1567 1359 numerus
1602 1306 1694 1368 sit,
1726 1308 1818 1376 qui
1847 1310 1997 1377 cyclo
2041 1310 2216 1379 primo
2246 1326 2284 1362 at

2313 1357 2315 1364 ν
2422 1318 2515 1371 per
2552 1303 2618 1356 15
2656 1303 2887 1372 partitis,
2939 1303 2982 1356 si
3032 1306 3290 1360 accedant
3324 1305 3412 1368 16,
3452 1304 3675 1359 residua
3703 1305 3783 1357 erit
3804 1304 3890 1358 indi-

767 1401 1010 1459 epactam
1038 1409 1270 1448 annuam
1304 1395 1569 1464 adjectus,
1601 1405 1810 1451 aetatem
1833 1399 1974 1452 luna:
1999 1400 2312 1470 completin
2419 1395 2527 1448 Clio
2562 1411 2611 1447 ιν
2645 1395 2768 1447 anni
2809 1395 2966 1448 5509.
2997 1395 3168 1465 Caput
3204 1396 3340 1466 cycli
3389 1396 3589 1451 solaris
3617 1397 3691 1449 ab
3711 1394 3887 1458 Οειοὶπὶ.

3995 1185 3997 1262 l

3995 1263 3997 1316 ι

765 1482 1021 1539 Kalendis
1049 1485 1241 1554 ipsius.
1275 1488 1432 1538 Anno
1469 1488 1642 1556 primo
1676 1489 1832 1557 cycli,
1862 1499 2063 1557 epacta:
2096 1492 2310 1546 lunares

763 1581 890 1627 sunt
921 1591 995 1636 ix,
1030 1576 1181 1631 deest
1208 1579 1386 1632 unitas
1417 1578 1482 1630 ad
1519 1587 1728 1633 aetatem
1766 1581 1904 1636 lunre
1935 1583 2306 1651 complendam

761 1663 1016 1719 Kalendis
1053 1665 1369 1736 Aprilibus;
1404 1677 1486 1724 est
1517 1671 1661 1722 enim
1686 1670 1895 1726 decima
1932 1691 1944 1726 :
1973 1689 2035 1727 ac
2068 1674 2147 1728 sic
2179 1675 2306 1729 reli-

761 1755 882 1821 quis
916 1755 968 1808 in
993 1757 1287 1812 mensibus.
1320 1758 1595 1815 Posterior
1619 1762 1810 1816 modus
1844 1778 2009 1816 unum
2043 1764 2208 1818 demit
2239 1780 2303 1820 ex

2417 1487 2620 1540 lunaris
2674 1501 2702 1538 a
2753 1484 3010 1540 Januario
3053 1495 3310 1557 sequente
3349 1488 3546 1557 repetit
3581 1489 3781 1540 Isaacus
3810 1501 3888 1555 cap.

2413 1577 2478 1632 Ill
2507 1585 2560 1632 et
2597 1576 2680 1630 VI.
2713 1577 2882 1647 Igitur
2929 1579 3135 1633 lunaris
3174 1580 3358 1650 cyclus
3405 1594 3422 1633 ι
3464 1578 3889 1646 Constantinopoli.

2413 1678 2574 1726 tanus
2621 1679 2704 1725 est
2753 1681 2981 1740 quartus
3024 1671 3302 1732 Romani;
3354 1679 3410 1724 et
3465 1671 3680 1741 primus
3728 1669 3886 1722 Romani

2410 1772 2493 1816 est
2540 1777 2648 1815 xvn
2699 1760 3306 1831 Constantinopolitani.
3367 1761 3503 1816 Cum
3564 1765 3707 1816 enim
3745 1761 3887 1813 lunaris

757 1845 928 1912 priori
967 1862 1161 1916 genere
1207 1853 1554 1921 regularium.
1589 1853 1707 1916 Vel,
1751 1864 1832 1908 est
1873 1870 2130 1911 numerus
2172 1859 2306 1911 resi-
2338 1840 2379 1892 Β
2405 1854 2589 1923 Cycllls
2623 1845 2968 1907 Alexandrini
3000 1852 3236 1919 computi
3266 1852 3406 1906 idem
3439 1853 3509 1907 έῖι
3540 1868 3604 1906 ac
3636 1851 3882 1906 Ποωίίηυεί

758 1937 897 1992 duus
950 1947 1071 2009 post
1130 1956 1352 1997 aureum
1407 1960 1694 2000 numerum
1752 1947 1994 2000 citimum
2049 1947 2304 2005 Kalendis

755 2031 958 2098 Aprilis
1026 2034 1080 2086 in
1142 2037 1493 2094 antecedente
1547 2057 1752 2105 mense,
1803 2043 1957 2098 initio
2011 2045 2078 2099 ab
2131 2045 2301 2116 Aprili

757 2119 916 2175 lucto.
958 2121 1124 2192 Cyclo
1175 2128 1330 2181 tertio
1373 2128 1540 2194 lunze,
1577 2134 1860 2186 neomenia
1903 2135 2092 2188 incidit
2131 2135 2184 2188 in
2216 2137 2300 2188 ul-

754 2212 942 2264 timum
982 2211 1182 2270 Martii.
1222 2215 1361 2288 Ergo
1395 2213 1577 2275 nullds
1603 2231 1687 2275 est
1723 2238 1788 2276 eo
1834 2239 2019 2278 mense
2049 2226 2299 2281 residuus
2354 2287 2366 2300 κ

751 2301 866 2355 dies
911 2312 1032 2371 post
1078 2309 1414 2386 ncomeniam
1466 2328 1476 2360 :
1515 2313 1756 2382 adeoque
1795 2314 2056 2383 regularis
2099 2316 2299 2386 Aprilis

748 2401 834 2447 est
871 2395 924 2450 0.
960 2384 1131 2466 Aprili
1167 2414 1292 2454 vero
1325 2411 1447 2470 post
1494 2407 1854 2473 neomeniam,
1897 2424 2016 2477 qua:
2057 2384 2182 2463 XII—1
2210 2411 2298 2464 die

750 2487 970 2550 accidit,
1012 2497 1182 2543 restat
1213 2509 1350 2546 unus
1377 2494 1512 2549 dies.
1546 2496 1712 2565 Igitur
1744 2501 2008 2569 regularis
2041 2501 2164 2556 Maii
2212 2519 2296 2557 se-

748 2580 963 2644 quentis
1017 2590 1099 2635 est
1140 2585 1188 2636 1.
1235 2586 1379 2639 Inter
1428 2588 1587 2642 ambo
1637 2605 1834 2660 genera
1885 2592 1988 2646 hoc
2043 2594 2289 2657 interest,

748 2667 890 2734 quod
929 2672 1202 2740 regulares
1248 2678 1455 2745 priores
1490 2693 1611 2731 cum
1648 2689 1837 2749 epacta
1869 2693 2120 2738 currente
2152 2685 2294 2739 luna:

744 2766 954 2813 aetatem
991 2757 1227 2826 erfﬁ'bet.
1274 2768 1543 2836 citra‘diei
1578 2770 1736 2824 ullius
1764 2771 2144 2839 adjectionem,
2188 2790 2290 2844 po-

744 2849 996 2911 steriores
1043 2852 1308 2910 Kalendas
1361 2859 1506 2925 ipsas
1551 2859 1831 2927 adjiciunt.
1868 2860 2165 2933 Utrumque
2194 2881 2289 2935 ge-

744 2956 846 2996 uus
880 2957 1113 3012 sequens
1141 2945 1335 3000 tabella
1364 2950 1800 3017 comprehendet.

847 3051 1049 3116 Tabula
1077 3059 1743 3183 regulariunjuduplicium
1785 3064 1922 3120 lunae
1953 3067 2007 3120 in
2040 3035 2183 3139 ῥυσια

1453 3148 1637 3183 oximi.
1724 3151 1730 3157 ·

1453 3148 1637 3188 απιηιι.
1724 3151 1730 3157 “

843 3375 1037 3441 Aprilis
1497 3384 1522 3436 1
1944 3387 1979 3441 0

838 3443 1015 3498 Maius
1494 3452 1531 3505 2
1941 3458 1968 3509 1

835 3511 1030 3569 Junius
1496 3521 1533 3577 3
1942 3525 1980 3581 2

831 3599 1007 3658 Julius
1489 3611 1528 3668 ι
1941 3615 1977 3671 3

828 3673 1108 3741 Augustus
1491 3683 1528 3737 5
1939 3686 1976 3740 4

830 3739 1144 3812 September
1488 3751 1520 3805 7
1939 3739 1976 3814 6

833 3834 1070 3904 October
1488 3842 1524 3896 7
1934 3848 1971 3904 6

828 3903 1134 3974 November
1480 3912 1516 3966 9
1932 3903 1968 3974 8

829 3973 1127 4032 December
1483 3981 1520 4034 9
1933 3973 1968 4043 8

826 4062 1120 4123 Januarius
1453 4071 1514 4128 11
1895 4076 1964 4131 10

754 4154 757 4155 ν
823 4132 1151 4194 Februarius
1457 4141 1524 4194 12
1896 4149 1956 4202 11

822 4202 1049 4262 Martius
1456 4211 1515 4265 11
1894 4219 1962 4272 1ο

790 4312 1104 4382 Exemplum
1156 4335 1169 4370 :
1225 4328 1378 4389 cyclo
1429 4324 1570 4379 lunae
1613 4341 1703 4379 xw
1751 4341 1893 4382 scire
1935 4329 2062 4384 libet
2103 4341 2265 4401 quota

718 4401 845 4454 luna
877 4402 947 4454 sit
971 4403 1225 4460 Kalendis
1275 4406 1627 4476 Septembris.
1658 4411 1874 4480 ‘Epaetze
1897 4416 1932 4468 2
1955 4431 2074 4470 cum
2106 4433 2265 4488 regu-

717 4491 922 4547 laribus
961 4497 1235 4562 prioribus
1279 4499 1327 4562 7,
1374 4502 1452 4555 vel
1490 4518 1610 4555 cum
1656 4507 2043 4572 posterioribus
2083 4510 2261 4576 6,,sed
2297 4506 2338 4559 D

716 4585 923 4636 unitate
973 4587 1178 4651 addita,
1216 4589 1345 4643 dant
1380 4593 1558 4645 lunam
1596 4611 1793 4648 nonam
1824 4615 1836 4660 ;
1869 4606 1928 4650 ut
1963 4607 2045 4652 est
2079 4615 2263 4655 revera

716 4670 866 4739 eyclo
928 4691 1015 4728 xw
1045 4677 1306 4754 _I\iicaeno.
1360 4682 1569 4740 Rursus
1615 4698 1887 4754 qumratur
1948 4698 2077 4744 tetas
2124 4693 2264 4748 luna:

713 4765 865 4831 cyclo
908 4751 1057 4819 luna;
1092 4785 1122 4818 ν
1157 4768 1408 4829 Kalendis
1440 4751 1710 4830 Octobris.
1763 4780 1973 4848 Epactre
2013 4781 2098 4843 25,
2138 4798 2261 4836 cum

715 4855 1052 4922 regularibus
1092 4858 1140 4921 7,
1176 4862 1254 4913 vel
1287 4862 1340 4926 6,
1367 4880 1394 4917 c
1420 4864 1673 4921 Kalendis
1721 4870 1850 4937 ipsis
1901 4874 2136 4939 praebent
2175 4873 2257 4924 lu-

717 4959 837 4998 nam
863 4947 1212 5005 tricesimam.

1303 5064 1530 5120 CAPUT
1567 5067 1653 5120 IX.

717 5169 790 5222 De
835 5172 1073 5226 methodo
1108 5192 1246 5228 .unw
1287 5178 1340 5229 in
1369 5177 1950 5248 Constantinopolitano
1995 5198 2250 5255 computo.

778 5283 930 5337 Nunc
975 5286 1197 5341 alterius
1241 5305 1360 5343 aera:
1409 5307 1470 5345 ac
1511 5297 1768 5362 computi,
1803 5313 1961 5365 quem
1989 5298 2254 5355 Constan-

712 5378 1125 5445 thopolitanum
1174 5390 1402 5447 vocant,
1458 5386 1743 5451 aperienda
1798 5388 2082 5444 metltodus
2136 5401 2249 5450 est.

711 5482 771 5520 ex
807 5466 971 5522 Isaaci
1004 5471 1160 5532 libro,
1197 5474 1286 5539 qui
1331 5491 1448 5527 eam
1480 5476 1767 5545 diligenter
1796 5484 2032 5550 exponit.
2073 5482 2131 5536 In
2162 5485 2249 5538 illa

717 5561 942 5612 primum
973 5566 1244 5632 cyclorum
1288 5565 1777 5638 investigamlorum
1810 5577 2017 5638 eadem,
2046 5595 2165 5647 quas
2196 5580 2247 5631 in

707 5651 998 5715 superiore,
1049 5655 1228 5721 ratio;
1267 5667 1323 5709 ut
1368 5660 1538 5712 divisa
1586 5678 1792 5714 summa
1825 5681 1918 5733 per
1957 5669 2248 5733 quemlibet

710 5744 937 5810 ryclum,
963 5761 1268 5816 competens
1295 5753 1439 5815 anni,
1463 5756 1550 5822 qui
1585 5757 1862 5828 qua-ritur,
1890 5761 2071 5828 cyclus
2098 5778 2245 5818 erua-

2405 1945 2449 1998 si
2491 1943 2556 1996 16
2589 1942 2653 1996 ad
2687 1944 2827 1996 hunc
2859 1944 3068 2014 cyclum
3098 1944 3342 2012 adjicias,
3372 1951 3501 2012 puta
3554 1943 3622 1996 ad
3660 1944 3708 2007 1,
3747 1941 3884 1996 cilicia

2406 2033 2473 2086 I7
2501 2033 2666 2087 illius.
2719 2033 3045 2102 Epactarum
3077 2035 3386 2105 progressio
3418 2035 3600 2105 plane,
3645 2043 3701 2088 ut
3731 2035 3774 2087 in
3811 2032 3884 2084 Ro-

2401 2109 2585 2185 mano,
2626 2141 2721 2193 per
2751 2125 3249 2195 multiplicationem
3282 2127 3429 2180 aurei
3459 2127 3672 2180 numeri
3697 2128 3743 2178 in
3769 2127 3885 2178 unde-

2399 2213 2504 2267 cim
2534 2213 2764 2268 efﬁcitur
2800 2235 2812 2268 :
2847 2230 3021 2284 neque
3056 2214 3219 2269 biduo
3266 2217 3572 2280 mutilatur,
3614 2225 3674 2269 ut
3711 2217 3884 2269 instituit

2399 2303 2684 2367 Maximus,
2738 2305 2832 2359 sed
2882 2313 3083 2375 epactae
3136 2307 3245 2360 illa:
3295 2315 3442 2368 sunt,
3499 2322 3637 2376 quas
3679 2307 3884 2376 superiori

2398 2395 2573 2462 capite
2609 2395 2663 2448 in
2705 2395 2966 2449 laterculo
2996 2397 3132 2467 cycli
3165 2397 3376 2482 lunaris
3409 2396 3680 2452 Romanas
3707 2398 3884 2466 appella-

2397 2497 2536 2536 mus.
2566 2481 2761 2537 Verum
2795 2499 2968 2538 annus
3006 2485 3218 2554 primus
3246 2484 3472 2539 Romani
3496 2487 3654 2556 cycli,
3693 2487 3763 2541 vel
3784 2485 3882 2553 ejus

2393 2591 2501 2644 quo
2538 2574 2802 2632 Maximus
2846 2577 3035 2639 utitur,
3066 2577 3267 2646 quique
3301 2578 3460 2632 habet
3495 2586 3708 2647 epactas
3733 2595 3804 2639 Il,
3827 2586 3883 2631 est

2392 2672 2619 2734 quartus
2664 2663 3268 2734 Constantinopolitani.
3319 2664 3532 2735 Epacta:
3573 2676 3693 2721 sunt
3728 2666 3883 2721 residui

2391 2754 2527 2815 dies,
2573 2753 2664 2823 qui
2711 2755 2777 2808 ad
2826 2755 3199 2825 complendam
3236 2756 3565 2810 lunationem
3603 2757 3666 2809 ad
3694 2757 3882 2810 diescu-

2386 2847 2609 2914 juslibet
2639 2847 2841 2903 mensis
2876 2846 3218 2919 adhibentur.
3248 2848 3405 2902 Anno
3431 2850 3601 2918 primo
3635 2849 3758 2919 cycli
3787 2863 3881 2915 epa-

2390 2943 2493 2990 cta:
2523 2944 2650 2991 sunt
2695 2937 2965 2992 undecim.
2997 2918 3054 2992 Is
3085 2947 3168 2992 est
3214 2946 3442 3007 quartus
3481 2939 3602 2992 anni
3643 2918 3836 2992 Romani
3871 2956 3880 2988 :

2389 3030 2475 3083 cui
2522 3030 2714 3085 tertius
2763 3030 3086 3085 antecedens
3134 3030 3373 3100 reliquos
3414 3031 3527 3084 dies
3580 3028 3805 3082 undecim
3834 3025 3882 3077 ab

2387 3119 2578 3174 ultima
2631 3120 2846 3191 syzygia
2889 3119 3143 3189 reliquit,
3199 3137 3319 3189 qua?
3361 3118 3660 3174 Decembris
3686 3135 3767 3172 ni
3802 3131 3883 3168 ραι-

2391 3208 2490 3280 pit.
2517 3207 2792 3264 Naturalis
2825 3223 2974 3278 ergo,
3001 3219 3052 3263 et
3079 3209 3297 3278 propria
3323 3209 3430 3261 τῶν
3466 3208 3705 3261 ὲπακτῶν
3735 3208 3781 3258 in
3807 3205 3880 3257 hoc

2389 3299 2542 3370 cyclo
2576 3300 2728 3354 notio
2765 3307 2870 3363 est,
2896 3308 2949 3354 et
2977 3301 3283 3370 appellatio.

2458 3389 2801 3460 Regularium
2835 3406 2931 3458 par
2955 3400 3060 3455 est,
3098 3399 3260 3459 atque
3300 3391 3355 3444 in
3386 3389 3677 3459 superiore,
3711 3387 3880 3442 metho-

2387 3481 2488 3536 dus
2540 3499 2552 3535 :
2588 3488 2661 3543 et,
2700 3488 2759 3533 ut
2790 3481 2919 3543 illic,
2951 3480 3119 3534 duum
3170 3494 3426 3548 generum
3476 3486 3611 3534 sunt.
3644 3480 3745 3532 Alii
3786 3493 3880 3531 cum

2386 3573 2592 3642 epactis
2639 3580 2850 3625 aetatem
2899 3573 3040 3627 lunae
3086 3571 3390 3641 perﬁciunt,
3433 3572 3518 3625 alii
3555 3570 3750 3624 unitate
3784 3579 3880 3622 sunt

2385 3661 2648 3715 minores.
2703 3660 2874 3732 Tum,
2911 3662 3054 3731 quod
3099 3677 3127 3714 a
3163 3661 3448 3726 Januario,
3493 3677 3593 3715 non
3636 3660 3705 3714 ab
3748 3659 3880 3726 Aprili

2384 3753 2587 3821 epocha
2617 3752 2855 3816 ducitur,
2916 3753 3175 3806 nonnulla
3206 3754 3443 3808 varietas
3468 3751 3667 3806 incidit.
3696 3749 3877 3804 Etruri.

2382 3859 2486 3914 que
2515 3860 2687 3915 genus
2717 3847 2769 3898 in
2799 3852 3058 3917 sequente
3086 3845 3345 3899 laterculo
3367 3843 3737 3899 describemus.

2487 3955 2818 4011 Laterculum
2867 3959 3183 4027 regularium
3245 3959 3384 4012 (una:
3427 3957 3696 4028 duplicium
3750 3958 3797 4007 in

2969 4028 3111 4098 cyclo
3145 4030 3344 4083 Isauri.

3055 4118 3247 4242 Rcful.
3503 4120 3677 4243 Kelglul.

2473 4274 2762 4333 Januarius
3129 4279 3154 4333 1
3578 4282 3608 4335 0

2475 4346 2804 4405 Februarius
3026 4358 3028 4360 '
3127 4351 3162 4401 2
3583 4355 3600 4404 1

2473 4415 2698 4473 Martius
3127 4421 3149 4473 1
3571 4423 3603 4473 0

2472 4508 2668 4576 Aprilis
3124 4511 3159 4563 2
3579 4512 3596 4564 I

2471 4577 2640 4632 Mutus
3122 4580 3155 4633 5
3569 4583 3602 4632 9.

2464 4645 2658 4702 Junius
3119 4650 3153 4704 4
3569 4651 3599 4702 5

2462 4733 2637 4790 Julius
3113 4740 3146 4808 5
3562 4741 3592 4794 4

2464 4808 2739 4873 Augustus
3115 4809 3147 4861 (ἰ
3563 4813 3594 4864 5

2467 4876 2780 4944 September
3118 4880 3150 4934 8
3569 4881 3596 4932 7

2465 4964 2697 5018 October
3116 4970 3148 5021 8
3284 5004 3293 5011 -
3566 4976 3592 5028 7

2462 5033 2764 5089 Now-tuber
3085 5041 3150 5091 10
3561 5047 3590 5098 9

2463 5103 2751 5159 December
3082 5110 3139 5161 11
3529 5117 3588 5170 Ill

2437 5216 2677 5286 Exempli
2704 5234 2867 5271 causa
2905 5237 2918 5272 :
2954 5219 3117 5288 Cyclo
3151 5221 3292 5276 Ιυιιπ·
3331 5242 3440 5289 xtv,
3475 5237 3724 5297 qumratur
3747 5229 3863 5282 'zrtas

2313 5363 2316 5366 .
2357 5309 2500 5365 illius
2557 5309 2809 5365 Kalendis
2863 5312 3208 5382 Septembris.
3253 5317 3465 5388 Epacta:
3505 5331 3615 5376 sunt
3647 5337 3718 5384 nr,
3766 5339 3860 5391 qur

2354 5415 2475 5454 cum
2537 5404 2881 5472 regularibus
2941 5403 3271 5474 Septembris
3317 5427 3432 5475 vm,
3481 5419 3565 5464 aut
3613 5427 3730 5465 cum
3782 5429 3857 5466 tu.

2356 5491 2530 5545 addita
2579 5494 2802 5555 unitate,
2841 5496 2966 5548 dant
3023 5497 3204 5551 lunam
3247 5500 3604 5556 duodecimam
3655 5520 3670 5554 :
3717 5514 3857 5571 quota

2352 5599 2535 5637 revera
2592 5594 2674 5639 est
2727 5587 2876 5656 cyelo
2937 5587 3178 5644 Romano
3218 5607 3350 5656 xm,
3405 5594 3856 5663 Constantinopoli-

2351 5683 2476 5727 ῑῑιηο
2510 5693 2614 5728 XIV.

2446 5766 2656 5820 lsuztt‘u's
2718 5770 2888 5840 capite
2936 5769 3002 5823 IX
3053 5788 3150 5844 pro
3213 5776 3553 5845 regularibus.
3603 5776 3850 5831 residuum

3999 3877 4001 3940 l

4000 3943 4001 4006 l
