4046 6320
127 435 261 492 ΜΞΒ

1092 398 1546 493 nisssn'rmo
1584 434 1672 488 DE
1707 433 2106 491 cnxeconuu
2144 434 2344 490 AERIS.

3173 428 3308 491 “84

127 553 404 610 mensium-
441 553 797 617 Iulianarum,
847 554 1107 609 detractis
1151 550 1376 625 integris
1415 553 1666 625 syzygiis.
1699 561 1742 612 Α
1774 553 2044 621 contigit;
2101 567 2220 622 quae
2262 566 2358 620 per
2392 560 2634 620 cpactam
2670 550 2769 616 22,
2812 538 3084 620 regulares
3131 562 3308 623 poste-

124 647 341 716 accipit.
385 643 608 716 syzygia
643 646 853 699 lunaris
885 653 970 699 est
1007 644 1216 698 dierum
1249 661 1380 698 xxux
1412 645 1514 712 1/2
1547 643 1667 711 qui-

122 737 229 792 bus
252 737 316 790 de
340 751 465 790 xxxx
490 736 756 799 deductis,
784 743 988 791 restant
1011 736 1038 788 1
1064 737 1166 806 1ίὲ
1193 738 1247 789 in
1278 735 1570 789 Februario
1600 732 1664 785 ad

121 833 341 895 epactas
370 840 576 880 annuas
620 825 872 879 addendi.
903 826 1008 880 Sed
1049 841 1166 879 cam
1209 824 1515 879 metliodum
1569 824 1667 876 mi-

121 917 268 971 nime
320 919 482 984 vulgo
531 925 708 986 aptam
764 932 883 972 esse
938 932 1099 986 supra
1157 916 1484 969 monuimus.
1538 914 1660 968 Ideo

119 1006 352 1061 Romani
401 1022 740 1077 nequaquam
800 1024 862 1062 ea
916 1015 1042 1062 sunt
1099 1008 1204 1062 usi.
1269 1005 1534 1072 Quocirca
1586 1007 1664 1061 uti

118 1097 426 1152 Grmcorum
443 1099 794 1168 epilogismos
818 1099 880 1151 ad
904 1097 1209 1151 Kalcndarii
1232 1098 1490 1152 nostratis
1507 1112 1664 1151 usum

118 1203 182 1242 ac
227 1189 546 1257 dispositum
579 1189 1068 1252 accommodemus,
1113 1204 1233 1241 cum
1264 1190 1468 1256 epactis
1505 1202 1665 1256 regu-

118 1280 262 1334 lares
283 1280 674 1349 componimus.
712 1278 885 1333 Unum
917 1287 1096 1332 tamen
1129 1277 1524 1332 observandum
1555 1288 1659 1341 est,

37 1415 42 1417 ,
116 1385 243 1424 cum
281 1371 430 1440 cyclo
470 1371 642 1424 lsaaci
680 1387 810 1433 nu,
841 1377 1057 1439 epactas
1085 1384 1198 1433 vni,
1231 1385 1341 1423 non
1376 1385 1476 1432 vn,
1509 1385 1661 1423 com-

115 1457 389 1528 parandas
433 1474 592 1523 esse;
625 1467 825 1513 etcum
877 1459 1027 1527 cyclo
1073 1473 1224 1521 xvm,
1282 1466 1502 1525 epactas
1545 1473 1686 1517 χιι..

114 1565 230 1604 non
263 1565 417 1604 xvui.
465 1549 632 1618 Cujus
675 1551 810 1604 ratio
855 1565 920 1602 ex
969 1550 1208 1618 ὑποτομῇ
1255 1549 1395 1602 luna:
1436 1547 1664 1617 petenda

114 1646 196 1694 est
229 1655 245 1704 ;
289 1654 321 1692 a
357 1655 465 1709 qua
495 1640 653 1702 lunae,
682 1654 838 1708 quem
873 1647 1088 1700 vocant,
1120 1639 1292 1692 saltus
1339 1639 1534 1693 oritur.
1566 1635 1665 1693 llic

112 1731 258 1785 enim
300 1732 354 1784 in
395 1733 547 1800 c‘yclo
579 1729 820 1784 Romano
855 1747 965 1790 xix,
999 1729 1316 1783 Latinorum
1351 1745 1439 1781 xv1
1484 1728 1660 1780 couti-

111 1822 210 1887 git,
253 1823 333 1876 uti
381 1822 474 1876 lib.
523 1821 584 1874 Vl
627 1822 702 1875 De
745 1822 979 1874 doctrina
1010 1831 1326 1888 temporum,
1360 1834 1482 1889 cap.
1522 1817 1664 1874 XV."

109 1911 372 1968 diximus.
417 1911 643 1981 Propter
677 1912 815 1966 hanc
866 1912 1173 1980 ὑποτομὴν,
1222 1924 1422 1963 aureus
1461 1907 1660 1964 nume—

108 2019 202 2057 rus
250 2019 344 2056 xix
378 2019 486 2055 uno
535 2004 620 2057 die
661 2004 822 2057 situm
862 2002 1151 2075 antevertit
1194 2003 1250 2054 in
1291 2001 1660 2070 descriptione

108 2094 339 2150 Romani
373 2093 700 2148 Kalendarii.
744 2093 823 2147 Ob
857 2092 909 2146 id
944 2107 1050 2146 non
1083 2108 1158 2155 χι,
1188 2091 1279 2146 sed
1310 2108 1380 2144 xu
1414 2090 1658 2143 addenda

105 2192 236 2239 sunt
269 2185 336 2238 ad
370 2193 607 2253 epactam
644 2185 768 2236 anni
804 2182 1170 2236 antecedentis
1214 2197 1380 2243 xxvi;
1420 2190 1476 2233 ut
1532 2181 1658 2233 fiant

103 2293 199 2330 vui
240 2288 446 2344 epacta:
490 2275 619 2329 anni
655 2291 786 2339 xvu,
817 2274 1018 2344 quibus
1049 2273 1251 2328 additis
1278 2289 1353 2336 xi,
1386 2274 1658 2326 exsistunt

100 2375 310 2436 cpactaa
343 2383 432 2421 xIx
476 2369 603 2420 anni
639 2383 789 2429 xvul,
821 2369 912 2436 qui
941 2377 1024 2421 est
1069 2365 1340 2421 secundus
1377 2365 1512 2434 cycli
1553 2366 1657 2419 lto-

100 2456 249 2508 mani
303 2471 424 2510 :ac
478 2455 692 2510 demum
750 2458 974 2525 adjectis
1031 2473 1115 2520 xi,
1176 2455 1309 2510 ﬁunt
1367 2464 1568 2524 epacta:
1624 2456 1656 2508 0

99 2548 232 2601 anni
275 2563 393 2610 ιιι,
426 2549 516 2617 qui
561 2532 641 2603 est
680 2549 874 2603 tertius
913 2547 1143 2602 Romani
1182 2549 1340 2617 cycli.
1376 2547 1490 2601 Hoc
1531 2562 1656 2601 vero

100 2637 283 2690 locum
326 2637 490 2693 habet
530 2639 584 2692 in
620 2654 908 2692 aureorum
951 2653 1300 2692 numerorum
1347 2637 1654 2706 dispositu;

98 2727 406 2795 rujusmodi
444 2737 528 2782 est
567 2730 620 2781 in
648 2738 835 2783 nostro
867 2727 1209 2783 Kalendario.
1239 2727 1378 2782 Nam
1423 2729 1469 2782 si
1500 2728 1658 2785 aliter

104 2817 446 2880 instituatur,
504 2816 608 2869 alia
637 2833 852 2886 quoque
882 2818 985 2871 erit
1009 2817 1240 2872 ineunda
1269 2817 1429 2872 ratio.

716 2948 941 3004 CAPUT
979 2948 1050 3002 Χ.

92 3064 170 3119 De
213 3067 394 3118 lunari
445 3065 742 3134 προηγήσει
771 3101 786 3124 ,
836 3073 882 3117 et
920 3064 1258 3117 terminat-um
1295 3061 1652 3134 μεταπτὼςει.

167 3134 356 3188 lsaaci
398 3132 587 3202 Argjyri
622 3132 847 3186 ridicula
890 3135 1048 3188 ratio.
1093 3132 1501 3200 Quartadecima
1545 3132 1656 3184 Pa-

160 3205 364 3259 schalis
415 3220 507 3255 cur
551 3204 896 3270 plenilunium
941 3203 1175 3255 dicatur.
1233 3203 1414 3256 lsaaci
1455 3218 1654 3254 errores
1683 3211 1727 3272 ς

164 3277 351 3337 varii;
399 3273 764 3341 wquinoﬂium
815 3273 954 3340 falso
991 3273 1055 3324 ab
1090 3272 1264 3326 eodem
1306 3272 1651 3325 observatum.

164 3365 712 3434 ﬂucusquelunarem
728 3365 1037 3418 methodum
1073 3380 1132 3418 ex
1142 3364 1440 3433 pressimus
1456 3362 1656 3416 utrius-

87 3473 196 3526 que
247 3457 529 3526 computi;
571 3473 689 3526 qua:
715 3455 938 3510 Nicaeno
972 3457 1190 3520 saeculo,
1230 3471 1292 3510 ac
1337 3456 1473 3508 citra
1501 3456 1653 3511 novi-

87 3549 372 3604 luniorum
419 3551 720 3618 προήγησιν
750 3547 991 3604 adhiberi
1037 3554 1248 3617 poterat
1281 3566 1294 3601 :
1331 3561 1491 3616 quam
1527 3561 1651 3599 cum

83 3640 434 3709 antiquiores
482 3639 826 3716 computandi
880 3639 1166 3708 magistri,
1220 3638 1298 3690 uti
1348 3636 1648 3699 Maximus,

80 3731 407 3800 Dionysius.
451 3727 592 3783 Beda
640 3729 951 3791 nescirent,
994 3736 1314 3797 perpetuum
1359 3726 1488 3779 illud
1521 3726 1655 3777 arti-

79 3823 278 3876 ﬁcium
309 3821 648 3890 inquirenda:
686 3821 890 3874 lunaris
915 3821 1091 3874 aetatis
1121 3835 1243 3874 esse
1282 3819 1644 3873 crediderunt.

78 3915 318 3971 lsaacus
367 3928 519 3975 vero,
555 3921 616 3966 ut
649 3923 766 3966 erat
799 3911 1147 3966 astronomiae
1190 3912 1420 3980 peritus,
1455 3911 1647 3979 praesio

72 4002 168 4056 dio
217 4001 531 4056 caelestium
570 4002 1007 4057 Observationum
1051 4007 1104 4054 et
1149 4001 1495 4054 astronomici
1537 4000 1646 4054 cal-

70 4090 211 4155 culi,
263 4091 402 4145 solis
445 4104 509 4143 ac
546 4091 686 4144 lunae
726 4090 1128 4145 antecessiones
1162 4090 1541 4143 animadvertit
1591 4091 1646 4143 in

72 4199 228 4238 anno
255 4180 504 4237 Iuliano.
539 4181 666 4236 Ideo
705 4193 816 4236 tam
842 4181 1108 4246 Nicamas,
1138 4183 1222 4237 vel
1253 4174 1646 4238 Alexandrinas

71 4275 272 4345 potius
314 4274 629 4328 neomenias
672 4273 984 4338 Paschalcs,
1012 4290 1173 4344 quam
1208 4275 1491 4339 terminos,
1525 4274 1646 4330 inu-

73 4367 204 4422 tiles
258 4374 422 4419 mtate
466 4380 563 4420 sua
609 4379 732 4419 esse
776 4367 1079 4434 comperit;
1129 4375 1190 4420 ut
1231 4368 1322 4436 qui
1365 4368 1431 4421 ab
1465 4383 1646 4422 mense

69 4439 261 4528 primo
294 4455 365 4508 ad
401 4455 699 4510 secundum
734 4458 990 4526 paulatim
1039 4460 1326 4513 transitum
1368 4457 1641 4513 fecissent.

68 4549 233 4604 Hanc
290 4547 596 4618 προήγησιν
641 4547 695 4600 in
741 4554 898 4602 actate
943 4548 1084 4601 lunae
1124 4548 1426 4618 colligenda
1479 4547 1640 4601 tridui

70 4641 353 4710 prudens,
409 4654 476 4691 an
529 4637 842 4707 imprudens
885 4639 1072 4692 statuit
1133 4638 1394 4705 lsaacus;
1444 4654 1508 4692 ac
1569 4639 1650 4692 vel

67 4730 343 4792 ridicule,
383 4728 472 4783 vel
516 4728 779 4783 malitiose
811 4729 864 4782 in
888 4744 951 4783 ea
973 4727 1229 4782 tradenda
1259 4728 1514 4783 methodo
1535 4740 1652 4783 Ver-

67 4832 232 4884 satus
267 4829 380 4876 est.
400 4815 812 4890 Etenim‘capitc
840 4819 930 4873 Vll
959 4821 1161 4875 docens
1190 4821 1646 4890 quemadmodum

66 4921 303 4970 lunares
373 4920 577 4981 epacta:
636 4912 1042 4982 investigandm‘
1081 4912 1234 4976 sint,
1296 4912 1363 4966 ad
1429 4919 1651 4981 epactas

64 5009 176 5063 tria
224 5004 397 5074 jubet
443 5003 624 5069 adjici.
665 5001 828 5057 Verbi
871 5003 1044 5072 gratia
1087 5017 1230 5055 anno
1274 4999 1464 5054 Adami
1508 4989 1649 5058 6880

63 5099 268 5169 Cyclas
297 5092 584 5156 eratiunae
613 5091 668 5156 2,
691 5101 894 5162 epactas
913 5091 1002 5157 22,
1027 5107 1143 5161 qua-
1165 5107 1286 5144 cum
1310 5093 1650 5160 regularibus

61 5183 332 5240 Januarii
371 5199 410 5244 ι,
442 5180 677 5235 reddunt
718 5183 898 5235 lunam
940 5181 1252 5236 vicesimam
1287 5183 1506 5235 tertiam
1543 5181 1650 5240 Ka-

63 5277 252 5331 lendis
311 5271 595 5326 Ianuariis
658 5287 674 5325 :
733 5281 792 5324 ut
849 5279 966 5327 erat
1028 5270 1246 5325 Nicacno
1301 5273 1518 5327 saeculo.
1578 5273 1647 5326 At

61 5367 251 5422 lsaaci
290 5370 544 5430 tempore
586 5368 702 5414 erat
741 5362 994 5416 vicesima
1030 5364 1235 5431 quinta.
1275 5361 1407 5415 Nam
1437 5364 1649 5418 novilu-

66 5465 225 5518 nium
277 5436 435 5510 anno
478 5452 679 5508 Christi
728 5452 858 5506 1571
910 5455 1137 5524 contigit
1188 5453 1495 5508 Decembris
1524 5470 1643 5520 vm,

64 5553 234 5620 cujus
273 5547 594 5608 character,
634 5543 766 5598 feria
796 5544 849 5607 9.,
883 5544 936 5608 5,
972 5544 1076 5608 28’,
1118 5545 1234 5610 27",
1264 5544 1644 5598 Constantino-

67 5645 208 5716 poli,
245 5637 418 5710 cyclo
458 5637 592 5691 solis
627 5635 872 5690 Romano
899 5653 1014 5700 vui,
1044 5638 1223 5690 littera
1251 5637 1311 5689 E.
1348 5636 1514 5705 igitur
1542 5654 1644 5690 xxv

68 5743 200 5790 luna
240 5728 450 5787 incidit
483 5728 534 5780 in
572 5727 840 5782 Kalendas
875 5725 1161 5783 Ianuarias
1190 5730 1314 5782 anni
1363 5730 1640 5798 sequentis

71 5830 240 5888 1572.
275 5824 361 5884 ita
395 5818 646 5881 Octobris
677 5838 802 5875 xxvi
848 5821 934 5877 die
975 5821 1160 5882 eodem
1205 5835 1344 5875 anno
1380 5821 1501 5873 luna
1540 5837 1642 5875 xxv

1768 644 1940 697 riores
1971 643 2025 706 7,
2061 658 2122 696 ac
2147 644 2245 714 τὴν
2279 642 2560 706 ποσταίαν,
2593 642 2642 695 id
2667 649 2748 696 est
2773 642 2886 696 dies
2907 642 2974 696 9.6
3003 644 3304 698 conficitur.

1765 734 2112 788 Novilunium
2159 734 2350 787 incidit
2425 733 2754 800 Septembris
2796 748 2999 795 xxvm,
3051 733 3182 787 feria
3225 750 3303 788 HI.

1770 824 1922 881 Unde
1953 827 2079 878 luna
2112 826 2372 879 vicesima
2414 840 2555 883 nona
2601 825 2854 892 competit
2883 824 3126 878 Octobris
3156 841 3304 890 xxvr,

1767 918 1858 971 sed
1893 917 2228 971 neomeniam
2259 917 2462 985 putavit
2505 914 2720 969 lsaacus
2751 929 2778 965 a
2811 930 2936 967 xxix
2966 915 3052 968 die
3074 914 3308 985 Septem-

1767 1007 1899 1061 bris.
1948 998 2132 1076 itaque
2174 1009 2277 1059 tria
2331 1007 2515 1075 adjicit
2555 1014 2760 1075 epactze
2804 1007 2873 1059 ΞΕ).
2902 1047 2916 1069 ,
2958 1015 3016 1058 ut
3067 1007 3136 1060 sit
3175 1007 3246 1062 25
3291 1025 3304 1059 :

1765 1113 1885 1167 quae
1921 1112 2044 1152 cum
2093 1098 2301 1166 cpaetis
2350 1097 2616 1150 mensium
2656 1096 2707 1158 7,
2751 1105 2802 1150 et
2834 1098 2905 1149 26
2931 1097 3119 1151 diebus
3148 1096 3308 1151 Octo-

1763 1188 1878 1243 bris
1921 1189 2101 1242 lunam
2145 1188 2452 1257 producunt
2493 1187 2798 1240 vii-esimam
2840 1195 3118 1250 octavam,
3161 1187 3307 1240 dem-

1765 1277 1870 1345 ptis
1905 1277 2010 1330 '50.
2066 1275 2176 1330 Cur
2241 1276 2341 1330 tria
2391 1277 2506 1330 hinc
2552 1275 2835 1338 addantur,
2892 1288 3110 1327 causam
3161 1274 3310 1328 δῦθι-1

1759 1367 2096 1436 jocularem;
2131 1370 2254 1438 quia
2298 1383 2420 1421 cum
2453 1368 2582 1420 luna
2618 1368 2770 1437 plena
2805 1376 2980 1421 creata
3016 1367 3086 1420 sit
3127 1381 3155 1418 a
3202 1365 3311 1420 Deo
3391 1381 3397 1383 ·

1764 1459 1852 1512 die
1907 1466 2123 1527 quarto,
2174 1458 2414 1512 triduum
2458 1466 2672 1526 oportet
2713 1459 3093 1512 antecessisse.
3140 1455 3311 1510 Porro

1765 1553 1915 1623 cyclo
1963 1555 2140 1623 primo
2185 1554 2523 1624 deprehensa
2568 1561 2654 1618 est
2706 1555 2831 1608 luna
2868 1555 3073 1608 decima
3119 1555 3308 1623 quinta

1767 1644 2126 1702 Kalendarum
2157 1643 2441 1708 Januarii;
2491 1653 2690 1714 quanta
2744 1655 2860 1698 erat
2906 1660 2970 1699 eo
3016 1653 3307 1705 momento,

1763 1750 1870 1804 quo
1918 1745 2100 1789 creata
2138 1745 2241 1790 est.
2275 1721 2538 1810 Quoniam
2571 1751 2700 1805 ergo
2736 1737 2919 1806 cyclus
2945 1737 3149 1805 primus
3183 1750 3306 1803 cpa-

1765 1835 1883 1880 ctas
1933 1825 2090 1879 habet
2125 1827 2374 1880 undecim
2411 1843 2476 1881 ex
2515 1826 2768 1880 methodo
2794 1843 2810 1892 ;
2838 1827 3181 1903 baca-alioue
3211 1829 3306 1881 ﬁn-

1765 1917 1910 1985 gitur
1954 1918 2289 1971 novilunium
2334 1918 2599 1973 incidisse
2647 1920 2898 1974 undecim
2950 1918 3139 1973 diebus
3186 1929 3308 1975 ante

1759 2007 2034 2062 Kalendas
2070 2025 2083 2062 :
2123 2008 2318 2077 quibus
2348 2007 2512 2082 additi
2542 2015 2650 2064 tres
2677 2008 2750 2062 illi
2796 2009 2900 2079 πρὸ
2936 2008 3045 2062 τῶν
3079 2008 3308 2074 αἰώνων,

1758 2106 1817 2150 ut
1845 2107 2248 2168 computatorcs
2282 2099 2451 2154 Graeci
2495 2102 2816 2166 nominant;
2855 2099 3114 2153 decimam
3145 2101 3306 2169 quin-

1757 2196 1866 2240 tam
1894 2189 2073 2242 lunam
2101 2189 2386 2244 conferunt
2413 2191 2464 2244 in
2481 2189 2751 2245 Kalendas
2772 2189 3074 2246 Ianuarias.
3091 2188 3308 2248 .ldcirco

1759 2278 1922 2330 trium
1945 2294 2156 2348 semper
2185 2280 2251 2334 ad
2275 2290 2499 2349 epactas
2529 2281 2587 2333 ﬁt
2617 2281 2879 2335 accessio.

1830 2368 1953 2422 llam
1989 2371 2128 2422 ratio
2170 2386 2240 2424 ne
2269 2373 2617 2426 astronomia:
2651 2372 2869 2440 quidem
2901 2379 3094 2442 tyrone
3124 2369 3304 2438 digna,

1757 2468 1808 2515 et
1862 2461 2262 2530 imperitissima
2294 2470 2395 2515 est.
2430 2461 2668 2516 Primum
2717 2463 2790 2515 ita
2823 2461 3101 2535 procedit,
3152 2464 3306 2531 quasi

1757 2553 1989 2606 mundus
2024 2551 2302 2607 Decembri
2342 2569 2526 2608 mense
2555 2555 2807 2608 conditus
2842 2555 2932 2616 sit,
2974 2554 3115 2623 quod
3150 2570 3306 2609 nemo

1756 2641 2023 2697 hactenus
2058 2644 2313 2713 opinatus
2347 2653 2449 2700 est.
2495 2643 2698 2698 Deinde
2741 2629 2989 2713 quamvis
3030 2645 3132 2700 hoc
3166 2645 3306 2698 ultro

1755 2732 2118 2793 concedatur,
2182 2733 2353 2786 nihilo
2400 2734 2571 2801 magis
2619 2733 2861 2802 expediri
2917 2742 3114 2803 potest.
3164 2733 3298 2787 Nam

1757 2821 1804 2874 si
1845 2836 2030 2874 verum
2080 2819 2232 2888 dicit,
2285 2824 2525 2891 oportuit
2560 2823 2813 2877 omnibus
2860 2823 3003 2879 retro
3054 2825 3302 2888 smeulis,

1757 2914 2005 2983 adeoque
2030 2913 2268 2971 Nicaeno.
2297 2915 2534 2968 triduum
2558 2913 2688 2968 illud
2722 2914 2882 2982 adjici
2913 2934 2924 2968 :
2957 2915 3098 2983 quod
3125 2924 3301 2986 tamen

1757 3022 1979 3061 necesse
2024 3021 2129 3060 non
2170 3006 2270 3059 fuit
2297 3025 2311 3071 ;
2342 3007 2606 3075 siquidem
2644 3015 2846 3076 epactae
2881 3006 3151 3076 simplices
3175 3013 3302 3059 rcta-

1755 3109 1859 3152 tem
1902 3100 2038 3152 luna:
2084 3099 2560 3166 repraesentabant.
2608 3097 2872 3151 Praeterea
2925 3098 3142 3153 lsaacus
3186 3098 3303 3166 ipse

1757 3173 1933 3258 capite
1975 3188 2112 3252 XVI,
2148 3190 2236 3243 ubi
2269 3189 2333 3242 de
2372 3189 2578 3242 lunaris
2614 3204 2675 3242 ac
2713 3189 2908 3243 solaris
2950 3190 3073 3240 anui
3111 3188 3302 3241 antici-

1758 3285 1976 3353 patione
1999 3276 2240 3344 disserit,
2282 3293 2466 3334 censet
2493 3281 2648 3334 annis
2676 3295 2847 3342 cccnv,
2887 3295 2994 3333 uno
3028 3279 3114 3332 die
3147 3295 3301 3348 syzy-

1759 3376 1874 3443 gias
1933 3372 2196 3442 ἀκριϐεῖς,
2244 3373 2452 3435 civiles,
2499 3385 2563 3422 ac.
2599 3367 2819 3422 minime
2866 3367 3108 3438 ἀκριϐεῖς
3155 3379 3296 3420 ante-

1757 3472 2000 3519 vertere.’
2035 3462 2187 3516 Unde
2231 3477 2573 3531 consequens
2613 3471 2716 3524 est,
2759 3467 2882 3512 ante
2925 3472 3097 3512 annos
3130 3457 3302 3520 1047,

1755 3557 1950 3626 quibus
1993 3555 2206 3608 Nicaena
2248 3553 2488 3624 synodus
2524 3551 2692 3607 lsaaci
2736 3558 2968 3611 aetatem,
3004 3557 3058 3602 et
3102 3563 3300 3600 annum

1758 3646 1894 3701 1572
1929 3646 2255 3711 antecessit;
2293 3645 2486 3698 diebus
2525 3643 2756 3712 amplius
2791 3639 2965 3693 tribus
3001 3637 3141 3692 infra
3180 3637 3301 3692 dies

1731 3736 1848 3791 "eos
1886 3737 2076 3798 fuisse.
2101 3737 2300 3804 quibus
2321 3735 2467 3789 illius
2499 3750 2612 3789 ξενο
2646 3734 2947 3786 commissa:
2977 3737 3120 3785 sunt.
3162 3726 3298 3780 Tum

1755 3842 1881 3881 vero
1927 3828 1973 3881 si
2014 3826 2252 3879 triduum
2300 3826 2364 3878 ad
2412 3833 2630 3894 epactas
2671 3823 2915 3888 adderes,
2958 3822 3301 3890 nequaquam

1756 3921 1936 3973 lunam
1957 3931 2344 3997 ’assequerere.
2387 3913 2789 3969 Absurdissime
2838 3913 3000 3982 igitur
3039 3909 3297 3971 lsaacus;

1752 4010 1865 4080 qui,
1903 4024 2024 4062 cum
2067 4007 2344 4062 novilunia
2387 4012 2565 4059 certos
2603 4003 2667 4056 ad
2717 4003 2833 4058 dies
2869 4002 3091 4056 minime
3119 4000 3302 4053 adhaea
3379 4065 3383 4068 Α
3426 4073 3433 4080 .

1754 4112 1967 4152 rescere
2037 4096 2269 4158 sentiat,
2321 4094 2391 4148 ita
2435 4093 2791 4147 ratiocinatur
2857 4091 3093 4154 interim,
3143 4087 3299 4158 quasi

1753 4205 1967 4260 semper
2012 4189 2065 4243 in
2098 4188 2284 4243 eodem
2325 4187 2414 4242 die
2448 4186 2749 4243 consistant
2780 4204 2793 4238 :
2826 4185 2967 4254 quod
3004 4187 3085 4238 vel
3129 4185 3302 4253 impe-

1754 4282 1857 4335 rite
1885 4284 1954 4333 ah
1978 4295 2042 4334 eo
2073 4279 2273 4333 factum
2307 4285 2430 4345 est;
2461 4278 2505 4331 si
2545 4277 2596 4330 id
2632 4276 2772 4330 bona
2813 4275 2914 4329 ﬁde
2949 4276 3296 4346 praescripsit,

1752 4365 1834 4419 vel
1865 4366 2057 4420 callide
2088 4383 2103 4430 ;
2133 4367 2177 4418 si
2215 4365 2546 4419 declinanda:
2587 4364 2800 4418 invidiae
2835 4379 3032 4429 causa,
3068 4380 3134 4418 ne
3177 4366 3302 4434 plus

1756 4455 2053 4523 majoribus
2089 4455 2204 4509 suis
2249 4469 2439 4522 sapere
2487 4452 2778 4604 viderett\r,
2813 4461 2997 4521 aperte
3037 4453 3176 4520 quod
3213 4469 3305 4510 res

1756 4551 1892 4604 crat,
1919 4544 2156 4604 proﬁteri
2191 4543 2383 4600 noluit.
2834 4563 2839 4569 θ

1677 4559 1723 4618 υ
1754 4551 1892 4606 crat,
1919 4544 2156 4616 proﬁteri
2191 4543 2383 4600 noluit.

1825 4608 2094 4694 Caelerum
2141 4633 2424 4688 Paschalis
2470 4608 2708 4702 computi
2757 4632 2947 4686 vitium
3005 4633 3134 4688 illud
3191 4652 3303 4695 non

1756 4728 1966 4798 primus
2020 4726 2274 4780 odoratus
2337 4733 2422 4778 cst
2477 4724 2717 4794 Argyrus
2771 4744 2784 4778 :
2842 4725 2933 4779 sed
2980 4727 3071 4796 qui
3111 4726 3298 4783 eodem

1752 4825 1993 4886 tempore
2056 4816 2233 4870 ﬂoruit
2275 4815 2606 4884 Nicephorus
2653 4815 2942 4889 Gregoras,
2980 4818 3092 4888 qui,
3122 4826 3180 4871 ut
3217 4827 3298 4872 te-

1757 4914 1935 4980 statur
1981 4908 2070 4960 ille
2106 4908 2285 4974 capite
2321 4905 2476 4971 XVI,
2517 4905 2777 4962 Paschale
2817 4909 3129 4962 laterculum
3169 4924 3199 4962 a
3239 4924 3300 4981 se

1749 4994 2090 5049 emendatum
2131 4994 2329 5048 obtulit
2363 4994 2678 5064 imperatori
2711 5009 2773 5047 ac
2817 4997 3024 5049 senatui
3053 5012 3066 5060 ;
3101 4997 3152 5049 in
3190 5014 3298 5066 quo

1749 5085 1968 5140 termini
1999 5085 2164 5138 biduo
2192 5094 2321 5138 ante
2347 5084 2594 5139 Nicacnos
2623 5087 2865 5140 collocati
2895 5094 3039 5141 sunt.
3075 5085 3297 5140 Utrum-

1748 5192 1852 5245 que
1883 5191 2164 5243 canonem,
2221 5185 2455 5231 veterem
2495 5177 2702 5230 scilicet
2751 5192 2812 5230 ac
2859 5177 3168 5241 Nicamum,
3239 5191 3294 5236 et
3336 5203 3343 5206 ·

1746 5268 2134 5329 recentiorem,
2204 5269 2370 5322 habes
2441 5268 2494 5320 in
2557 5267 2724 5321 lsaaci
2779 5277 3077 5338 computo;
3138 5270 3293 5326 illum

1746 5360 1959 5428 quidem
2009 5360 2114 5414 sub
2150 5359 2465 5413 Damasceni
2517 5360 2766 5424 nomine,
2813 5363 2906 5430 qui
2946 5349 3174 5414 fortasse
3220 5361 3292 5414 ita

1746 5452 1990 5521 digessit,
2027 5453 2192 5520 capit.
2235 5451 2302 5516 Χ,
2340 5453 2565 5504 alterum
2593 5453 2643 5506 in
2671 5453 2772 5507 line
2797 5453 2991 5522 prioris
3030 5453 3288 5522 computi,

1748 5544 1814 5597 de
1866 5559 1969 5612 qua
2015 5543 2301 5611 Nicepliori
2352 5543 2700 5613 castigatione
2744 5544 2998 5616 nonnulla
3048 5542 3291 5597 dicemus

1747 5635 1939 5697 obiter,
1981 5652 2098 5704 quae
2129 5637 2192 5689 ad
2245 5636 2614 5689 illustrandam
2648 5635 2955 5703 Cregoriani
2986 5634 3288 5688 Kalcndarii

1745 5728 2180 5796 descriptionem,
2227 5736 2386 5796 atquc
2438 5728 2506 5779 ab
2550 5729 2650 5780 Sc:
2698 5727 2805 5793 geri
2852 5734 2903 5780 et
2941 5727 3153 5780 Calvisii
3195 5741 3287 5793 op-

1749 5820 2086 5888 pugnationc
2134 5817 2542 5883 \‘itulicundam,
2591 5819 2687 5871 l.""
2749 5829 2827 5873 cst
2876 5819 2938 5874 ad
2985 5818 3073 5870 lib.
3122 5814 3161 5866 V
3217 5812 3285 5870 De
