4046 6320
813 448 952 520 ".35

809 560 1048 616 doctrina
1102 572 1390 630 temporum
1442 563 1694 616 ὑπόθεσιν
1752 567 2151 621 accommodata
2215 576 2361 622 sunt.

880 652 984 716 Qui
1040 650 1328 707 Paschales
1377 656 1701 707 neomeuias
1750 669 1814 707 ac
1869 657 2128 712 terminos
2189 661 2241 712 in
2295 674 2361 713 eo

808 740 1066 812 laterculo
1108 741 1356 810 digessit,
1401 757 1508 809 quo
1547 740 1810 796 Catholici
1843 757 2033 800 ornnes
2075 760 2104 797 a
2143 745 2362 801 Nicmno

807 840 1049 900 tempore
1074 831 1140 885 ad
1178 839 1389 885 :etatem
1431 831 1669 886 nostram
1704 835 2074 890 ecclesiastica
2120 845 2360 906 tempora

808 922 1216 988 gubernarunt;
1262 933 1545 978 accuratos
1611 939 1674 978 ac
1737 916 1985 980 cmlestes
2047 927 2186 980 luna:
2240 944 2356 982 mo-

808 1021 897 1067 tus
949 1015 1005 1066 in
1049 1014 1348 1069 statuendis
1396 1015 1696 1070 neomeniis
1741 1015 2028 1084 diligenter
2069 1017 2302 1071 obtinuit
2344 1037 2357 1072 :

805 1119 914 1174 quo
945 1104 1001 1158 [lt
1034 1111 1092 1157 ut
1125 1104 1191 1157 iis
1227 1104 1335 1158 fere
1381 1106 1592 1168 diebus,
1623 1107 1820 1175 quibus
1848 1108 2122 1161 novilunia
2163 1124 2360 1163 secun-

805 1196 934 1248 dum
979 1195 1185 1266 ὁμαλὴν
1228 1197 1440 1266 κίνησιν
1481 1198 1772 1251 commissa
1812 1206 1958 1260 sunt,
1999 1207 2187 1253 exacte
2230 1214 2363 1252 con-

807 1296 1006 1355 gruant
1030 1305 1043 1353 ;
1070 1289 1282 1342 termini
1309 1303 1436 1342 vero
1467 1286 1776 1351 Paschales,
1813 1289 1926 1343 sive
1948 1288 2170 1344 decimae
2195 1306 2361 1359 quar-

805 1387 896 1442 t:e,
946 1378 1110 1433 biduo
1139 1380 1336 1447 saepius
1390 1378 1682 1447 plenilunia
1720 1379 2045 1446 praecedant,
2078 1391 2358 1450 propterea

805 1469 951 1536 quod
987 1469 1198 1525 decimo
1226 1476 1378 1523 sexto
1408 1468 1494 1524 die
1526 1469 1860 1539 frequentius
1891 1471 1961 1524 ab
1987 1485 2073 1535 eo,
2107 1473 2198 1540 qui
2232 1487 2361 1526 neo-

805 1560 1038 1614 iueniam
1092 1560 1298 1622 habuit,
1358 1559 1518 1629 plena
1567 1560 1695 1624 luna
1750 1560 2029 1631 contingat
2087 1561 2210 1616 :de
2251 1578 2360 1630 quo

806 1649 860 1703 in
903 1651 1088 1719 quinto
1132 1648 1207 1704 De
1247 1649 1489 1702 doctrina
1541 1658 1851 1716 temporum,
1883 1664 2003 1720 cap.
2042 1649 2179 1703 XIII.
2223 1650 2359 1704 llinc

805 1753 910 1792 non
926 1755 1047 1792 raro
1065 1747 1186 1793 ante
1207 1739 1590 1808 Gregorianam
1615 1739 1905 1793 editionem
1927 1739 2140 1805 acCidit,
2163 1749 2221 1794 ut
2237 1740 2360 1796 Pas-

803 1829 904 1883 eha
922 1845 1030 1883 uno
1046 1830 1133 1884 die
1153 1838 1277 1882 ante
1310 1829 1664 1898 plenilunium
1682 1830 1998 1884 incurreret.
2030 1830 2158 1887 Post
2187 1846 2358 1886 annos

804 1921 930 1975 inde
982 1923 1310 1990 complures,
1361 1937 1484 1976 cum
1533 1925 1694 1978 unius
1738 1924 1850 1991 jam
1897 1923 2005 1978 diei
2054 1927 2357 1996 προήγησιν

709 2063 712 2067 ,
803 2013 927 2067 luna
966 2012 1225 2067 fecisset:
1252 2014 1471 2068 termini
1497 2021 1707 2068 veteres
1735 2015 1910 2083 pridie
1940 2015 2057 2083 ejus
2085 2015 2216 2079 diei,
2249 2030 2358 2085 quo

800 2104 975 2159 media
1006 2105 1272 2174 Oppositio
1307 2104 1482 2169 fiebat,
1499 2098 1897 2173 propemodum
1937 2106 2263 2169 inciderunt,
2299 2115 2358 2160 ut

799 2210 862 2250 cx
891 2210 1010 2264 cap.
1044 2193 1182 2262 XIII,
1224 2195 1316 2247 lib.
1353 2192 1388 2246 ν
1426 2194 1503 2246 De
1532 2195 1773 2246 doctrina
1805 2203 2095 2267 temporum
2119 2183 2352 2250 constat.

800 2281 828 2334 Ι
846 2283 1007 2337 xinde
1037 2290 1160 2352 post
1189 2283 1394 2352 aliquot
1421 2285 1639 2345 szecula,
1664 2284 1887 2340 alterius
1913 2283 2020 2338 diei
2045 2285 2356 2358 anticipatio

799 2374 1032 2430 mediam
1065 2375 1458 2443 oppositionem
1485 2384 1695 2430 veteres
1727 2377 1780 2430 in
1807 2376 2069 2432 terminos
2088 2379 2353 2448 provexit,

800 2468 858 2512 ut
883 2471 992 2513 tum
1014 2460 1302 2518 Paschales
1321 2464 1532 2517 termini
1552 2479 1737 2519 revera
1760 2473 1941 2519 essent
1958 2467 2274 2535 plenilunia.
2301 2477 2355 2521 et

797 2550 1010 2603 decimo
1046 2560 1203 2605 sexto
1234 2553 1321 2608 die
1347 2554 1414 2607 ab
1452 2554 1736 2608 neomenia
1773 2555 2178 2623 contingerent,
2207 2557 2353 2626 quod

797 2641 1013 2709 quidem
1058 2643 1160 2696 sub
1201 2642 1353 2696 Beda:
1383 2651 1596 2712 tempus
1631 2645 1826 2698 evenit.
1863 2643 2027 2699 lsaaci
2059 2661 2221 2716 porro
2254 2663 2354 2702 sae-

797 2733 920 2786 culo
953 2734 1113 2800 paulo
1146 2734 1265 2802 plus
1307 2733 1515 2787 dierum
1545 2737 1708 2788 trium
1737 2738 2064 2806 προήγησις,
2104 2738 2350 2809 Gregorii

796 2819 913 2872 XIII
969 2827 1148 2886 aetate,
1194 2821 1470 2890 quatridui
1513 2829 1596 2876 est
1648 2822 1758 2878 fere
1799 2824 2068 2891 confecta,
2113 2826 2247 2882 adeo
2292 2836 2352 2882 ut

795 2909 997 2964 Niea‘ni
1023 2913 1235 2965 termini
1261 2912 1525 2966 decimam
1558 2921 1800 2966 octavam
1829 2916 2010 2968 lunam
2040 2919 2348 2974 redderent.

797 2999 936 3053 lluic
987 2999 1333 3054 incommodo
1381 3003 1789 3056 neomeniarum
1857 3003 2232 3071 Paschalium,
2287 3024 2350 3063 ac

797 3093 1152 3145 terminorum
1183 3093 1466 3146 translatio
1494 3093 1790 3148 remedium
1825 3097 2036 3163 attulit;
2068 3114 2187 3168 qua:
2225 3115 2347 3154 cum

795 3180 1007 3235 dierum
1048 3193 1306 3249 praeterea
1362 3181 1560 3237 decem‘
1607 3184 1911 3250 ablatione,
1951 3203 2114 3256 quam
2156 3190 2348 3244 solaris
2375 3219 2416 3274 ρ

795 3285 972 3324 annus
1017 3271 1286 3340 exigebat,
1329 3278 1438 3324 tam
1484 3281 1786 3340 opportune
1833 3274 1974 3328 facta
2024 3283 2126 3340 est,
2172 3286 2230 3329 ut
2280 3279 2350 3332 ab

793 3362 1034 3431 antiquis
1077 3363 1344 3426 terminis,
1381 3377 1444 3416 ac
1479 3363 1712 3420 Nicaanis
1746 3381 1853 3420 uno
1887 3375 2096 3421 tantum
2137 3368 2222 3423 die
2257 3371 2352 3424 de-

793 3459 1133 3535 scenderent.
1177 3462 1333 3512 Anno
1373 3458 1576 3513 Christi
1611 3476 1878 3524 eccum,
1929 3465 2208 3517 neomenia
2250 3464 2353 3516 Pa-

794 3549 998 3604 schalis
1045 3549 1197 3618 cyclo
1236 3551 1268 3603 5
1307 3551 1496 3604 incidit
1545 3551 1596 3603 in
1654 3551 1827 3604 Martii
1880 3567 2033 3615 util,
2072 3568 2176 3606 una
2226 3570 2348 3608 cum

794 3641 1158 3694 astronomica
1205 3642 1463 3711 syzygia;
1504 3642 1807 3708 terminus,
1857 3642 2058 3713 Aprilis
2104 3661 2159 3718 v,
2209 3660 2350 3700 anno

795 3731 956 3792 1577,
1002 3731 1156 3800 cyelo
1211 3730 1398 3785 eodem
1458 3733 1795 3786 novilunium
1849 3735 2202 3789 commissum
2269 3747 2351 3790 est

791 3819 968 3872 Martii
1021 3807 1134 3884 xix,
1182 3818 1389 3873 decima
1434 3828 1625 3889 quarta
1665 3819 1964 3886 Paschalis,
2004 3823 2204 3891 Aprilis
2244 3822 2348 3875 lia—

791 3908 986 3963 lendis.
1017 3907 1312 3978 Expunctis
1353 3908 1535 3962 decem
1580 3908 1767 3963 diebus
1809 3909 2024 3963 Nicaum
2063 3914 2346 3965 ncomenia

790 3999 1019 4053 cadebat
1047 3999 1099 4054 in
1138 3998 1311 4052 Martii
1346 4015 1476 4053 xxix
1508 4000 1648 4054 diem
1687 4019 1699 4053 :
1733 4001 1997 4056 terminus
2029 4002 2080 4054 in
2111 4017 2162 4054 χι
2187 4003 2346 4070 Apri-

789 4089 877 4142 lis.
919 4089 987 4140 At
1043 4089 1146 4142 hoc
1190 4087 1352 4141 modo
1396 4087 1561 4140 biduo
1617 4089 1833 4141 circiter
1884 4097 2009 4143 ante
2050 4090 2343 4159 plenilunia

789 4195 933 4248 s:epe
956 4179 1333 4247 contigissent.
1379 4179 1492 4233 Iloc
1531 4195 1598 4232 ne
1644 4179 1814 4244 ﬁeret,
1857 4179 2184 4249 Gregoriana
2225 4196 2346 4233 cor-

789 4268 957 4320 rectio
999 4275 1105 4321 tam
1149 4268 1460 4322 neomenias
1517 4282 1679 4337 quam
1735 4269 1996 4322 terminos
2053 4266 2342 4323 Paschales

699 4415 701 4418 ι
787 4376 896 4413 ιιιιο
924 4359 1010 4413 die
1048 4361 1377 4422 summovit;
1411 4361 1565 4429 quasi
1599 4359 1761 4440 tridui
1805 4360 2180 4414 tantummodo
2211 4362 2344 4415 anti-

786 4450 1111 4519 cipationem
1142 4450 1270 4503 luna
1300 4450 1622 4520 collegisset.
1661 4451 1737 4504 Ita
1779 4467 2036 4505 numerus
2077 4466 2273 4506 aureus
2300 4469 2336 4514 ι,

1794 453 1881 506 AD
1922 451 2186 507 EUSEBII
2225 451 2615 508 CllliONlCON
2655 451 3008 524 APPENDIX.

3869 453 4009 534 iul

2394 574 2436 627 Α
2473 567 2594 636 quis
2636 569 2788 636 prius
2825 569 3129 621 institutum
3172 568 3412 622 retinere
3448 584 3502 620 in
3534 566 3774 622 Paschali
3805 570 3944 622 metu»

2461 658 2531 710 do
2576 658 2892 726 castiganda
2948 656 3241 720 voluisset;
3293 658 3611 712 neomenias
3650 673 3714 712 ac
3753 660 3943 712 tenuia-5

2462 749 2810 818 anticipasset
2837 746 3016 800 triduo
3052 749 3244 803 solido.
3290 747 3395 802 Sed
3431 750 3532 803 hac
3558 750 3764 804 ratione
3797 755 3942 804 ternuit“:

2460 837 2622 892 biduo
2667 853 2902 908 persaepe
2947 839 3302 907 plenilunium
3347 840 3772 902 antevenissent,
3805 843 3870 893 uti
3898 842 3942 893 51-

2461 942 2611 981 caano
2641 929 2838 981 steculo
2871 927 3114 982 evenisse
3143 927 3403 981 diximus.
3433 927 3615 994 Quare
3644 930 3803 983 biduo
3828 933 3872 983 in
3898 948 3942 984 at.

2467 1016 2668 1070 teriora
2699 1029 3016 1084 promovere
3044 1016 3214 1070 satius
3256 1015 3378 1069 fuit.
3419 1017 3574 1081 Quod
3600 1025 3656 1071 et
3680 1017 3942 1088 Nicepbons

2461 1106 2731 1176 praestitit.
2765 1103 2870 1159 Sed
2901 1121 3008 1159 non
3039 1106 3110 1160 ob
3139 1107 3211 1170 id,
3244 1115 3303 1159 ut
3334 1107 3432 1170 illi,
3461 1109 3607 1177 quod
3638 1107 3771 1170 dixi,
3800 1110 3941 1164 incon
4010 1125 4011 1146 ι

2463 1193 2624 1246 modo
2672 1194 3007 1260 subveniret;
3047 1195 3112 1248 ad
3155 1194 3299 1265 quod
3340 1193 3660 1265 Gregoriani
3699 1198 3940 1252 Kalaidiri

2459 1286 2778 1350 conditores
2809 1294 3112 1355 respectum
3146 1287 3448 1342 habuerunt
3481 1308 3493 1342 :
3525 1304 3714 1343 verum
3759 1290 3881 1359 quod
3902 1293 3940 1344 iu

2459 1391 2778 1444 persuasum
2826 1376 3108 1440 haberem,
3143 1379 3406 1433 terminos
3438 1377 3731 1434 Paschalcs
3766 1380 3940 1435 Nicaeus

2458 1469 2805 1520 concurrisse
2836 1482 2960 1520 cum
3005 1467 3338 1536 pleniluniis.
3370 1470 3475 1536 Qui
3510 1470 3613 1524 fuit
3645 1487 3796 1524 error
3830 1471 3939 1526 Theo-

2459 1555 2609 1624 phili,
2647 1555 2833 1624 Cyrilli
2880 1571 2944 1610 ac
2989 1557 3322 1626 reliquorum
3375 1559 3632 1629 deinceps
3677 1569 3940 1629 computata-

2459 1661 2603 1710 rum,
2637 1646 2704 1700 ad
2736 1646 2962 1711 Bedam,
2987 1657 3041 1702 et
3068 1648 3210 1701 infra
3246 1650 3367 1719 ejus
3405 1658 3618 1705 aetatem
3664 1669 3678 1703 :
3716 1667 3862 1721 quem
3885 1667 3938 1703 nos
4012 1646 4013 1714 Ε

2459 1737 2514 1790 in
2544 1735 2586 1790 ν
2625 1736 2704 1790 De
2740 1737 2984 1792 doctrina
3034 1748 3348 1808 temporum,
3395 1755 3516 1812 cap.
3563 1739 3724 1795 XXIII
3773 1742 3941 1794 convici-

2460 1841 2600 1882 mus.
2653 1826 2792 1887 Hinc
2830 1836 2912 1883 est
2947 1825 3095 1898 quod
3147 1830 3496 1899 plenilunium
3541 1846 3683 1900 saepe
3716 1832 3792 1884 illi
3825 1831 3939 1884 termi-

2389 1897 2430 1952 Β
2459 1932 2589 1971 num
2633 1918 2925 1988 appellant,
2955 1897 3039 1972 vel
3075 1897 3325 1988 quartam
3354 1897 3641 1985 decimam,
3676 1924 3732 1974 ut
3768 1931 3822 1975 et
3854 1921 3938 1975 ιω

2459 2022 2556 2062 cus
2590 2016 2796 2071 noster,
2832 2025 2942 2064 non
2973 2026 3034 2064 ea
3065 2013 3281 2079 quidem
3329 2015 3539 2067 ratione
3578 2027 3738 2082 quam
3771 2013 3938 2081 Scaliger

2457 2104 2512 2151 et
2552 2099 2821 2154 Calvisius
2868 2100 3162 2156 defendunt
3202 2104 3436 2174 (tametsi
3482 2101 3723 2173 Scaliger
3760 2119 3790 2156 a
3821 2102 3939 2156 Clario

2457 2195 2647 2243 nostro
2677 2188 2938 2246 deductus
2979 2193 3208 2262 pristina
3259 2193 3330 2248 ab
3371 2194 3639 2262 sententia
3673 2195 3885 2248 recessit.
3905 2201 3936 2243 ιι

2455 2279 2641 2334 eodem
2675 2281 2812 2336 libro
2849 2285 3332 2354 monstravimus),
3365 2285 3520 2354 quasi
3555 2298 3826 2354 nunquam
3847 2283 3935 2337 desi-
4014 2279 4015 2350 ἲ

2457 2381 2544 2420 ιιιο
2583 2366 2778 2436 Quinto
2819 2368 2905 2423 die
2950 2370 3019 2424 ab
3063 2373 3348 2424 neomenia
3378 2369 3583 2427 Pascha
3625 2372 3872 2426 celebrare
3901 2371 3936 2420 ii-

2456 2455 2666 2514 euerit:
2702 2457 2797 2512 sed
2842 2459 2926 2513 vel
2977 2459 3032 2512 in
3079 2475 3191 2514 xxii
3226 2476 3399 2530 usque
3445 2461 3624 2514 lunam
3657 2459 3932 2514 diﬂundim-

2455 2559 2609 2600 cesse
2652 2545 2816 2601 fuerit
2861 2567 2875 2602 ε
2917 2563 3101 2604 verum
3155 2551 3309 2615 ideo,
3362 2552 3507 2621 quod
3565 2553 3832 2606 neomenia
3871 2565 3937 2602 uno

2454 2644 2574 2705 post
2608 2637 2832 2708 ἀκριϐὲς
2867 2640 3204 2694 novilunium
3249 2641 3339 2696 die
3384 2641 3759 2697 collocaretur.
3789 2639 3875 2695 Hoc
3901 2647 3934 2692 ιε

2454 2740 2674 2802 tyrones
2721 2747 2917 2803 capere
2961 2735 3153 2790 melius
3200 2735 3430 2804 possint,
3463 2736 3676 2791 tabulas
3721 2735 3935 2804 subjiciam

2451 2824 2588 2879 duas
2617 2825 2826 2881 lunaris
2858 2825 3020 2882 unius
3061 2826 3195 2897 cycli
3237 2827 3305 2881 ad
3339 2837 3627 2896 utrumque
3659 2824 3935 2897 tempus,»

2451 2920 2583 2972 caeni
2627 2920 2869 2985 concilii,
2920 2929 2978 2975 et
3026 2921 3196 2976 lsaaci
3240 2921 3463 2990 Argyri;
3513 2928 3572 2974 ut
3608 2936 3676 2975 ex
3722 2920 3937 2973 ambarum

2431 3010 2855 3077 comparatione
2901 3009 3043 3063 lunae
3076 3009 3413 3078 anticipatio,
3441 3017 3491 3062 et
3520 3007 3797 3077 Nicephori
3818 3007 3938 3060 casti-

2451 3099 2595 3172 gatio
2624 3099 2898 3154 intellectu
2937 3101 3007 3154 sit
3051 3098 3280 3152 facilior.
3311 3097 3370 3152 In
3405 3108 3631 3169 utraque
3660 3099 3828 3152 tabula
3856 3111 3940 3149 rer-

2451 3206 2544 3245 sus
2583 3197 2743 3244 erunt
2775 3206 2872 3245 vn.
2908 3188 3123 3244 Primus
3151 3204 3375 3245 aureum
3408 3206 3685 3244 numerum
3711 3190 3860 3249 dabit;
3884 3204 3939 3241 se-

2449 3281 2661 3336 cundus
2696 3281 2906 3352 cyclum
2944 3280 3076 3336 solis
3105 3279 3441 3346 Romanum;
3475 3283 3665 3337 tertius
3693 3280 3942 3334 Dominici-

2447 3372 2550 3426 Iem
2601 3372 2868 3439 litteram;
2921 3379 3150 3442 quartus
3205 3373 3544 3427 novilunium
3591 3373 3744 3443 primi
3787 3385 3940 3424 mensa

2448 3463 2598 3517 verni
2619 3478 2744 3517 cum
2771 3459 3108 3528 charactere,
3139 3461 3204 3516 ad
3231 3463 3588 3518 meridianum
3613 3465 3942 3519 Constantine-

2449 3554 2662 3624 poleos;
2709 3557 2934 3630 qqiutus
2977 3553 3119 3608 diem
3165 3553 3376 3608 civilem
3418 3553 3613 3630 Juliani
3656 3557 3872 3617 mensis;
3905 3570 3939 3604 is
4018 3553 4019 3570 ‘

2447 3657 2605 3712 quem
2643 3643 2925 3716 neorhenia
2960 3652 3267 3716 competere
3305 3644 3517 3711 debuit;
3549 3654 3728 3700 sextus
3760 3644 3942 3713 plenilu-

2449 3735 2596 3788 nium
2636 3747 2841 3818 menqs
2867 3734 3146 3804 ejusdem:
3186 3735 3449 3804 septimus
3477 3737 3746 3806 plenilunii
3775 3736 3938 3789 ciriiera

2445 3826 2608 3881 diem.
2660 3828 2739 3880 Ac
2781 3819 2890 3892 iam
2944 3826 2999 3880 in
3041 3827 3323 3881 neonienia
3375 3843 3534 3898 quam
3586 3827 3638 3882 in
3692 3826 3936 3898 plenileeie

2447 3917 2498 3970 id
2551 3903 2929 3997 observamus,
2965 3925 3024 3970 ut
3071 3918 3284 3987 quoties
3339 3919 3590 3973 horarum
3640 3919 3938 3989 epilogismts

2445 4008 2728 4062 duodecim
2758 4009 2920 4064 haras
2949 4009 3178 4073 excedit,
3201 4025 3323 4078 quae
3350 4011 3419 4064 ab
3451 4020 3601 4064 nocte
3637 4009 3802 4064 media
3828 4022 3937 4061 (ωι-

2448 4109 2726 4166 putantur,
2760 4100 2828 4153 ad
2864 4107 3155 4170 utrumque
3188 4115 3421 4169 sequens
3460 4101 3571 4155 dies
3608 4101 3778 4154 civilis
3809 4113 3937 4151 asen-

2447 4188 2606 4241 batur
2641 4208 2654 4243 :
2688 4188 2830 4257 quod
2872 4189 3188 4244 latereulum
3221 4189 3496 4244 Nicaenum
3535 4190 3751 4243 minime
3785 4186 3931 4242 teuuiL

2449 4276 2517 4330 Ut
2544 4277 2597 4330 in
2624 4293 2766 4332 anno
2792 4279 2984 4347 primo,
3017 4295 3137 4334 eum
3178 4281 3511 4334 novilunium
3539 4288 3681 4334 sexta
3714 4279 3819 4332 fere
3851 4285 3936 4345 pos!

2443 4369 2722 4422 meridiem
2756 4369 2888 4423 hora
2929 4370 3034 4424 diei
3071 4386 3200 4425 mn
3230 4369 3407 4424 Martii
3440 4370 3734 4441 contigerit,
3762 4382 3934 4422 necuit;

2443 4460 2532 4513 nia
2571 4470 2750 4515 tamen
2792 4477 2925 4516 xxnt
2958 4463 3076 4532 ipso
3107 4462 3194 4518 die
3222 4465 3510 4520 constituta
3536 4471 3632 4523 est,
3662 4475 3784 4531 qua
3806 4466 3937 4513 asta-

786 4539 960 4609 quiad
977 4556 1043 4593 xx
1062 4540 1234 4593 Martii
1249 4544 1674 4611 progressionem
1692 4542 1884 4596 fecisse
1898 4543 2216 4610 pouitur,ad
2231 4543 2332 4596 xxx
2370 4555 2410 4609 D
2440 4553 2656 4606 nomico
2693 4553 2902 4607 calculo
2947 4554 3003 4607 in
3048 4563 3365 4624 sequentem
3397 4554 3712 4610 refunditur.
3745 4551 3843 4605 Has
3872 4564 3936 4616 sy-

788 4631 963 4685 Martii
1006 4632 1326 4698 descendit;
1373 4643 1428 4686 ut
1467 4636 1730 4688 terminus
1765 4635 1816 4688 in
1849 4650 1922 4686 xu
1956 4633 2097 4688 diem
2133 4636 2336 4704 Aprilis

785 4737 1130 4798 congrueret.
1165 4727 1302 4782 Ilinc
1345 4731 1488 4783 enim
1528 4732 1743 4793 accidit,
1778 4738 1835 4783 ut
1878 4731 2093 4784 termini
2142 4732 2338 4800 smpius

787 4820 839 4871 in
874 4834 995 4871 eum
1030 4818 1171 4872 diem
1205 4831 1551 4883 concurrant,
1595 4821 1686 4889 qui
1715 4829 1798 4874 est
1825 4816 2001 4890 pridie
2027 4821 2196 4883 illius,
2229 4838 2338 4890 quo

787 4909 1138 4978 plenilunium
1165 4909 1379 4963 accidit.
1409 4908 1483 4964 De
1508 4925 1613 4981 qua
1644 4927 1698 4966 re
1727 4907 1938 4981 plenius
1966 4919 2144 4965 actum
2166 4922 2248 4966 est
2281 4913 2332 4965 in

789 5000 824 5052 V
858 4999 1204 5056 De'doctrina
1236 5012 1539 5068 temporum.

862 5090 924 5147 Ut
948 5091 1014 5145 ad
1041 5100 1252 5155 aetatem
1274 5092 1560 5161 Nicephori
1598 5100 1653 5147 et
1683 5093 1848 5148 Isaac:
1877 5102 2182 5149 revertatur
2209 5108 2333 5148 ora-

784 5183 890 5248 tio,
936 5198 1061 5238 cum
1114 5183 1280 5238 tridui
1305 5193 1432 5240 tunc
1475 5185 1601 5240 luna
1646 5189 1946 5254 προήγησιν
1989 5183 2238 5249 haberet;
2283 5183 2332 5239 si

2440 4643 2625 4713 zygias
2649 4633 2715 4698 ex
2742 4644 2924 4698 tabula
2951 4659 3072 4715 cap.
3107 4645 3172 4713 Χ,
3202 4647 3300 4702 lib.
3328 4646 3418 4700 V’ll
3445 4647 3514 4701 De
3531 4647 3767 4698 doctrina
3787 4653 3937 4702 mire-

2441 4752 2554 4789 runt
2605 4739 2998 4808 excerpsimus,
3029 4757 3148 4810 quae
3192 4758 3301 4798 non
3354 4743 3531 4797 minus
3572 4747 3829 4794 accurata
3860 4739 3937 4789 sivi

2442 4843 2602 4897 quam
2630 4843 2750 4897 quas
2777 4845 2842 4885 ex
2873 4832 3255 4888 astronomicis
3297 4831 3496 4887 tabulis
3539 4829 3657 4884 libri
3707 4828 3814 4882 Vill
3841 4843 3938 4881 eos.

2442 4917 2720 4984 ﬁciuntur,
2772 4937 2948 4992 neque
3003 4923 3232 4978 multum
3289 4922 3358 4978 ab
3405 4923 3507 4978 illis
3547 4920 3866 4991 discrepant.
3901 4923 3937 4965 τί

2440 5018 2660 5080 propter
2690 5011 3004 5080 adjunctum
3050 5013 3196 5070 feria:
3215 5008 3575 5078 characterem
3599 5012 3670 5066 ad
3707 5012 3936 5084 negatum

2439 5103 2856 5171 opportuniores
2891 5086 3165 5162 videntur.
