4046 6320
877 484 1012 540 1459

1881 470 1967 524 an
2003 435 2268 522 EUSEBll
2299 457 2686 537 CHRONICON
2726 454 3087 513 APPENDIX.
3736 509 3743 528 θ
3875 441 3940 494 ius

877 596 1025 664 ginta
1050 599 1194 654 octo,
1221 589 1470 644 videlicet
1499 600 1640 640 anno
1667 581 1936 652 69l9,qui
1975 593 2060 636 est
2079 579 2436 650 Dionysianus
2469 580 2511 635 Α
2539 573 2715 627 Martii
2748 589 2870 637 xxi;
3057 543 3372 622 [certissime
3403 563 3613 664 constet
3633 554 3940 664 jtljpSllll

882 685 1039 753 1}“,
1067 683 1223 753 plena
1256 680 1365 743 ﬁet,
1399 679 1595 748 inquit,
1624 677 1772 731 bidui
1819 675 2141 744 προήγησις.
2181 670 2304 725 Hinc
2338 672 2441 722 Ar-

876 789 1064 844 gyrus.
1094 772 1156 825 Et
1180 773 1397 840 quidem
1429 785 1616 824 revera
1644 781 1787 821 anno
1824 766 1916 819 illo
1939 780 2096 834 quem
2123 763 2256 817 dicit
2280 760 2440 815 Chri—

878 867 946 921 sti
979 865 1136 928 1575,
1169 861 1452 915 Iudaicum
1490 858 1842 929 plenilunium
1873 855 2101 932 contigit
2138 853 2286 906 horis
2324 853 2435 905 cir-

877 956 1016 1009 citer
1051 955 1226 1006 tribus
1259 957 1379 1020 post
1418 950 1550 1003 solis
1582 955 1850 1002 exortum.
1885 945 2012 999 Erat
2039 959 2215 997 anuus
2251 941 2440 995 .ludai-

877 1062 977 1101 cus
1007 1045 1166 1104 5I3'5,
1200 1043 1357 1110 cujus
1399 1041 1540 1094 Tisri
1590 1040 1711 1093 iniit
1744 1040 1969 1104 Augusti
2022 1052 2150 1100 xxx,
2200 1035 2332 1089 feria
2377 1033 2437 1093 2,

879 1152 1024 1190 anno
1057 1133 1256 1188 Christi
1292 1131 1450 1194 1572,
1481 1132 1634 1202 cyclo
1683 1129 1812 1182 solis
1847 1127 2088 1180 Romano
2133 1142 2207 1187 ιιι,
2263 1126 2437 1178 littera
2507 1164 2513 1165 κ

877 1226 985 1280 DC.
1019 1225 1146 1277 Nam
1181 1224 1326 1276 illius
1358 1223 1642 1276 character
1665 1229 1780 1273 erat
1807 1219 1863 1280 2,
1892 1219 1946 1277 5,
1981 1216 2104 1271 606.
2139 1215 2306 1269 Nisan
2329 1229 2437 1266 au-

878 1326 986 1371 tem
1014 1318 1297 1370 character
1321 1315 1375 1374 5.
1399 1314 1486 1374 ΞΟ,
1511 1313 1632 1370 757,
1664 1310 1796 1364 feria
1823 1325 1874 1362 vl
1900 1309 1970 1363 ob
1991 1307 2432 1367 translationem;
2460 1354 2470 1370 ,

878 1408 1056 1461 Martii
1091 1423 1218 1469 xxv,
1245 1405 1398 1475 cyclo
1443 1403 1575 1457 solis
1615 1400 1859 1454 Romano
1897 1415 1953 1464 x,
1994 1398 2172 1451 littera
2203 1396 2260 1461 Β,
2291 1409 2435 1449 anno

878 1498 1080 1552 Christi
1133 1497 1290 1550 1575.
1339 1492 1700 1548 Plenilunium
1759 1505 1889 1560 ergo
1949 1489 2300 1543 commissum
2351 1493 2435 1540 est

878 1589 1009 1658 Apr.
1039 1604 1160 1650 vm,
1197 1585 1330 1640 feria
1360 1585 1414 1649 6,
1446 1585 1535 1647 15,
1575 1584 1646 1637 75
1669 1581 1804 1651 l/‘Z,
1837 1583 1938 1634 hoc
1964 1589 2046 1634 est
2073 1569 2336 1638 horis‘lS,
2367 1577 2435 1629 75

878 1684 1002 1746 post
1044 1686 1222 1730 ortum
1272 1675 1424 1729 solis.
1471 1671 1605 1725 Nam
1657 1671 2006 1740 epilogismus
2053 1666 2311 1721 Judaicus
2366 1667 2434 1719 ab

877 1777 1078 1821 occasu
1132 1765 1264 1819 solis
1310 1763 1521 1831 incipit.
1563 1761 1667 1815 Sed
1713 1761 1885 1815 mirus
1933 1758 2165 1813 hominis
2209 1765 2428 1826 stupor;

877 1856 972 1924 qui
1001 1869 1107 1908 non
1143 1851 1588 1906 animadverterit
1623 1849 1882 1904 terminos
1910 1847 2224 1912 Paschalcs,
2254 1847 2345 1915 qui
2377 1846 2429 1898 in

877 1946 1139 2002 laterculo
1189 1945 1445 2013 descripti
1495 1950 1643 2006 sunt,
1690 1942 1774 1996 cui
1828 1940 2196 1994 Damascenus
2247 1946 2435 1990 auctor

879 2037 1220 2100 inscribitur,
1254 2051 1358 2090 non
1400 2035 1535 2089 alios
1564 2049 1705 2097 esse,
1741 2047 1902 2102 qu-zm
1934 2013 2203 2086 Nicaenos',
2239 2014 2435 2097 quibus

877 2128 1230 2198 TheOphilus,
1278 2128 1550 2198 Cyrillus,
1605 2133 1659 2179 et
1720 2123 1978 2177 Catholici
2043 2122 2297 2189 deinceps
2352 2119 2434 2173 usi

879 2226 1024 2272 sunt.
1058 2217 1125 2271 At
1153 2217 1368 2272 lsaacus
1397 2216 1544 2269 circa
1577 2229 1777 2268 annum
1799 2213 2003 2268 Christi
2038 2212 2139 2266 765
2171 2225 2432 2265 cauonem

877 2308 1029 2361 illum
1062 2307 1342 2360 conditum
1377 2320 1438 2358 ac
1465 2307 1727 2358 terminos
1755 2319 1876 2358 esse
1907 2303 2232 2356 constitutos
2252 2297 2434 2354 existi-

799 2438 802 2441 .
875 2405 1010 2450 mat.
1060 2394 1330 2450 Detractis
1371 2395 1514 2448 enim
1549 2393 1649 2448 608
1687 2393 1754 2447 de
1793 2392 1951 2453 1573,
1984 2391 2200 2445 exsistit
2257 2402 2432 2440 annus

877 2486 1000 2541 765.
1040 2484 1182 2540 Sane
1210 2483 1449 2539 Joannes
1482 2484 1850 2539 Damascenus
1905 2497 1968 2536 eo
2021 2482 2222 2536 saeculo
2262 2479 2429 2542 vixit;

875 2580 970 2648 qui
1015 2578 1261 2631 laterculi
1303 2577 1448 2631 illius
1483 2575 1757 2630 artiﬁciosi
1796 2569 2044 2628 conditor
2074 2587 2196 2627 esse
2223 2569 2428 2640 potuit;

879 2682 988 2720 non
1019 2673 1199 2719 tamen
1224 2666 1485 2719 terminos
1516 2663 1771 2718 instituit.
1815 2661 1919 2715 Sed
1946 2662 2212 2731 Argyrum
2243 2657 2431 2712 fefellit

876 2757 952 2818 id,
986 2757 1054 2811 de
1089 2771 1196 2826 quo
1225 2757 1383 2825 paulo
1419 2761 1544 2810 ante
1595 2754 1800 2808 monui.
1835 2751 2049 2806 Putavit
2076 2766 2140 2806 eo
2167 2759 2426 2818 tempore,

812 2874 815 2875 ν
875 2864 982 2918 quo
1011 2847 1301 2902 Paschales
1339 2847 1427 2900 ﬁxi
1465 2853 1590 2900 sunt
1634 2844 1871 2908 termini,
1918 2845 2126 2914 plenam
2159 2843 2339 2896 lunam
2373 2843 2428 2894 in

874 2956 971 2995 eos
1026 2940 1346 2994 incurrisse.
1403 2937 1558 3004 Quod
1620 2937 1837 3007 quidem
1889 2934 2061 2990 sancti
2111 2935 2426 2988 Damasceni

872 3039 1028 3084 actate
1056 3031 1303 3099 contigit,
1329 3046 1451 3083 cum
1481 3030 1609 3083 olim
1651 3027 1868 3082 Nicaeae
1892 3027 2089 3080 saaculo
2118 3026 2284 3079 biduo
2315 3025 2430 3079 fere

873 3122 1172 3193 plenilunia
1223 3120 1599 3189 praevenirent.
1645 3118 1744 3172 llic
1789 3118 1911 3173 fons
1947 3119 2150 3173 erroris
2178 3126 2263 3171 est
2293 3134 2310 3170 -:
2337 3118 2424 3170 cui

875 3215 1120 3284 proxime
1171 3213 1546 3282 subjiciendus
1598 3220 1679 3266 est
1736 3213 1896 3275 alter,
1948 3210 2093 3280 quod
2139 3209 2421 3264 Judaicum

873 3303 1082 3383 Pascha
1149 3311 1412 3373 perpetuo
1480 3303 1745 3358 decimam
1822 3308 2069 3372 quartam
2112 3300 2425 3355 Paschaletn

873 3397 1310 3451 Christianorum
1370 3411 1492 3450 esse
1537 3383 1694 3461 velit;
1747 3409 1847 3449 nec
1888 3394 2170 3464 intelligat,
2213 3392 2428 3449 Judwos

873 3495 1000 3540 ante
1037 3502 1262 3542 vernum
1298 3485 1682 3554 aequinoctium
1718 3485 2032 3553 plerumque
2060 3484 2265 3538 Pascha
2289 3485 2427 3538 celes

874 3579 1060 3632 brasse
1097 3597 1118 3636 ε,
1148 3585 1260 3631 tum
1301 3592 1430 3632 vero
1469 3585 1689 3646 propter
1727 3577 1904 3632 varias
1941 3577 2341 3637 translationes,
2373 3576 2425 3627 in

873 3669 1144 3725 decimum
1180 3669 1430 3739 quintum
1466 3668 1551 3724 vel
1598 3668 1865 3724 decimum
1898 3677 2107 3724 sextum
2147 3668 2426 3723 diffudisse

874 3760 1038 3815 diem.

942 3850 1084 3917 Quin
1111 3849 1276 3905 etiam
1305 3849 1538 3918 ridicule
1568 3849 1810 3920 Argyrus
1833 3849 1972 3904 idem
2007 3849 2072 3904 de
2102 3849 2425 3919 acquinoctio

869 3959 1038 3998 verno
1093 3943 1190 3997 abs
1221 3969 1223 3971 ί
1257 3958 1314 3998 se
1367 3941 1706 4010 deprehenso
1755 3951 1877 3996 ante
1941 3941 2082 3996 diem
2136 3958 2204 3996 xv
2248 3942 2424 3997 Martii

871 4035 1063 4091 scribit
1106 4048 1172 4088 ex
1223 4034 1608 4089 observatione
1654 4033 2013 4087 solstitiorum
2060 4053 2072 4088 :
2115 4035 2270 4104 quasi
2317 4051 2423 4088 non

869 4127 1042 4182 multo
1089 4128 1278 4190 tutius,
1306 4141 1370 4180 ac
1424 4125 1641 4180 facilius
1697 4127 1788 4185 sit,
1820 4126 2140 4194 aequinoctia
2183 4128 2296 4195 ipsa
2330 4127 2425 4180 ob-

870 4232 1087 4271 servare
1109 4208 1202 4286 per
1225 4231 1364 4277 sese,
1383 4231 1543 4285 quam
1567 4230 1629 4268 ex
1665 4215 2017 4268 solstitiorum
2043 4215 2248 4268 ratione
2275 4215 2427 4267 colli-

870 4325 1014 4377 gere.
1051 4307 1146 4361 Est
1190 4307 1329 4360 enim
1384 4307 1575 4360 horum
1631 4306 2029 4360 animadversio
2082 4306 2332 4367 dillicilis.
2373 4315 2426 4360 et

870 4398 1080 4451 lubrica
1113 4404 1333 4466 propter
1367 4396 1721 4451 lentissimum
1755 4403 1806 4449 et
1834 4395 2150 4467 ἀναίσθητον
2177 4413 2425 4466 progres-

872 4491 1080 4543 sionem
1111 4489 1241 4542 solis
1270 4502 1297 4539 a
1324 4488 1544 4555 tropicis
1572 4487 1808 4556 punctis,
1839 4494 1896 4540 ut
1917 4489 2219 4541 mirandum
2254 4490 2423 4558 magis

2541 678 2655 715 xxu
2685 667 2805 730 post
2836 656 3111 712 meridiem
3140 661 3383 707 notatum
3416 649 3484 702 ab
3513 647 3604 699 illo
3632 644 3788 698 fuisse.
3810 641 3940 709 Deira

2539 749 2683 818 quod
2734 746 2925 804 scribit
2968 753 3093 798 ante
3139 756 3312 796 annos
3363 736 3734 806 quinquaginta
3768 732 3808 784 in
3837 733 3940 800 appar

2540 839 2784 893 Thracia:
2831 835 2972 891 {Enn
3013 832 3226 887 Judaeos
3281 828 3487 883 Pascha
3539 825 3802 880 celebrasse
3849 822 3928 873 llm.

2540 934 2644 991 xx',
2689 943 2812 980 cum
2870 924 3235 979 Christianum
3289 919 3615 973 celebratum
3666 914 3797 968 luerit
3833 914 3940 982 Apris

2539 1033 2703 1080 xxtu;
2757 1017 2933 1069 littera
2986 1012 3085 1066 fuit
3110 1013 3174 1068 A.
3211 1019 3263 1064 et
3289 1024 3464 1061 annus
3506 997 3699 1061 Christi
3733 1006 3940 1068 lElSmyc:

2539 1109 2668 1163 solis
2694 1125 2767 1168 χι,
2794 1108 2932 1160 luna:
2958 1120 3076 1165 vm,
3113 1103 3392 1156 neomenia
3419 1099 3562 1158 Tisri
3587 1113 3716 1151 anno
3749 1095 3846 1150 1517

2537 1199 2670 1252 solis
2715 1214 2767 1259 x,
2799 1198 2974 1250 littera
3020 1194 3086 1257 B,-
3113 1192 3444 1261 Septembris
3486 1206 3581 1252 vn,
3626 1188 3742 1243 feria
3762 1187 3938 1244 ιε,

2537 1285 2699 1347 {Sisan
2729 1283 2906 1337 Martii
2947 1299 3025 1344 Ill,
3056 1281 3189 1334 feria
3217 1279 3269 1339 6.
3315 1279 3403 1340 12,
3437 1277 3560 1340 724,
3591 1291 3721 1330 anno
3742 1273 3940 1333 l5l8,lau+

2537 1391 2594 1428 ra
2621 1375 2684 1426 A.
2719 1354 2824 1426 Sed
2867 1381 3084 1441 prepter
3115 1368 3289 1430 Badu,
3333 1366 3610 1421 neomenia
3647 1363 3735 1416 fuit
3766 1362 3883 1414 lanii
3908 1377 3941 1410 ιι.

2536 1463 2668 1517 feria
2699 1464 2748 1528 7,
2779 1463 2833 1525 5,
2863 1463 2932 1516 40
2968 1461 3086 1531 υἳ.
3132 1458 3188 1513 Si
3229 1457 3511 1534 neomenia
3551 1455 3712 1508 Martii
3755 1468 3796 1505 tv
3820 1453 3940 1503 amas.

2537 1555 2743 1610 Pascha
2785 1555 3114 1608 celebratum
3161 1561 3245 1606 est
3299 1550 3364 1604 ad
3415 1563 3684 1618 vesperam
3715 1545 3797 1599 diei
3823 1555 3941 1598 mi..:

2534 1645 2796 1715 postridie
2843 1643 2943 1700 fuit
2992 1643 3164 1713 prima
3213 1643 3329 1696 dies
3375 1653 3694 1709 azymorum.
3729 1634 3940 1700 Quare

2535 1735 2702 1790 lsaaci
2763 1733 3133 1805 descriptione
3206 1749 3312 1786 non
3385 1729 3650 1798 congruit.
3707 1726 3938 1781 Christum:

2536 1840 2723 1896 porro,
2755 1822 3139 1892 Nicaenumque
3174 1821 3382 1876 Pascha
3419 1821 3728 1875 celebratum
3753 1825 3815 1870 est
3833 1819 3940 1882 Ap'iE-~

2468 1919 2695 1979 B-xxm,
2729 1931 2859 1969 cum
2885 1915 3152 1968 terminus
3200 1915 3254 1966 in
3298 1928 3428 1964 xvm
3473 1911 3697 1972 caderet,
3726 1906 3824 1961 feria
3845 1915 3941 1958 tm...

3107 2024 3338 2078 CAPUT
3375 2022 3464 2077 ΧΙ.

2533 2119 2716 2174 Altera
2749 2116 3020 2172 methodus
3056 2115 3333 2169 Paschalis
3372 2114 3660 2182 exponitur.
3688 2127 3782 2180 qua
3802 2113 3940 2162 inme.

2913 2187 3139 2241 Audrew
3176 2195 3418 2252 computo
3449 2186 3684 2238 cernitur.

2605 2279 2699 2334 Est
2727 2277 3040 2333 Graecorum
3085 2283 3522 2345 computaturum
3560 2282 3610 2326 et
3654 2270 3744 2325 alia
3773 2267 3942 2322 mutui».

2533 2371 2600 2425 ad
2659 2370 2952 2426 Paschales
3021 2367 3317 2430 terminos,
3367 2366 3498 2421 sive
3532 2364 3736 2418 Judaica
3783 2363 3942 2414 Pascha;

2494 2457 2499 2463 ’
2531 2462 2945 2533 cognoscenda;
2987 2474 3148 2530 quam
3183 2458 3498 2514 Cbronlcon
3538 2453 3881 2508 Alexandrinum
3904 2465 3942 2501 se.

2530 2556 2758 2625 quitur:
2795 2551 2883 2607 cui
2925 2567 3036 2606 non
3080 2551 3310 2603 multum
3343 2548 3620 2604 dissimilis
3665 2554 3739 2601 est
3767 2560 3814 2598 ea
3833 2542 3942 2610 quas

2531 2652 2788 2714 computo
2848 2643 3077 2698 Andreae
3124 2640 3595 2710 Hierosolymitani
3645 2637 3831 2706 legitur;
3861 2633 3942 2698 (δεδι

2529 2738 2828 2794 declaratio
2865 2737 2933 2790 ad
2962 2751 3025 2792 ea
3063 2750 3184 2804 qua
3221 2734 3495 2804 capitibus
3526 2728 3934 2786 antecedentibus

2529 2830 2727 2900 plicata
2757 2835 2905 2892 sunt,
2933 2842 3038 2880 non
3065 2839 3254 2895 parum
3280 2822 3561 2878 conducet.

2598 2917 2771 2971 Annis
2799 2918 2867 2970 ab
2893 2916 3098 2969 Adamo
3125 2929 3220 2983 per
3247 2912 3311 2966 l9
3337 2912 3654 2974 distributis,
3683 2907 3942 2979 izyclumluzr.

2528 3016 2583 3063 et
2653 3009 2704 3062 ei
2767 3015 3132 3077 congruentes
3193 3011 3415 3074 epactas
3472 3002 3698 3056 invenire
3738 2999 3865 3067 jubet.
3898 2991 3940 3043 5η

2528 3100 2726 3155 deinde
2761 3098 2880 3152 dies
2921 3113 3018 3150 xm
3068 3096 3265 3150 addere
3312 3094 3410 3157 τὰς
3468 3092 3570 3165 πρὸ
3620 3091 3713 3144 τῶν

2526 3206 2645 3262 quae
2670 3189 2998 3243 antecedunt
3020 3187 3342 3250 luminaria;
3369 3186 3520 3248 item,
3561 3180 3856 3252 προσελὴνους

2530 3289 2738 3348 lunares
2764 3279 2874 3342 VII,
2910 3288 3024 3334 tum
3074 3280 3140 3332 ad
3171 3277 3569 3347 "completi-lam
3619 3274 3834 3328 decimam
3855 3281 3940 3332 qm!-

2527 3383 2659 3438 tam,
2700 3381 2835 3442 quot
2875 3386 3016 3440 opus
3046 3379 3130 3444 est
3158 3369 3274 3423 dies
3319 3368 3574 3436 adjicere.
3621 3363 3790 3434 Facilis
3814 3366 3940 3411 estut-

2528 3465 2746 3521 tbodus.
2800 3465 2840 3516 A
2889 3461 3150 3516 Kalendis
3206 3459 3416 3513 Martiis
3459 3458 3525 3512 ad
3561 3473 3646 3510 vm
3688 3467 3824 3521 usque
3853 3446 3939 3500 diris.

2525 3573 2645 3626 qua:
2672 3556 2845 3625 prima
2897 3561 2981 3608 cst
3020 3551 3300 3606 neomenia
3340 3549 3632 3610 Paschalis,
3665 3548 3763 3602 dies
3787 3549 3871 3600 sunt
3895 3557 3920 3588 γε

2526 3625 2567 3703 li
2617 3656 2900 3718 propterea
2958 3645 3276 3717 προσέληνοι
3322 3651 3612 3706 vocantur;
3660 3625 3768 3710 quia
3806 3635 3935 3703 prima

2524 3740 2865 3794 neomeniam
2895 3737 3224 3810 praecedunt.
3254 3734 3384 3790 lnde
3416 3736 3482 3789 ad
3503 3751 3573 3789 xx
3591 3731 3761 3795 Martii,
3784 3728 3936 3782 diesmL

2525 3833 2616 3902 (ἶυί
2650 3832 2755 3904 πρὸ
2796 3831 2904 3884 τῶν
2936 3833 3233 3902 φωστήρων
3271 3829 3626 3898 appellantur,
3659 3841 3717 3880 eo
3753 3819 3854 3892 quod

2523 3919 2690 3987 mani,
2739 3940 2801 3978 ac
2836 3925 3076 3979 citimam
3112 3922 3354 3976 omnium
3385 3921 3643 3976 decimam
3673 3921 3936 3988 quartanas

2523 4018 2669 4070 xime
2697 4016 3064 4080 antecedunt,
3089 4013 3209 4083 qua:
3248 4021 3333 4068 est
3357 4027 3445 4067 xxi
3478 4013 3666 4067 Martii.
3695 4003 3933 4064 Luminarisi

2525 4117 2706 4164 autem
2752 4108 3027 4179 oppositio
3072 4105 3186 4160 ﬁeri
3221 4104 3420 4158 abillis
3446 4103 3724 4173 putabatur
3745 4101 3787 4152 in

2456 4214 2458 4216 '
2522 4199 2794 4266 Paschali.
2825 4199 3013 4268 Itaque
3044 4198 3181 4250 citra
3207 4196 3483 4264 ambages,
3519 4194 3626 4249 dies
3655 4209 3716 4246 xx
3744 4188 3795 4243 ad
3814 4191 3934 4254 cpida

2525 4291 2803 4347 addendas
2856 4306 2979 4346 esse
3014 4287 3295 4360 praescribi
3338 4294 3567 4356 poterat.
3602 4284 3709 4339 Jam
3741 4282 3778 4335 si
3805 4273 3934 4331 conﬂata

2524 4383 2735 4438 dierum
2768 4397 2978 4437 summa
3007 4381 3186 4434 minor
3229 4379 3303 4433 sit
3345 4393 3506 4448 quam
3544 4392 3679 4443 xuv,
3711 4367 3935 4440 reliqum?

2520 4475 2654 4543 jice.
2683 4476 2857 4529 donec
2887 4489 3014 4528 xuv
3041 4471 3318 4540 compleas
3353 4488 3368 4524 :
3399 4468 3653 4539 quidquid
3675 4466 3855 4521 additum
3873 4456 3933 4511 ert

869 4583 939 4634 sit
983 4581 1414 4649 qualemcunque
1469 4550 1836 4634 astr-onomum
1885 4595 2001 4632 eam
2066 4550 2421 4650 cognoscendi
2455 4591 2500 4648 ῐ)
2526 4577 2648 4639 Ροεῐ
2679 4585 2746 4621 XX
2792 4567 2971 4621 Ματιίὶ
3023 4565 3326 4635 putillum.
3371 4563 3712 4640 οειεηόριιιιιε
3744 4550 3934 4611 Pasch-"‘5

870 4672 1020 4724 verni
1048 4672 1357 4739 a'quinoctii
1395 4672 1652 4726 rationem
1677 4672 1918 4731 init-isse,
1948 4687 2106 4741 quam
2141 4675 2238 4726 hac
2271 4673 2423 4727 adhi-

869 4764 1002 4823 liita,
1049 4761 1230 4815 triduo
1271 4757 1489 4824 circiter
1543 4765 1841 4819 aberrasse.
1875 4763 2005 4815 Nam
2037 4780 2218 4817 verum
2252 4767 2420 4834 :cqui—

870 4856 1118 4910 noctium.
1159 4868 1381 4907 vernum
1439 4868 1580 4908 anno
1628 4856 1827 4909 Christi
1887 4856 2022 4908 1572
2072 4857 2421 4910 commissum

869 4954 957 4999 est,
981 4944 1157 4998 Martii
1193 4959 1270 4998 xu
1302 4943 1540 5009 ineunte,
1573 4946 1701 5000 feria
1728 4964 1779 5001 vi
1810 4948 1941 5001 liora
1977 4950 2025 5012 l,
2052 4948 2129 5000 11¹
2162 4956 2284 5018 post
2309 4962 2422 5002 me-

870 5036 1013 5090 diam
1051 5043 1284 5099 noclem,
1316 5036 1801 5107 ConstantinOpoli.
1834 5037 2063 5104 Quinam
2097 5047 2274 5104 autem
2308 5037 2422 5092 ﬁeri

871 5137 1069 5199 potest,
1100 5140 1155 5183 ut
1195 5127 1370 5185 lsaaci
1422 5137 1667 5198 tempore
1710 5131 2092 5199 aequinoctium
2134 5129 2423 5184 incurrerit

871 5221 924 5272 in
958 5218 1140 5271 Martii
1172 5235 1260 5279 xv.
1291 5220 1373 5274 vel
1419 5235 1507 5272 xw
1547 5219 1711 5279 diem,
1743 5235 1863 5272 cum
1908 5228 2123 5273 centum
2161 5219 2270 5273 fere
2301 5228 2424 5289 post

871 5308 1052 5368 annis,
1082 5306 1185 5359 hoc
1218 5313 1300 5358 est
1335 5321 1477 5359 anno
1509 5307 1667 5369 H88,
1699 5305 1931 5362 Joannes
1965 5307 2423 5377 Regiomontanns

872 5398 1010 5450 idem
1057 5397 1323 5466 repererit
1353 5395 1527 5449 Martii
1559 5414 1635 5464 χι,
1683 5398 1816 5452 hora
1847 5400 1900 5461 ’5,
1931 5400 2012 5452 40'
2041 5408 2163 5469 post
2192 5399 2419 5454 mediam

858 5490 1122 5543 noctem?
1149 5489 1294 5560 quod
1346 5496 1399 5543 et
1447 5491 1523 5544 illi
1574 5507 1636 5546 ex
1690 5493 1890 5545 nostris
1921 5493 2122 5547 tabulis
2165 5501 2320 5546 eruto
2355 5494 2420 5546 ad

873 5581 1038 5636 lsaaci
1070 5590 1285 5652 tempus
1310 5581 1771 5636 accommodatum
1803 5591 1904 5637 est.
1928 5583 2061 5635 Tum
2090 5582 2421 5651 Copernicus

871 5685 1013 5722 anno
1040 5669 1197 5732 1516,
1227 5669 1400 5724 Martii
1434 5687 1506 5734 xl,
1541 5671 1673 5723 liora
1702 5672 1756 5734 4,
1796 5673 1877 5725 20’
1909 5673 2230 5728 observavit.
2267 5673 2421 5728 Falsa

871 5763 1032 5828 igitur
1059 5761 1364 5818 observatio
1395 5763 1483 5816 illa
1512 5771 1595 5818 est
1625 5760 1792 5818 lsaaci
1826 5765 2053 5835 Argyri;
2088 5765 2234 5818 velut
2258 5766 2419 5817 etiam

871 5869 989 5904 cunt
1018 5853 1360 5910 Ptolemarum
1408 5854 1550 5908 addit
1596 5856 1972 5914 aequinoctium
2001 5853 2420 5913 deprehendisse

2525 4661 2836 4714 terminum.
2876 4656 2971 4712 Sin
3019 4657 3136 4712 dies
3167 4672 3312 4720 xuv,
3346 4667 3441 4711 aut
3468 4656 3642 4726 plures
3685 4657 3808 4708 etiam
3834 4655 3932 4697 me

2522 4760 2732 4811 rentur,
2761 4757 2970 4804 tantum
3019 4743 3156 4803 adde
3180 4748 3414 4807 dierum.
3443 4755 3691 4818 quantum
3713 4743 3930 4798 necessst?-

2522 4851 2602 4907 ut,
2653 4842 2846 4898 diebus
2876 4842 3094 4904 ablatis,
3147 4841 3560 4910 quatuor-decim
3591 4823 3932 4891 residentem:~

2522 4935 2698 5005 ipsum
2737 4935 2879 5004 quod
2926 4933 3212 5002 ndjeceris,
3245 4940 3367 5002 post
3410 4947 3504 4984 xxi
3559 4929 3718 4983 Martii
3756 4931 3880 4994 putare
3896 4929 3932 4964 ιε»

2520 5029 2661 5096 cipe.
2694 5027 2900 5081 litenim
2953 5025 3163 5080 decima
3211 5032 3404 5093 quarta
3447 5023 3688 5092 quaelibet
3714 5020 3814 5072 citra
3839 5009 3928 5063 lbra

2520 5136 2608 5173 xxi
2649 5119 2893 5174 incidens
2917 5117 3156 5172 nondum
3196 5115 3476 5170 Paschalis
3501 5098 3584 5172 est
3609 5114 3702 5170 τοι)
3728 5110 3768 5164 id
3794 5099 3930 5160 calcata

2521 5214 2661 5265 ultra
2693 5210 3071 5281 propagandus
3103 5217 3207 5262 est.
3238 5208 3366 5262 Esto
3403 5209 3587 5279 cyclus
3612 5198 3927 5263 Constantino?”

2520 5305 2720 5357 litanus
2752 5320 2858 5366 xiv,
2903 5303 2992 5371 qui
3015 5309 3099 5356 est
3127 5300 3407 5355 Romanus
3447 5318 3580 5366 xvii,
3610 5306 3780 5369 epactaa
3803 5293 3926 5344 sunt"

2482 5404 2484 5406 ’
2521 5413 2641 5463 qna:
2670 5398 2789 5449 cum
2812 5412 2882 5448 xx
2910 5393 3110 5458 Martii,
3141 5391 3435 5446 conficiunt
3463 5391 3554 5447 24.
3590 5389 3655 5446 Ut
3677 5396 3814 5443 autem
3833 5375 3925 5463 ιδέξω

2522 5490 2728 5558 integra
2770 5486 3009 5557 syzrgia.
3067 5483 3262 5552 reliqui
3321 5484 3430 5538 sint
3478 5484 3593 5538 dies
3630 5497 3725 5540 m.
3772 5461 3923 5525 adde

2521 5579 2681 5634 Fiunt
2703 5579 2770 5632 44
2803 5578 2938 5632 dies.
2967 5575 3140 5630 Porro
3159 5574 3391 5629 addititii
3419 5575 3497 5628 illi
3531 5574 3600 5628 2t)
3624 5589 3652 5626 a
3675 5585 3746 5625 xxi
3772 5557 3924 5618 lanii-‘3

2522 5688 2570 5724 ix
2603 5670 2799 5740 Aprilis
2828 5669 3180 5738 perveniunt;
3207 5680 3317 5735 quo
3351 5667 3438 5721 die
3459 5681 3548 5719 xtv
3569 5660 3804 5719 Paschalis
3822 5655 3924 5703 CW"

2522 5765 2618 5822 nit,
2651 5762 2799 5832 cyclo
2825 5761 2963 5813 luna:
2987 5757 3204 5826 Nicazno
3235 5773 3362 5812 xvn.

2593 5853 2802 5909 Rursus
2829 5850 2976 5921 ryclo
2994 5867 3023 5903 v
3046 5850 3660 5921 ConstantinOpolitano,
3691 5843 3924 5900 Romanam
