4046 6320
46 402 175 455 ιιιι
1019 378 1467 458 DISSERTATIO
1504 402 1591 459 DE

1652 405 2039 461 IRECORUM
2078 406 2279 461 IERIS.
2588 422 2596 435 '
3109 420 3247 475 “1.2

42 521 399 582 epactmxxv,
431 528 698 581 quaecum
732 529 800 567 xx
843 513 1033 569 diebus
1079 515 1253 569 Martii
1281 516 1411 569 dant
1448 534 1590 583 va;
1625 530 1667 581 Α
1695 520 1827 587 ginti
1867 558 1882 583 ,
1915 520 2116 574 idcirco
2154 521 2557 575 accommodata
2605 522 2812 593 integra
2842 527 3079 597 syzygia,
3114 546 3246 585 con-

44 613 101 656 ut
133 605 297 672 igitur
328 620 485 658 Lxxiv
513 604 631 658 dies
657 606 943 667 exsistant,
982 606 1211 658 addendi
1249 623 1401 661 χχιιι.
1434 607 1591 661 Fient
1626 664 1645 682 ,
1697 609 1830 662 ﬁunt
1856 611 1972 665 dies
2014 626 2174 675 xux;
2206 611 2272 665 de
2303 612 2497 688 quibus
2528 612 2805 669 subductis
2843 615 3022 671 Martii
3054 620 3244 678 diebus

44 696 129 749 74.
171 696 434 750 Detractis
461 697 547 752 60.
591 698 790 751 residui
823 706 949 750 sunt
991 698 1074 753 14.
1113 698 1379 752 Cmterum
1425 699 1490 753 ad
1520 700 1591 753 20
1693 714 1842 759 xxxi,
1894 706 2101 769 restant
2136 715 2291 753 xvm.
2365 699 2576 755 llursus
2639 702 2943 772 inquiratur
2981 710 3243 765 terminus

40 789 154 841 dies
199 787 397 853 Martii,
446 788 639 841 additis
661 788 748 851 29,
781 797 829 841 et
872 803 937 841 ex
975 804 1185 847 summa
1213 790 1305 851 49,
1341 791 1590 845 deductis
1692 787 1845 854 cyclo
1889 787 2027 840 lunae
2064 804 2215 841 xv"!-
2246 788 2458 858 Epacta:
2489 800 2615 844 sum
2643 807 2796 857 XVIII.
2820 794 2886 847 ad
2916 811 3051 863 quas
3083 811 3240 852 acce-

40 879 96 929 δι
125 879 321 940 Martii,
350 888 516 933 restat
546 879 745 947 Aprilis
777 881 863 941 18,
906 880 961 933 in
990 894 1166 948 quam
1198 882 1460 935 terminus
1490 882 1591 935 Pa-

1691 875 1827 928 dunt
1863 892 1957 939 vn,
1991 882 2052 929 ut
2081 876 2209 931 ﬁant
2243 894 2365 939 xxvi
2407 881 2607 949 quibus
2639 884 2704 935 ad
2734 885 3124 954 quinquaginta
3152 887 3242 942 de-
3286 899 3295 903 ‘

38 953 239 1024 schalis
277 969 525 1024 Nicmnus
576 972 845 1039 congruit,
894 971 1045 1040 cyclo
1070 986 1186 1023 vin.
1600 985 1603 990 ·
1689 976 1815 1020 sunt
1847 983 1972 1021 xxv.
2028 967 2167 1037 Ergo
2210 968 2392 1022 Martii
2420 971 2507 1024 die
2542 987 2647 1024 xxv
2679 982 2870 1043 quarta
2901 953 3104 1029 decima
3135 976 3238 1030 Pa-

26 1102 31 1115 ,
105 1061 174 1111 At
200 1068 419 1115 sanctus
461 1061 699 1114 Andreas
728 1060 1024 1123 Cretensis,
1051 1068 1107 1114 ut
1141 1061 1280 1115 idem
1320 1063 1586 1119 terminus
1686 1058 1885 1111 80113135
1925 1059 2153 1112 Ῐηειιΐνίι
2176 1061 2327 1131 (ΣΥΟῙΟ
2350 1059 2594 1116 Romam
2616 1080 2702 1126 ιν.
2740 1066 3235 1139 ϐοηειιιηιίηοροιὶ-

37 1152 363 1214 obtineatur,
390 1154 654 1207 labentem
686 1154 825 1206 lunae
856 1155 1066 1223 cyclum
1097 1170 1192 1223 per
1235 1171 1286 1207 χι
1320 1155 1583 1224 multipli-

1687 1155 1812 1200 tano
1859 1163 2010 1202 xvm.
2063 1150 2217 1204 Idem
2254 1150 2360 1215 ﬁet,
2401 1152 2445 1207 si
2481 1162 2790 1221 epactarum
2824 1173 2957 1212 xvut
2982 1161 3238 1229 complc-

36 1251 141 1295 cat.
200 1242 433 1297 Summa:
487 1244 725 1299 collecta:
755 1259 848 1298 sex
893 1246 1007 1299 dies
1056 1246 1261 1313 adjicit,
1313 1262 1448 1317 quas
1489 1249 1580 1298 ἀπ’

1683 1243 1923 1289 mentum
1956 1238 2021 1292 ad
2056 1256 2211 1305 xuii,
2258 1240 2357 1295 hoc
2386 1250 2469 1298 est
2502 1260 2607 1296 xxv
2650 1261 2903 1300 numeres
2934 1263 2961 1299 a
2983 1248 3235 1305 Kalendis

36 1334 240 1386 αξὼνων
270 1343 446 1402 vocat,
496 1351 666 1404 usque
719 1336 799 1388 ad
822 1339 1035 1405 cycjum
1088 1353 1212 1401 ηις
1273 1340 1424 1407 εγειο
1453 1354 1581 1393 γειιο
1683 1324 1908 1381 Martiis.
1944 1327 2068 1382 Haec
2096 1331 2381 1388 methodus
2414 1336 2592 1389 locum
2632 1336 2862 1392 habetin
2892 1338 3124 1395 Nicaenis
3146 1357 3236 1411 sy-

36 1444 175 1489 xvn,
215 1444 349 1481 xvm
396 1436 449 1481 et
484 1445 574 1481 xix
618 1440 819 1497 septem
860 1428 1025 1483 addit.
1059 1428 1189 1482 Post
1234 1430 1346 1484 haec
1375 1430 1578 1499 integra

1681 1418 1869 1485 zygiis.
1909 1419 2063 1484 Quod
2087 1422 2133 1475 si
2164 1425 2519 1495 προηγήσεως
2552 1426 2757 1482 lunaris
2780 1430 3043 1483 rationem
3068 1433 3235 1486 duce-

34 1534 241 1587 summa
273 1535 367 1589 per
395 1520 465 1573 50
499 1521 719 1579 tributa,
754 1520 897 1587 quod
920 1520 1182 1589 reliquum
1211 1531 1293 1573 cst
1324 1537 1353 1573 a
1382 1520 1575 1575 Martio

1679 1519 1736 1558 re
1758 1507 1881 1573 quis
1911 1510 2078 1575 velit,
2111 1520 2288 1580 potest
2322 1514 2389 1568 ad
2430 1523 2675 1583 epactam
2706 1518 2823 1573 dies
2863 1520 3060 1574 addere
3106 1522 3234 1575 toti-

34 1612 228 1678 putari,
265 1612 422 1680 eique
463 1622 729 1679 quantum.
758 1612 964 1664 dierum
999 1628 1134 1679 opus
1160 1621 1243 1668 est
1288 1614 1409 1667 addi
1442 1630 1579 1683 pne-
1678 1591 1821 1699 θεων
1853 1605 1983 1699 quin
2015 1597 2141 1650 [una
2186 1600 2476 1699 ΡΓῙΞίῘΠ-θω
2521 1604 2779 1672 θΡ⁰⁰¹¹³Π¹
2823 1609 3133 1673 ωηενθηίί»
3171 1618 3231 1662 ιη

31 1702 178 1769 cipit,
205 1711 261 1755 ut
311 1700 566 1755 numerus
593 1702 658 1755 ad
696 1703 1082 1771 quinquaginta
1114 1706 1411 1771 perveniat,
1442 1680 1576 1761 adeo
1678 1680 1895 1775 [Sancus
1920 1683 2161 1755 Argyr“
2184 1688 2437 1743 insumil'

32 1802 88 1843 ut
115 1794 275 1846 etiam
306 1795 371 1846 de
404 1796 567 1860 Aprili
604 1795 801 1863 aliquid
849 1795 1191 1862 adjungatur.
1220 1794 1422 1849 Horum
1461 1798 1574 1851 die-
1689 1861 1706 1863 _
1792 1862 1797 1863 ν
2260 1778 2485 1835 CAPUT
2520 1780 2634 1837 xu-

32 1899 145 1934 ium
182 1885 401 1936 ultimus
432 1882 637 1939 Pascha
667 1883 948 1937 Judaicum
981 1887 1101 1939 erit.
1145 1888 1313 1954 Cujus
1344 1889 1569 1952 decreti,
1606 1872 1647 1925 Β
1673 1861 2432 1957 θεείῖξαέῗζηξίξξξξηθῖῗῖῬαίί
2476 1875 2760 1957 “penoris
2800 1874 3097 1957 GW‘Q'um
3120 1917 3135 1943 ι
3179 1888 3228 1933 ⁸⁸

1812 1939 2209 2001 ρτιιέἰριιονιιηι,
2234 1939 2486 2005 festorum
2522 1939 2769 2010 exemplis
2813 1949 3085 2009 astruitur.

1745 2020 2001 2091 Superest
2032 2034 2088 2077 ut
2128 2024 2297 2079 Graeci
2328 2031 2586 2096 computi,
2614 2047 2771 2098 quem
2808 2046 3059 2089 accurate
3099 2037 3228 2091 hac-

1673 2122 1829 2167 tenus
1876 2116 2271 2182 enarravimus,
2306 2134 2463 2172 usum
2511 2135 2574 2175 ac
2618 2121 2851 2176 fructum
2885 2127 3227 2193 experiamur

1672 2202 1725 2255 in
1766 2202 1918 2258 festis
1975 2205 2188 2259 illorum
2225 2209 2513 2277 praecipuis
2565 2211 2900 2281 indagandis,
2956 2231 3076 2283 quae
3123 2232 3225 2271 nos

1670 2294 1886 2346 mobilia
1921 2295 2081 2363 vulgo
2123 2313 2521 2366 nuncupamus.
2546 2300 2620 2354 Ea
2660 2318 2818 2370 porro
2845 2306 3224 2360 describuntur

1671 2384 1722 2436 in
1752 2384 1965 2438 illorum
1993 2385 2301 2457 llorologio,
2326 2393 2466 2459 quod
2490 2391 2731 2447 Venetiis
2753 2396 2953 2449 editum
2977 2405 3060 2452 est
3081 2413 3223 2453 anno

1668 2470 1868 2525 Christi
1917 2473 2072 2528 1555.
2118 2476 2286 2545 Cujus
2323 2478 2375 2530 in
2411 2481 2608 2533 calcem
2640 2496 2900 2543 annorum
2944 2499 3012 2538 xl.
3054 2486 3221 2540 series

1667 2560 2012 2626 describitur,
2047 2564 2113 2616 ab
2143 2579 2285 2620 anno
2339 2570 2521 2623 mundi
2582 2570 2717 2625 7044
2766 2574 2833 2627 ad
2883 2575 3015 2630 7085
3044 2593 3057 2629 :
3085 2592 3220 2646 quo-

1667 2663 1785 2701 rum
1817 2650 1871 2703 in
1917 2651 2144 2720 singulis
2180 2653 2439 2709 festorum
2486 2654 2549 2710 ac
2590 2659 2965 2728 religiosorum
3010 2662 3217 2716 dierum

1668 2744 1908 2805 tempora
1940 2741 2311 2803 continentur.

1642 2878 1651 2887 ,
1733 2823 1915 2879 Primo
1936 2827 2055 2881 loco
2095 2831 2443 2903 ήπαραμονὴ
2477 2833 2585 2885 τῶν
2614 2835 2844 2904 Χριστοῦ
2881 2838 3080 2905 γεννῶν
3114 2856 3215 2909 po-

1666 2916 1830 2981 nitur,
1876 2917 1978 2972 hoc
2009 2926 2091 2974 est
2136 2919 2330 2991 Vigilia
2376 2922 2583 2980 Natalis
2616 2926 2846 2997 Domini,
2876 2929 3030 2998 cujus
3080 2929 3214 2985 feria

1666 3014 1900 3062 notatur.
2746 3018 2753 3025 ’

1735 3095 2008 3162 Secundo,
2038 3100 2390 3170 Κρεωφάγια,
2425 3100 2539 3155 hoc
2564 3112 2645 3157 est
2685 3103 2807 3159 dies
2823 3120 3010 3160 omnes
3042 3121 3072 3159 a
3105 3106 3213 3159 Na-

1590 3191 1631 3249 (ζ
1663 3185 1757 3237 tali
1817 3187 1884 3238 ad
1941 3186 2275 3242 Dominicam
2339 3190 2712 3261 Sexagesima,
2758 3211 2875 3264 quae
2911 3197 3214 3268 Ἀπόκρεως

1659 3286 1899 3341 vocatur,
1920 3279 2115 3346 quibus
2146 3282 2389 3334 carnium
2414 3298 2539 3336 esus
2576 3283 2900 3354 indulgetur.
3064 3342 3067 3343 ν

1726 3366 1932 3429 Tertio,
1989 3369 2048 3420 τὸ
2096 3369 2367 3438 Τριώδιον,
2406 3387 2525 3440 quae
2551 3382 2633 3426 est
2659 3372 2938 3428 Dominica
2966 3377 3213 3445 proxime

1658 3456 1982 3509 antecedens
2016 3456 2349 3511 Dominicam
2381 3460 2824 3532 Septuagesimae.

1736 3543 1975 3610 Quarto,
2027 3546 2061 3617 ἡ
2104 3549 2410 3620 Ἀπόκρεως
2437 3592 2450 3615 ,
2510 3551 2782 3606 Dominica
2822 3552 3206 3623 Carnisprivii;

1657 3648 1817 3701 quam
1845 3634 2243 3703 Sexagesimam
2277 3641 2629 3708 appellamus,
2655 3657 2685 3695 a
2717 3658 2824 3711 qua
2847 3642 3018 3697 Graeci
3045 3644 3210 3697 absti-

1657 3736 1784 3774 nere
1818 3723 2077 3777 carnibus
2130 3724 2417 3793 incipiunt,
2454 3727 2643 3782 diebus
2678 3738 2803 3783 ante
2836 3730 3041 3784 Pascha
3073 3747 3156 3784 LVI
3190 3751 3202 3783 :

1604 3870 1609 3876 _
1656 3811 1799 3878 quod
1825 3826 1888 3865 eo
1921 3810 2144 3876 faciunt,
2178 3822 2235 3866 ut
2266 3830 2330 3867 ιιι.
2362 3816 2571 3870 dierum
2595 3818 2862 3887 jejunium
2893 3822 2944 3874 in
2976 3822 3205 3875 solidum

1655 3907 1886 3953 constet.
1943 3900 2079 3954 Cum
2128 3903 2272 3955 enim
2333 3902 2569 3958 Sabbato
2620 3907 2867 3975 jejunare
2922 3908 3073 3963 nefas
3110 3911 3208 3962 ha-

1656 3989 1837 4053 beant,
1890 4006 1999 4044 uno
2045 4003 2268 4061 excepto
2305 3994 2477 4062 pridie
2501 3994 2800 4061 Paschalis,
2832 3999 2875 4052 si
2905 4000 2970 4053 de
3002 4000 3206 4055 hebdo-

1654 4077 1902 4132 madihus
1932 4095 2057 4142 vni,
2090 4080 2280 4137 diebus
2322 4097 2427 4146 Lvi,
2456 4092 2579 4139 octo
2612 4085 2939 4147 Dominicas.
2973 4104 3036 4142 ac
3070 4088 3214 4143 Sabe

1654 4168 1779 4222 bata
1831 4185 1907 4222 vn
1959 4185 2255 4240 expungas,
2303 4176 2495 4244 reliqui
2548 4175 2665 4231 dies
2714 4186 2875 4232 erunt
2925 4195 3035 4232 xu.
3068 4179 3213 4233 Nam

1654 4252 2003 4324 postremum.
2036 4260 2327 4323 Sabbatum
2364 4273 2514 4318 extra
2561 4265 2805 4322 ordinem
2852 4267 3065 4338 jejunio
3111 4268 3203 4322 di—

32 1991 92 2027 ne
119 1976 245 2041 quid
276 1976 602 2048 diligentiam
630 1985 868 2031 nostram
892 1976 1167 2046 effugeret,
1202 1994 1420 2031 causam
1451 1993 1572 2034 esse
1620 1978 1621 1981 ’

28 2068 405 2132 comperimus.

95 2156 307 2225 Epactze
336 2158 574 2219 lunares,
608 2173 725 2226 quae
763 2157 1011 2210 Martium
1054 2160 1398 2224 antecedunt,
1445 2170 1570 2214 sunt

26 2248 223 2301 residui
259 2248 375 2302 dies
393 2261 509 2318 post
554 2250 793 2301 ultimam
818 2250 1087 2318 syzygiam
1122 2268 1134 2303 :
1171 2266 1400 2318 quorum
1424 2266 1566 2304 com-

30 2340 349 2405 plementum
394 2340 457 2393 ad
488 2356 614 2402 xxx,
649 2341 978 2393 lunationcm
1025 2356 1141 2393 eam
1184 2344 1412 2409 perlicit,
1452 2360 1569 2411 qua:

26 2430 259 2484 nondum
323 2429 597 2484 Paschalis
644 2446 763 2484 esse
822 2439 1015 2499 potest.
1072 2431 1238 2501 Igitur
1291 2432 1568 2493 Paschalis

26 2522 150 2585 crit,
184 2530 686 2590 qumcunquepost
740 2522 945 2589 ipsam,
1002 2524 1265 2589 decimam
1320 2534 1566 2592 quartam

26 2612 180 2665 habet
211 2613 265 2666 in
309 2629 394 2665 xxi
418 2611 612 2675 Martii,
652 2622 743 2665 aut
773 2616 1013 2681 proxime
1051 2624 1172 2683 post
1199 2632 1305 2669 xxr.
1338 2615 1568 2672 Proinde

26 2703 85 2755 ad
116 2714 361 2771 epactam
407 2704 603 2758 addere
648 2713 878 2773 oportet,
927 2706 1068 2758 ultra
1114 2708 1564 2774 complementum

23 2792 170 2859 ejus,
220 2808 332 2861 quo
386 2793 591 2863 integra
640 2796 853 2864 syzygia
905 2797 1211 2863 perticutur;
1278 2796 1392 2850 dies
1450 2810 1562 2862 xw,

26 2885 85 2935 ad
117 2886 378 2939 decimam
402 2878 658 2952 quartam
700 2886 926 2953 syzygim
966 2886 1299 2953 insequentis
1320 2886 1564 2951 obtinen-

24 2973 161 3026 dam.
210 2973 341 3039 Qtue
378 2975 589 3043 quidem
643 2974 687 3028 si
737 2976 803 3028 ad
848 2990 937 3027 xxI
998 2974 1171 3028 Martii
1228 2979 1561 3045 pervenerit,

25 3065 201 3132 utique
246 3064 525 3118 Paschalis
572 3064 691 3118 erit.
740 3062 835 3117 Sin
890 3066 1106 3129 minus,
1161 3068 1259 3119 toti
1308 3084 1409 3121 xxx
1448 3069 1563 3123 dies

23 3154 248 3207 addcndi
312 3165 499 3216 erunt,
550 3166 607 3207 ut
652 3154 928 3211 Paschalis
973 3158 1235 3212 terminus
1278 3156 1558 3212 habeatur.

85 3242 347 3307 Quocirca
380 3246 443 3297 ad
468 3261 588 3298 eum
625 3247 839 3300 modum
870 3246 1198 3300 conformari
1239 3251 1421 3318 regula
1456 3251 1559 3303 ista

24 3340 225 3397 poterat
259 3353 269 3386 :
301 3334 380 3387 Ad
423 3343 665 3403 epactam
709 3336 882 3403 adjiee
904 3346 1164 3405 quantum
1187 3339 1395 3392 dierum
1425 3355 1559 3407 opus

23 3424 81 3474 ad
112 3424 454 3493 complendos
486 3441 628 3488 xmv,
667 3427 869 3495 acyclo
902 3428 1077 3495 primo
1118 3429 1183 3482 ad
1222 3444 1339 3493 xvt,
1376 3430 1457 3482 vel
1492 3429 1559 3483 ad

24 3529 142 3565 mn
192 3495 482 3582 explendas
540 3516 593 3568 in
658 3519 833 3572 tribus
885 3520 1053 3589 cyclis
1102 3521 1347 3589 reliquis,
1404 3522 1558 3575 initio

23 3604 157 3657 facto
206 3622 233 3658 a
261 3589 517 3663 Kalendis
549 3609 773 3674 Martiis,
808 3610 853 3663 si
893 3612 1036 3679 quod
1069 3612 1219 3666 deest
1273 3612 1447 3681 majus
1474 3622 1558 3667 est

24 3709 103 3745 xx.
140 3694 233 3749 Sin
267 3699 567 3764 minusest,
623 3707 785 3752 totam
843 3708 1099 3767 praeterea
1150 3704 1418 3773 syzygiam
1448 3720 1555 3758 xxx

22 3786 219 3839 dierum
273 3788 638 3842 accommoda.
681 3788 952 3857 Quidquid
1000 3792 1240 3845 additum
1287 3801 1389 3856 est,
1438 3794 1483 3848 si
1526 3810 1555 3847 a

22 3874 267 3931 Kalendis
303 3878 503 3932 Martiis
531 3886 766 3946 putetur,
804 3881 856 3933 in
907 3883 1195 3935 terminum
1238 3884 1553 3938 Paschalem

22 3964 240 4019 desinet.
269 3966 391 4021 Haec
425 3971 607 4037 regula
635 3969 819 4022 eodem
847 3986 968 4023 cum
997 3972 1085 4023 illa
1115 3974 1289 4026 sancti
1326 3973 1555 4028 Andreae

22 4056 220 4110 recidit.
256 4056 385 4109 Nam
415 4060 505 4126 qui
536 4074 628 4112 sex
660 4060 773 4114 dies
802 4060 947 4114 addit
977 4065 1040 4114 ad
1064 4071 1342 4130 epactam;
1371 4080 1434 4119 ac
1470 4082 1555 4120 re-

22 4144 217 4210 liquum
246 4146 439 4201 deinde
482 4156 727 4201 numerat
772 4165 801 4201 a
829 4150 1080 4205 Kalendis
1115 4152 1343 4210 Martiis.
1382 4154 1554 4209 donec

22 4234 396 4304 quinquaginta
453 4238 749 4306 compleat;
806 4238 944 4291 idem
987 4240 1114 4294 facit
1164 4257 1228 4295 ac
1275 4243 1321 4296 si
1364 4243 1555 4301 diebus

23 4322 117 4375 illis
146 4339 236 4376 sex
269 4339 377 4376 non
416 4325 641 4387 additis,
664 4327 807 4381 solos
848 4342 971 4380 3tle
998 4330 1255 4398 expieret.
1288 4331 1425 4385 Cum
1457 4350 1550 4387 au-
1652 4322 1829 4402 ξδιυιι,

22 4419 116 4463 tem
151 4413 289 4466 lunae
329 4415 517 4479 saltus,
547 4422 598 4469 et
636 4417 873 4488 ὑποτομή
916 4418 1019 4472 diei
1056 4421 1218 4474 unius
1263 4424 1415 4492 cyclo
1460 4440 1549 4478 ινι
1721 4436 1938 4503 Quinto,
1974 4436 2143 4507 legale
2170 4438 2396 4496 Pascha,

22 4502 355 4572 contingat,-
398 4500 489 4574 qui
551 4517 634 4560 est
684 4507 1075 4563 Alexandrinus
1126 4527 1216 4562 xix
1249 4551 1263 4575 ,
1338 4521 1396 4566 ut
1456 4520 1603 4577 su-I

1726 4524 1908 4590 Sexto,
1925 4500 2296 4583 Christianum
2328 4531 2553 4585 Pascha.

22 4605 107 4655 pra
145 4594 668 4663 demonstravimus;
730 4598 849 4651 idco
907 4600 1115 4652 numeri
1169 4602 1318 4655 aurei
1373 4605 1554 4673 cyclo-

1722 4615 1981 4685 Septimo,
2016 4621 2047 4688 ἡ
2077 4622 2323 4692 Κυριακὴ
2364 4622 2468 4675 τῶν
2509 4624 2698 4691 Ἀγίων
2743 4625 2976 4684 πάντων.
3014 4626 3197 4682 Domi-

22 4696 127 4734 rum
174 4688 509 4755 sequentium
553 4702 657 4740 uno
713 4688 799 4743 die
835 4692 1170 4744 neomeniam
1224 4692 1385 4746 citius
1420 4693 1550 4748 οπε-

22 4779 153 4823 runt.
177 4769 256 4824 Ob
284 4771 339 4825 id
369 4784 568 4841 septem
599 4774 714 4828 dies
755 4778 820 4828 ad
874 4787 1089 4846 epactas
1126 4778 1273 4832 addit
1307 4782 1551 4837 Andreas

22 4859 156 4925 cyclo
186 4875 317 4924 xvu,
348 4850 565 4916 xvm’et
593 4881 702 4929 xix,
725 4873 777 4919 et
804 4882 901 4920 nos
926 4870 989 4921 ad
1018 4884 1151 4922 mu
1177 4875 1549 4925 tantummodo

22 4952 262 5018 compleri
299 4968 562 5007 summam
602 4958 972 5028 praecipimus;
1021 4970 1078 5013 ut
1115 4955 1225 5015 uno
1274 4964 1357 5017 die
1404 4974 1546 5025 ante,

22 5053 165 5103 quam
212 5042 267 5093 in
326 5043 571 5111 reliquis,
624 5047 904 5099 nemnenia
960 5049 1203 5103 sistatur.
1268 5051 1549 5115 Quaeratur

21 5130 231 5208 exempli
262 5134 432 5199 gratia
456 5135 713 5189 terminus
746 5134 1023 5192 Paschalis
1064 5142 1215 5209 cyclo
1256 5158 1308 5193 v.
1334 5142 1549 5211 Epacta:

22 5228 135 5270 sunt
161 5234 283 5281 xxv,
315 5224 378 5274 ad
398 5237 488 5276 eas
517 5224 739 5291 adjectis
770 5230 1000 5287 v1,liunt
1044 5245 1200 5295 xxxi;
1233 5240 1285 5284 et
1323 5232 1547 5302 abjectis

22 5315 132 5365 xxx,
155 5315 317 5358 restat
344 5322 379 5360 ι.
411 5308 560 5361 Adde
584 5312 764 5380 itaque
794 5329 917 5366 χιιι
954 5316 1085 5378 dies,
1110 5317 1285 5387 deque
1320 5320 1385 5373 iis
1408 5322 1548 5375 Mar-

22 5390 73 5439 lii
98 5392 207 5446 dies
232 5396 383 5449 aufer
408 5413 555 5461 xxxi,
594 5387 783 5466 reliqui
819 5414 977 5457 erunt
1008 5422 1139 5459 xvm
1176 5411 1375 5477 Aprilis
1406 5412 1540 5465 dies.

23 5480 172 5546 Igitur
209 5488 406 5555 Aprilis
451 5505 576 5542 xvm
612 5491 698 5543 die
733 5496 997 5551 terminus
1046 5498 1324 5555 Paschalis
1356 5502 1544 5557 incidit

22 5572 157 5635 cyclo
180 5573 772 5646 Constantinopolitano
805 5597 854 5643 ι’,
902 5584 993 5650 qui
1035 5594 1117 5639 est
1143 5587 1547 5643 Alexandrinus.

22 5672 123 5711 \‘tll.
153 5662 219 5714 At
250 5666 543 5721 secundum
592 5671 829 5737 regulam
874 5683 1144 5738 nostram,
1175 5680 1427 5744 quoniam
1473 5683 1543 5734 ad

24 5762 148 5813 Iuv,
179 5753 367 5809 desunt
395 5757 511 5813 dies
548 5776 657 5823 xxx,
708 5762 795 5829 qui
840 5778 1094 5819 numerus
1125 5768 1299 5821 minor
1344 5778 1424 5823 est
1461 5773 1537 5824 vi-

1652 4707 1769 4760 nica
1792 4706 2112 4763 Sanctorum
2141 4713 2381 4766 omnium
2407 4732 2420 4780 ;
2452 4730 2571 4784 quae
2604 4716 2891 4771 Dominicae
2915 4716 3198 4774 Trinitatis
3288 4778 3297 4789 ,

1649 4798 1960 4864 respondet.
2583 4806 2595 4823 ‘

1719 4882 1941 4948 Octavo,
1971 4886 2236 4954 jejunium
2281 4897 2587 4944 sanctorum
2625 4892 3023 4962 Apostolorum,
3053 4899 3195 4966 quod

1647 4972 1820 5027 Graeci
1884 4976 2085 5030 obeunt
2151 4993 2181 5029 a
2234 4977 2508 5033 Dominica
2561 4980 2880 5038 Sanctorum
2927 4988 3195 5049 omnium,

1655 5079 1827 5131 usque
1864 5066 1930 5119 ad
1959 5082 2123 5119 xxvm
2166 5064 2331 5121 Junii.
2356 5068 2489 5123 Nam
2536 5087 2664 5124 xxtx
2703 5071 2846 5126 Junii
2887 5083 3195 5130 sanctorum

1626 5153 2011 5219 ,apnstolorum
2042 5152 2183 5209 Petri
2222 5164 2275 5209 et
2318 5156 2471 5211 Pauli
2508 5159 2699 5214 festum
2752 5164 3047 5219 celebrant.
3090 5165 3194 5218 Po-

1646 5241 1829 5295 stridie
1871 5242 1966 5313 τὴν
2033 5244 2245 5310 σύναξιν
2301 5247 2409 5300 τῶν
2453 5248 2654 5303 δώδεκα
2706 5253 3049 5309 ἀποστόλωνι
3083 5254 3195 5309 Η(ιο

1644 5346 1805 5398 porro
1827 5331 2091 5399 jejunium
2122 5336 2256 5390 alias
2278 5337 2489 5407 longius
2510 5378 2524 5404 ,
2569 5342 2703 5395 alias
2734 5346 3065 5400 contractius
3089 5356 3203 5399 est.

1645 5418 1889 5473 Totidem
1933 5416 2072 5476 enim
2106 5425 2312 5479 dierum
2342 5434 2444 5490 est,
2478 5436 2608 5496 quot
2636 5448 2666 5484 a
2695 5430 2955 5487 Paschate
2983 5435 3049 5495 ad
3081 5442 3203 5489 ter--

1641 5508 1775 5560 tium
1828 5510 1967 5563 diem
2012 5511 2609 5583 Juniiocomputautur,
2655 5528 2714 5572 ut
2771 5521 2987 5575 lsaacus
3035 5522 3205 5576 ἀθεριί

1641 5598 1816 5664 capite
1838 5598 1951 5652 XV.
1988 5600 2121 5654 Nam
2153 5618 2182 5655 a
2206 5602 2469 5659 Paschate
2506 5608 2573 5659 ad
2608 5606 2937 5661 Dominicam
2967 5619 3187 5679 aposto-

1640 5685 1834 5748 lorum,
1863 5688 1979 5743 dies
2009 5702 2134 5744 sunt
2168 5708 2294 5745 Lvu.
2323 5693 2366 5744 A
2392 5697 2554 5748 tertio
2585 5696 2705 5749 Maii
2734 5698 2799 5751 ad
2825 5691 3000 5753 xxvm'
3019 5698 3185 5759 Junii,

1640 5774 1754 5830 dies
1785 5778 2027 5832 totidem.
2061 5782 2238 5845 Quare
2265 5781 2478 5849 dempto
2502 5786 2784 5861 intervallo
2814 5802 2841 5839 a
2874 5786 3036 5845 tertio
3062 5788 3199 5844 Maii-
