4046 6320
790 367 923 420 ius
1759 361 1853 420 AD
1890 359 2129 416 EUSEBI
2148 369 2164 417 .
2183 355 2571 415 CIJRONICON
2616 355 2976 412 APPENDIX.
3842 356 3939 413 lui

787 484 852 536 ad
902 481 1238 536 Dominicam
1291 480 1688 549 apostolorum,
1737 495 1906 534 unum
1938 481 2184 548 idemque
2215 493 2339 548 spa-
2371 485 2410 539 Α
2440 474 2572 530 Nam
2602 489 2634 528 a
2659 474 2932 531 Dominica
2959 475 3476 546 Sexagesinue,qua2
3491 485 3576 531 est
3596 477 3633 547 ἡ
3663 475 3936 547 1:6ng,

757 571 922 656 ltium
957 572 1061 624 erit
1090 585 1118 623 a
1149 570 1410 624 Paschate
1439 569 1507 623 ad
1548 571 1764 623 tertium
1791 568 1955 634 Junii,
1987 570 2130 639 quod
2179 575 2263 623 est
2308 582 2337 620 a
2442 567 2508 620 ad
2540 565 2770 629 Pascha,
2798 567 2915 622 dies
2951 576 3076 622 sunt
3113 583 3245 623 Lvrr.
3274 569 3355 622 Ad
3381 569 3676 622 terminum
3721 583 3837 622 vero
3859 571 3938 623 sit:

755 659 1066 735 QD‘ominica
1095 660 1200 713 τῶν
1224 661 1530 713 ἀποστόλων
1563 661 1629 713 ad
1659 675 1824 714 xxvnr
1851 659 2016 714 Junii.
2154 674 2163 684 ‘
2438 674 2530 713 xlv
2575 657 2911 722 Paschalem,
2935 658 3209 714 interdum
3253 661 3372 716 dies
3418 667 3546 714 sunt
3592 669 3655 712 ut
3708 661 3937 715 minimus:

858 747 931 802 Ut
979 747 1091 801 haec
1126 749 1304 802 omnia
1343 749 1608 817 superiori
1659 751 1912 804 methodo
1942 751 2178 821 expediri
2199 765 2339 821 ,pos-
2437 747 2856 818 quinquaginta,
2891 748 2958 802 ad
3004 765 3273 803 summum
3298 751 3688 820 quinquaginta
3731 765 3838 805 sex.

790 837 929 903 sint,
975 837 1136 891 unius
1181 836 1309 889 anni
1361 837 1662 908 διαγραφὴν
1703 855 1768 894 ex
1809 838 2095 909 Horologio
2143 855 2340 911 propo-

789 939 1005 984 nemus.
1678 932 1681 937 “

862 1021 1051 1083 Ἔτους
1097 1019 1224 1091 ,ζμᾶ
1285 1020 1599 1083 Ξνδικτιῶνος
1659 1020 1702 1073 0'
1730 1037 1744 1050 ·
1789 1021 1934 1091 ἡλίου
1983 1021 2168 1075 κύκλοι
2231 1024 2336 1090 ις’λο

791 1113 1082 1181 φεγγαρίου
1132 1112 1314 1164 κύκλοι
1354 1112 1430 1164 ιδ’.
1498 1112 1562 1164 Ἦ
1603 1109 1903 1182 ¹’τιςαραμονίιιχ
1948 1112 2053 1164 τῶν
2105 1112 2338 1182 Χριστοῦ

790 1201 991 1267 γεννῶν
1018 1202 1196 1272 ἡμέρα
1237 1209 1323 1265 ς¹⁶
1357 1202 1671 1272 κρεωφαγία
1703 1202 1904 1272 ἡμέραι
1945 1204 2040 1266 νζν.
2073 1203 2145 1255 Τὸ
2184 1203 2342 1274 τριώ-

790 1291 898 1342 διον
925 1292 1141 1362 ἄρχεται
1165 1291 1502 1363 Φεϐρουαρίῳ
1529 1291 1612 1345 ιϐ’.
1647 1293 1883 1361 Νομικὸν
1910 1293 2097 1361 Πάσχα
2125 1293 2340 1364 Ἀπριλ-

791 1383 888 1451 λίῳ
920 1381 980 1433 0’.
1018 1383 1347 1450 Χριστιανῶν
1399 1384 1588 1451 Πάσχα
1625 1383 1918 1452 Ἀπριλλίῳ
1948 1390 2041 1446 ις’.
2093 1385 2338 1455 Κυριακὴ

792 1470 897 1522 τῶν
959 1470 1150 1537 ’Λγίων
1196 1473 1408 1524 πάντων
1462 1472 1664 1540 Ἰουνῐῳ
1706 1479 1804 1523 ια’·
1864 1473 1897 1541 ἡ
1955 1471 2172 1540 νηστεία
2233 1473 2337 1526 τῶν

791 1561 957 1628 ἁγίων
986 1561 1312 1624 ἀποστόλων,
1337 1563 1539 1631 ἡμέραι
1572 1561 1656 1625 ιζ’.

867 1669 884 1701 ι
914 1652 1070 1705 Anno
1111 1652 1266 1714 70M,
1299 1653 1593 1706 indictione
1622 1667 1696 1715 ιι,
1733 1653 1863 1708 solis
1901 1653 2037 1723 cycli
2066 1669 2174 1717 xvr,
2201 1653 2338 1706 luna:

793 1755 903 1806 xrv,
932 1746 1260 1810 exspectatio
1303 1742 1500 1796 natalis
1527 1743 1745 1809 Christi,
1794 1745 1925 1799 feria
1963 1761 2055 1809 vr,
2091 1746 2335 1800 carnium

792 1849 919 1888 esus
943 1834 1134 1888 diebus
1161 1848 1290 1888 Lvrt.
1337 1831 1611 1887 Triodium
1666 1835 1854 1905 incipit
1901 1835 2180 1890 Februarii
2222 1851 2332 1890 ιιι.
2365 1811 2408 1870 Β

795 1922 987 1991 Legale
1040 1921 1244 1976 Pascha
1271 1923 1468 1990 Aprilis
1519 1939 1592 1978 rx.
1649 1924 2076 1980 Christianorum
2133 1924 2338 1978 Pascha

795 2014 994 2083 Aprilis
1020 2029 1129 2066 xvr.
1158 2011 1436 2067 Dominica
1466 2012 1787 2068 Sanctorum
1816 2016 2054 2068 omnium
2085 2012 2228 2068 Junii
2261 2029 2335 2067 χι.

792 2103 1060 2172 Jejunium
1093 2115 1399 2158 sanctorum
1423 2105 1827 2174 Aposwlorum,
1859 2105 1976 2159 dies
2002 2121 2162 2160 xvna

862 2193 956 2248 Est
988 2193 1078 2247 hic
1125 2211 1301 2250 annus
1349 2195 1552 2249 Christi
1604 2196 1761 2259 £556,
1805 2203 1860 2248 ut
1899 2204 2139 2266 apparet,
2185 2197 2229 2250 si
2273 2197 2339 2250 de.

798 2283 931 2337 70M
961 2284 1296 2338 deducantur
1336 2284 1497 2338 5508.
1521 2283 1719 2354 Cyclus
1748 2293 1862 2339 crat
1895 2283 2170 2338 Romanus
2199 2285 2340 2338 sola-

794 2374 872 2428 ris
914 2390 968 2438 v,
1029 2374 1220 2428 litterae
1274 2372 1381 2437 BA,
1429 2374 1570 2427 luna:
1604 2390 1712 2427 xrv.
1766 2376 1921 2427 Anno
1971 2373 2336 2437 antecedente,

798 2464 936 2516 1555
979 2465 1128 2534 cyclo
1162 2462 1406 2517 Romano
1433 2480 1486 2518 tv
1515 2463 1694 2516 littera
1715 2472 1833 2516 erat
1855 2461 1896 2516 C
1929 2478 1944 2513 :
1971 2464 2092 2517 ideo
2118 2461 2248 2516 feria
2285 2479 2338 2516 vr

800 2554 1107 2609 Decembris
1134 2570 1280 2608 xxiv.
1310 2553 1507 2610 Divisis
1541 2554 1677 2618 70M
1722 2571 1817 2624 per
1857 2563 2220 2624 competentes
2250 2568 2342 2624 cy-

800 2645 935 2705 clos,
971 2644 1204 2713 prodibit
1231 2645 1360 2699 solis
1390 2656 1506 2708 xvr,‘
1537 2645 1676 2698 lunae
1706 2661 1815 2708 xiv,
1859 2654 2061 2714 epacta:
2094 2646 2234 2698 luna
2266 2659 2337 2697 tv.

798 2733 945 2788 Adde
976 2749 1042 2786 xr.
1068 2734 1202 2798 dies,
1235 2741 1287 2789 et
1325 2735 1582 2790 detractis
1609 2735 1799 2790 diebus
1841 2735 2039 2796 Martii,
2075 2736 2341 2804 relinque-

798 2829 887 2874 tur
933 2838 1110 2878 nonus
1153 2824 1372 2894 Aprilis,
1417 2839 1524 2894 quo
1581 2826 1845 2880 terminus
1893 2824 2171 2880 Paschalis
2218 2824 2336 2878 fuit.

797 2913 1194 2969 Concurrentes
1213 2922 1366 2969 erant
1385 2917 1539 2985 cyclo
1558 2917 1689 2971 solis
1717 2915 1927 2970 decimo
1959 2924 2112 2970 sexto
2143 2932 2196 2977 v,
2215 2930 2334 2984 qua:

753 3051 760 3058 .
799 3019 922 3056 cum
962 3005 1193 3072 regulari
1236 3004 1456 3074 Aprilis:
1483 3006 1533 3070 l,
1563 3015 1616 3060 et
1645 3005 1677 3059 9
1698 3007 1906 3072 diebus,
1959 3006 2194 3061 elliciunt
2224 3007 2290 3060 15
2324 3026 2336 3060 :

798 3091 1055 3145 detractis
1087 3091 1118 3142 7
1141 3092 1354 3146 residua
1385 3076 1466 3146 est
1491 3092 1625 3147 feria
1663 3097 1857 3164 prima,
1883 3095 1935 3148 in
1966 3111 2124 3164 quam
2154 3099 2340 3150 termi-

800 3196 904 3236 nus
955 3183 1164 3236 incidit.
1201 3182 1325 3239 Ideo
1366 3183 1575 3239 Pascha
1630 3193 1975 3255 prorogatum
2019 3194 2104 3242 est
2152 3187 2206 3241 in
2252 3205 2340 3242 xvr

799 3271 1018 3338 Aprilis.
1048 3269 1163 3324 Jam
1205 3273 1251 3327 si
1293 3273 1360 3328 de
1388 3275 1590 3344 Aprilis
1624 3290 1712 3329 xvi
1742 3275 1852 3341 die,
1889 3275 1943 3331 id
1974 3285 2058 3332 est
2079 3278 2145 3333 de
2173 3279 2273 3334 107
2311 3297 2342 3336 a

799 3358 1052 3416 Kalendis
1096 3361 1369 3418 Januariis
1424 3364 1556 3433 (fuit
1610 3365 1754 3419 enim
1809 3366 2074 3421 bisextilis
2126 3371 2340 3440 annus)

802 3451 1087 3506 subtrahas
1140 3454 1227 3518 57,
1250 3454 1618 3522 relinquentur
1649 3455 1738 3518 50,
1770 3456 1882 3509 sive
1924 3454 2207 3512 Februarii
2253 3475 2342 3513 xix

721 3614 726 3618 .
801 3542 936 3605 dies,
967 3543 1108 3612 quod
1140 3542 1415 3597 Dominica
1447 3545 1480 3614 ἠ
1525 3544 1827 3615 Ἀπόκρεως
1851 3548 2093 3617 contigit.
2121 3548 2169 3601 A
2202 3549 2346 3604 vice-

803 3635 940 3688 sima
969 3635 1154 3704 quinta
1183 3634 1493 3689 Decembris
1523 3635 1588 3688 ad
1615 3651 1703 3688 xIx
1737 3634 2038 3702 Februarii,
2069 3639 2184 3695 dies
2220 3649 2346 3695 sunt

802 3739 946 3780 LVII:
1003 3725 1198 3792 quibus
1235 3725 1489 3779 carnibus
1531 3725 1677 3779 vesci
1713 3725 1857 3791 licet,
1901 3736 2023 3783 ante
2049 3730 2347 3800 quadrage-

803 3813 1299 3884 simalejejunium.
1330 3815 1479 3868 Adde
1510 3829 1595 3868 Lvr
1625 3815 1741 3870 dies
1787 3816 1852 3869 ad
1887 3815 2200 3874 Paschalem
2243 3819 2346 3876 Do-

767 3942 772 3946 .
803 3905 1079 3965 minicam.
1113 3920 1232 3974 qua:
1273 3913 1356 3958 est
1382 3919 1469 3956 xvr
1506 3905 1741 3973 Aprilis;
1777 3906 2018 3962 calculus
2049 3907 2260 3962 desinet
2290 3911 2345 3964 in

803 4010 856 4047 xl
883 3992 1051 4057 Junii,
1081 4010 1198 4064 quae
1239 3997 1342 4050 erit
1386 3993 1662 4048 Dominica
1716 3995 2058 4056 Sanctorum.
2090 3998 2348 4054 Interval-

805 4083 915 4136 lum
961 4097 992 4135 a
1021 4082 1297 4138 ‘Paschate
1324 4083 1391 4136 ad
1438 4099 1499 4136 ιιι
1549 4083 1674 4138 Maii
1707 4085 1823 4141 dies
1867 4102 2001 4153 xvtr,
2033 4100 2164 4158 quot
2193 4091 2261 4144 ab
2293 4107 2346 4144 xl
2389 4075 2393 4078 ’

801 4173 947 4228 Junii
983 4173 1049 4227 ad
1077 4191 1264 4229 xxvnr.
1293 4174 1524 4228 Proinde
1546 4175 1808 4244 jejunium
1842 4180 2208 4247 apostolorum
2230 4183 2346 4237 dies

806 4265 990 4317 habuit
1031 4269 1158 4316 XVII.

878 4355 1076 4409 Praeter
1103 4356 1213 4408 hmo
1247 4356 1403 4418 festa,
1435 4371 1554 4424 quae
1593 4357 1820 4416 mobilia.
1841 4369 2119 4422 vocantur,
2147 4377 2350 4426 memo:

3006 862 3230 918 CAPUT
3271 863 3403 919 Xlil.

2439 975 2708 1031 Methodus
2735 977 2960 1043 computi
2994 973 3312 1037 Grecorum,
3335 976 3424 1043 qui
3440 992 3474 1028 a
3498 973 3757 1032 Maximo,
3777 971 3937 1034 Istat»,
3987 997 3996 1036 ί

2494 1049 2725 1114 ‘aliisque
2759 1047 2983 1098 traditus
3011 1055 3109 1111 est,
3153 1061 3244 1114 per
3284 1045 3489 1097 tabulas
3525 1056 3575 1098 et
3619 1059 3831 1097 canones
3873 1059 3936 1094 τε·
3983 1103 3990 1114 ε

2505 1116 2828 1183 peditissima
2860 1115 3107 1167 traditur.

2435 1208 2622 1277 RNon
2681 1207 2818 1272 erit,
2871 1207 3083 1275 opinor,
3118 1207 3382 1276 ingratum
3446 1205 3704 1274 studiosis
3743 1203 3938 1256 historia

2436 1298 2631 1352 (ἑταῖραι
2683 1306 2738 1376 ει
2788 1297 3065 1350 annalium
3113 1295 3440 1360 lectoribus;
3492 1309 3685 1363 magno
3723 1307 3855 1348 certe
3890 1294 3938 1344 its
3995 1303 3998 1315 ί

2435 1386 2745 1456 adjumento
2774 1385 2888 1442 fore
2917 1386 3150 1447 conﬁdo,
3200 1385 3246 1439 si
3281 1400 3347 1439 ex
3376 1384 3443 1438 iis
3476 1384 3741 1444 omnibus,
3770 1398 3872 1453 qua
3891 1384 3938 1433 de
3982 1433 3992 1456 ἲ

2434 1477 2745 1532 Graecorum
2776 1477 2897 1533 aeris
2927 1492 2991 1530 ac
3025 1477 3296 1546 computis
3325 1476 3545 1544 copiOse
3584 1475 3833 1527 hactenus
3865 1489 3937 1526 es-

2433 1570 2775 1640 plicavimus,
2817 1570 3104 1624 methodus
3134 1569 3311 1638 aliqua
3348 1565 3689 1627 conﬁciatur,
3719 1575 3878 1620 certos
3898 1565 3936 1615 in

2436 1676 2668 1716 canones
2698 1662 2945 1728 redacta;
2991 1676 3222 1730 quorum
3255 1659 3507 1729 praesidio
3534 1657 3808 1712 celerrime
3828 1655 3935 1724 quod

2439 1753 2697 1824 quaeritur
2724 1753 3035 1823 investigari
3059 1764 3237 1822 queat.
3263 1751 3541 1821 Hujusirei
3568 1754 3739 1820 gratia
3768 1748 3938 1801 tabulas
3987 1747 3994 1811 ξ

2436 1845 2777 1900 condidimus
2808 1860 2882 1911 vr,
2923 1858 3152 1912 quarum
3202 1846 3458 1898 rationem
3535 1850 3590 1897 et
3624 1855 3777 1895 usum
3801 1840 3938 1894 brevi-

2437 1943 2519 1988 ter
2552 1935 2865 1988 edisseram.
2913 1932 3092 1986 Prima
3130 1931 3298 1986 Graeci
3335 1932 3571 2000 computi
3609 1945 3775 1984 annos
3818 1928 3938 1982 olm

2437 2040 2558 2079 cum
2611 2024 2775 2095 cyclis
2825 2023 3020 2082 tribus.
3069 2037 3189 2092 quae
3225 2029 3308 2076 est
3354 2036 3581 2090 prorsus
3631 2020 3809 2074 eadem
3845 2034 3937 2072 cum
3991 2071 3994 2074 .

2438 2116 2618 2169 tabula
2648 2099 2854 2184 periodi.
2879 2112 3103 2167 Juliana:
3129 2113 3265 2167 libro
3299 2111 3388 2164 ιιι
3413 2111 3488 2164 De
3519 2112 3755 2163 doctrina
3783 2123 3940 2176 teipa-

2438 2221 2576 2266 rum,
2601 2205 2778 2272 capite
2804 2201 2873 2254 lX
2895 2201 3184 2270 descripta.
3217 2201 3474 2266 Quamvis
3499 2199 3645 2254 enim
3675 2197 3938 2253 Graecorum
3982 2210 3994 2252 -:

2437 2300 2721 2361 computus
2741 2307 2845 2345 non
2873 2291 2944 2345 sit
2976 2291 3265 2345 artiﬁciosa
3307 2290 3565 2360 periodus
3585 2329 3600 2346 .
3631 2297 3683 2342 et
3713 2289 3779 2342 ad
3804 2289 3939 2342 solam
3987 2292 3992 2326 ί

2439 2383 2715 2452 cyclorum
2752 2380 3061 2435 methodum
3103 2380 3367 2442 instituta,
3397 2384 3474 2434 uti
3504 2378 3714 2432 Juliana
3753 2393 3766 2429 :
3799 2391 3941 2432 tamen

2441 2487 2546 2524 non
2582 2471 2760 2526 minus
2782 2471 2868 2523 ille
2901 2485 2995 2538 per
3015 2470 3196 2540 cyclos
3221 2471 3456 2540 integros
3483 2469 3710 2523 divisus.
3737 2471 3941 2536 proprios
3985 2475 3998 2527 ,ξ

2439 2558 2594 2612 ollert
2618 2559 2744 2611 anni
2777 2557 3084 2626 cujuslibet.
3114 2557 3295 2627 Itaque
3323 2573 3353 2610 a
3389 2559 3613 2627 periodo
3643 2556 3842 2610 Juliaua
3865 2557 3940 2609 hoc

2441 2649 2555 2703 solo
2582 2648 2780 2711 diﬂert,
2806 2649 2948 2716 quod
2987 2647 3100 2702 haec
3121 2647 3303 2717 cycl'os
3328 2649 3458 2702 solis
3477 2687 3494 2712 ,
3536 2649 3710 2711 lunae,
3747 2656 3799 2700 et
3831 2647 3940 2700 indi-

2440 2739 2632 2794 ctionis
2663 2738 2862 2808 praebet
2891 2735 3274 2798 Romanorum,
3324 2750 3389 2790 ac
3430 2733 3630 2790 Juliani
3665 2736 3790 2789 anni
3817 2749 3943 2804 pem
3991 2741 3996 2752 ’

2440 2832 2620 2885 liares.
2653 2828 2874 2883 Graecus
2905 2843 3035 2882 vero
3077 2836 3360 2896 computus
3394 2828 3583 2881 saltem
3607 2827 3812 2898 cyclum
3839 2824 3942 2880 solis

2440 2919 2709 2972 diversum
2735 2916 2972 2970 exhibet.
3003 2915 3134 2968 Nam
3165 2913 3564 2969 Alexandrinus
3593 2915 3649 2968 in
3673 2914 3808 2968 luna
3826 2914 3944 2982 cyth

2441 3007 2709 3070 convenit,
2743 3005 3090 3059 indictionem
3115 3005 3321 3058 unitate
3337 3005 3601 3058 minorem
3631 3004 3808 3059 habet.
3831 3002 3943 3056 Coa-

2443 3097 2976 3166 stantinOpolitanus,
3029 3094 3195 3149 solam
3227 3093 3568 3147 indictionem
3611 3107 3738 3146 cum
3773 3091 3946 3146 Julian:

2441 3187 2663 3258 periodo
2699 3199 3034 3240 communem
3062 3183 3236 3266 parit;
3265 3183 3474 3252 cyclum
3502 3183 3646 3237 luna
3673 3180 3942 3236 Judaieom.
3997 3237 4000 3246 ί

2441 3273 2702 3340 Quocirca
2748 3273 3077 3327 discriminis
3131 3269 3652 3333 causa,eJulianam
3705 3271 3946 3340 periodum

2440 3363 2772 3432 appellamus
2804 3377 2945 3425 eam,
2971 3377 3092 3430 quae
3116 3359 3375 3414 Romanis
3398 3361 3563 3431 cyclis
3585 3362 3752 3414 servit
3789 3377 3803 3412 :
3830 3373 3946 3411 corn-

2441 3464 2629 3526 putum
2670 3469 2798 3508 vero
2843 3451 3112 3516 Graecum,
3159 3451 3246 3506 vel
3297 3464 3500 3513 atram,
3543 3464 3656 3504 non
3705 3447 3943 3518 periodum

2440 3547 2800 3600 nominamus.
2850 3541 3098 3597 Secunda
3145 3539 3327 3593 tabula
3375 3540 3587 3608 cyclum
3651 3540 3781 3592 solis
3829 3552 3940 3590 oon-

2442 3636 2696 3706 plectitur
2729 3648 2851 3687 cum
2899 3633 3106 3701 epactis
3155 3631 3310 3696 solis,
3347 3629 3460 3683 sive
3505 3627 3944 3683 concurrentibus;

2442 3723 2534 3793 qui
2571 3723 2624 3776 in
2662 3731 2889 3791 utroque
2926 3729 3180 3790 computo
3224 3722 3401 3774 locum
3432 3718 3651 3772 habent.
3675 3718 3944 3786 Adjecimus

2441 3821 2497 3869 et
2522 3813 2876 3867 DOminicales
2900 3811 3129 3876 litteras,
3170 3826 3280 3866 non
3305 3826 3426 3881 qua
3454 3810 3610 3881 cyclo
3646 3809 3804 3863 sola‘ri
3831 3807 3942 3861 Crt-

2443 3920 2507 3960 co
2543 3911 2881 3974 congruunt;
2919 3903 3012 3959 sed
3029 3919 3157 3973 quae
3183 3901 3426 3956 Romano
3461 3897 3942 3967 tribuuntur:an
3982 3899 3992 3974 ξ

2442 4010 2508 4050 eo
2549 3993 2797 4056 fecimus.
2851 4001 2911 4047 ut
2952 3994 3020 4048 ad
3053 4009 3170 4049 eam
3213 3993 3381 4048 veluti
3427 3992 3667 4062 regulam
3706 4004 3836 4043 usus
3863 4002 3942 4039 me-

2444 4085 2592 4138 thodi
2643 4086 2917 4153 sequentis
2967 4085 3232 4154 exigatur.
3280 4082 3414 4136 Nam
3468 4089 3530 4134 ut
3577 4082 3683 4136 diei
3741 4078 3942 4145 cujusvis

2447 4171 2576 4225 feria
2609 4188 2702 4241 per
2728 4182 3134 4235 concurrentes,
3164 4179 3218 4226 et
3243 4172 3516 4241 regulares
3544 4170 3755 4224 inventa
3784 4166 3940 4220 fuerit;

2444 4260 2655 4327 PrObari
2687 4276 2781 4329 per
2810 4259 3190 4314 Dominicalem
3225 4261 3452 4314 litteram
3487 4257 3715 4316 debebit,
3746 4271 3813 4308 ne
3839 4253 3938 4320 quid

2443 4349 2641 4403 erroris
2670 4350 2987 4417 obrepserit.
3018 4347 3220 4403 Tabula
3253 4350 3408 4403 tertia
3434 4357 3654 4418 epactas
3675 4353 3940 4399 menstruas

807 4457 953 4498 ratur
983 4445 1120 4513 apud
1144 4444 1356 4497 Graecos
1385 4446 1418 4514 ὴ
1443 4450 1930 4518 μεσοπεντηκοστή,
1953 4466 2070 4519 quae
2093 4459 2176 4504 est
2204 4454 2343 4507 vice-

2446 4438 2597 4502 solis,
2655 4438 2766 4491 sive
2815 4439 3086 4506 regulares
3125 4437 3272 4491 dabit
3303 4439 3357 4492 in
3401 4437 3673 4492 mensibus
3695 4432 3937 4488 Julianis:

805 4539 976 4590 simus
1007 4537 1223 4604 quintus
1273 4535 1388 4588 dies
1445 4550 1472 4586 a
1524 4535 1808 4602 Paschate,
1859 4555 1920 4594 ac
1964 4557 2175 4610 semper
2213 4542 2342 4598 feria

805 4631 995 4693 quarta
1030 4623 1305 4692 contingit.
1338 4619 1504 4690 igitur
1530 4623 1726 4677 additis
1749 4624 1817 4677 24
1842 4625 1907 4677 ad
1937 4626 2076 4680 diem
2102 4627 2340 4688 Paschze,

809 4709 1274 4777 μεσοπεντηκοστή
1331 4708 1621 4785 proveniet.
1676 4709 1764 4763 Sic
1814 4726 1955 4764 anno
2003 4713 2095 4766 illo
2144 4713 2342 4767 Christi

806 4799 959 4861 1556,
992 4799 1037 4853 si
1066 4797 1129 4849 ad
1159 4812 1244 4850 xvr
1274 4796 1470 4865 Aprilis
1503 4799 1760 4852 accedant
1783 4801 1896 4853 dies
1933 4800 2022 4861 24,
2048 4803 2343 4858 incidemus

807 4891 860 4943 in
904 4907 933 4943 x
961 4889 1100 4949 Maii,
1132 4904 1249 4957 qua:
1278 4888 1377 4940 fuit
1399 4891 1885 4959 μεσοπεντηκοστή.
1918 4889 2156 4944 Meminit
2186 4894 2343 4961 hujus

729 5045 732 5049 ι
807 4980 927 5034 festi
953 4979 1255 5033 Chronicon
1279 4976 1714 5039 Alexandrinum,
1735 4987 1793 5030 ut
1823 4979 1886 5030 ad
1912 4979 2195 5046 Nicephori
2221 4981 2343 5035 Bre~

806 5070 1032 5122 viarium
1061 5067 1492 5131 observavimus;
1524 5081 1624 5120 nec
1651 5083 1757 5120 non
1785 5067 2088 5122 Graecorum
2118 5069 2341 5126 llorolo-

808 5161 973 5228 gium.

875 5250 954 5303 Ad
983 5258 1274 5303 extremum
1317 5265 1422 5302 non
1465 5258 1546 5301 est
1579 5251 1981 5316 przctereundns
2003 5267 2153 5305 error
2175 5251 2342 5304 Maxi-

808 5341 899 5402 mi,
929 5342 1017 5410 qui
1063 5347 1146 5393 est
1187 5339 1362 5405 capite
1402 5337 1515 5389 VIII
1547 5338 1731 5405 prima:
1761 5341 1923 5406 partis
1960 5340 2224 5406 Computi.
2268 5339 2341 5392 lbi

807 5431 947 5482 enim
975 5445 1003 5481 a
1027 5428 1300 5482 Dominica
1334 5427 1602 5494 ἁπόκρεῳ,
1639 5443 1755 5494 qua:
1777 5439 1824 5479 cl
1854 5429 2206 5497 Παρείσϐασις
2239 5430 2341 5481 τῶν

809 5521 973 5583 ἁγίων
1003 5520 1256 5588 νηστειῶν
1290 5519 1507 5581 dicitur,
1541 5536 1708 5588 usque
1759 5521 1822 5572 ad
1869 5520 2054 5588 Πάσχα
2105 5522 2340 5583 νομικόν,

810 5615 919 5666 sive
966 5613 1028 5664 ad
1076 5629 1162 5664 xw
1209 5611 1542 5671 Paschalem,
1587 5611 1701 5663 dies
1748 5619 2022 5677 computat
2059 5626 2185 5662 Lvtr.
2233 5610 2343 5663 lloc

806 5707 965 5760 modo
1011 5702 1214 5759 Pascha
1272 5704 1436 5772 legale
1498 5702 1637 5756 idem
1687 5703 1788 5756 erit
1833 5716 1954 5756 cum
2014 5700 2338 5755 Christianae.

2445 4543 2580 4596 quos
2609 4527 2820 4597 quidem
2854 4528 3126 4596 regulares
3158 4528 3232 4580 ita
3261 4526 3647 4595 disposuimus,
3692 4533 3752 4577 ut
3785 4523 3937 4577 eodem

2446 4618 2598 4670 initio
2637 4621 2850 4685 utrique
2895 4623 3145 4686 computo
3174 4618 3469 4686 proposito,
3517 4618 3762 4669 nimirum
3794 4610 3938 4666 abla-

2445 4708 2665 4770 nuario;
2719 4708 2948 4760 varietas
3002 4707 3090 4758 illa
3128 4706 3342 4765 vitetur,
3387 4719 3507 4773 quae
3548 4705 3604 4757 in
3652 4702 3867 4762 Iaxinri,
3900 4707 3938 4750 et
3982 4702 3984 4773 ξ

2444 4797 2610 4850 lsaaci
2640 4796 2890 4849 methodo
2919 4797 3174 4849 cernitur.
3229 4793 3286 4848 lu
3322 4802 3565 4862 quartam
3613 4792 3837 4846 tabulam
3867 4804 3938 4856 cy-

2445 4888 2780 4949 clum'lunae,
2822 4900 2942 4938 cum
2972 4886 3173 4954 epactis
3193 4883 3406 4936 Maximi
3450 4892 3504 4938 et
3550 4883 3715 4938 lsaaci
3743 4881 3938 4946 conjec?

2444 4995 2564 5033 mus
2615 4998 2628 5031 :
2674 4993 2774 5030 nec
2824 4992 2931 5030 non
2977 4975 3262 5029 Paschales
3306 4974 3569 5042 terminos
3615 4982 3668 5027 et
3708 4972 3940 5040 regulam

2443 5070 2676 5130 dierum,
2720 5069 2775 5120 in
2825 5082 2960 5136 quos
2997 5064 3240 5119 incidunt
3275 5065 3509 5117 termini.
3551 5063 3747 5133 Cyclas
3775 5062 3940 5114 lunam

2443 5160 2649 5228 primus
2687 5158 2739 5211 in
2782 5157 2946 5210 lsaaci
2978 5163 3249 5224 computo,
3281 5155 3394 5208 sive
3433 5153 3940 5222 ConstantinOpolaa.

2444 5264 2534 5312 no,
2563 5256 2786 5317 quartus
2831 5255 2914 5300 est
2944 5245 3080 5314 cycli
3109 5244 3356 5307 Romani,
3401 5258 3562 5310 quem
3597 5242 3833 5296 eumdem

2444 5338 2724 5390 docuimus
2771 5352 2893 5388 cum
2922 5336 3073 5404 cyclo
3102 5333 3315 5385 Maximi
3365 5340 3420 5384 et
3465 5333 3940 5386 Alexandrinum:-

2445 5428 2578 5496 puti.
2614 5427 2817 5480 Idcirco
2845 5425 3193 5478 terminorum
3247 5422 3457 5476 diversa
3503 5425 3676 5477 series
3716 5422 3940 5473 instituta.

2443 5517 2638 5578 Quinta
2693 5516 2871 5567 tabula
2920 5514 3193 5582 regulares
3250 5512 3492 5564 continet
3554 5509 3944 5563 accommodatus

2445 5608 2654 5673 utrique
2701 5610 2983 5670 computo,
3036 5603 3114 5655 sic
3148 5610 3206 5654 ut
3242 5601 3379 5655 idem
3415 5588 3490 5652 ad
3513 5601 3726 5654 initiqu
3752 5598 3944 5654 Jausrz.

2444 5697 2710 5750 facilitatis
2739 5710 2902 5749 causa
2929 5693 3246 5748 refcrantur.
3279 5691 3445 5747 Sexta
3487 5692 3725 5761 denique
3744 5688 3944 5759 periclis:

3982 823 3986 832 ι

3983 1103 3990 1114 ι

3985 1443 3992 1452 ί

3989 1659 3994 1670 ι

3987 1689 3998 1704 ὶ

3982 2097 4000 2112 τι·

3982 2157 3986 2166 ι

3982 2229 3994 2252 ἱ

3982 4749 3984 4756 .
