4046 6320
486 518 525 539 \

530 538 557 551 κ,

221 594 357 649 1449

1151 580 1595 639 DISSERTATIO
1637 578 1719 632 DE
1759 575 2163 632 GRECORUM
2204 578 2404 632 ASRIS.

3264 578 3401 633 1450

295 707 531 768 Rursus,
579 705 714 759 scire
739 703 861 757 volo
887 710 1083 773 quotus
1126 702 1289 753 trium
1340 700 1611 769 cyclorum
1642 694 1752 748 Ro-
1783 698 1827 753 Α
1857 708 1990 761 opus
2047 700 2158 755 est.
2196 695 2404 764 integro
2436 708 2661 748 numero
2708 695 2806 759 15,
2852 692 3130 763 ’reliquum
3178 692 3283 747 duc
3344 696 3397 747 in

222 812 506 850 manorum
555 804 813 862 congruat
857 794 1012 846 annis
1070 792 1256 860 primis
1301 805 1419 843 aera:
1458 788 1755 854 utriusque.

223 889 391 942 Aufer
422 901 590 940 annos
623 885 758 939 5495
816 884 880 937 de
942 883 1109 935 12694
1140 919 1155 945 ,
1208 882 1539 949 relinquetur
1588 894 1762 931 almus

227 978 578 1047 7201.13itur
630 990 801 1028 annus
850 974 1052 1042 primus
1097 988 1216 1026 aera:
1260 970 1632 1024 Alexandrinae
1681 978 1763 1023 est

226 1068 451 1122 Julianae
485 1068 686 1137 periodi
721 1066 891 1128 7202,
944 1065 1031 1117 cui
1079 1079 1171 1131 per
1225 1077 1483 1116 canonem
1534 1064 1763 1130 primum

228 1161 452 1213 debetur
477 1159 657 1224 cyelus
682 1158 811 1211 solis
839 1173 910 1219 Vl,
943 1157 1082 1208 lunae
1122 1170 1158 1215 ι,
1199 1153 1419 1206 indictio
1454 1168 1511 1203 ιι.
1544 1151 1670 1204 Item
1700 1151 1766 1203 de
1806 1170 1809 1171 ν

228 1251 401 1304 12694
432 1243 675 1303 deductis
705 1248 871 1312 5509,
911 1256 1117 1302 restant
1168 1245 1319 1299 7185.
1377 1243 1544 1312 Igitur
1590 1258 1763 1297 annus

230 1342 433 1411 periodi
468 1339 687 1393 Julianae
717 1339 848 1393 7186
881 1350 961 1393 est
1014 1342 1216 1408 primus
1246 1352 1365 1391 tera:
1392 1335 1767 1389 Constantino-

231 1433 498 1501 petitante.
543 1431 671 1496 Quae
717 1433 940 1500 proinde
970 1435 1129 1499 cmpit
1159 1430 1400 1485 Romano
1430 1428 1580 1498 cyclo
1628 1427 1763 1501 solis

231 1539 382 1584 xvni,
414 1524 549 1575 luna:
581 1539 651 1584 iv,
680 1522 983 1576 indictionis
1012 1538 1043 1575 ι.

302 1614 378 1668 Ex
422 1615 503 1668 his
545 1614 918 1683 compendium
954 1614 1177 1667 canonis
1234 1614 1406 1666 oritur
1462 1608 1761 1677 ejusmodi:

231 1706 449 1759 invento
470 1706 617 1775 cyclo
646 1707 776 1760 solis
812 1721 929 1759 aera:
962 1704 1333 1758 Alexandrinae
1362 1703 1498 1757 adde
1537 1702 1587 1765 5,
1615 1701 1765 1770 cyclo

204 1799 376 1848 ~1unte
405 1798 459 1861 0,
490 1796 766 1849 indictioni
800 1795 825 1847 1
856 1814 867 1849 :
892 1795 1163 1849 obtinebis
1182 1793 1452 1848 Romanos
1476 1794 1616 1846 illius
1643 1791 1767 1843 anni

234 1887 457 1953 cyclos;
492 1885 1088 1954 ConstantinOpolitana:
1119 1900 1245 1938 vero
1280 1885 1443 1952 cyclis
1477 1883 1631 1946 adde,
1676 1898 1767 1935 so-

236 1977 337 2030 lari
363 1978 427 2029 17
449 2016 464 2039 ,
498 1978 669 2029 lunari
700 1978 751 2041 5,
786 1976 1064 2029 indictioni
1096 1978 1130 2027 0
1151 2015 1163 2036 ,
1206 1983 1265 2028 ut
1292 1975 1403 2028 haec
1443 1974 1636 2027 tabella
1668 1973 1765 2025 do-

1860 784 2015 845 1064,
2042 790 2095 836 ct
2121 782 2191 835 ad
2231 799 2495 838 summam
2532 784 2705 852 adjice
2740 782 2881 851 quod
2916 781 3182 850 superfuit
3209 781 3275 836 de
3304 798 3401 836 no-

1859 875 2079 929 vissima
2106 875 2368 929 divisione
2411 890 2503 943 per
2527 876 2647 929 552.
2683 875 2837 941 Quod
2887 876 2933 928 si
2970 888 3179 929 summa
3225 875 3401 943 major

1862 976 1942 1020 cst
1974 976 2131 1035 quam
2166 967 2321 1028 7980,
2360 967 2500 1019 hunc
2546 967 2719 1035 ipsum
2753 982 3032 1020 numerum
3074 982 3135 1019 ex
3170 966 3259 1018 illa
3308 967 3403 1019 de-
3429 970 3463 989 "

1862 1061 2033 1114 trahe.
2066 1058 2142 1112 Ita
2175 1060 2260 1113 fiet
2294 1075 2465 1111 annus
2497 1059 2618 1120 ille,
2654 1059 2744 1126 qui
2781 1059 3091 1127 requiritur,
3120 1073 3184 1111 ex
3216 1071 3323 1125 quo
3345 1058 3401 1109 in

1861 1150 2072 1203 Juliaua
2094 1150 2314 1219 periodo
2344 1151 2616 1219 pr0prium
2656 1165 2854 1202 annum
2900 1150 3044 1203 illius
3073 1148 3395 1218 assequeris.

1932 1239 2242 1308 Exemplum
2282 1256 2296 1294 :
2344 1239 2645 1294 Chronicon
2674 1239 3088 1293 Alexandrinum
3124 1237 3402 1307 migratio-

1865 1346 1983 1383 nem
2025 1329 2389 1385 lsraelitarum
2445 1347 2508 1384 ex
2547 1330 2775 1400 Egypto
2812 1331 2998 1384 statuit
3026 1345 3090 1383 eo
3114 1344 3272 1393 anno,
3310 1329 3403 1397 qui

1865 1420 2069 1488 cyclum
2102 1420 2285 1472 habuit
2312 1420 2441 1474 solis
2472 1420 2525 1483 2,
2546 1421 2703 1474 .lunae
2729 1420 2812 1484 19,
2838 1435 2958 1472 cum
2989 1418 3281 1473 indictione
3315 1419 3401 1470 15.

1866 1512 2056 1573 Quaero
2089 1520 2286 1577 quotus
2323 1510 2411 1564 ille
2438 1511 2671 1579 computi
2709 1509 2876 1563 Graaci
2907 1509 3084 1572 fuerit,
3110 1516 3163 1562 et
3187 1507 3403 1581 quidem

1864 1600 2435 1668 Constantinopolitani
2458 1618 2472 1662 ;
2505 1602 2645 1653 hunc
2662 1600 2803 1654 enim
2835 1601 2933 1654 iste
2954 1607 3139 1653 auctor
3164 1598 3401 1652 adhibet.

1866 1690 2099 1745 Primum
2130 1692 2286 1744 editis
2332 1691 2497 1761 cyclis
2534 1692 2663 1745 solis
2708 1706 2769 1743 ac
2816 1692 2970 1757 lunae,
3012 1691 3288 1744 ducendus
3322 1696 3410 1745 est

1869 1781 2050 1849 cyclus
2081 1781 2211 1833 solis
2243 1780 2277 1832 2
2312 1781 2368 1833 in
2398 1780 2485 1841 57,
2525 1779 2656 1832 ﬁunt
2702 1779 2817 1832 114.
2862 1778 2995 1831 Tum
3027 1780 3232 1848 eyclum
3268 1779 3405 1831 luna:

1873 1872 1936 1923 19
1966 1870 2031 1922 de
2063 1870 2269 1937 integro
2296 1870 2445 1939 cyclo
2466 1870 2701 1937 ejusdem
2736 1870 2873 1922 luna:
2902 1870 3242 1932 subtrahens,
3270 1871 3405 1924 resi-

1870 1961 2033 2012 duum
2069 1960 2238 2013 habeo
2270 1959 2370 2011 19:
2405 1974 2560 2027 quem
2594 1974 2869 2012 numerum
2897 1974 2988 2027 per
3004 1959 3069 2012 56
3088 1960 3402 2027 multiplico.

234 2080 343 2121 cet.
372 2066 530 2122 Verbi
560 2068 729 2137 gratia
759 2083 930 2123 anuus
956 2067 1345 2122 Alexandrinus
1373 2066 1506 2120 7054
1532 2081 1626 2134 per
1660 2065 1765 2133 pri-

1879 2046 2115 2099 Sonfiunt
2155 2038 2323 2112 1064,
2361 2062 2520 2114 quam
2550 2061 2810 2099 summam
2841 2047 2909 2098 ad
2950 2047 3180 2115 priorem
3210 2049 3405 2117 adjicio

236 2175 385 2213 mum
422 2174 678 2213 canonem

1150 2299 1159 2307 .
1292 2250 1421 2303 solis
1552 2248 1585 2300 5

858 2320 1221 2373 Alexandrino
1292 2320 1447 2397 linire

438 2422 588 2477 Adde
634 2424 784 2493 cyclo
1290 2388 1477 2493 inﬂifn’
1521 2388 1574 2493 ,ξ

1292 2478 1422 2531 solis
1516 2476 1583 2527 17

831 2548 1165 2605 Constantia.
1299 2550 1434 2599 luna!
1551 2547 1583 2596 5

1288 2617 1477 2669 indict.
1552 2615 1585 2667 0

238 2734 449 2804 cyclum
475 2734 602 2789 solis
634 2734 835 2787 obtinet
866 2732 935 2797 6;
968 2733 1102 2786 adde
1132 2732 1183 2794 5,
1224 2729 1416 2785 eﬂicies
1448 2728 1531 2781 11.
1583 2725 1775 2796 Cyclus

238 2822 382 2873 luna:
412 2821 465 2883 4,
490 2822 685 2875 additis
714 2821 747 2874 0
772 2827 853 2874 est
877 2821 946 2884 4;
976 2820 1194 2873 indictio
1220 2818 1305 2881 14,
1326 2817 1507 2870 addito
1531 2816 1554 2869 1
1584 2823 1667 2869 est
1692 2816 1774 2868 15.

242 2910 334 2963 Sic
361 2912 483 2963 anni
504 2912 1085 2980 .Constantinoliolitani
1123 2912 1305 2979 cyclus
1339 2910 1467 2962 solis
1490 2909 1559 2960 22
1586 2915 1777 2960 auctus

241 3005 312 3058 17
335 3006 526 3058 transit
559 3007 612 3059 in
641 3005 952 3059 'Romanum
981 3008 1034 3059 1|
1059 3024 1072 3071 ;
1106 3004 1328 3067 lunaris,
1361 3001 1554 3056 additis
1577 3002 1628 3064 5,
1651 3016 1714 3055 ex
1749 3001 1768 3051 1

242 3096 383 3161 ﬁt4;
408 3095 625 3149 indictio
648 3095 832 3149 eadem
867 3108 948 3150 est
980 3097 1064 3151 15.

317 3186 577 3240 Caeterum
617 3201 786 3241 annos
809 3188 930 3241 illos
957 3202 1142 3241 omnes
1161 3186 1466 3240 Grtecorum
1496 3192 1777 3255 computo-

244 3292 365 3329 rum
384 3292 412 3329 a
435 3277 684 3331 Kalendis
711 3278 977 3331 Ianuariis
1004 3278 1345 3345 auspicamur
1369 3278 1621 3342 ;'tametsi
1644 3277 1777 3329 civi-

248 3366 317 3418 lis
346 3381 539 3428 annus,
561 3373 614 3419 et
652 3366 871 3419 indictio
900 3368 966 3418 ab
988 3366 1334 3421 antecedente
1366 3365 1665 3436 Septembri
1695 3367 1777 3418 in-
1806 3368 1847 3424 C

247 3457 484 3525 cipiant:
516 3456 658 3525 quod
712 3442 921 3525 siquis
958 3457 1149 3509 imitari
1193 3458 1457 3521 voluerit,
1511 3456 1781 3510 Romanos

247 3551 429 3617 cyclos
450 3551 653 3602 unitate
679 3548 879 3601 minuet
923 3547 976 3598 in
1006 3561 1266 3599 annorum
1306 3548 1638 3616 singulorum
1688 3563 1780 3600 ex-

248 3640 423 3699 ordio.
455 3640 701 3707 Idemque
729 3637 886 3691 faciet
917 3637 971 3691 in
995 3637 1192 3691 Graecis
1216 3638 1376 3705 ipsis,
1411 3639 1487 3690 uti
1514 3638 1674 3699 ferite,
1700 3637 1783 3691 vel

249 3732 394 3783 lunaa
419 3738 777 3797 consequatur
808 3737 1015 3783 aatatem
1065 3729 1120 3781 in
1158 3729 1344 3797 primis
1384 3730 1435 3781 iv
1473 3728 1780 3791 mensibus,

251 3836 316 3874 ex
347 3819 594 3874 methodo
620 3820 951 3888 sequentium
982 3834 1262 3874 canonum.

251 3934 431 3987 Canos
461 3932 545 3986 lll.
581 3931 729 3985 Datis
775 3932 931 4000 cyclis
969 3933 1092 3985 satis
1131 3948 1191 3983 ac
1221 3932 1357 3984 luna:
1390 3932 1443 3983 in
1490 3931 1783 3984 Grmcornm

322 4003 573 4070 computis
599 4040 612 4063 ,
668 4004 888 4053 invenire
918 4013 1100 4068 quotus
1140 4003 1207 4053 sit
1245 4017 1409 4070 annus
1462 4003 1656 4065 periodi
1702 4002 1785 4052 Vi-

323 4068 653 4133 ctorinianc;
692 4086 883 4123 necnon
912 4070 974 4120 ab
1019 4070 1239 4122 Adamo.
1282 4068 1412 4121 Item
1442 4072 1565 4121 data
1603 4080 1787 4135 prazter

322 4142 442 4193 illos
462 4142 630 4208 cyclo:
649 4140 943 4208 indictione,
963 4155 1152 4190 annum
1177 4149 1282 4190 tam
1313 4154 1430 4190 tera:
1454 4137 1783 4199 Grmcanicw,

323 4206 700 4278 quamiperiodi
727 4206 973 4269 Julianw,
999 4210 1051 4259 in
1081 4224 1226 4272 quem
1255 4218 1355 4259 tres
1383 4208 1461 4258 illi
1493 4209 1621 4275 σιμ·ιὶ
1658 4210 1787 4260 inci-

324 4280 484 4341 dunt,
519 4294 711 4331 eruere.

326 4394 547 4463 Cyclum
571 4392 700 4449 solis
730 4394 930 4448 editum
961 4367 1064 4446 duc
1093 4393 1147 4445 in
1176 4393 1242 4445 57
1264 4434 1277 4457 ,
1309 4407 1371 4446 ac
1402 4408 1664 4445 summam
1699 4406 1785 4446 re-

259 4499 434 4537 serva.
463 4481 663 4537 Deinde
686 4484 892 4552 cyelum
923 4483 1060 4535 lunae
1088 4482 1239 4535 aufer
1276 4496 1342 4535 ex
1380 4481 1477 4547 19;
1516 4488 1605 4533 aut
1645 4482 1690 4535 si
1723 4481 1788 4533 19

261 4576 377 4641 ipse
397 4576 486 4637 sit,
512 4564 662 4628 sume
687 4573 771 4626 19.
806 4571 938 4626 Eum
964 4587 1241 4626 numerum
1264 4572 1556 4641 multiplica
1585 4588 1677 4640 per
1698 4571 1786 4626 56.

1870 2138 1989 2199 114,
2020 2147 2076 2190 ut
2107 2137 2233 2189 ﬁant
2263 2137 2396 2189 1178
2422 2154 2435 2191 :
2467 2138 2661 2204 quibus
2696 2152 2789 2203 per
2817 2136 2918 2190 552
2952 2137 3161 2201 divisis,
3201 2139 3405 2206 reliqua

1868 2236 1992 2281 sunt
2036 2226 2154 2282 114.
2196 2226 2425 2280 Proinde
2454 2228 2758 2279 Chronicon
2786 2226 3207 2280 Alexandrinum
3233 2229 3406 2293 ἔξοδον

1869 2316 2076 2369 confert
2104 2317 2158 2369 in
2188 2331 2383 2369 annum
2413 2316 2511 2367 114
2542 2316 2745 2383 periodi
2780 2313 3173 2370 Victorinianaa.
3216 2315 3283 2370 Ut
3316 2312 3417 2370 au?

1870 2413 1975 2458 tem
2005 2405 2148 2458 scias
2176 2413 2371 2471 quotus
2400 2404 2470 2457 sit
2504 2405 2641 2457 idem
2664 2406 2895 2473 computi
2917 2405 3410 2476 Constantinopoli-

1871 2496 2001 2557 tani,
2033 2497 2341 2563 conjectura
2370 2510 2503 2562 opus
2530 2504 2629 2549 est.
2675 2494 2934 2560 Quoniam
2960 2495 3123 2563 igitur
3154 2493 3322 2549 Graeci
3345 2512 3409 2550 cx

1872 2586 2010 2639 LXX
2028 2587 2306 2640 Seniorum
2330 2587 2431 2640 fide
2448 2602 2617 2641 annos
2640 2589 2796 2655 vulgo
2819 2596 3098 2641 numerant
3118 2588 3184 2641 ab
3206 2588 3410 2640 Adamo

1874 2677 1940 2730 ad
2001 2677 2259 2730 diluvium
2308 2678 2468 2741 2242,
2501 2688 2553 2732 et
2598 2694 2627 2731 a
2683 2679 2883 2731 diluvio
2941 2679 3007 2731 ad
3037 2679 3409 2733 .Abrahamum

1874 2766 2030 2828 1172,
2056 2780 2263 2819 summa
2287 2767 2555 2835 colligitur
2579 2768 2645 2821 ab
2671 2767 2873 2820 Adamo
2919 2767 2985 2820 ad
3031 2776 3204 2821 ortum
3241 2769 3412 2823 Abra-

1876 2857 2052 2919 hami,
2087 2871 2349 2909 annorum
2380 2858 2533 2911 5414.
2566 2857 2701 2910 llinc
2732 2867 2908 2911 autem
2946 2859 3011 2911 ad
3044 2861 3413 2928 migrationem

1875 2962 1938 3000 ex
1973 2946 2200 3017 Egypto
2233 2955 2419 3015 putant
2452 2962 2620 3002 annos
2658 2949 2873 3001 circiter
2898 2950 3020 3003 505.
3057 2951 3233 3015 Quare
3264 2953 3413 3006 colli-

1877 3047 2077 3107 guntur
2102 3038 2228 3091 anni
2252 3037 2362 3092 fere
2392 3038 2526 3091 5919
2554 3040 2619 3092 ab
2648 3040 2853 3093 Adamo
2890 3040 2954 3092 ad
3000 3039 3188 3101 ἔξοδον.
3223 3040 3292 3095 Ut
3323 3056 3414 3093 ae-

1878 3138 2124 3182 curatum
2194 3144 2393 3182 annum
2457 3128 2655 3183 habeas
2723 3128 3066 3183 Alexandrini
3127 3129 3413 3191 Chroniei,

1879 3237 2058 3290 quaere
2085 3221 2138 3274 in
2185 3222 2364 3274 tabula
2382 3206 2465 3286 ἔνι
2513 3236 2710 3274 annum
2760 3222 3002 3289 proxime
3048 3222 3306 3276 minorem
3354 3240 3418 3276 eo

1880 3328 2037 3381 quem
2070 3313 2361 3380 suspicaris
2393 3331 2403 3365 :
2436 3312 2527 3381 qui
2561 3318 2618 3363 ut
2656 3312 2827 3379 major
2857 3320 2940 3365 est
2978 3327 3119 3365 anno
3147 3312 3317 3376 5724,
3345 3313 3418 3364 ita

1883 3403 2058 3455 minor
2090 3402 2244 3453 4256.
2278 3401 2539 3465 Quocirca
2586 3415 2755 3453 annos
2807 3402 3010 3469 periodi
3040 3401 3419 3455 Vietorinianae

1884 3490 2003 3552 114,
2036 3490 2169 3541 adde
2200 3490 2265 3541 ad
2288 3490 2444 3551 5724,
2476 3488 2669 3544 eflicies
2701 3506 2897 3543 annum
2952 3492 3109 3554 5858,
3149 3492 3240 3559 qui
3284 3493 3417 3561 divi-

1884 3598 1977 3635 sus
2006 3596 2098 3648 per
2125 3582 2331 3649 cyclum
2368 3581 2496 3635 solis
2526 3596 2587 3634 ac
2617 3583 2777 3645 lunre,
2807 3581 2991 3636 reddet
3021 3583 3150 3635 solis
3180 3583 3416 3651 quidem,

1884 3673 2089 3739 eyelum
2112 3671 2164 3733 2,
2190 3674 2326 3725 lunae
2356 3688 2482 3725 vero
2524 3672 2590 3725 19
2623 3692 2635 3725 :
2676 3673 2817 3740 quod
2846 3681 2964 3726 erat
2996 3675 3347 3742 propositum.

1955 3760 2184 3827 Rursus,
2221 3764 2266 3815 si
2298 3772 2487 3831 praeter
2518 3762 2653 3815 duos
2678 3764 2796 3816 illos
2819 3766 3017 3832 cyclos,
3044 3764 3262 3816 indictio
3297 3767 3419 3818 data

1886 3864 1956 3909 δη
1978 3855 2062 3917 15,
2093 3869 2372 3906 numerum
2409 3852 2527 3915 114,
2562 3856 2652 3920 qui
2684 3860 2953 3920 postremo
2986 3855 3205 3907 relictus
3245 3865 3327 3907 est
3355 3870 3421 3908 ex

1885 3945 2144 3998 divisione
2173 3958 2265 4012 per
2290 3943 2391 3996 552
2422 3944 2700 4007 instituta;
2736 3958 2828 4009 per
2861 3943 2926 3996 15
2955 3944 3174 4010 partior,
3219 3953 3424 3999 restant

1886 4035 1954 4086 9:
1989 4034 2054 4087 de
2083 4048 2209 4100 quo,
2249 4032 2444 4085 additis
2477 4032 2576 4093 15,
2630 4032 2887 4085 subtraho
2920 4032 3016 4095 15,
3055 4033 3259 4101 reliqua
3290 4032 3423 4084 fiunt

1890 4124 1944 4175 11
1970 4142 1984 4189 ;
2014 4139 2130 4192 qua:
2170 4124 2213 4177 si
2240 4124 2504 4176 ducantur
2536 4125 2590 4175 in
2624 4123 2795 4186 1064,
2843 4138 3051 4176 summa
3081 4125 3181 4175 erit
3216 4123 3385 4176 11704
3406 4164 3420 4183 ,

1887 4216 1952 4267 ad
1983 4231 2142 4283 quam
2172 4213 2344 4282 adjicc
2372 4214 2504 4277 114,
2555 4223 2607 4269 et
2644 4230 2707 4267 ex
2754 4222 2868 4267 toto
2900 4214 3071 4266 11818
3098 4252 3113 4277 ,
3171 4216 3421 4283 quoniam

1890 4308 2025 4361 7980
2076 4307 2322 4368 excedit,
2380 4305 2463 4359 his
2522 4305 2796 4367 deductis,
2859 4304 3179 4371 relinquitur
3252 4320 3424 4357 annus

1889 4400 2024 4451 5858
2054 4418 2065 4450 :
2103 4412 2132 4448 a
2168 4413 2273 4465 quo
2307 4397 2497 4449 ablatis
2530 4396 2647 4455 795,
2685 4394 2896 4447 exsistit
2925 4410 3099 4449 annus
3133 4397 3185 4447 in
3212 4392 3423 4447 Juliana

1889 4489 2108 4557 periodo
2135 4489 2305 4550 5045,
2346 4489 2435 4555 qui
2483 4484 2765 4552 respondet
2800 4501 2940 4539 anno
2973 4485 3427 4553 Constantinopo-

1889 4581 2055 4631 litano
2098 4578 2253 4631 5858.
2302 4576 2409 4630 Hoc
2470 4584 2529 4627 ut
2587 4590 2767 4628 verum
2817 4593 2936 4631 esse
2988 4593 3319 4647 cognoscas,
3360 4593 3425 4630 ex

261 4665 391 4731 Quae
434 4664 558 4718 inde
592 4671 845 4743 nascetur
879 4678 1082 4718 summa
1108 4702 1122 4723 ,
1174 4676 1288 4715 eam
1338 4677 1459 4715 cum
1515 4664 1789 4730 superiore
1821 4689 1865 4743 υ
1893 4669 2142 4722 niethodo
2171 4670 2393 4721 canonis
2417 4668 2779 4722 antecedentis
2801 4708 2813 4727 ,
2858 4669 2924 4721 ad
2972 4669 3177 4737 cyclum
3232 4668 3361 4721 solis
3394 4667 3429 4719 2

262 4765 549 4821 compone,
588 4738 707 4819 qua:
745 4765 809 4803 ex
842 4750 991 4819 cyclo
1029 4749 1157 4802 solis
1188 4750 1348 4802 ducto
1401 4750 1455 4801 in
1492 4749 1559 4801 57
1597 4749 1786 4801 oritur.

262 4841 531 4909 Quidquid
553 4855 619 4893 ex
647 4839 907 4893 ambobus
934 4836 1219 4892 conﬂatum
1264 4838 1402 4897 erit,
1446 4839 1646 4906 partire
1699 4854 1792 4907 per

264 4933 399 4995 552,
447 4930 721 4985 residuum
769 4931 871 4982 erit
915 4943 1086 4982 annus
1141 4929 1343 4996 periodi
1394 4926 1790 4983 Victorinianm.

264 5021 379 5075 Hoc
406 5021 452 5075 si
482 5020 740 5088 adjeceris
771 5019 836 5072 ad
860 5032 1055 5071 annum
1080 5032 1233 5086 quem
1267 5018 1507 5085 proxime
1535 5019 1793 5073 minorem

266 5126 409 5166 anno
437 5126 556 5164 terre
577 5110 771 5163 Graiae
802 5110 1075 5177 proposito
1109 5108 1369 5175 suspicari
1406 5116 1557 5175 potes
1582 5149 1595 5171 ,
1632 5110 1683 5161 in
1716 5117 1792 5160 ta-

266 5203 392 5256 bula
414 5217 487 5264 v1,
512 5200 734 5254 habebis
757 5214 952 5250 annum
976 5197 1241 5256 Gracum,
1266 5198 1420 5264 cujus
1444 5199 1643 5266 preprii
1670 5209 1795 5252 sunt

266 5294 405 5364 cycli
446 5293 573 5347 solis
620 5307 681 5345 ac
717 5292 863 5345 lunze
895 5290 948 5341 in
991 5290 1282 5359 quaestione
1324 5292 1513 5357 positi;
1553 5306 1659 5358 quo
1709 5292 1793 5343 in-

266 5395 450 5447 vento,
481 5400 574 5453 per
607 5382 909 5437 methodum
942 5382 1163 5434 canonis
1195 5380 1579 5443 antecedentis,
1610 5386 1796 5451 exqui-

267 5492 358 5531 res
388 5475 543 5544 quem
593 5475 645 5525 in
682 5489 878 5527 annum
920 5472 1141 5525 Julianze
1182 5473 1416 5540 periodi,
1470 5476 1549 5526 vel
1598 5475 1795 5527 Christi

269 5562 554 5635 competat.
592 5564 740 5629 Quod
773 5565 815 5617 si
841 5571 1093 5633 praaterea
1114 5563 1235 5615 data
1264 5564 1333 5617 sit
1361 5563 1582 5618 indictio
1610 5585 1621 5618 :
1656 5567 1795 5633 quod

266 5656 536 5726 superfuit
563 5655 628 5708 de
658 5654 839 5706 ultima
887 5653 1148 5709 divisione
1185 5655 1313 5717 552,
1347 5671 1439 5723 per
1491 5656 1557 5709 15
1584 5656 1793 5717 divide,

269 5751 692 5809 accommodata,
722 5749 767 5802 si
792 5749 862 5799 ita
897 5763 1115 5801 necesse
1142 5756 1245 5810 est,
1263 5749 1465 5817 integra
1492 5750 1705 5816 periodo
1734 5750 1797 5802 15

270 5857 531 5897 annorum
562 5860 575 5895 :
605 5839 746 5909 quod
776 5840 896 5892 inde
928 5840 1207 5905 supererit,
1240 5840 1429 5903 retine,
1461 5847 1511 5891 et
1544 5838 1794 5899 indidem,

267 5935 421 5989 aufer
481 5931 803 6001 propositam
858 5928 1232 5991 indictionem,
1287 5930 1716 5997 accommodato,
1752 5931 1794 5985 si

577 6021 838 6079 Parnor.
884 6022 996 6081 Gn.
1029 6020 1197 6081 XIX.

1891 4758 2539 4829 Constantinopolitanum
2595 4756 2728 4809 adde
2792 4756 2896 4814 17;
2958 4757 3022 4809 ad
3069 4757 3311 4809 lunarem
3362 4755 3427 4807 19

1887 4848 2025 4901 adde
2055 4849 2106 4910 5,
2128 4855 2179 4900 et
2206 4845 2270 4898 ad
2298 4845 2638 4898 indictionem
2692 4846 2758 4898 15
2805 4844 2938 4897 adde
2959 4845 3014 4907 0,
3046 4844 3300 4898 conﬁcies
3332 4860 3425 4912 cy—

1894 4939 2006 4991 clos
2035 4934 2295 4995 Iulianos,
2328 4933 2457 4985 solis
2489 4932 2551 4984 19
2580 4947 2700 4984 cum
2728 4932 2903 4983 littera
2927 4930 3000 4993 E;
3044 4931 3181 4983 luna:
3202 4930 3255 4992 5,
3290 4930 3395 4981 indi
3415 4959 3427 4967 -

1894 5028 2124 5079 ctionem
2155 5024 2259 5076 15:
2296 5037 2413 5089 quze
2442 5022 2617 5073 omnia
2652 5030 2951 5088 congruunt
2993 5020 3044 5071 in
3090 5033 3290 5070 annum
3337 5034 3428 5087 pr-

1894 5115 2030 5169 riodi
2057 5114 2278 5167 Julianaa
2308 5113 2472 5174 5045,
2513 5112 2603 5179 qui
2650 5110 2975 5163 centesimus
3003 5117 3054 5161 et
3082 5109 3426 5177 quadragesi-

1896 5222 2014 5260 mus
2043 5213 2125 5259 est
2158 5213 2279 5256 ante
2308 5216 2485 5255 veram
2518 5200 2774 5268 epocbam
2805 5198 2969 5251 Exodi
2991 5236 3004 5258 ,
3050 5213 3210 5265 quam
3244 5198 3297 5250 in
3331 5213 3426 5249 an-

1896 5312 2021 5349 num
2056 5294 2257 5363 periodi
2285 5291 2509 5345 Julianze
2548 5291 2871 5343 contulimus
2900 5288 3053 5340 5185.
3107 5286 3170 5338 Et
3212 5288 3423 5355 quidem

1896 5387 2200 5440 Chronicon
2229 5384 2301 5435 ait
2327 5397 2466 5434 anno
2500 5382 2589 5433 illo
2611 5420 2624 5444 ,
2674 5396 2831 5448 quem
2869 5386 3113 5430 numerat
3146 5377 3310 5438 5858,
3354 5377 3428 5429 fe-
3502 5452 3505 5455 ἰ

1896 5478 2031 5529 riam
2068 5491 2082 5528 1
2122 5474 2405 5542 contigisse
2437 5472 2631 5540 Aprilis
2663 5484 2780 5531 xm,
2812 5467 3104 5535 eodemque
3133 5466 3218 5519 die
3266 5481 3428 5533 quar-

1896 5576 2005 5620 tam
2041 5568 2298 5621 decimam
2323 5564 2487 5617 Nisan
2515 5562 2797 5624 incidisse;
2830 5568 2890 5611 ut
2923 5559 3140 5611 minime
3186 5555 3431 5613 dubitan-

1898 5657 2023 5709 dum
2061 5658 2149 5719 sit,
2184 5656 2311 5723 quin
2341 5662 2393 5707 et
2439 5668 2635 5707 aureus
2668 5666 2922 5704 numerus
2964 5649 3122 5703 fuerit
3149 5649 3209 5711 5,
3255 5655 3306 5701 et
3337 5664 3429 5717 ey-

1899 5750 2013 5802 clus
2043 5748 2171 5800 solis
2203 5746 2286 5808 19,
2321 5746 2603 5812 litteraque
2634 5742 2980 5795 Dominicalis
3014 5738 3074 5791 Ε.

1967 5838 2121 5890 Aliud
2156 5836 2455 5903 exemplum
2484 5852 2496 5885 :
2527 5832 2830 5885 Chronicon
2873 5829 3008 5882 idem
3044 5844 3243 5881 annum
3297 5842 3427 5879 con-

1901 5937 2086 5998 ceptus
2138 5927 2358 5982 Joannis
2416 5922 2761 5993 pitecursoris
2811 5927 3053 5974 numerat
3105 5920 3172 5971 ab
3233 5919 3433 5970 Adamo

3050 6011 3126 6068 46
