4046 6320
198 531 345 591 1453

777 640 1002 697 CAPUT
1040 642 1177 697 XIV.

211 780 286 832 De
311 788 566 832 certorum
589 780 850 832 hominum
881 777 1122 832 Paschali
1143 786 1379 845 computo
1401 793 1462 829 ac
1491 777 1745 840 melhodo,

278 865 404 917 quos
455 849 512 902 S.
566 848 830 902 Maximus
885 849 1332 909 πενταπλοῦντας,
1377 857 1425 900 et
1464 846 1750 917 ὲξᾳπλοῦν-

278 916 377 980 τας
441 921 705 980 nominat;
770 935 862 970 nos
895 918 1339 985 umlecuplatores
1393 916 1746 985 appellamus,

277 1004 496 1053 quorum
525 990 658 1039 ratio
679 1003 833 1054 prope
873 984 1244 1038 inextricabilis
1287 988 1394 1037 vita
1420 1052 1438 1054 _
1459 984 1747 1052 Scaligero,

281 1052 533 1122 facillime
557 1052 874 1110 declaratur.
908 1055 983 1108 De
1015 1056 1198 1107 iisdem
1229 1070 1375 1106 error
1404 1052 1685 1122 Scaligen'.‘

282 1187 545 1242 Maximus
578 1194 780 1258 martyr
806 1187 987 1257 prima:
1016 1189 1186 1256 partis
1214 1187 1471 1256 computi,
1503 1201 1625 1256 cap.
1659 1184 1748 1252 XI,

211 1286 266 1333 et
299 1277 390 1330 ΧΠ
413 1318 428 1340 .
463 1292 524 1331 ac
575 1289 680 1332 tota
725 1279 957 1340 secunda
985 1286 1135 1349 parte
1173 1288 1363 1332 contra
1390 1286 1570 1333 certos
1599 1291 1749 1330 com-

210 1369 330 1436 puti
363 1366 592 1421 artiﬁces
619 1368 876 1435 disputat,
907 1382 1046 1438 quos
1077 1368 1528 1432 πενταπλοῦντας,
1551 1379 1604 1422 et
1629 1367 1752 1431 ἐξα-

213 1457 476 1519 πλοῦντας
506 1464 689 1521 vocat;
727 1458 825 1510 hoc
865 1464 948 1511 est
982 1457 1272 1526 quinquies
1298 1468 1350 1512 et
1378 1459 1553 1512 sexies
1581 1472 1750 1512 annos

209 1549 349 1617 cycli
397 1548 597 1600 lunaris
629 1545 1081 1614 multiplicantes;
1126 1545 1230 1606 vel,
1279 1553 1338 1600 ut
1369 1561 1476 1599 uno
1507 1546 1666 1600 verbo
1698 1547 1752 1600 id
1791 1609 1794 1611 _

212 1640 560 1708 exprimatur,
587 1638 839 1692 undecies
870 1654 882 1688 :
919 1651 1151 1706 quorum
1179 1637 1490 1692 methodum
1519 1638 1752 1693 secunda

212 1741 364 1800 parte
391 1731 655 1799 proponit,
690 1730 783 1782 sed
812 1729 1041 1782 obscure
1070 1742 1132 1781 ac
1159 1729 1430 1797 perplexe,
1459 1737 1515 1782 ut
1544 1730 1754 1787 diﬂicile

1142 509 1593 587 DISSERTATIO
1634 533 1718 586 nr:
1757 533 2160 588 cmconun
2199 533 2418 587 nanis.

3253 534 3390 586 ΝΜ

1778 650 1823 706 Δ
1849 653 2136 714 quartum;
2181 631 2376 698 borum
2425 657 2556 698 vero
2590 642 2818 712 primum
2864 643 3076 700 illorum
3123 645 3392 700 decimum

1849 738 2156 806 septimum.
2187 736 2258 788 At
2287 735 2483 790 solaris
2512 735 2697 805 cyclus
2729 736 2801 789 ita
2835 750 2893 789 se
2921 735 3102 800 habet,
3135 743 3192 790 ut
3222 737 3393 791 unde-

1848 827 2179 896 cuplantium
2221 826 2427 895 primus
2468 824 2540 878 sit
2573 822 2903 888 Graecorum,
2938 826 3030 893 qui
3074 825 3393 880 Alexandri-

1848 937 1977 992 num
2026 928 2339 988 computum
2379 934 2547 972 unum
2588 919 2655 973 dc
2693 921 2904 973 duobus
2933 919 3209 985 adhibent,
3253 936 3394 991 quos

1850 1009 2100 1080 superius
2119 1009 2364 1078 exposui,
2391 1008 2634 1063 decimus
2658 1010 2868 1063 tertius.
2892 1007 3034 1072 Ideo,
3061 1025 3183 1062 cum
3204 1010 3390 1079 cyclus

1847 1100 2160 1156 Graecorum
2192 1097 2588 1153 Alexandrinus
2625 1099 2830 1165 primus
2875 1100 3198 1168 respondeat
3237 1108 3391 1155 sexto

1847 1177 2000 1260 cyclo
2027 1189 2293 1252 Romano,
2331 1198 2388 1242 ut
2417 1203 2538 1256 cap.
2572 1185 2613 1237 γ
2651 1187 2811 1256 hujus
2839 1189 2962 1241 libri
3001 1187 3392 1244 demonstravi-

1849 1294 2003 1343 mus,
2044 1279 2250 1349 primus
2291 1277 2909 1348 undecuplantiumerit
2945 1276 3218 1333 Romanus
3244 1277 3390 1334 deci-

1849 1385 1970 1424 mus
1996 1379 2239 1424 octavus.

1915 1458 2088 1526 Caput
2117 1459 2329 1511 illorum
2356 1456 2612 1519 methodi,
2643 1472 2706 1511 ac
2732 1457 2996 1525 praecipua
3024 1457 3392 1526 reprehensio-
3441 1467 3443 1469 '

1847 1547 1934 1602 nis
1971 1563 2125 1617 seges
2159 1547 2300 1616 apud
2336 1545 2620 1600 Maximum
2656 1547 2710 1599 in
2753 1547 3012 1609 terminis,
3044 1547 3156 1600 sive
3183 1549 3393 1616 quartis

1849 1637 2072 1693 decimis
2123 1636 2477 1692 Paschalibus
2529 1637 2801 1699 consistit,
2853 1637 2998 1705 quod
3050 1637 3127 1690 illi
3173 1637 3390 1692 easdem

1850 1730 1987 1790 dies,
2026 1742 2146 1798 quae
2193 1727 2262 1782 ab
2306 1727 2685 1782 Alexandrinis
2717 1737 2771 1781 et
2810 1727 3100 1782 Catholicis
3144 1741 3393 1781 numera-

211 1822 284 1875 sit
314 1822 438 1889 quid
480 1822 577 1878 sibi
610 1820 736 1872 velit
769 1818 1000 1888 assequi.
1034 1818 1192 1896 ουκ
1221 1827 1274 1872 et
1317 1818 1556 1890 Scaliger
1579 1822 1672 1876 lib.
1712 1838 1751 1876 ιι
1843 1814 2046 1872 bantur
2069 1817 2290 1872 decimae
2313 1825 2537 1887 quartae,
2568 1818 2763 1888 saepius
2789 1818 3024 1871 decimas
3048 1819 3283 1887 quintas,
3309 1818 3393 1872 vel

209 1913 291 1966 De
340 1911 692 1965 emendatione
739 1921 1024 1977 temporum
1068 1903 1298 1974 faYEtur,
1337 1925 1454 1978 cap.
1504 1909 1580 1965 De
1614 1911 1751 1966 falso

210 2001 366 2070 cyclo
393 1998 658 2052 Paschali.
693 1997 801 2053 Nos
835 2006 1012 2051 tamen
1059 1999 1331 2066 aspirante
1363 1997 1493 2063 Deo,
1526 2011 1580 2054 et
1607 2001 1753 2066 ejus-

209 2092 336 2145 dem
382 2091 708 2144 sanctissimi
750 2089 1002 2158 martyris
1047 2088 1300 2156 precibus
1355 2089 1544 2156 adjuti,
1593 2091 1754 2146 tricas

211 2181 346 2233 istas
378 2195 563 2233 omnes
593 2179 939 2247 pervicimus,
980 2193 1042 2230 ac
1071 2182 1236 2230 totam
1268 2177 1409 2230 illam
1446 2179 1750 2232 methodum

210 2269 610 2337 exploravimus
639 2286 652 2320 ~.
681 2267 838 2332 cujus
876 2266 962 2318 hic
995 2265 1274 2317 scientiam
1324 2263 1583 2318 studiosis
1623 2266 1752 2318 ado-

211 2358 540 2412 lescentibus
564 2355 951 2423 impartiemur.
982 2351 1115 2406 Nam
1143 2368 1248 2406 non
1281 2354 1453 2407 solum
1483 2354 1551 2408 ad
1579 2356 1752 2424 expli-

211 2451 444 2503 candum
484 2447 696 2501 Maximi
727 2453 1040 2514 computum
1076 2446 1186 2498 haec
1222 2460 1251 2497 a
1293 2446 1448 2499 nobis
1476 2461 1636 2514 opera
1671 2462 1754 2499 re-

211 2542 485 2610 quiritur,
546 2537 639 2592 sed
692 2544 775 2590 est
835 2538 992 2590 etiam
1048 2526 1114 2588 ad
1177 2535 1753 2603 Constantinopolitani

210 2629 472 2696 computi,
511 2640 666 2697 quem
712 2639 872 2693 supra
919 2623 1334 2686 declaravimus,
1382 2623 1752 2678 illustrandam

209 2722 473 2790 originem
527 2719 825 2788 aptissima.
879 2715 1118 2770 Primum
1169 2718 1349 2785 itaque
1402 2732 1522 2785 quae
1572 2715 1752 2770 diver-

207 2811 290 2865 sis
318 2811 447 2864 Iocis
475 2809 539 2863 de
569 2810 674 2862 illis
705 2806 968 2860 Maximus
997 2807 1297 2872 tradiderit,
1329 2808 1383 2860 in
1413 2821 1575 2859 unum
1607 2804 1754 2858 colli-

210 2915 458 2970 semus...

297 2990 599 3058 ’Υποτομὴν
645 2989 888 3058 σελήνης,
930 3001 1086 3055 quem
1123 3004 1139 3033 ε
1174 2987 1367 3038 saltum
1411 2985 1548 3037 luna:
1583 3002 1603 3034 ι
1636 2984 1752 3036 vul-

209 3095 372 3150 gares
403 3079 637 3147 computi
673 3078 972 3136 nominant,
1012 3076 1086 3126 ait
1119 3075 1292 3142 capite
1331 3073 1610 3126 undecimo
1640 3073 1753 3138 pri-

211 3185 314 3224 ma:
342 3170 510 3238 partis
541 3169 608 3221 ab
649 3169 756 3222 illis
801 3165 1034 3221 conferri
1071 3165 1123 3216 in
1157 3179 1355 3216 annum
1389 3163 1524 3231 cycli
1556 3179 1630 3225 xl,
1660 3163 1750 3230 qui

206 3269 296 3314 est
328 3276 414 3313 xw
441 3261 748 3314 Graecorum
797 3268 850 3311 et
875 3257 1257 3317 Romanorum,
1288 3256 1444 3320 cujus
1473 3254 1749 3307 neomenia
1777 3289 1817 3344 ε

210 3351 376 3416 etrapit
407 3348 711 3402 Decembris
748 3346 970 3407 ultimo;
1021 3358 1195 3395 annus
1229 3344 1342 3409 ipse
1381 3357 1510 3395 vero
1551 3341 1749 3395 desinit

213 3443 266 3495 in
307 3440 611 3495 Decembris
647 3453 799 3492 xvm.
840 3433 993 3488 Unde
1027 3449 1257 3500 sequens
1304 3448 1497 3495 annus,
1535 3433 1626 3500 qui
1659 3447 1750 3501 cy—

210 3535 297 3584 clo
324 3531 544 3584 allectus
573 3536 688 3582 erat
710 3528 920 3579 illorum
943 3539 1036 3584 xu,
1065 3522 1464 3575 Catholicorum
1496 3538 1582 3584 xv,
1611 3535 1640 3573 a
1665 3522 1751 3575 die

121 3687 128 3693 ι
211 3640 304 3676 xix
333 3621 635 3676 Decembris
661 3620 861 3683 inibat;
892 3619 962 3670 ita
989 3624 1047 3668 nt
1077 3617 1200 3668 luna
1223 3631 1312 3668 xlv
1337 3616 1553 3669 caderet
1580 3616 1633 3668 in
1652 3613 1751 3668 Ka-

213 3714 400 3768 lendas
447 3710 750 3764 Ianuarias.
803 3710 980 3775 Quare
1035 3725 1209 3762 annus
1257 3708 1393 3777 cycli
1436 3707 1749 3760 undecimus

211 3804 355 3872 apud
388 3803 804 3871 undecuplantes
838 3801 968 3854 istos
1023 3801 1125 3867 (sic
1154 3799 1294 3852 enim
1328 3797 1591 3864 appellare
1619 3795 1748 3848 mibi

211 3894 415 3964 liceat),
458 3895 570 3947 sive
608 3893 849 3946 decimus
891 3898 1116 3958 quartus
1146 3888 1586 3950 orthodoxorum,
1637 3885 1749 3941 die-

213 3987 316 4040 bus
371 3985 651 4039 constabat
698 3982 953 4035 trecentis
1001 3979 1387 4048 quinquaginta
1435 3977 1630 4037 tribus,
1688 3990 1750 4028 ac

211 4079 321 4131 diei
351 4076 512 4129 unius
555 4071 863 4141 suppressio
894 4070 1050 4123 ﬁebat
1096 4068 1402 4123 Decembris
1442 4066 1749 4141 xix,.siqui-

211 4158 333 4221 dein
364 4166 644 4219 neomenia
679 4162 812 4232 cycli
859 4161 1072 4213 illorum
1107 4175 1204 4219 xu,
1246 4165 1552 4210 nostrorum
1593 4170 1682 4218 xv,
1718 4169 1748 4207 a

212 4271 286 4309 xx
319 4253 646 4313 Decembris,
685 4253 774 4311 cui
809 4266 872 4303 ex
920 4249 1403 4302 Alexandrinorum
1437 4245 1749 4314 praescripto

209 4346 330 4392 erat
362 4337 536 4399 aliixa,
570 4338 632 4389 ad
665 4353 756 4389 xix
778 4334 1238 4398 transferebatur;
1269 4340 1326 4384 ut
1356 4347 1496 4385 unus
1529 4331 1752 4412 illeodis-

212 4429 560 4483 simularetur
593 4427 726 4491 dies.
755 4426 832 4478 Ac
875 4433 1004 4477 tunc
1049 4425 1290 4477 decimus
1323 4436 1497 4477 nonus
1531 4421 1750 4475 Decem—

215 4520 328 4573 bris
375 4517 645 4571 numerari
701 4515 784 4567 bis
837 4514 1064 4576 solebat,
1119 4519 1176 4564 ut
1223 4518 1332 4564 tam
1384 4508 1748 4564 antecedentis

1855 1915 2038 1963 sextas
2081 1907 2319 1963 decimas
2350 1909 2644 1978 putabant:
2679 1909 2820 1980 quod
2871 1917 2927 1962 ut
2968 1910 3049 1963 via
3091 1918 3144 1965 et
3184 1909 3393 1963 ratione

1854 1997 2110 2061 iacerent,
2158 1999 2489 2068 prapositum
2539 1999 2831 2068 quemlibet
2877 2014 3076 2052 annum
3126 1997 3260 2069 cycli
3306 1998 3392 2052 sui

1850 2089 2083 2157 primum
2115 2105 2208 2158 per
2251 2090 2507 2158 quinque,
2555 2090 2749 2142 deinde
2787 2105 2882 2158 per
2933 2105 3026 2143 sex
3067 2089 3390 2158 multiplica-

1849 2178 1998 2239 bant,
2038 2177 2139 2230 boc
2166 2184 2248 2231 est
2283 2179 2335 2230 in
2367 2186 2534 2230 totum
2577 2192 2671 2244 per
2704 2177 2974 2239 undecim,
3006 2185 3119 2230 tum
3147 2178 3215 2232 ad
3245 2195 3392 2234 sum-

1851 2280 1990 2318 mam
2023 2265 2148 2318 indc
2175 2265 2459 2317 conﬂatam
2490 2266 2605 2318 dies
2639 2265 2991 2332 adjiciebant;
3019 2267 3110 2334 qui
3135 2282 3164 2318 a
3193 2265 3389 2321 Kalen-

1817 2354 1936 2411 .dis
1964 2353 2232 2409 Ianuariis
2277 2355 2342 2408 ad
2386 2355 2674 2409 terminum
2719 2353 3029 2410 Paschalem
3073 2357 3217 2410 illius
3267 2359 3392 2412 anni
3430 2353 3433 2355 ’

1823 2445 2292 2496 -uumerabantur.
2321 2442 2532 2497 Rursus
2563 2450 2690 2512 quot
2725 2443 2761 2496 ii
2793 2444 2908 2498 dies
2937 2455 3094 2497 erant
3132 2460 3163 2497 a
3189 2443 3390 2498 Kalen-

1850 2533 1936 2587 dis
1962 2531 2233 2587 Ianuariis
2278 2535 2343 2588 ad
2376 2536 2686 2597 terminum,
2730 2541 2808 2586 tot
2840 2535 3201 2602 sexagesimas
3231 2535 3392 2589 unius

1849 2624 1956 2678 diei
1990 2624 2310 2693 capiebant:
2341 2626 2406 2679 ad
2441 2641 2577 2694 quas
2609 2627 2768 2680 toties
2803 2626 3040 2695 quinque
3068 2626 3200 2681 alias
3237 2641 3393 2681 sexa-

1849 2712 2081 2782 gesimas
2125 2712 2349 2767 diurnas
2389 2713 2736 2783 adjiciebant,
2787 2723 2985 2783 quotus
3034 2729 3210 2769 annus
3254 2717 3390 2785 cyeli

1849 2802 2166 2871 putabatur;
2207 2818 2472 2857 summam
2517 2805 2967 2874 sexagesimarum
3001 2820 3096 2873 per
3125 2806 3194 2859 60
3226 2807 3392 2874 parti-

1850 2900 1956 2944 tam
1999 2891 2054 2944 in
2097 2891 2213 2945 dies
2263 2892 2576 2961 redigebant
2603 2911 2616 2946 :
2647 2909 2784 2962 quos
2831 2893 2898 2946 ad
2939 2893 3169 2962 priorem
3216 2892 3393 2963 ὁμάδα

1849 2981 2056 3034 dierum
2100 2982 2476 3035 accensebant.
2530 2980 2642 3035 Hoc
2681 2982 2839 3037 modo
2869 2982 2986 3036 dies
3019 2982 3225 3046 eadem,
3271 2999 3392 3052 quae

1849 3079 2038 3140 quarta
2068 3071 2276 3126 decima
2321 3072 2536 3128 Nicena
2575 3079 2708 3138 erat,
2752 3077 2938 3143 quinta
2984 3074 3191 3128 decima
3227 3090 3388 3144 saape,

1811 3155 1820 3162 ’
1851 3161 1951 3213 hoc
1981 3168 2066 3213 est
2102 3161 2155 3213 in
2187 3163 2343 3215 annis
2371 3179 2504 3228 xm;
2535 3165 2697 3218 semel
2726 3172 2875 3219 sexta
2905 3164 3108 3218 decima
3141 3180 3391 3219 numera—

1851 3252 2026 3314 batur,
2063 3252 2116 3306 in
2152 3267 2293 3305 anno
2320 3256 2530 3307 decimo
2553 3247 2706 3308 sexto
2735 3255 2904 3324 cycli;
2929 3256 2983 3307 in
3022 3255 3260 3320 caeteris,
3290 3255 3392 3309 hoc

1848 3351 1932 3396 est
1964 3344 2017 3396 in
2050 3359 2172 3404 1,11,
2203 3359 2283 3404 III,
2316 3359 2389 3403 tv.
2421 3353 2474 3398 et
2507 3360 2657 3405 xvnt,
2693 3355 2881 3412 quarta
2925 3344 3131 3397 decima
3167 3346 3394 3412 putaba-

1849 3440 1952 3484 tur.
1986 3431 2121 3483 Hinc
2151 3429 2283 3482 illud
2314 3430 2616 3492 eveniebat,
2660 3438 2718 3482 ut
2749 3429 2955 3482 Pascha
2987 3444 3051 3483 ex
3085 3444 3269 3482 eorum
3298 3443 3393 3482 ηι-

1849 3521 2084 3573 tiociniis
2121 3520 2244 3572 luna
2276 3535 2387 3571 xxu
2435 3519 2516 3572 vel
2551 3534 2681 3572 xxttt
2704 3519 3096 3582 celebraretur;
3132 3518 3267 3572 alias
3293 3532 3394 3571 au-

1849 3619 1953 3663 tem
1983 3626 2105 3664 cum
2136 3611 2402 3663 catholica
2449 3611 2629 3678 regula
2679 3610 3010 3662 conveniret.
3046 3607 3196 3673 Quod
3240 3615 3392 3661 ante-

1847 3717 2006 3770 quam
2056 3719 2157 3755 usu
2199 3703 2315 3769 ipso
2361 3702 2725 3769 exemplisque
2763 3700 3092 3760 declaretur,
3147 3699 3393 3752 schema-
3479 3726 3482 3728 -

1849 3799 1962 3844 tum
2009 3791 2192 3852 trium,
2236 3805 2356 3858 quae
2406 3790 2461 3841 in
2511 3804 2550 3841 ιι
2593 3796 2743 3857 parte
2772 3788 3059 3857 descripsit
3105 3786 3404 3848 Maximus,-

1847 3881 2109 3934 rationem
2141 3879 2447 3933 reddemus.

1914 3968 1972 4022 In
1997 3968 2148 4036 cyclo
2172 3966 2456 4028 Victorini,
2479 3966 2568 4034 qui
2592 3972 2677 4018 est
2705 3979 2964 4018 annorum
2989 3965 3090 4019 532
3114 3964 3224 4032 (hic
3245 3963 3388 4018 enim

1847 4072 2082 4128 presens
2120 4055 2186 4110 ad
2215 4057 2513 4109 institutum
2538 4056 2874 4121 assumitur),
2904 4055 3040 4124 cycli
3079 4061 3206 4108 sunt
3237 4054 3366 4107 luna

1849 4163 1957 4212 res,
1986 4148 2098 4202 sive
2128 4144 2667 4200 enneadecaeterides
2697 4152 2822 4198 octo
2854 4151 2907 4197 et
2943 4144 3167 4213 viginti;
3199 4144 3389 4198 solaris

1848 4237 1975 4292 item
2011 4237 2169 4306 eycli,
2207 4237 2290 4290 vel
2320 4234 2882 4302 εἰκοσιοκταετηρίδες,
2913 4234 3300 4288 novemdecim.
3333 4232 3389 4287 In

1849 4339 1984 4389 rota,
2017 4341 2183 4389 suum,
2209 4326 2292 4378 vel
2318 4325 2509 4378 circuli
2540 4331 2667 4377 sunt
2695 4337 2905 4376 novem.
2928 4322 3162 4388 Primus,
3184 4331 3239 4376 et
3262 4325 3389 4374 exti-

1849 4433 1969 4472 mus
2002 4419 2212 4486 cyclum
2246 4417 2475 4469 solarem
2518 4414 2778 4475 continet,
2812 4413 2988 4480 qualis
3029 4413 3314 4466 adhibetur
3361 4428 3390 4463 a

1848 4507 2116 4569 Maximo,
2146 4508 2236 4574 qui
2279 4513 2360 4560 est
2406 4503 2752 4557 Alexandrini
2797 4501 3103 4555 Graecorum
3151 4503 3390 4571 computi

213 4614 517 4676 postremus
548 4611 843 4671 putaretur,
877 4615 1035 4668 quam
1064 4600 1271 4667 primus
1301 4600 1594 4666 sequentis.
1618 4596 1748 4650 Ruro
1781 4605 1823 4656 ῐ)
1852 4597 2126 4664 proprius;
2168 4594 2436 4648 secundus
2479 4593 2624 4646 orbis
2664 4601 2881 4660 epactas
2915 4592 3066 4653 solis,
3109 4592 3222 4645 sive
3260 4606 3387 4643 cono

213 4712 309 4750 sus
342 4710 457 4762 cap.
484 4692 577 4746 Xll
608 4691 770 4745 refert
799 4691 936 4753 illos,
964 4690 1030 4742 ad
1051 4690 1393 4757 exemptilem
1427 4689 1568 4742 diem
1597 4704 1744 4743 cum-

212 4785 584 4855 pensandum,
642 4783 865 4849 singulis
925 4780 1082 4832 annis
1145 4779 1341 4832 addere
1399 4779 1746 4847 sexagenaria

214 4875 469 4942 scrupula
492 4874 759 4940 quinque;
792 4879 844 4923 et
885 4871 963 4922 sic
995 4869 1150 4921 annis
1183 4867 1462 4920 duodecim
1488 4867 1626 4920 diem
1665 4869 1747 4919 in-

213 4974 423 5033 tegrum
462 4963 657 5030 colligi,
689 4977 751 5014 ac
792 4961 1003 5013 demum
1042 4975 1135 5013 eos
1181 4960 1326 5025 ipsos
1371 4957 1436 5010 ad
1489 4973 1748 5011 annorum

215 5055 404 5108 Adami
437 5060 744 5119 computum
773 5066 944 5102 annos
971 5066 1055 5102 xvr
1091 5049 1340 5114 adjicere.

287 5142 342 5195 In
374 5140 605 5196 secunda
635 5155 760 5191 vero
811 5146 959 5206 parte
997 5139 1232 5203 computi
1285 5136 1586 5188 methodum
1633 5136 1744 5186 illo-

215 5248 335 5286 rum
384 5231 554 5283 tribus
605 5229 786 5297 ﬁguris
832 5228 1082 5294 explicat,
1127 5227 1227 5277 hoc
1259 5233 1341 5279 est
1383 5233 1498 5278 rota
1541 5241 1667 5286 una,
1697 5233 1749 5276 et

216 5323 498 5385 !aterculo,
527 5321 608 5373 vel
640 5334 842 5371 canone
869 5318 1068 5384 duplici
1097 5335 1109 5368 :
1153 5331 1379 5383 quorum
1413 5317 1545 5367 alter
1574 5314 1640 5366 ad
1675 5316 1749 5367 si-

215 5417 478 5475 nistram,
524 5413 656 5463 alter
697 5411 761 5461 ad
808 5409 1046 5461 dextram
1090 5419 1216 5459 reue
1263 5406 1566 5471 descriptus
1613 5413 1747 5458 erat.

218 5501 326 5554 Sed
369 5509 585 5568 propter
625 5495 902 5565 angustias
952 5495 1148 5547 charta:
1197 5510 1357 5562 supra
1400 5494 1585 5546 ambos
1633 5501 1748 5545 rota

219 5590 509 5641 constituta
552 5595 655 5640 est.
688 5585 758 5636 lix
794 5586 892 5636 hac
931 5599 1090 5651 porro
1118 5583 1367 5636 methodo
1408 5589 1616 5636 constat
1660 5596 1750 5649 cy-

219 5683 360 5733 clum
393 5682 630 5733 lunarem
662 5677 798 5746 apud
843 5681 970 5730 istos
1001 5676 1237 5729 ternario
1279 5678 1535 5727 minorem
1587 5673 1750 5726 fuisse

217 5769 424 5831 Greco,
449 5769 530 5821 vel
555 5766 931 5828 Alexandrino,
955 5766 1046 5834 qui
1073 5765 1208 5818 idem
1233 5772 1285 5818 et
1311 5763 1581 5817 Romanus
1610 5761 1710 5814 fuit
1733 5781 1744 5814 :

218 5867 274 5914 et
309 5860 540 5915 primum
581 5857 1052 5921 undecuplantium
1106 5871 1227 5912 esse
1266 5855 1750 5910 Alexandrinorum

1854 4694 2132 4741 currentes
2164 4686 2353 4750 habet;
2385 4686 2572 4739 tertius
2602 4683 2904 4737 bissextiles
2931 4689 3112 4746 notat;
3143 4690 3390 4750 quartus,

1855 4797 2027 4834 annos
2055 4779 2188 4850 cycli
2215 4778 2407 4833 solaris
2432 4777 2902 4844 undecuplantium
2926 4793 2938 4835 ;
2968 4776 3057 4843 qui
3086 4777 3165 4828 sic
3197 4774 3387 4840 priori-
3428 4783 3431 4789 ³

1847 4870 1955 4922 bus
1981 4867 2404 4936 respondent,~ut
2430 4863 2631 4932 primus
2661 4863 3128 4929 undecuplantium
3161 4864 3230 4914 sit
3260 4863 3390 4915 isto-

1856 4975 1975 5011 rum
2007 4959 2249 5012 decimus
2293 4958 2501 5017 tertius,
2536 4962 2694 5020 atque
2739 4955 2810 5004 ita
2842 4954 3112 5019 deinceps.
3145 4953 3390 5021 Quinque

1854 5050 2010 5100 orbes
2055 5046 2245 5113 reliqui
2294 5059 2464 5096 annos
2509 5044 2787 5095 continent
2820 5043 2982 5110 cyclis
3023 5042 3289 5095 solaribus
3338 5052 3391 5095 et

1855 5137 2134 5189 lunaribus
2179 5143 2409 5196 notatos,
2451 5135 2504 5185 in
2551 5121 2748 5200 quibus
2787 5132 3045 5183 terminus
3093 5129 3387 5196 Paschalis,

1855 5229 1966 5280 sive
2004 5235 2196 5294 Quarta
2253 5225 2455 5276 decima
2503 5223 2736 5282 Nicaana,
2777 5222 2962 5289 quinta
3025 5221 3251 5283 decima,
3304 5223 3388 5274 vel

1855 5325 2001 5370 sexta
2027 5318 2231 5370 decima
2258 5326 2474 5384 putatur
2505 5316 2569 5367 ab
2598 5313 3095 5379 undecuplantibus.
3129 5312 3201 5364 lta
3230 5327 3388 5380 porro

1855 5405 2098 5474 dispositi
2131 5412 2255 5458 sunt
2283 5404 2564 5456 interiores
2593 5402 2666 5452 illi
2694 5401 2929 5467 quinque
2953 5399 3158 5459 circuli,
3185 5405 3242 5448 ut
3272 5399 3387 5448 cui-

1855 5499 1985 5550 libet
2005 5503 2148 5550 anno
2173 5498 2305 5564 cycli
2331 5496 2520 5547 solaris
2544 5496 2596 5546 in
2628 5503 2818 5560 quarto
2841 5493 3063 5552 circulo,
3098 5491 3244 5543 cellae
3271 5490 3389 5542 dum

1855 5588 2109 5654 subjecta:
2139 5587 2247 5639 sint
2282 5585 2564 5650 cujuslibet
2602 5599 2632 5635 e
2661 5582 2895 5649 quinque
2919 5579 3152 5632 circulis.
3191 5579 3386 5645 Harum

1854 5675 2131 5731 eellarum,
2172 5688 2290 5739 qua:
2334 5671 2400 5722 ad
2454 5672 2634 5722 laevam
2668 5680 2767 5730 est,
2819 5669 3024 5736 cyclum
3078 5667 3236 5730 solis;
3271 5680 3388 5732 qua:

1855 5756 2218 5822 ad“dextram,
2251 5762 2456 5830 cyclum
2495 5760 2632 5809 luna:
2668 5758 3055 5823 complectitur.
3085 5755 3230 5825 Cycli
3266 5769 3390 5806 vero

1859 5854 1993 5912 solis
2027 5854 2085 5907 in
2107 5861 2298 5918 quarto
2344 5850 2547 5901 circulo
2578 5847 2781 5901 indices
2810 5862 2916 5899 una
2957 5855 3082 5902 sunt
3123 5841 3389 5900 enneade-
