4046 6320
701 347 839 398 “55

699 445 1060 522 caeteridum,’
1103 473 1166 512 an
1211 473 1346 528 quas
1395 457 1759 526 subjecta‘rmn
1805 463 2059 514 cellarum
2103 464 2235 530 cycli

701 553 927 612 solares,
959 551 1276 621 lunaresque
1307 555 1592 624 pertinent.
1625 551 1864 621 Exempli
1891 568 2053 608 causa
2075 555 2143 608 sit
2166 555 2229 618 A,

696 640 752 697 id
799 650 880 696 est
930 642 1135 710 primus
1185 645 1367 713 cyclus
1418 643 1608 697 solaris
1655 641 2123 710 undecuplantium
2178 642 2232 694 in

699 737 890 798 quarta
918 745 1072 792 zona,
1120 731 1207 783 cui
1243 731 1525 798 respondet
1570 731 1622 782 in
1655 729 1822 797 prima
1856 730 2038 798 cyelus
2082 729 2148 796 ιγ’
2183 729 2234 782 id

698 827 782 872 est
807 833 902 870 xm
935 817 1280 871 Alexandrini
1315 820 1566 886 computi.
1607 817 1737 869 Huic
1781 819 1834 869 in
1875 818 2059 886 quinta
2101 809 2238 871 zona'

699 907 819 962 dua:
848 910 992 962 cella:
1023 907 1369 976 respondent,
1413 923 1639 976 quarum
1683 908 1850 960 altera
1885 908 2102 961 sinistra
2147 922 2236 976 cy-

699 1000 840 1052 clum
865 999 993 1052 solis
1018 998 1175 1051 habet
1203 1000 1264 1060 0',
1295 999 1342 1050 id
1373 1008 1452 1052 est
1480 998 1546 1063 9;
1579 999 1765 1052 dextra
1797 1012 2008 1065 quoque
2029 998 2234 1066 cyclum

697 1086 938 1142 lunarem
966 1087 1016 1149 9,
1046 1105 1151 1157 quo
1183 1090 1531 1157 signiﬁcatur,
1567 1089 1621 1139 in
1661 1102 1802 1140 anno
1845 1101 1908 1140 eo
1933 1088 2116 1155 prima:
2141 1102 2236 1140 en-

699 1178 1170 1238 neadecaeteridis,
1201 1180 1290 1249 qui
1319 1180 1470 1249 cyclo
1499 1179 1629 1232 solis
1657 1186 1710 1232 et
1739 1179 1878 1232 lunae
1907 1195 1955 1232 ix
1985 1179 2234 1248 praeditus

698 1275 801 1332 est,
835 1268 1010 1322 lunam
1043 1270 1303 1324 decimam
1334 1279 1579 1338 quartam
1608 1268 1875 1322 Nicaenam
1910 1271 1976 1323 ab
2006 1270 2235 1324 undecu-

700 1359 971 1426 plantibus
1001 1361 1174 1428 putari
1207 1376 1292 1412 xv.
1319 1359 1470 1424 Quod
1502 1358 1713 1427 quidem
1743 1359 1939 1428 duplici
1975 1357 2042 1413 de
2069 1374 2232 1413 causa

697 1455 905 1516 poterat
962 1448 1096 1503 ﬁeri.
1152 1450 1259 1502 Aut
1309 1450 1450 1503 enim
1513 1457 1731 1517 propter
1784 1450 2232 1504 intervenientem

700 1536 993 1591 bisextilem
1025 1538 1162 1593 diem
1203 1555 1217 1590 :
1259 1547 1592 1607 autpropter
1609 1540 2059 1608 sexagesimarum
2087 1541 2234 1592 diur-

701 1638 886 1677 narum
919 1626 1259 1695 epilogismos
1295 1627 1526 1680 accidit:
1558 1627 1753 1695 quibus
1783 1629 1940 1680 annis
1977 1628 2234 1681 bisextilis

697 1712 753 1768 id
783 1713 1060 1777 eﬂiciebat,
1092 1715 1158 1786 iis
1188 1717 1455 1785 singulare
1488 1722 1740 1784 punctum
1778 1715 2040 1771 Maximus
2065 1718 2234 1771 ascri-

697 1812 907 1872 pserat;
944 1803 1009 1855 ad
1039 1818 1130 1858 eos
1160 1813 1334 1858 autem
1371 1820 1559 1868 annos,
1590 1805 1681 1873 qui
1715 1813 1931 1875 propter
1963 1806 2240 1875 scrupula-

697 1892 836 1944 riam
865 1893 1124 1946 rationem
1164 1894 1301 1947 idem
1345 1896 1675 1958 obtinebant,
1711 1895 1818 1950 duo
1846 1902 2043 1964 puncta
2076 1904 2229 1950 nota—

699 1989 880 2046 verat;
913 1983 1012 2036 tria
1037 1968 1266 2052 denique
1293 1984 1358 2037 ad
1386 2001 1479 2040 eos
1509 2001 1700 2048 annos,
1737 1987 1789 2039 in
1813 1987 2007 2054 quibus
2026 1986 2232 2040 decima

698 2079 888 2138 quarta
923 2074 1209 2141 putabatur
1251 2083 1400 2128 sexta
1433 2075 1658 2129 decima.
1693 2073 1810 2130 Sed
1859 2091 1918 2129 ea
1962 2084 2157 2145 puncta
2202 2090 2233 2128 a

700 2161 934 2217 librariis
964 2165 1165 2217 omissa
1201 2173 1357 2218 erant
1388 2165 1440 2217 in
1478 2166 1816 2234 apographo;
1850 2181 2020 2234 neque
2051 2181 2147 2220 nos
2178 2167 2231 2220 in

699 2250 805 2306 illis
837 2253 1180 2308 restituendis
1213 2256 1420 2306 anxiam
1458 2255 1629 2323 magis
1667 2269 1826 2325 quam
1872 2256 2054 2308 utilem
2107 2270 2233 2324 ope-

698 2353 813 2392 ram
844 2355 1038 2394 navare
1069 2341 1370 2408 voluimus;
1408 2342 1699 2410 praesertim
1730 2356 1849 2395 cum
1890 2357 1952 2394 ex
1987 2342 2234 2396 methodo

700 2438 884 2484 nostra
932 2429 997 2485 de
1044 2420 1282 2499 quolibet
1321 2445 1460 2484 anno
1490 2438 1740 2485 constare
1782 2433 1973 2500 possit,
2008 2447 2075 2484 an
2116 2433 2232 2499 ejus

648 2503 651 2508 h
699 2535 789 2574 xw
819 2521 888 2574 sit
916 2537 1004 2583 xv,
1036 2523 1118 2575 vel
1148 2539 1253 2576 xvu.
1282 2522 1386 2577 Sed
1410 2521 1672 2576 Maximus
1705 2521 1954 2576 admonet
1984 2539 2090 2576 non
2119 2539 2234 2576 om-

700 2625 800 2665 nes
830 2627 923 2666 eos
949 2628 1118 2666 annos
1159 2615 1211 2666 in
1253 2614 1598 2668 interioribus
1635 2630 1668 2667 v
1703 2614 1926 2668 orbibus
1953 2614 2233 2669 adnotatos

698 2715 838 2766 esse,
871 2701 926 2754 in
955 2703 1150 2771 quibus
1180 2719 1268 2755 xiv
1297 2703 1508 2757 Nicena
1558 2703 1614 2756 ﬁt
1655 2718 1717 2757 ex
1761 2702 2232 2774 undecuplantium

699 2791 907 2846 calculo
940 2808 1030 2854 xv,
1061 2793 1141 2847 vel
1171 2808 1279 2848 xvi.
1317 2792 1374 2847 ld
1401 2795 1540 2849 enim
1569 2793 1631 2848 in
1664 2778 2076 2865 cyclis'singulis
2098 2813 2232 2864 qua-

703 2881 963 2937 terdecies
998 2883 1387 2948 'accidit;'sed
1437 2900 1530 2938 eos
1575 2891 1801 2949 tantum,
1846 2886 1939 2952 qui
1989 2887 2234 2939 eumdem

703 2974 988 3027 terminum
1016 2975 1251 3038 unodie,
1275 2976 1356 3028 vel
1383 2972 1544 3028 biduo
1573 2976 1800 3044 amplius
1833 2983 2072 3044 putatum
2103 2991 2234 3029 con-

703 3062 880 3116 ferunt
910 3064 963 3116 in
993 3064 1356 3120 Dominicam:
1385 3066 1526 3135 quod
1555 3067 1607 3120 in
1631 3083 1662 3119 v
1689 3067 1755 3121 ad
1783 3083 2048 3120 summum
2081 3071 2234 3122 annis

702 3241 971 3295 laterculis
1001 3252 1127 3295 rotae
1160 3243 1435 3311 subjectis,
1468 3246 1616 3312 prius
1655 3245 1858 3299 sinistri
1900 3261 2090 3301 versus
2121 3262 2232 3300 em-

701 3327 974 3382 bolimams
1011 3343 1181 3384 annos
1222 3339 1436 3385 notatos
1488 3333 1674 3398 habet;
1728 3335 2016 3388 secundum
2065 3351 2232 3390 annos

703 3418 835 3485 cycli
867 3420 1068 3474 lunaris
1109 3421 1452 3474 Alexandrini
1479 3442 1490 3474 :
1521 3424 1675 3490 cujus
1703 3433 1925 3491 quartus
1951 3426 2233 3494 respondet

699 3524 840 3562 anno
881 3512 1053 3576 primo
1082 3511 1214 3579 cycli
1260 3511 1462 3565 lunaris
1501 3513 2008 3580 undecuplantium;
2054 3517 2143 3582 qui
2179 3517 2231 3568 in

700 3597 857 3650 tertio
900 3612 1059 3651 versu
1108 3597 1450 3656 describitur.
1501 3601 1734 3664 Quartus
1778 3616 1963 3656 versus
2015 3611 2232 3670 epactas

700 3689 916 3742 lunares
943 3691 1202 3751 continet,
1241 3691 1425 3758 quales
1451 3691 1712 3745 Maximus
1741 3693 1971 3747 adhibet.
2003 3693 2232 3759 Quintus

697 3787 751 3830 et
773 3787 1077 3847 postremus
1122 3783 1381 3834 terminos
1431 3780 1740 3845 Pascliales,
1783 3783 1896 3837 sive
1942 3799 2051 3847 xiv,
2097 3801 2232 3853 quas

661 3916 672 3929 ,
699 3883 836 3938 saepe
863 3885 926 3922 xv
965 3879 1246 3924 numerant
1281 3871 1389 3934 illi;
1417 3873 1578 3926 semel
1601 3882 1774 3926 autem
1801 3889 1907 3937 xvu,
1947 3877 2231 3944 quinquies

698 3975 804 4011 λιν.
841 3958 1179 4014 Laterculum
1210 3961 1453 4014 dextrum
1485 3970 1652 4014 totum
1688 3960 1938 4016 Paschati
1967 3967 2240 4020 catholico-

697 4047 895 4111 servit;
941 4063 1062 4100 nam
1109 4049 1399 4101 terminum
1448 4047 1780 4111 Paschalem,
1831 4051 2054 4119 ejusque
2091 4054 2231 4107 diem

699 4131 926 4189 Iulianis
964 4138 1017 4189 in
1053 4140 1325 4193 mensibus
1367 4139 1519 4192 otIert
1560 4140 1613 4190 in
1661 4140 1915 4203 secundo,
1967 4157 2029 4194 ac
2076 4144 2232 4198 tertio

699 4241 890 4288 versu;
918 4236 1134 4293 epactas
1164 4228 1218 4279 in
1252 4237 1481 4294 quarto;
1523 4229 1574 4281 in
1611 4230 1796 4298 quinto
1840 4232 2045 4298 cyclum
2081 4233 2233 4285 luna-

701 4330 833 4367 rem.
861 4312 1173 4382 Regulares,
1208 4318 1318 4369 sive
1346 4317 1630 4385 προσθεταὶ
1661 4319 1715 4371 in
1749 4321 1921 4386 primo
1954 4336 2059 4375 non
2097 4323 2233 4376 inte-

700 4418 808 4472 grta
839 4418 869 4455 a
902 4403 1122 4457 librario
1151 4404 1431 4472 descriptae
1455 4416 1598 4460 sunt.

769 4491 923 4546 Nunc
951 4510 1104 4548 usum
1124 4496 1356 4548 methodi
1382 4499 1620 4566 exemplo
1644 4515 1769 4562 uno,
1792 4501 2020 4555 alterove
2047 4506 2232 4557 docea-

704 4605 840 4643 mus.
880 4588 1006 4642 Esto
1039 4605 1208 4644 annus
1240 4591 1346 4652 ille,
1383 4593 1473 4659 qui
1504 4594 1993 4646 enneadecaeteridi
2026 4595 2229 4661 primas,

702 4681 812 4731 sive
837 4694 976 4732 anno
991 4681 1161 4748 primo
1187 4682 1321 4749 cycli
1343 4683 1532 4735 solaris
1565 4683 1617 4734 in
1647 4694 1835 4750 quarto
1858 4683 2017 4736 limbo
2050 4684 2231 4752 proxi-

702 4784 784 4821 me
824 4768 1097 4837 subjectus
1141 4778 1221 4823 est
1256 4771 1308 4822 in
1366 4772 1526 4825 limbo
1563 4760 1632 4838 v',
1661 4794 1664 4798 '
1693 4774 1848 4840 cujus
1883 4775 2063 4842 cyclus
2102 4775 2230 4829 solis

701 4866 782 4910 est
816 4873 889 4919 ix,
923 4857 1126 4912 lunaris
1160 4858 1282 4910 item
1323 4872 1394 4911 Ix.
1428 4858 1662 4912 Primum
1705 4861 2034 4929 inquiramus
2057 4877 2118 4916 ex
2149 4879 2233 4917 ca-

702 4960 842 4998 none
871 4961 927 4998 ιιι
953 4948 1143 5015 capitis
1175 4947 1560 5011 antecedentis,
1597 4958 1792 5018 quotus
1827 4966 2000 5004 annus
2034 4951 2134 5006 iste
2161 4954 2231 5006 sit

703 5038 936 5103 computi
964 5034 1150 5091 Graeci.
1171 5038 1519 5092 'lnveniemus
1558 5055 1675 5114 esse
1699 5057 1895 5093 annum
1931 5043 2229 5097 abAdamo

705 5125 857 5188 5861,
888 5127 977 5193 qui
1012 5143 1104 5194 per
1135 5129 1202 5180 28
1235 5137 1287 5180 et
1329 5130 1392 5181 19
1431 5129 1658 5190 divisus,
1691 5131 1974 5198 utrobique
2000 5133 2031 5186 9
2061 5134 2228 5184 relin-

703 5218 835 5282 quit.
863 5218 1054 5286 Cyclus
1079 5218 1282 5270 lunaris
1309 5235 1360 5270 ix
1388 5220 1859 5288 undecuplantium
1886 5231 1968 5274 est
2002 5222 2229 5274 Alexan-

704 5308 890 5360 drinus
934 5323 1024 5367 xu,
1064 5308 1217 5375 cujus
1250 5308 1454 5360 decima
1497 5319 1684 5377 quarta
1726 5309 1997 5364 Paschalis
2042 5312 2228 5364 incidit

706 5397 758 5446 in
785 5412 832 5446 iv
860 5397 1075 5462 Aprilis,
1102 5400 1192 5465 qui
1228 5408 1308 5450 est
1342 5399 1407 5450 94-
1440 5400 1551 5453 dies
1579 5415 1606 5451 a
1635 5399 1883 5452 Kalendis
1903 5399 2139 5452 Januarii
2173 5409 2228 5452 ut

705 5486 1017 5537 laterculum
1060 5487 1302 5539 dextrum
1337 5488 1568 5541 exhibet.
1614 5487 1779 5541 Porro
1810 5490 2227 5557 undecuplantes

703 5575 961 5626 decimam
1009 5586 1250 5642 quartam
1287 5578 1428 5630 illius
1469 5580 1591 5630 anni
1625 5587 1935 5646 computant
1968 5578 2227 5632 decimam

704 5663 975 5726 quintam:
1007 5668 1143 5732 quod
1187 5669 1239 5718 in
1270 5668 1490 5720 sinistro
1523 5669 1776 5721 laterculo
1804 5669 1978 5721 videre
2012 5665 2150 5730 licet,
2176 5674 2228 5720 et

1684 346 1772 398 AD
1801 346 2063 402 EUSEBII
2104 345 2488 402 CllRONICON
2533 345 2888 401 APPENDIX.

703 3155 754 3206 in
791 3154 980 3222 quavis
1005 3156 1509 3211 enneadecaeteride
1566 3157 1844 3226 contingit.
1896 3157 1969 3215 Ex
2021 3157 2232 3213 duobus
2252 3115 2300 3180 Ω

3740 347 3844 400 uss

2265 465 2308 520 A
2335 468 2592 532 praeterea
2635 459 2919 514 methodus
2953 457 3065 526 ipsa
3105 457 3461 511 demonstrat.
3490 455 3709 519 Etenim,
3733 459 3770 511 si
3795 459 3841 510 ad

2332 555 2448 608 dies
2483 553 2551 606 94
2593 552 2761 605 addas
2799 549 2888 609 99,
2925 550 3014 618 qui
3048 550 3300 602 oriuntur
3329 548 3686 618 undecuplato
3729 552 3842 618 tyrio

2332 643 2505 696 lunari
2536 659 2608 703 ix,
2628 641 2822 696 ellicies
2843 641 2956 694 dies
2981 638 3098 701 l93,
3117 641 3461 708 sexagesima;
3482 654 3607 693 vero
3631 649 3840 707 praeterea

2332 733 2399 786 95
2441 731 2591 801 (quot
2635 732 2879 785 videlicet
2917 745 2943 780 a
2974 728 3224 784 Kalendis
3259 728 3500 782 Januarii
3543 731 3841 784 intercedunt

2332 825 2490 889 dies),
2508 839 2627 876 cum
2658 821 3003 892 sexagesimis
3021 823 3106 882 45,
3129 837 3247 889 quae
3274 836 3338 873 ex
3360 821 3514 872 annis
3538 819 3572 872 9
3602 822 3842 888 quinquies

2333 913 2700 980 multiplicatis
2729 912 3025 975 exsistunt;
3050 917 3326 980 prepterea
3374 910 3515 976 quod
3543 925 3687 963 anno
3719 911 3841 963 cuili-

2334 1001 2421 1054 bet
2453 1003 2586 1071 cycli
2616 1003 2852 1070 quinque
2878 1001 3206 1069 imputantur
3234 1001 3483 1068 scrupula
3513 1000 3733 1060 diurna;
3754 1014 3840 1050 om-

2335 1104 2448 1156 nes,
2481 1091 2720 1158 inquam,
2759 1091 2860 1143 illa;
2907 1089 3250 1158 sexagesima
3278 1104 3499 1140 numero
3532 1088 3653 1149 139,
3691 1088 3839 1140 divisa

2334 1195 2427 1249 per
2469 1180 2536 1234 60
2579 1180 2797 1234 biduum
2831 1181 3059 1234 solidum
3103 1178 3338 1232 etliciunt
3375 1193 3495 1232 cum
3531 1179 3838 1245 sexagesimis

2337 1269 2420 1322 19.
2457 1269 2696 1338 Abjectis
2740 1270 2974 1324 residuis
3015 1270 3303 1338 scrupulis,
3347 1268 3568 1335 soloque
3613 1268 3759 1319 biduo
3787 1269 3834 1319 ad

2334 1360 2665 1429 superiorem
2696 1375 2960 1414 summam
2993 1360 3200 1414 dierum
3235 1358 3438 1419 addito,
3489 1357 3721 1410 conﬁunt
3748 1357 3838 1409 dies

2335 1449 2434 1502 195
2471 1469 2482 1503 :
2535 1451 2732 1518 quibus
2774 1464 2868 1519 per
2898 1450 2965 1504 30
2993 1449 3316 1510 distributis,
3359 1448 3729 1515 relinquuntur
3749 1446 3837 1509 dies

2334 1553 2423 1591 xv.
2459 1537 2689 1592 Proinde
2727 1547 2917 1608 quarta
2957 1537 3074 1591 dies
3104 1537 3326 1604 Aprilis,
3367 1551 3486 1604 quas
3528 1544 3610 1590 est
3651 1551 3730 1587 xiv
3765 1535 3836 1587 Ni-

2333 1642 2504 1688 ctena,
2554 1642 2622 1681 ex
2669 1627 2880 1680 illorum
2940 1625 3295 1679 subductione
3346 1625 3403 1678 ﬁt
3452 1642 3541 1678 xv.
3589 1624 3833 1678 Videamus

2334 1726 2512 1772 utrum
2562 1717 2618 1770 in
2656 1715 2984 1771 Dominicam
3033 1716 3121 1768 ille
3163 1717 3421 1770 terminus
3470 1719 3718 1772 incurrat.
3758 1714 3836 1767 Per

2267 1803 2306 1856 Β
2339 1823 2602 1862 canonem
2641 1823 2694 1861 tv
2722 1807 2960 1876 ejusdem
3005 1808 3199 1875 capitis
3240 1816 3439 1875 epacta:
3489 1809 3617 1862 solis
3644 1806 3692 1858 in
3722 1821 3834 1859 anno

2331 1899 2422 1953 illo
2469 1907 2592 1953 sunt
2637 1899 2688 1964 5,
2728 1913 2846 1966 qua:
2893 1897 2957 1951 ad
3017 1905 3323 1951 menstruas
3373 1906 3589 1967 epactas
3623 1898 3832 1966 Aprilist

2331 1991 2558 2053 additae,
2608 1998 2660 2042 et
2713 1989 2966 2041 ποσταίαν
3020 1987 3218 2057 Aprilis
3257 1987 3310 2048 4,
3361 1987 3646 2040 ostendunt
3683 1988 3831 2041 feriam

2330 2083 2554 2151 primam
2590 2079 2777 2134 eodem
2812 2079 2905 2132 illo
2936 2079 3019 2133 die
3051 2095 3104 2132 Iv
3141 2079 3381 2148 Aprilis:
3428 2076 3569 2145 quod
3613 2078 3756 2129 etiam
3783 2093 3832 2128 ex

2332 2170 2556 2224 canonis
2585 2184 2624 2221 ιι
2665 2169 2912 2222 doctrina
2955 2169 3242 2237 colligitur.
3278 2167 3485 2236 Quippe
3520 2167 3697 2235 cyclus
3731 2166 3832 2220 solis

2333 2257 2622 2321 Romanus,
2655 2259 2851 2313 additis
2877 2275 2986 2311 xvu
3018 2298 3034 2321 ,
3082 2259 3290 2312 exsistit
3313 2274 3434 2310 xxvi
3460 2276 3473 2322 ;
3505 2257 3702 2310 lunaris
3733 2271 3832 2309 vero

2333 2364 2429 2401 xu.
2461 2347 2657 2403 Littera
2684 2348 3031 2402 Dominicalis
3062 2348 3231 2403 estC.
3262 2347 3433 2416 lgitur
3457 2363 3597 2402 anno
3633 2349 3734 2406 illo,
3759 2346 3831 2398 de-

2327 2439 2470 2492 cima
2502 2441 2687 2509 quinta
2715 2437 2991 2492 Paschalis
3023 2438 3078 2490 in
3113 2437 3443 2490 Dominicam
3469 2437 3603 2506 apud
3630 2433 3831 2488 undecu-

2334 2533 2540 2600 plantes
2593 2532 2808 2595 incidit;
2864 2545 2927 2584 ac
2962 2530 3087 2582 luna
3134 2544 3247 2582 χιιι
3297 2527 3500 2582 Pascha
3551 2527 3827 2580 celebratur.

2328 2621 2616 2691 Propterea
2649 2622 2859 2676 duobus
2887 2620 3100 2690 punctis
3123 2617 3392 2672 notandus
3420 2621 3517 2673 iste
3541 2633 3706 2670 annus
3734 2617 3826 2674 fuit,

2333 2727 2489 2782 quem
2525 2715 2571 2768 si
2606 2713 2844 2782 reperire
2871 2711 3006 2766 velis
3043 2717 3240 2780 quotus
3275 2709 3478 2777 periodi
3517 2707 3728 2762 Julian:
3763 2707 3828 2759 vel

2325 2801 2533 2855 Christi
2565 2800 2758 2864 fuerit,
2794 2815 2888 2869 per
2923 2813 3180 2854 canonem
3218 2813 3254 2851 ιι
3295 2799 3562 2866 expedies.
3606 2796 3726 2850 Nam
3754 2796 3827 2848 de-

2336 2893 2521 2945 tractis
2549 2890 2652 2943 795
2684 2889 2750 2943 de
2782 2888 2939 2951 5861,
2981 2889 3314 2955 relinquetur
3353 2902 3524 2940 annus
3550 2883 3735 2954 periodi
3754 2882 3826 2936 Ju-

2293 3019 2296 3021 Α
2334 2980 2488 3033 liana:
2520 2979 2680 3040 5063,
2721 2980 2811 3048 qui
2849 2987 2931 3032 est
2968 2976 3170 3032 Christi
3201 2990 3415 3029 CCCLlIl.
3451 2975 3557 3030 Cur
3590 2984 3749 3028 autem
3776 2971 3825 3024 ad

2336 3070 2984 3140 Constantinopolitanum
3032 3074 3343 3136 computum
3401 3066 3580 3134 cyclus
3627 3063 3823 3116 undecu-

2331 3162 2590 3230 plantium
2619 3176 2648 3213 a
2675 3161 2832 3214 nobis
2872 3159 3157 3222 referatur,
3191 3171 3424 3234 sequens
3453 3162 3608 3224 caput
3637 3152 3823 3222 aperiet.

2399 3253 2608 3306 Rursus
2659 3261 2988 3320 proponatur
3037 3263 3214 3303 annus
3272 3248 3384 3311 ille,
3442 3247 3532 3317 qui
3575 3248 3624 3299 in
3676 3246 3823 3300 eadem

2333 3342 2505 3408 prima
2529 3339 3032 3394 enneadecaeteride
3055 3335 3262 3408 cyclum
3292 3347 3401 3390 tam
3443 3338 3570 3391 solis
3595 3351 3736 3405 quam
3765 3335 3821 3386 lu-

2331 3446 2412 3484 na:
2448 3447 2530 3483 xvi
2579 3431 2756 3490 habet.
2805 3429 2904 3482 llic
2939 3431 3040 3483 erit
3085 3443 3260 3481 annus
3295 3425 3821 3498 ConstaiitinOpolitaiii

2331 3521 2567 3588 computi
2601 3519 2738 3573 5868
2789 3533 2883 3587 per
2912 3532 3174 3572 canonem
3209 3534 3267 3570 ιιι
3315 3517 3508 3587 capitis
3551 3515 3821 3584 superioris.

2332 3608 2616 3662 Terminus
2665 3607 2942 3662 Paschalis
2983 3616 3065 3662 est
3111 3607 3314 3676 Aprilis
3356 3622 3486 3670 xvu,
3531 3619 3679 3674 quam
3713 3604 3821 3656 diem

2333 3707 2536 3752 sextam
2561 3697 2821 3752 decimam
2848 3713 2945 3768 pro
2975 3713 3066 3750 xiv
3094 3705 3405 3766 computant
3431 3696 3820 3765 undecuplames,

2332 3796 2390 3840 ut
2431 3788 2596 3844 estin
2630 3787 2855 3842 sinistro
2877 3788 3176 3864 laterculo.
3211 3787 3562 3857 Experiamur
3587 3802 3675 3854 per
3702 3799 3818 3838 scru-

2333 3878 2593 3944 pulariam
2633 3879 2964 3933 methOdum.
3005 3878 3201 3948 Cyclus
3239 3880 3370 3934 solis
3401 3895 3485 3932 xv:
3520 3879 3571 3931 in
3613 3883 3820 3943 computa

2331 3967 2948 4036 Constantinopolitano,
2987 3976 3068 4021 est
3100 3967 3388 4021 Romanus
3416 3984 3447 4019 v
3479 3982 3571 4040 per
3601 3979 3819 4020 canonem

2331 4071 2392 4110 ιι.
2441 4057 2576 4127 Ergo
2620 4073 2795 4112 annus
2828 4065 2910 4111 est
2942 4058 3222 4112 bisextilis.
3275 4055 3396 4112 ideo
3440 4073 3469 4110 a
3499 4055 3729 4112 Kalendis
3755 4053 3817 4106 Ja-

2332 4146 2506 4198 nuarii
2536 4148 2887 4201 numerantur
2918 4147 3033 4202 dies
3067 4148 3186 4212 108,
3222 4164 3328 4202 non
3361 4149 3476 4202 107.
3505 4147 3676 4201 Ductis
3699 4144 3752 4198 16
3780 4145 3817 4194 in

2335 4237 2393 4288 11
2442 4239 2575 4292 ﬁunt
2618 4237 2732 4290 dies
2778 4237 2896 4301 176,
2941 4239 3030 4307 qui
3075 4253 3197 4292 cum
3243 4238 3344 4292 108
3386 4238 3513 4291 dant
3554 4236 3669 4300 9M;
3701 4248 3816 4287 scra-

2333 4323 2455 4395 pula
2507 4326 2607 4378 108
2674 4341 2796 4378 cum
2848 4329 2934 4388 νυ,
2990 4343 3107 4396 quae
3151 4329 3472 4398 colliguntur
3522 4327 3688 4380 ductis
3718 4326 3744 4378 5
3777 4323 3816 4374 in

2258 4430 2305 4487 ι)
2333 4417 2420 4478 16,
2451 4414 2684 4470 eﬁiciunt
2723 4417 2837 4470 dies
2866 4417 2932 4481 3;
2969 4427 3021 4470 et
3063 4427 3314 4486 praeterea
3361 4419 3704 4488 sexagesimas
3742 4414 3814 4466 l7:

2335 4505 2528 4573 quibus
2558 4505 2832 4574 neglectis,
2878 4514 2931 4558 et
2977 4507 3182 4574 adjecto
3234 4507 3411 4561 triduo
3457 4509 3520 4561 ad
3572 4507 3678 4560 dies
3721 4504 3814 4563 284.

2333 4610 2649 4662 summaque
2701 4596 2803 4647 287
2849 4612 2944 4664 per
2993 4597 3061 4651 30
3110 4597 3431 4659 distributa,
3489 4598 3817 4665 relinquuntur

2332 4685 2447 4739 dies
2474 4686 2559 4738 17.
2599 4685 2829 4740 Proinde
2866 4687 3064 4755 Aprilis
3095 4703 3204 4741 xvu
3236 4689 3362 4743 luna
3401 4675 3513 4743 erat
3543 4688 3732 4741 decima
3753 4699 3816 4738 se-

2332 4775 2514 4842 ptima.
2546 4774 2770 4844 Propter
2802 4779 3096 4832 bisextilem
3131 4778 3308 4846 itaque
3345 4777 3512 4841 diem,
3544 4779 3773 4831 terminus
3793 4787 3813 4823 a

2332 4879 2439 4917 xvu
2488 4866 2573 4920 die
2599 4867 2796 4936 Aprilis
2821 4867 2885 4920 ad
2923 4885 3007 4921 xvu
3041 4869 3410 4924 retrahebatur
3436 4889 3447 4922 :
3480 4885 3593 4937 qua:
3617 4881 3726 4921 cum
3751 4879 3813 4919 es-

2331 4963 2410 5007 set
2437 4954 2627 5032 feria},
2655 4956 2857 5011 Pascha
2890 4960 2941 5011 in
2973 4974 3106 5011 xxm
3131 4958 3274 5013 diem‘
3298 4956 3698 5019 diffundebatur,
3725 4968 3814 5024 qua

2329 5049 2442 5095 erat
2474 5039 2601 5097 luna
2627 5060 2779 5106 xxiii,
2823 5046 2888 5098 de
2909 5060 3014 5113 qua
3045 5060 3104 5100 re
3151 5047 3284 5100 nihil
3321 5062 3420 5101 nos
3462 5045 3708 5099 Maximus
3739 5045 3812 5093 d0-

2330 5130 2438 5181 euit
2461 5146 2470 5179 :
2493 5133 2582 5197 qui
2616 5132 2874 5186 bisextilis
2922 5134 3025 5186 diei
3065 5133 3324 5187 rationem
3353 5135 3474 5189 illos
3500 5135 3684 5187 habere
3709 5130 3813 5184 scri-

2330 5219 2468 5286 psit;
2515 5226 2565 5271 et
2594 5222 2802 5289 quoties
2838 5212 3050 5289 propter
3075 5223 3251 5290 ipsum
3287 5223 3548 5277 terminus
3588 5223 3637 5275 in
3667 5223 3810 5273 lunam

2330 5324 2394 5360 xv
2425 5310 2649 5360 incurrit
2686 5309 2814 5364 feria
2857 5311 3048 5378 prima,
3091 5311 3234 5364 hunc
3274 5327 3471 5365 annum
3514 5327 3616 5365 uno
3650 5314 3809 5378 puncto

2328 5398 2524 5452 notari.
2560 5397 2712 5462 Nam,
2755 5415 2876 5452 cum
2918 5401 3044 5454 luna
3075 5410 3157 5454 est
3199 5417 3306 5463 xvi,
3330 5417 3642 5471 quacunque
3682 5399 3725 5450 id
3763 5411 3810 5447 ex

2329 5503 2490 5542 causa
2522 5491 2630 5552 ﬁat,
2660 5491 2851 5557 triplici
2883 5501 3076 5559 puncto
3099 5493 3425 5561 designatur.
3458 5493 3627 5558 Quare
3654 5489 3820 5558 triplex

2328 5587 2581 5645 punctum
2613 5593 2753 5631 anno
2785 5582 2854 5632 illi
2892 5582 3233 5636 tribuendum
3255 5593 3388 5636 erat.

2401 5667 2476 5720 Ex
2517 5668 2597 5721 his
2629 5670 2869 5726 evidens
2923 5679 3002 5726 est
3049 5672 3394 5726 hallucinatio
3437 5671 3697 5741 Scaligeri,
3738 5663 3807 5734 qli
