4046 6320
636 309 773 367 “59

1695 312 1787 363 AD
1824 310 2091 365 lilSSliBll
2128 309 2515 365 CIIRONICON
2552 310 2903 364 APPENDIX.

3694 309 3833 366 “£0

3236 373 3305 401 ..κ

633 406 838 495 aliquid
866 432 1184 480 Innovarent
1211 445 1225 480 :
1258 427 1401 496 quod
1431 441 1526 481 eos
1553 427 1775 480 minime
1806 427 1999 481 fecisse
2030 427 2182 480 testis
2209 424 2254 482 Α
2281 426 2595 494 crepabant.
2638 426 2791 491 Quod
2827 428 2969 478 enim
3013 425 3079 478 de
3103 410 3227 478 luna
3248 440 3363 479 xm
3386 434 3440 479 et
3474 442 3598 479 xxm
3638 426 3827 479 iisdem

634 528 757 569 esse
806 522 984 583 potest
1035 514 1309 571 Maximus
1332 517 1518 586 (ipse;
1563 517 1656 585 qui
1698 517 1751 569 id
1792 532 2000 581 unum,
2042 514 2185 583 quod

639 605 907 667 diximus,
944 615 1219 675 oppugnat
1241 646 1257 670 ,
1294 621 1426 661 sane
1461 621 1568 659 non
1605 607 1846 677 miptov;
1886 622 1986 661 nec
2024 606 2187 661 ullius

638 695 703 748 sd
736 693 947 749 Pascha
980 698 1235 750 momenti
1264 714 1279 761 ;
1312 696 1453 765 quod
1487 710 1766 765 perperam
1798 695 2185 765 scrupulariam

639 780 784 837 illam
836 786 1101 839 rationem
1150 787 1613 840 administrarent.
1658 785 1833 855 Atque
1883 786 1987 839 hoc
2037 774 2185 855 ipsos

639 874 939 944 elegantius
970 874 1147 929 facere
1178 876 1420 943 potuisse
1448 891 1557 929 non
1589 890 1757 945 nego;
1790 874 1885 929 sed
1918 876 2054 931 nihil
2082 876 2184 930 hoc

638 975 819 1019 tamen
848 964 1142 1021 Catholicis
1174 967 1368 1021 ritibus
1399 966 1734 1021 adversatur.
1754 966 1886 1019 Nam
1905 967 2047 1035 quod
2070 982 2205 1031 mo—_

641 1055 778 1109 leste
808 1054 913 1109 fert
940 1053 1202 1111 Maximus
1231 1056 1470 1125 quinque
1519 1057 1771 1124 scrupula
1808 1058 1963 1110 annis
1999 1056 2184 1125 singu-

640 1146 707 1201 lis
747 1146 998 1212 imputari
1032 1147 1100 1199 ad
1132 1148 1481 1215 exemptilem.
1510 1149 1967 1215 compensandum
2000 1146 2183 1212 diem,

642 1250 751 1290 non
791 1236 893 1290 hac
936 1237 1052 1290 sola
1096 1237 1163 1291 de
1204 1251 1368 1291 causa
1416 1238 1470 1291 id
1516 1238 1637 1292 illos
1666 1237 1969 1292 instituisse
2006 1245 2180 1307 puto;

637 1324 733 1377 sed
769 1331 827 1376 ut
858 1325 1149 1378 terminum
1185 1340 1308 1379 cum
1346 1325 1601 1379 exaetiori
1645 1334 1798 1380 aetate
1830 1327 1970 1381 lunae
2000 1329 2184 1382 conci-

637 1413 852 1468 liarent.
891 1413 1253 1469 Nihilominus
1297 1424 1352 1470 et
1389 1425 1606 1486 propter
1639 1418 1781 1473 lunae
1826 1419 2022 1474 saltum
2062 1436 2184 1488 τεχ-

581 1526 584 1529 π
637 1503 800 1565 νικῶς
835 1505 1085 1573 usurpari
1117 1505 1288 1574 potuit
1316 1524 1328 1557 :
1361 1507 1808 1574 quemadmodum
1841 1508 1981 1562 Beda
2008 1511 2182 1579 capite

638 1595 729 1649 XL
751 1596 873 1651 libri
895 1595 973 1650 De
998 1599 1199 1653 ratione
1227 1609 1507 1667 temporum
1530 1602 1723 1654 saltum
1748 1600 1993 1655 eumdem
2018 1602 2179 1665 lunae,

636 1686 752 1739 sive
776 1685 916 1749 diem
942 1688 1314 1756 exemptitium
1357 1703 1452 1757 per
1478 1703 1568 1742 xix
1622 1702 1792 1744 annos
1834 1691 1969 1761 cycli
2027 1689 2181 1744 luna-

635 1773 715 1827 ris
746 1775 971 1839 dividit,
1007 1786 1067 1830 ut
1098 1779 1352 1846 paulatim
1386 1793 1449 1833 ac
1480 1794 1575 1848 per
1624 1779 1955 1834 incrementa
2001 1781 2182 1849 justus

634 1860 983 1924 diei,modus
1029 1878 1371 1934 progressum
1418 1866 1630 1919 habeat.
1672 1864 1880 1919 Etenim
1932 1882 2181 1936 magnam

634 1953 1012 2021 scrupulorum
1050 1955 1277 2009 istorum
1316 1964 1522 2025 partem
1555 1957 1865 2026 negligunt,
1901 1956 1977 2009 ait
2012 1955 2184 2011 Maxi-

634 2057 777 2096 mus.
831 2041 1031 2098 Verum
1075 2053 1160 2099 est
1201 2044 1255 2098 id
1294 2045 1529 2116 quidem.
1576 2045 1706 2099 Nam
1749 2048 1894 2102 solos
1943 2047 2184 2117 integros

633 2133 754 2189 dies
781 2135 848 2190 ad
876 2151 1143 2190 summam
1166 2136 1576 2191 accommodant
1593 2178 1607 2201 ,
1630 2138 1893 2209 quidquid
1916 2140 2181 2211 reliquum

631 2234 719 2279 est
741 2224 810 2279 de
837 2226 1141 2280 ratiuncula
1161 2266 1178 2290 ,
1218 2226 1321 2281 etsi
1358 2226 1426 2279 ad
1454 2229 1734 2298 sexaginta
1773 2230 1996 2299 propius
2029 2245 2183 2285 acce-

617 2314 729 2370 ‘dat
749 2354 766 2379 ,
796 2316 1015 2385 penitus
1046 2318 1320 2372 omittunt.

705 2406 1022 2475 Exemplum
1053 2426 1067 2460 :
1100 2409 1255 2462 Anno
1284 2408 1422 2478 cycli
1452 2409 1939 2481 undecuplatorum
1972 2410 2178 2466 lunaris

634 2508 806 2558 ινιιι,
836 2497 947 2567 qui
981 2503 1066 2552 cst
1106 2489 1593 2555 Alexandrinorum
1640 2516 1714 2563 ιι,
1764 2502 2028 2556 terminus
2072 2501 2177 2555 Pa-

634 2586 835 2641 schalis
863 2595 981 2641 erat
1002 2582 1183 2642 Martii
1208 2605 1336 2654 xxv,
1371 2590 1457 2646 die
1488 2591 1556 2645 84
1580 2606 1610 2644 a
1635 2591 1889 2647 Kalendis
1914 2590 2174 2649 Januarii.

636 2676 823 2732 Ductis
852 2679 1010 2733 annis
1049 2682 1110 2733 l8
1143 2681 1198 2735 in
1234 2683 1319 2745 ll,
1350 2684 1590 2736 conﬁunt
1617 2684 1732 2739 dies
1766 2684 1901 2751 198,
1934 2686 2025 2754 qui
2055 2701 2177 2740 cum

634 2767 705 2822 84
748 2767 981 2824 efﬁciunt
1006 2771 1130 2827 282.
1166 2770 1428 2843 Scrupula
1472 2776 1665 2831 deinde
1721 2776 1914 2830 diurna
1957 2778 2027 2831 84
2054 2793 2178 2831 cum

632 2858 731 2923 90,
760 2861 854 2929 qui
882 2877 950 2915 ex
984 2862 1049 2915 18
1096 2878 1191 2932 per
1234 2863 1269 2917 5
1319 2867 1687 2934 multiplicatis
1734 2869 2015 2932 oriuntur,
2062 2868 2179 2924 dies

633 2948 871 3003 conﬂant
899 2951 965 3014 2,
995 2952 1117 3008 δι”ξ
1146 2954 1345 3023 quibus
1376 2955 1442 3009 ad
1476 2956 1592 3012 dies
1621 2957 1729 3011 282
1758 2958 1958 3014 additis
1977 2999 1992 3022 ,
2029 2975 2178 3014 sum—

2276 517 2561 583 .objicitur,
2607 518 2761 586 quasi
2794 516 2944 571 nefas
2974 518 3045 568 sit
3072 518 3126 569 in
3160 516 3268 571 illis
3303 515 3510 571 Pascha
3538 532 3826 585 peragere,

2290 608 2423 661 nihil
2457 608 2525 661 ad
2564 622 2675 661 rem
2710 609 2964 677 pertinet.
3001 608 3211 661 Etenim
3244 608 3391 661 aliud
3422 618 3503 663 est
3530 610 3828 663 sollicitare

2284 697 2547 751 terminos
2570 696 2745 766 ipsos,
2770 706 2825 750 et
2850 697 3067 765 antiqua
3097 698 3325 751 statione
3347 697 3607 763 depellere
3634 718 3651 749 :
3684 700 3824 752 aliud

2286 789 2473 842 iisdem
2502 789 2765 842 haerentes
2794 787 2985 841 diebus
3002 828 3015 851 ,
3031 803 3155 841 -uno
3179 788 3267 842 die
3292 788 3375 843 vel
3402 790 3565 842 biduo
3589 792 3825 858 amplius

2285 892 2611 931 numerare:
2639 892 2867 946 quorum
2892 879 3042 946 prius
3070 878 3187 931 sine
3211 878 3425 946 publica
3449 877 3708 933 Ecclesiae
3731 895 3823 932 au—

2285 966 2538 1017 ctoritate
2568 979 2679 1018 non
2726 965 2958 1027 licebat;
2993 968 3260 1032 posterius
3299 966 3544 1020 eruditus
3588 968 3823 1036 quisque

2246 1062 2251 1065 '
2284 1069 2465 1107 rerum
2492 1057 2977 1109 astronomicarum
2998 1093 3013 1117 ,
3063 1064 3186 1108 ante
3225 1053 3604 1124 Gregorianam
3644 1073 3823 1110 emen-

2284 1146 2566 1200 dationem
2584 1185 2599 1210 ,
2632 1146 2881 1214 privatim
2909 1145 3049 1199 citra
3074 1146 3538 1214 reprehensionem
3567 1147 3815 1202 instituit.

2278 1229 2402 1289 'lloc
2433 1237 2577 1290 enim
2607 1236 2742 1289 nihil
2771 1243 2889 1290 erat
2919 1235 3096 1297 aliud,
3127 1250 3286 1304 quam
3320 1250 3349 1287 a
3382 1237 3695 1291 cmlestibus
3727 1256 3819 1291 no-

2283 1326 2500 1380 viluniis
2530 1320 2672 1379 luna:
2698 1331 2908 1379 aetatem
2955 1338 3260 1389 arcessere,
3304 1338 3413 1376 non
3453 1339 3484 1376 a
3522 1326 3818 1378 neomeniis

2281 1412 2532 1467 civilibus
2552 1454 2567 1477 ,
2598 1426 2717 1483 quae
2741 1411 2997 1475 paulatim
3028 1412 3370 1468 deduxerant.

2350 1499 2640 1566 Postremo;
2650 1499 2729 1553 de‘
2745 1499 3039 1567 majoribus
3070 1513 3133 1552 ac
3147 1496 3469 1552 Victorianis
3492 1500 3681 1568 cyclis,
3700 1501 3818 1569 qni—

2282 1592 2381 1646 bus
2407 1590 2885 1659 nndecuplatores,
2912 1591 3020 1643 imo
3044 1588 3213 1643 Graeci
3239 1590 3426 1645 omnes
3450 1590 3505 1643 in
3531 1590 3646 1644 suis
3670 1605 3817 1643 enm-

2280 1682 2425 1751 putis
2465 1682 2552 1737 usi
2598 1690 2757 1746 sunt,
2789 1680 3068 1749 sciendum
3109 1689 3195 1735 est
3237 1681 3305 1746 ab
3334 1679 3538 1733 Adamo
3571 1681 3695 1737 illos
3738 1682 3813 1734 iu-

2280 1776 2460 1844 cipere
2485 1794 2498 1829 :
2530 1784 2592 1829 ut
2620 1788 2687 1841 ex
2718 1774 2867 1828 calce
2897 1774 3137 1841 computi
3168 1772 3383 1827 Maximi
3414 1774 3707 1842 colligitur.
3744 1772 3815 1828 lbi

2280 1867 2425 1921 enim
2453 1864 2592 1935 cycli
2616 1863 2864 1919 undecim
2888 1863 3223 1933 explicantur
3244 1864 3311 1918 ab
3335 1864 3482 1919 orbis
3504 1865 3657 1919 initio
3682 1882 3698 1928 ;
3725 1880 3809 1918 an-

2282 1958 2447 2025 nique
2480 1956 2537 2009 in
2577 1967 2717 2024 quos
2756 1953 2956 2024 singuli
2998 1952 3253 2007 desinunt
3296 1960 3571 2008 notantur.
3614 1952 3813 2007 Horum

2282 2047 2507 2105 ultimus
2557 2043 2837 2100 terminari
2883 2042 3082 2097 dicitur
3126 2045 3182 2098 in
3236 2058 3380 2098 anno
3426 2059 3555 2098 xxiv
3606 2045 3811 2114 imperii

2280 2136 2657 2199 Constantini,
2707 2136 2800 2205 qui
2830 2141 3051 2205 putatur
3090 2134 3249 2189 5852.
3299 2133 3562 2189 Detractis
3598 2150 3664 2189 ex
3709 2151 3817 2188 me-

2280 2228 2449 2301 thodo
2498 2225 2724 2280 canonis
2775 2225 2813 2277 2
2859 2223 3055 2292 capitis
3100 2238 3235 2286 xm,
3274 2222 3397 2286 779,
3444 2222 3633 2291 reliqui
3684 2225 3814 2274 ﬁunt

2281 2319 2409 2374 anni
2448 2314 2657 2389 periodi
2698 2314 2926 2369 Juliana:
2964 2313 3131 2377 5073,
3164 2312 3256 2383 qui
3297 2322 3384 2367 est
3409 2326 3580 2367 annus
3613 2311 3810 2365 Christi

2278 2409 2584 2464 communis
2635 2420 2821 2461 ccctx.
2874 2404 3052 2471 Quare
3102 2419 3202 2474 pro
3254 2404 3655 2456 Kmva‘zav‘tivou
3704 2403 3810 2471 lege

2279 2498 2683 2565 limatum-rion;
2714 2496 2817 2553 fuit
2842 2497 2984 2552 enim
3025 2509 3155 2549 xxxv
3194 2492 3512 2548 Constantii.
3548 2492 3715 2564 igitur
3756 2495 3805 2546 in

2277 2608 2385 2646 aera
2408 2586 3160 2655 Alexandrina,duodecimus
3190 2586 3372 2655 cyelus
3405 2584 3659 2639 Victorini
3695 2584 3809 2638 iniit

2279 2699 2423 2738 anno
2452 2682 2653 2739 Christi
2686 2695 2894 2735 cccsn.
2915 2677 3042 2739 .Jam
3072 2691 3197 2731 vero
3222 2675 3467 2731 deductis
3496 2674 3598 2728 795
3623 2674 3689 2728 de
3718 2688 3809 2727 an-

2278 2778 2364 2832 nis
2388 2775 2546 2839 5852,
2573 2781 2743 2829 restat
2762 2772 2902 2827 5057
2922 2769 3124 2840 periodi
3145 2756 3373 2821 Juliante
3396 2766 3487 2836 qui
3512 2775 3592 2820 est
3612 2764 3805 2819 Christi

2278 2866 2516 2936 vulgaris
2547 2878 2790 2926 cccxuv,
2819 2876 2929 2931 quo
2960 2859 3017 2913 in
3046 2866 3299 2927 computo
3328 2854 3805 2922 Constantinopoli-

2277 2964 2441 3019 tano,
2485 2961 2541 3009 et
2583 2950 3066 3021 undecuplatorum
3110 2947 3430 3001 terminatus
3470 2954 3553 2998 est
3597 2943 3808 2996 undeci-

635 3052 832 3107 maque
866 3054 961 3109 per
997 3042 1067 3095 50
1097 3045 1329 3111 partita,
1366 3045 1570 3100 residui
1607 3055 1735 3105 sunt
1770 3047 1887 3103 dies
1923 3049 1990 3102 14
2011 3090 2025 3114 ,
2071 3040 2173 3104 54'.
2206 3074 2253 3138 ε
2282 3061 2403 3101 mus
2419 3042 2683 3099 Victorini
2707 3043 2922 3113 cyclus;
2944 3046 2998 3093 et
3021 3036 3373 3091 duodecimus
3397 3049 3535 3087 anno
3561 3040 3805 3101 sequente

632 3127 796 3197 Atqui
825 3132 1087 3187 terminus
1116 3131 1387 3191 Paschalis
1409 3136 1560 3207 cyclo
1583 3152 1715 3191 xvm
1735 3138 1950 3193 nonnisi
1973 3139 2179 3194 decima

634 3226 829 3289 quarta
876 3230 1219 3292 computatur
1265 3226 1318 3279 in
1356 3226 1615 3283 laterculo
1653 3228 1897 3283 sinistro.
1947 3230 2182 3299 Apparet

633 3325 795 3379 ergo,
827 3314 1074 3381 quamvis
1110 3315 1342 3369 solidum
1376 3318 1517 3371 diem
1545 3334 1705 3388 quam
1726 3321 1983 3389 proxime
2019 3336 2176 3375 sexa-

636 3401 967 3471 gesimarum
1016 3404 1260 3460 calculus
1305 3409 1563 3477 attingat,
1599 3412 1706 3465 nisi
1737 3413 1983 3466 eumdem
2028 3428 2177 3467 com-

633 3492 806 3561 pleat,
842 3492 899 3546 in
937 3508 1225 3551 numerum
1263 3499 1484 3571 minime
1515 3500 1843 3569 procedere,
1871 3502 2017 3571 quod
2046 3518 2178 3557 sane

632 3584 921 3640 ridiculum
950 3592 1065 3654 est,
1099 3594 1157 3641 ut
1179 3594 1234 3643 et
1259 3565 1487 3645 Maxin'io
1513 3565 1743 3647 videtur.
1778 3565 1962 3662 Neque
1995 3601 2175 3647 tamen

630 3678 851 3749 gravior
884 3677 1029 3742 inde,
1062 3695 1225 3750 quam
1258 3682 1571 3738 stoliditatis
1603 3683 1923 3738 ascribenda
1954 3684 2061 3738 illis
2092 3692 2177 3740 est

630 3775 802 3825 nota:
836 3769 1102 3842 siquidem
1122 3772 1179 3827 in
1218 3771 1482 3831 Paschate
1507 3774 1641 3830 nihil
1668 3790 1700 3831 a
1731 3773 2029 3831 Catholicis
2058 3775 2173 3831 dis-

2283 3152 2483 3194 cccxu
2514 3135 2801 3191 inchoatus
2831 3138 2934 3187 est.
2970 3127 3326 3205 Quamobrem
3346 3166 3362 3191 ,
3393 3126 3438 3181 si
3467 3140 3634 3179 annos
3671 3124 3806 3178 solos

2283 3230 2516 3283 terarum
2550 3225 2860 3283 Graecarum
2894 3222 3151 3278 adhibeas
3177 3260 3193 3284 ,
3245 3218 3434 3273 iisdem
3482 3217 3635 3270 annis
3672 3215 3803 3267 desi-

2282 3329 2439 3383 nunt,
2472 3320 2723 3373 ineuntve
2750 3313 3070 3379 IVictoriani
3114 3310 3270 3382 cycli.
3315 3308 3412 3362 Sin
3446 3306 3510 3360 ad
3531 3319 3671 3359 anno
3696 3317 3803 3357 aa?

2283 3412 2484 3467 Christi
2527 3407 2828 3465 communis
2861 3404 3064 3459 referas
3086 3444 3102 3467 ,
3134 3402 3290 3455 annis
3335 3398 3565 3454 sedecim
3609 3394 3802 3448 tardius

2280 3505 2336 3558 in
2373 3499 2769 3564 Alexandrina,
2810 3510 2971 3565 quam
3003 3494 3059 3547 in
3087 3487 3674 3558 Constantinopolitana
3696 3485 3802 3535 tini-

2280 3598 2448 3646 untur
2471 3607 2486 3654 ;
2509 3584 2945 3658 quandoquidem
2981 3587 3061 3635 tot
3092 3579 3258 3647 ﬁannis
3284 3577 3456 3646 major
3490 3582 3572 3629 est
3607 3584 3803 3625 summa

2282 3685 2350 3738 ab
2380 3682 2587 3735 Adamo
2616 3679 2685 3733 ad
2714 3678 2927 3732 initium
2957 3688 3077 3728 aera:
3106 3671 3410 3726 communis
3438 3669 3495 3723 in
3523 3663 3801 3738 posteriore

2281 3782 2533 3844 computo
2552 3815 2566 3839 ,
2595 3785 2755 3843 quam
2786 3770 2848 3823 in
2870 3764 3250 3823 Alexandrino.
3322 3764 3331 3767 “
