4176 6180
1642 236 2041 256 -Δ-*υ--ιι

363 225 3636 288 mw

1611 397 1782 444 ANNO
1824 396 2059 445 DOHINI
2101 398 2404 444 CCCXIII.

585 529 779 691 C.
911 526 1117 689 ν.
1259 521 2051 735 AQUIL.
2186 526 3465 725 JUVENCUS,

1340 790 2023 876 PRESBYTER
2095 791 2708 878 HISPANUS.

1620 930 1807 993 (Juxta
1830 930 2104 982 editionem
2126 931 2396 997 Arevalo.)

1758 1055 2278 1104 4ου..-

1235 1160 1837 1344 Εὲρίβῐοιᾱ
1946 1162 2775 1377 hchicatoria.

360 1496 735 1555 lliustrissimo
760 1508 818 1556 et
842 1501 1309 1559 reverendissimo
1339 1501 1563 1559 domino
1595 1501 1660 1557 D.
1689 1500 1958 1572 Gregorio
1977 1499 2265 1572 Alphonso
2294 1500 2639 1557 Vtusoounz
2670 1501 3014 1573 Loncnzsnn,
3050 1507 3221 1576 equiti
3252 1510 3501 1580 praelati
3530 1510 3668 1582 regii

455 1593 664 1649 ordinis
686 1594 963 1665 Hispanici
985 1595 1170 1652 Caroli
1204 1595 1271 1651 lli
1291 1638 1308 1663 ,
1335 1595 1728 1652 archidiacono
1750 1594 2057 1651 Calatravae
2077 1636 2093 1661 ,
2121 1596 2387 1652 canonico
2419 1596 2721 1664 Toletano,
2748 1610 2854 1656 etc.
2874 1645 2888 1669 ,
2922 1600 3223 1659 Fwsmws
3254 1606 3563 1663 Annuus.

431 1711 796 1786 (“angelicam
825 1713 1123 1770 Historiam
1141 1757 1157 1783 ,
1181 1714 1419 1790 Gregori,
1451 1717 1530 1770 vir
1553 1714 1896 1781 amplissime,
1925 1730 2080 1786 quam
2107 1712 2312 1769 Latinis
2334 1714 2560 1770 versibus
2582 1713 2843 1771 Iuvencus
2881 1720 3146 1791 presbyter
3163 1722 3410 1792 reddidit,
3453 1741 3573 1779 cum
3596 1722 3668 1777 ad

351 1813 524 1862 vetera
547 1808 865 1877 exemplaria
889 1825 1273 1883 recognoscere,
1295 1808 1638 1880 subjectisque
1675 1807 2052 1874 natationibus,
2079 1808 2221 1878 quod
2249 1808 2483 1877 proxime
2516 1809 2569 1861 in
2607 1807 2919 1880 Dracontio,
2950 1829 3041 1866 nec
3066 1812 3231 1870 multo
3274 1824 3395 1871 ante
3430 1818 3486 1872 in
3519 1817 3665 1873 Pru-

353 1899 557 1966 dentio,
588 1904 829 1971 feceram,
870 1901 1138 1956 illustrare
1166 1901 1571 1967 constituissem,
1591 1903 1808 1973 jamque
1823 1899 1954 1952 adeo
1980 1900 2033 1953 in
2060 1913 2122 1951 eo
2149 1913 2330 1963 essem,
2359 1907 2414 1950 ut
2436 1898 2499 1951 de
2518 1897 2742 1953 editione
2770 1902 3089 1970 cogitarem;
3118 1907 3413 1976 argumenti
3440 1907 3665 1978 difficul-

355 2002 464 2050 tate
508 2011 612 2049 non
648 1995 819 2049 minus
848 2011 1007 2065 quam
1040 1998 1309 2068 majestate
1336 1994 1506 2049 subito
1527 1994 1831 2060 deterritus,
1882 1993 2094 2048 antnino
2128 1992 2191 2046 ab
2230 1992 2329 2046 hac
2356 2001 2527 2047 mente
2554 1992 2882 2062 destitissem,
2929 1999 3032 2053 nisi
3062 2008 3119 2054 tu
3154 2018 3251 2071 pro
3277 2019 3356 2066 eo,
3391 2020 3495 2074 quo
3524 2021 3577 2061 es
3605 2006 3661 2059 in

352 2104 503 2144 omne
524 2088 819 2146 litterarum
852 2106 1036 2163 genus,
1066 2100 1173 2144 tum
1203 2090 1280 2144 vel
1305 2089 1530 2144 maxime
1576 2089 1632 2142 in
1658 2088 1753 2142 has
1779 2088 2062 2142 sanctiores
2110 2085 2309 2152 studio,
2354 2086 2745 2151 intercessisses,
2776 2087 3113 2161 stimulosque
3143 2094 3269 2147 mihi
3296 2110 3416 2149 cum
3444 2098 3516 2150 ad
3552 2098 3662 2152 alia

355 2197 515 2251 opera
538 2182 869 2245 absolvenda,
910 2192 1019 2237 tum
1041 2182 1325 2253 prwsertim
1346 2181 1417 2235 ad
1438 2180 1536 2235 hoc
1562 2178 1933 2250 perﬁciendum
1953 2175 2291 2231 admovisses.
2322 2173 2531 2248 Itaque,
2562 2176 2703 2247 quod
2730 2178 3025 2249 faciendum
3054 2192 3167 2236 erat
3208 2183 3430 2251 homini,
3458 2195 3530 2241 tot
3554 2204 3653 2243 no-

350 2273 578 2329 minibus
606 2275 701 2330 tibi
728 2275 995 2341 obstricto,
1027 2276 1213 2346 quique
1242 2282 1445 2328 tantum
1467 2274 1673 2345 judicio
1720 2281 1873 2342 atque
1900 2270 2070 2325 amori
2099 2279 2187 2324 tuo
2209 2268 2408 2338 tribuit,
2431 2278 2687 2341 quantum
2721 2274 3342 2346 quampaucissimorum,
3366 2281 3654 2337 statimtibi

351 2370 506 2442 parui
532 2410 547 2433 ,
577 2386 639 2423 ac
668 2369 957 2424 Iuvencum
982 2384 1149 2422 meum
1170 2368 1613 2437 qualitercumque
1630 2364 1925 2420 absolutum
1945 2363 2335 2435 typographicis
2382 2366 2552 2433 operis
2590 2365 2947 2421 excudendum
2979 2370 3216 2438 tradidi;
3247 2389 3397 2443 quem
3436 2377 3590 2432 modo
3623 2395 3658 2432 ιι

349 2462 517 2534 ρηειο
545 2472 795 2517 recentem
824 2462 912 2517 tibi
933 2463 1082 2529 sisto,
1114 2463 1314 2528 virtuti,
1343 2470 1398 2515 ut
1426 2461 1498 2514 ait
1524 2459 1636 2523 ille,
1660 2475 1721 2512 ac
1767 2457 1964 2511 meritis
2001 2457 2249 2512 dedicans
2275 2456 2465 2512 librum
2504 2458 2631 2514 tuis.
2674 2456 2871 2513 Fateor
2914 2478 3059 2529 sane,
3105 2468 3219 2536 ejus
3239 2468 3519 2524 editionem
3554 2487 3659 2528 non

345 2554 500 2610 illam
524 2555 735 2623 quidem
758 2552 828 2607 ad
846 2569 1061 2625 unguem
1089 2556 1395 2626 perfectam,
1426 2559 1517 2604 aut
1542 2548 1767 2603 numeris
1788 2548 1896 2601 suis
1924 2546 2160 2600 omnibus
2191 2546 2482 2601 absolutam
2509 2547 2705 2618 fuisse:
2725 2549 2818 2602 sed
2845 2560 3013 2606 tamen
3045 2554 3300 2621 omnium,
3329 2574 3446 2627 qua
3483 2560 3657 2616 adhuc

348 2656 643 2719 procurata:
664 2654 802 2710 sunt,
824 2644 1309 2715 locupletissimum,
1328 2652 1375 2696 et
1404 2641 1472 2696 ad
1497 2656 1611 2695 eam
1631 2640 2020 2713 perfectionem,
2057 2638 2310 2709 quasique
2340 2639 2610 2710 fastigium
2628 2680 2643 2705 ,
2675 2640 2817 2708 quod
2842 2658 2875 2694 a
2913 2658 2994 2697 me
3023 2649 3312 2714 exspectari
3332 2654 3522 2721 potuit,
3562 2673 3657 2727 pro

346 2736 491 2790 virili
513 2750 627 2791 mea
653 2745 816 2804 parte,
850 2746 905 2789 ut
927 2734 1022 2789 tibi
1048 2735 1368 2805 obsequerer,
1402 2748 1509 2787 esse
1540 2731 1869 2801 perductam,
1902 2745 2072 2795 nemo,
2108 2730 2322 2802 opinor,
2356 2730 2690 2801 inficiabttur.
2743 2731 2863 2798 Qua
2886 2735 2941 2789 in
2967 2752 3023 2789 re
3048 2754 3148 2792 non
3179 2740 3351 2796 solum
3376 2760 3468 2799 .me
3502 2763 3655 2817 quam

350 2828 698 2900 gratissimum
723 2842 846 2899 erga
867 2835 916 2880 te
935 2824 1178 2897 cognosci
1208 2826 1396 2893 cupio;
1417 2822 1509 2877 sed
1535 2823 1689 2877 etiam
1714 2837 1886 2890 spero,
1911 2830 2037 2889 opto
2061 2820 2270 2891 quidem
2308 2830 2472 2885 certe,
2498 2838 2776 2877 memorem
2814 2824 2978 2879 videri
3022 2828 3406 2901 beneficiorum,
3444 2854 3562 2907 qua:
3589 2843 3654 2895 ab

261 2904 275 2920 ’
348 2920 750 2975 eminentissimo
773 2918 1045 2975 cardinale
1065 2912 1352 2973 Francisco
1381 2915 1607 2970 Antonio
1637 2913 1970 2978 Lorenxana,
1994 2910 2391 2982 archiepiscopo
2417 2910 2690 2979 Toletano,
2714 2925 2805 2969 tuo
2830 2919 3110 2986 avunculo,
3145 2923 3320 2991 tuique
3354 2904 3659 2993 amantis“-

190 5997 285 6060 αδ

346 3029 457 3081 mo,
491 3014 541 3067 in
571 3030 651 3067 me
687 3014 880 3068 collata
900 3021 1041 3079 sunt,
1071 3026 1285 3083 quiaque
1304 3025 1398 3084 ego
1424 3008 1672 3063 memoria
1691 3008 1857 3061 colam
1881 3004 2211 3077 sempiterna.
2257 3001 2399 3070 Quid
2431 3014 2603 3057 autem
2631 3003 2760 3058 mihi
2788 3004 2993 3077 gratius
3037 3018 3086 3061 et
3115 3012 3365 3081 optatius,
3409 3017 3537 3086 quid
3555 3019 3654 3089 ju-

348 3106 568 3161 cundius
589 3107 819 3161 accidere
858 3106 1045 3177 potuit,
1069 3120 1225 3175 quam
1249 3114 1305 3158 ut
1330 3102 1733 3158 vetustissimum
1758 3098 2058 3153 christiana:
2088 3112 2296 3167 poeseos
2327 3107 2737 3164 monumentum,
2770 3115 2805 3153 a
2841 3097 3164 3157 nobilissimo
3191 3108 3490 3179 presbytero
3522 3111 3655 3169 His-

347 3213 486 3267 pano
513 3196 766 3268 Juvenco,
801 3198 1040 3268 profanis
1073 3195 1291 3270 perinde
1309 3211 1370 3249 ac
1393 3195 1559 3250 sacris
1585 3190 1771 3246 litteris
1797 3190 2034 3263 apprime
2052 3185 2282 3252 exculto,
2306 3186 2401 3241 sub
2431 3189 2547 3259 ipsa
2574 3187 2726 3242 initia
2749 3190 2893 3258 pacis
2921 3208 2955 3246 a
2980 3190 3322 3251 Constantino
3352 3198 3662 3269 imperatore

345 3285 602 3345 Ecclesia:
635 3289 857 3345 reddita:
891 3290 1235 3356 elaboratum,
1281 3298 1329 3342 et
1368 3302 1505 3341 nunc
1536 3285 1756 3352 denique
1783 3298 1818 3336 a
1845 3297 1928 3337 me
1956 3281 2262 3337 recensitum
2280 3320 2295 3345 ,
2339 3288 2387 3333 te
2430 3278 2690 3335 hortatore
2714 3279 2783 3335 ‘et
2802 3288 3047 3356 auspice,
3072 3288 3160 3357 qui
3184 3304 3245 3343 ea
3271 3290 3461 3348 decora
3482 3299 3656 3351 omnia

345 3384 531 3455 quibus
557 3382 826 3440 Iuvencus
857 3385 1087 3440 maxime
1110 3382 1377 3449 excelluit,
1408 3382 1460 3435 in
1489 3388 1537 3433 te
1559 3380 1675 3449 ipso
1697 3376 1915 3431 collecta
1940 3373 2125 3443 refers,
2166 3371 2384 3443 prodeat
2410 3372 2463 3426 in
2500 3372 2689 3441 lucem,
2732 3389 3155 3450 communemque
3193 3382 3495 3453 reipublicte
3521 3391 3661 3445 cltri-

347 3478 536 3534 stiante
563 3479 879 3535 utilitatem?
909 3477 977 3535 Ut
1003 3479 1142 3534 enim
1168 3476 1420 3550 prteclara
1448 3474 1545 3529 illa
1571 3474 1724 3529 auita:
1748 3470 2034 3525 nobilitatis
2061 3480 2165 3524 tua:
2184 3479 2539 3538 monumenta,
2571 3478 2621 3521 et
2650 3471 2884 3540 trophaza
2910 3485 3233 3544 praeteream,
3262 3496 3380 3550 qute
3392 3485 3511 3557 jam
3533 3487 3655 3546 inde

345 3571 579 3643 aprimis
600 3569 958 3643 Hispanorum
983 3570 1180 3641 prteliis
1212 3577 1396 3623 contra
1426 3564 1647 3620 Mauros
1688 3565 1743 3618 in
1769 3561 1971 3633 oppido
1993 3559 2293 3634 Mogroveio
2316 3559 2486 3613 adhuc
2515 3559 2771 3630 t'isunlur,
2808 3562 2964 3618 habes
3008 3572 3241 3638 profecto
3276 3572 3331 3625 in
3362 3579 3653 3650 majoribus

350 3664 477 3733 tuis,
501 3665 681 3732 quibus
696 3668 847 3737 jure,
877 3666 1129 3737 etqmerito
1157 3663 1374 3736 gloriari
1403 3662 1597 3735 possis,
1630 3661 1761 3715 duos
1782 3659 2016 3733 egregios
2044 3657 2185 3712 viros
2215 3654 2530 3712 Sanctorum
2555 3656 2708 3725 fastis
2730 3660 3005 3727 ascriptos,
3032 3660 3308 3720 Turibium
3327 3669 3654 3741 Alphonsum

345 3742 726 3831 Hogroveium,
767 3759 1216 3830 archiepiscopum
1257 3756 1558 3821 Limanum,
1602 3764 1650 3810 et
1680 3752 2014 3809 Vincentium
2041 3749 2369 3814 Lorenzana,
2415 3748 2649 3837 abbatem
2695 3750 2894 3836 ordinis
2932 3752 2994 3808 S.
3025 3753 3318 3824 Benedicti,
3352 3768 3508 3837 cujus
3536 3768 3654 3823 reli-

345 3853 554 3926 giosum
576 3853 773 3907 cultum
802 3851 987 3907 domus
1014 3860 1105 3905 tua
1136 3860 1371 3904 materna
1416 3846 1633 3915 sacello,
1681 3862 1799 3913 ara,
1841 3842 2105 3912 sacrisque
2131 3838 2476 3893 concelebrat.
2511 3836 2687 3893 Habes
2712 3839 3027 3900 clarissimos
3056 3847 3188 3903 duos
3216 3836 3498 3927 antistites,
3544 3861 3649 3918 Pe-

345 3956 487 4002 trum
520 3943 856 4016 Villagomez,
879 3944 969 4015 qui
994 3944 1048 3997 in
1080 3942 1557 4014 archiepiscopatus
1581 3937 1790 3993 Limani
1813 3933 2078 4006 provincia
2109 3929 2172 3989 S.
2204 3928 2419 3985 Turibio
2454 3930 2711 4023 avunculi)
2734 3948 2829 3987 suo
2854 3939 3121 4007 successit,
3164 3950 3217 3996 et
3242 3946 3406 4000 multa
3428 3950 3652 4023 ingenii,

348 4037 705 4108 doctrianae
738 4052 845 4091 sua:
872 4044 1205 4110 monumenta
1240 4033 1425 4087 litteris
1454 4031 1759 4102 consignata
1805 4024 2095 4098 posteritati
2120 4022 2540 4088 commendavit;
2581 4031 2628 4076 et
2656 4018 3054 4083 Ferdinandum
3092 4030 3429 4109 Villagomez,
3452 4018 3649 4113 episco;

343 4146 474 4203 pum
501 4128 914 4195 Tlaxcalensem,
942 4127 1034 4199 qui
1052 4124 1257 4181 concilii
1284 4139 1321 4180 η
1342 4122 1608 4178 Mexicani
1642 4138 1766 4193 pars
1785 4134 1979 4191 magna
2005 4119 2137 4212 fuit,
2171 4120 2327 4212 cujus
2370 4116 2655 4212 decretaget
2696 4133 2919 4175 canones
2958 4124 3013 4176 in
3054 4126 3289 4183 ordinem
3324 4132 3649 4212 formamque

340 4223 581 4296 digessit.
605 4221 804 4290 Habes,
829 4232 984 4295 atque
1002 4220 1247 4285 intueris,
1280 4227 1335 4272 ut
1361 4218 1425 4273 de
1446 4217 1566 4271 aliis
1593 4226 1812 4282 taceam,
1837 4212 1941 4267 duo
1971 4210 2068 4266 illa
2107 4210 2490 4306 fulgentissima
2523 4208 2570 4262 Η
2578 4210 2795 4281 ispania:
2825 4213 3043 4287 lumina,
3078 4235 3176 4289 par
3200 4223 3373 4279 nobile
3397 4208 3644 4306 fratrum,

341 4316 626 4371 avunculus
655 4326 804 4383 tuos,
842 4316 1327 4377 eminentissimum,
1355 4328 1505 4384 quem
1549 4311 1703 4367 modo
1736 4309 2068 4364 nominabam
2091 4346 2109 4374 ,
2146 4305 2295 4361 card.
2327 4302 2672 4360 Franciscum
2703 4308 2990 4363 Antonium
3031 4310 3358 4389 Lorensana,
3388 4302 3649 4399 hujusque

340 4429 450 4469 non
471 4412 638 4467 minus
665 4411 862 4466 meritis
882 4427 1040 4482 quam
1069 4408 1318 4465 nascendi
1345 4415 1483 4462 sorte
1521 4420 1849 4477 germanum,
1889 4399 2475 4468 Thomamantistitem
2517 4395 2926 4455 Gerundensem.
2985 4400 3087 4458 Tot
3129 4415 3333 4478 tamque
3376 4395 3646 4482 prteclaris

344 4505 641 4561 domesticis
683 4505 930 4577 exemplis
951 4505 1230 4568 excitatus,
1255 4502 1382 4573 quid
1406 4502 1671 4565 miremur,
1696 4498 1742 4552 si
1768 4496 1923 4569 plura
1939 4495 2046 4569 alia
2076 4500 2381 4548 ornamenta
2418 4490 2606 4545 virtute
2630 4500 2678 4545 et
2708 4494 2918 4566 ingenio
2946 4506 3099 4564 parta
3126 4499 3219 4553 tibi
3244 4509 3644 4575 comparaveris,

341 4609 402 4654 ut
430 4600 589 4653 multo
615 4598 861 4652 malueris
889 4598 990 4653 tuis
1016 4596 1211 4651 meritis
1239 4609 1397 4666 quam
1437 4600 1649 4646 tuorum
1694 4589 1936 4644 laudibus
1984 4584 2375 4642 commendari?
2410 4580 2663 4654 Magnam
2706 4585 2943 4654 equidem
2981 4588 3047 4642 de
3092 4599 3142 4642 te
3164 4592 3281 4661 jam
3323 4595 3483 4651 multo
3528 4612 3650 4656 ante

342 4692 639 4764 opinionem
669 4689 1181 4759 comprehenderant,
1206 4702 1357 4758 quem
1385 4702 1490 4740 non
1515 4684 1765 4739 nescirem
1794 4679 2069 4736 excellenti
2095 4676 2304 4747 ingenio
2330 4675 2629 4747 prteditum,
2665 4676 2961 4732 incredibili
2993 4681 3226 4736 discendi
3267 4684 3526 4747 desiderio
3569 4694 3652 4748 in-

340 4798 574 4849 censum,
608 4782 874 4855 prteclaris
894 4781 1056 4855 jactis
1088 4778 1326 4849 pueritia:
1362 4787 1409 4832 et
1437 4775 1805 4832 adolescentia:
1847 4770 2224 4843 fundamentis,
2267 4766 2574 4839 eloquentia
2611 4768 2770 4822 laude
2808 4780 3066 4842 ornatum,
3101 4777 3250 4846 cujus
3281 4795 3385 4836 non
3412 4784 3508 4838 illa
3538 4789 3654 4859 qui-

340 4878 463 4932 dem
497 4873 680 4943 multa,
721 4875 811 4929 sed
836 4888 962 4929 sane
992 4872 1223 4927 illustria
1252 4877 1581 4924 monumenta
1613 4868 1669 4921 in
1707 4864 1891 4937 uulgus
1931 4862 2258 4934 prodierunt,
2288 4862 2363 4914 ita
2390 4860 2444 4914 in
2484 4862 2752 4931 graviores
2784 4862 3084 4933 facultates,
3129 4875 3416 4938 prtesertim
3444 4894 3561 4936 vero
3599 4884 3653 4940 in

339 4972 657 5046 theologicas
693 4980 799 5024 toto
826 4970 1000 5023 animo
1025 4966 1343 5035 incubuisse,
1376 4974 1484 5019 uta
1524 4963 1708 5037 primis
1738 4959 2030 5035 juventutis
2068 4958 2222 5011 annis
2261 4956 2633 5027 gravissimum
2677 4972 2868 5011 munus
2895 4963 3162 5030 quwrendi
3191 4964 3245 5019 in
3282 4972 3424 5025 omni
3452 4974 3647 5031 theolo-

345 5067 447 5139 gite
473 5079 678 5136 genere,
710 5073 760 5118 et
783 5061 1056 5130 iudicandi
1094 5059 1160 5113 de
1199 5059 1267 5113 iis
1290 5058 1379 5128 qui
1406 5059 1464 5111 in
1492 5054 1817 5129 amplissima
1851 5050 2060 5107 dimcesi
2088 5048 2443 5139 Toletanauad
2468 5049 2771 5103 animarum
2799 5066 2978 5106 curam
3010 5062 3313 5115 assumendi
3341 5082 3646 5133 promoven-

342 5137 501 5226 dique
525 5161 661 5222 sunt,
694 5169 885 5227 magna
913 5168 1032 5205 cum
1056 5151 1249 5222 gloria,
1275 5165 1337 5203 ac
1364 5148 1589 5202 nominis
1613 5144 2000 5201 existimatione
2021 5141 2303 5197 sustineas.
2337 5137 2529 5232 verum
2553 5140 2853 5232 opinionem
2880 5160 3049 5200 meam
3069 5148 3221 5221 longe
3244 5154 3364 5208 vicit
3384 5173 3653 5232 perspecta

342 5247 476 5302 mihi
502 5244 786 5318 singularis
811 5243 1007 5317 ingenii
1038 5243 1114 5297 tui
1140 5242 1237 5306 vis,
1273 5250 1322 5295 et
1362 5256 1525 5295 sacra:
1551 5239 1805 5294 doctrinae
1849 5235 2090 5300 ubertas;
2118 5248 2237 5287 cum
2281 5240 2329 5325 te
2370 5229 2554 5285 Romae
2592 5231 2769 5286 multis
2799 5236 3060 5294 mensibus
3085 5229 3512 5317 commorantem,
3539 5258 3648 5325 fere

339 5340 575 5412 quatidie
597 5340 660 5393 de
679 5337 945 5392 altissimis
971 5334 1240 5407 religionis
1262 5343 1457 5388 nostra?
1478 5330 1763 5404 mysteriis,
1806 5336 1863 5381 ut
1888 5326 2088 5381 occasio
2113 5339 2229 5380 sese
2258 5323 2441 5389 dabat,
2471 5339 2537 5377 ex
2565 5334 2793 5396 tempore
2819 5328 3083 5386 subtiliter
3110 5334 3446 5395 disserentem
3465 5323 3652 5404 audie.

339 5434 469 5502 rim,
498 5443 649 5503 atque
670 5431 745 5484 ita
764 5428 1074 5499 difficillima
1102 5440 1318 5497 qumque
1340 5425 1408 5478 ad
1434 5424 1606 5479 vivum
1628 5427 1964 5481 resecantem,
1998 5431 2157 5513 eaque
2182 5414 2329 5486 facili
2351 5423 2399 5469 et
2427 5414 2714 5513 pro/luenti
2745 5419 2980 5473 oratione
3019 5424 3397 5499 expedientem,
3427 5446 3483 5487 ut
3511 5439 3653 5513 inge.

336 5526 491 5582 nium
529 5522 775 5579 videreris
815 5520 1066 5595 (Augusti
1092 5518 1258 5574 verbis
1286 5517 1427 5589 utar)
1461 5517 1517 5570 in
1546 5526 1817 5570 numerato
1844 5510 2057 5567 habere.
2090 5507 2205 5564 Nec
2238 5523 2384 5563 secus
2422 5507 2789 5563 existimarunt
2819 5521 2890 5565 tot
2920 5513 3001 5568 illi
3028 5515 3127 5569 viri
3155 5520 3437 5594 principes,
3472 5507 3654 5592 Eccle-

336 5618 436 5675 site
463 5628 512 5673 et
542 5618 831 5673 litterarum
851 5613 1062 5681 decora,
1088 5626 1315 5684 quorum
1354 5610 1412 5664 in
1453 5605 1899 5669 consuetudinem,
1934 5601 2185 5656 doctrina:
2229 5613 2405 5654 amore
2432 5596 2645 5664 ductus,
2671 5607 2718 5651 te
2749 5599 2925 5655 libenti
2954 5604 3129 5659 animo
3159 5608 3339 5681 dabas,
3377 5625 3428 5668 et
3465 5624 3651 5690 quibus

340 5716 456 5790 ipse
484 5715 712 5785 impense
731 5710 941 5768 chartis.
974 5717 1318 5779 acceptusque
1356 5720 1472 5759 eras
1503 5711 1714 5775 propter
1743 5698 1934 5772 ingenii
1963 5695 2324 5769 prtvuantiam
2365 5692 2746 5761 candoremque
2771 5693 2934 5749 animi
2976 5696 3101 5754 bene
3140 5706 3423 5767 constituti.
3463 5713 3651 5780 Mirari

370 5854 425 5956 ς
636 5810 917 5873 ΡΑΤιιοι.
954 5803 1134 5869 XIX.

3106 5795 3136 5853 1

266 5939 368 6013 ίὶ)
