4176 6180
430 178 492 234 ll
1478 174 1536 231 Ο.
1584 174 1885 237 VETTIUS
1922 173 2300 245 AQUILINUS
2340 173 2718 261 IUVENCUS.
3663 176 3730 233 12

418 290 573 345 etiam
603 291 656 344 in
682 299 732 345 te
761 288 911 343 licuit
944 286 1157 341 avidum
1173 286 1406 340 studium
1435 285 1700 341 Romanas
1733 288 2068 355 antiquitates
2104 304 2204 359 qua
2233 306 2434 356 sacras,
2462 307 2565 360 qua
2589 294 2840 359 profanas
2868 290 3239 364 investigandi,
3258 289 3520 363 judicium
3548 290 3729 361 exqui-

417 385 577 441 situm
611 386 665 439 in
713 381 1006 438 liberalium
1047 383 1244 436 artium
1292 380 1533 452 operibus
1566 381 1906 448 restituendis,
1945 380 2140 438 ardens
2182 384 2499 438 desiderium
2545 384 2945 453 introspiciendi
2973 385 3147 438 omnia
3174 383 3383 455 pietatis
3411 400 3589 455 opera,
3615 397 3730 451 qua:

420 480 588 533 multa
608 494 670 531 ac
691 477 834 537 varia
862 476 1043 535 Roma:
1070 483 1193 535 sunt
1228 475 1298 529 ad
1343 473 1613 531 hominum
1641 491 1903 535 (erumnas
1945 476 2293 535 sublevandas
2337 478 2598 551 sapienter
2624 479 2904 544 instituta;
2948 489 3001 532 ut
3045 478 3395 549 maximopere
3442 474 3731 547 optandum

420 574 507 639 sit,
540 572 666 627 tales
687 587 750 631 ea:
778 566 1040 640 Hispania
1064 568 1165 627 huc
1195 570 1443 623 ventitare
1473 567 1631 630 viros.
1663 566 1755 640 qui
1783 568 2009 629 vicissim
2031 568 2098 624 ‘et
2129 569 2320 629 bonum
2363 571 2791 629 existimationem
2836 571 2901 625 de
2943 580 3092 641 gente
3135 582 3311 626 nostra
3354 571 3499 641 apud
3528 581 3729 626 exteros

422 667 678 738 inferant,
711 672 758 719 et
791 662 914 717 hinc
939 662 990 716 in
1015 662 1240 733 patriam
1261 661 1480 717 reduces
1508 661 1629 715 boni
1659 659 1858 733 aliquid
1888 671 2153 733 tamquam
2183 680 2247 718 ea:
2273 673 2567 719 mercatura
2595 662 2847 719 bonarum
2878 665 3068 719 artium
3091 675 3372 736 reportent.

495 760 708 816 Utinam
736 775 854 813 vero
882 774 996 812 mea
1019 757 1126 812 [nec
1147 756 1202 810 in
1220 753 1514 811 Iuvencum
1533 755 1859 826 exercitatio,
1892 771 2010 829 qua
2036 764 2127 811 tuo
2166 758 2320 815 etiam
2354 757 2533 817 itineri
2562 755 2802 819 Romano
2850 767 3062 827 accepta
3105 759 3291 826 referri
3320 757 3486 823 debet,
3531 760 3727 812 ueteris

418 854 522 909 tuis
544 851 942 925 cogitationibus
971 859 1020 905 et
1059 851 1197 904 curis
1246 850 1580 922 responderet
1606 851 1627 903 !
1659 846 1857 905 Verum
1897 853 1941 905 si
1977 850 2105 922 quid
2132 852 2184 907 in
2226 870 2289 908 ea
2314 854 2497 920 deerit,
2528 853 2608 909 vel
2636 855 2808 924 potius
2836 853 3089 926 quidquid
3135 854 3317 918 deerit,
3349 854 3564 909 deerunt
3594 854 3727 908 enim

417 944 604 1011 multa,
631 943 785 1013 facile
811 958 985 1011 spero,
1032 951 1079 996 te
1119 941 1249 995 mihi
1279 942 1721 1008 condonaturum,
1744 942 1824 997 vel
1849 953 2064 1015 propter
2090 944 2246 1000 ardui
2266 948 2438 1017 operis
2480 947 2867 1019 difficultatem,
2898 964 3051 1016 quam
3072 950 3184 1020 ipse
3219 949 3273 1002 in
3312 947 3583 1003 Breviario
3624 946 3729 1002 lsi-

419 1035 660 1100 doriano,
694 1033 748 1085 in
771 1032 833 1087 S.
859 1030 1095 1086 Martiae
1127 1031 1455 1105 Legionensi,
1480 1034 1534 1087 in
1569 1031 1819 1088 Patribus
1854 1033 2123 1091 Toletanis
2164 1041 2603 1111 recognoscendis
2627 1084 2642 1107 ,
2664 1049 2721 1093 ut
2752 1042 3146 1095 eminentissimi
3184 1042 3398 1096 editoris
3428 1041 3730 1096 Lorenzana

414 1127 645 1183 laborem
686 1125 875 1196 aliqua
923 1139 990 1179 ea:
1045 1133 1194 1192 parte
1236 1124 1514 1193 relevares,
1569 1125 1658 1178 diu
1706 1138 1953 1195 expertus
2006 1145 2078 1198 es,
2133 1130 2213 1186 vel
2254 1141 2468 1202 praptcr
2509 1132 2830 1206 singularem
2868 1132 3279 1202 humanitatem,
3331 1152 3430 1205 qua
3478 1134 3729 1189 bonarum

415 1216 705 1274 litterarum
727 1214 951 1269 cultores
973 1214 1253 1285 complecti
1284 1214 1441 1283 soles,
1474 1225 1520 1275 et
1548 1228 1632 1275 me
1658 1229 1779 1277 cum
1818 1217 2023 1285 multis.
2056 1217 2137 1277 vel
2161 1220 2354 1289 dicant,
2388 1236 2452 1276 ne
2473 1236 2657 1293 parum
2696 1233 2878 1297 gratus
2917 1223 3117 1290 videar,
3153 1240 3267 1278 cum
3297 1227 3478 1296 primis
3515 1224 3731 1298 benigne

418 1306 694 1379 complecti
721 1302 956 1361 voluisti.
1051 1302 1194 1360 Vale.

2286 1382 2477 1439 Romae
2514 1400 2568 1440 ιν
2609 1383 2725 1442 kal.
2767 1386 2997 1444 Octobr.
3039 1402 3305 1445 uoccxcu.

423 1524 3713 1553 WWW

419 1652 1324 1751 PROLEGOMENA
1364 1654 1489 1739 IN
1531 1652 1634 1739 C.
1694 1652 2240 1739 VETTIUM
2296 1654 2985 1765 AQUILINUM
3031 1657 3720 1749 JUVENCUM.

1880 1819 2278 1835 Μ

1066 1963 1299 2025 CAPUT
1350 1963 1391 2021 l.

425 2063 488 2129 S.
543 2063 855 2139 Hieronymi
917 2064 980 2119 de
1017 2060 1251 2119 Iuvenca
1310 2052 1602 2114 testimonia
1645 2052 2026 2126 expenduntur.

492 2163 684 2235 Opinio
711 2161 775 2216 de
805 2157 1049 2227 religioso
1076 2154 1217 2210 cultu
1258 2149 1386 2208 olim
1408 2147 1639 2207 Iuvenca
1672 2146 1908 2223 prastito
1942 2160 2029 2200 τεν

494 2257 695 2326 ficitur.

498 2351 543 2422 ι
578 2349 632 2404 1.
673 2347 805 2403 Post
842 2342 1203 2405 Prudentium
1241 2347 1293 2395 et
1339 2337 1687 2396 Dracontium
1735 2334 1803 2390 ad
1844 2342 2026 2391 vetera

366 2496 377 2503 .
421 2439 759 2511 exemplaria
788 2435 1107 2507 recognitos
1130 2438 1204 2497 et,
1229 2444 1449 2501 quoquo
1472 2428 1637 2487 modo
1663 2426 1834 2497 potui,
1868 2425 2026 2483 illus-

426 2540 621 2600 tratus,
655 2544 762 2587 non
794 2539 902 2585 tam
939 2541 972 2581 a
1015 2539 1104 2583 me
1135 2520 1415 2579 reddenda
1445 2528 1529 2577 est
1562 2518 1732 2580 ratio.
1764 2531 1863 2573 cur
1886 2529 2032 2571 nunc

422 2624 728 2682 Iuvencum
751 2619 920 2679 simili
941 2617 1091 2672 cultu
1113 2622 1368 2671 ornatum
1387 2612 1570 2678 edant,
1596 2624 1760 2682 quam
1778 2624 1877 2667 cur
1900 2618 2031 2667 tant-

423 2717 517 2775 diu
535 2712 868 2778 distulerim,
892 2717 987 2763 aut
1002 2707 1143 2762 alios
1166 2704 1249 2763 illi
1269 2703 1633 2774 preatulerim.
1657 2700 1754 2761 Est
1774 2697 1920 2755 enim
1942 2697 2032 2763 Iu-

423 2825 663 2875 vencus,
695 2817 752 2865 ut
777 2812 1066 2877 poetarum
1093 2798 1524 2856 christiauorum
1555 2795 1799 2855 omnium
1827 2834 1840 2857 ,
1892 2808 2031 2864 quos

421 2908 569 2963 inter
599 2903 823 2960 Latinos
853 2899 1074 2971 quidem
1103 2897 1384 2953 exstitisse
1408 2901 1561 2950 certo
1584 2893 1858 2957 novimus,
1885 2890 2029 2946 anti—

415 2998 735 3072 quisslmus,
764 2996 836 3050 ita
848 2993 1014 3051 etiam
1034 2992 1216 3047 nitore
1229 2990 1556 3053 verborum,
1576 2986 1861 3057 Elegantia
1878 2985 2028 3057 styli,

422 3103 476 3147 et
519 3088 693 3147 veteri
734 3084 971 3157 quadam
1014 3081 1393 3154 simplicitate,
1425 3081 1495 3135 ad
1521 3080 1769 3136 divinum
1800 3081 1881 3134 sui
1906 3095 2031 3133 car-

425 3182 592 3239 minis
622 3186 1005 3252 argumentum
1035 3177 1199 3248 plane
1225 3172 1660 3239 accommodata,
1695 3172 2032 3244 prtestzmtis~

423 3277 623 3331 simus.
664 3272 722 3327 lu
753 3271 876 3342 ejus
905 3279 1090 3327 autem
1125 3274 1376 3337 poemate
1407 3281 1513 3319 non
1544 3264 1723 3320 solum
1753 3262 1942 3317 mirari
1969 3262 2035 3317 li-

2060 1959 2113 2025 A
2140 1957 2314 2017 nostri
2339 1958 2511 2030 gestis
2540 1957 2814 2031 dictisque
2841 1960 3164 2021 cnarraudis
3190 1960 3587 2021 conferendum
3616 1963 3731 2034 qui-

2128 2050 2253 2109 dem
2275 2067 2303 2105 a
2338 2066 2426 2107 me
2453 2066 2576 2107 esse
2599 2051 2881 2123 intelligo;
2913 2052 3009 2113 sed
3036 2052 3415 2124 adjutnentutn
3440 2053 3543 2110 hoc
3572 2054 3730 2115 valde

2125 2144 2382 2215 exiguum
2410 2144 2476 2203 ad
2507 2153 2717 2203 tantum
2739 2160 2881 2203 onus
2906 2145 3254 2205 subeundum
3277 2159 3402 2205 esse
3427 2145 3585 2205 facile
3606 2162 3730 2218 per—

2125 2237 2326 2306 spicio,
2355 2252 2481 2297 cum
2513 2236 2823 2297 istiusmodi
2853 2238 3234 2299 tractationem
3263 2253 3373 2297 non
3404 2238 3509 2295 nisi
3541 2238 3730 2297 timide

2128 2337 2184 2386 et
2224 2329 2559 2399 pedetentim
2597 2332 2777 2403 quivis
2806 2331 3058 2404 quamvis
3085 2332 3600 2402 experientissimus
3626 2331 3727 2389 de-

2129 2420 2258 2479 beat
2294 2423 2542 2493 aggredi.
2597 2422 2810 2495 Sequar
2852 2424 3018 2496 igitur
3057 2423 3251 2481 ducem
3288 2423 3591 2483 Iuvencum
3619 2440 3731 2481 nou

2129 2515 2351 2584 quidem
2379 2517 2627 2583 passibus
2655 2520 2846 2590 a‘quis,
2888 2518 2986 2575 sed
3013 2529 3199 2576 tamen
3225 2527 3284 2575 ut
3313 2529 3527 2588 potero.
3572 2517 3732 2575 Conv

2130 2612 2507 2675 mentationos
2556 2613 2609 2669 in
2656 2611 2974 2678 Seduliuut,
3024 2615 3333 2676 Aratorem,
3366 2612 3615 2683 aliosque
3643 2626 3733 2668 sa-

2130 2719 2254 2762 eros
2303 2715 2497 2775 poetas
2548 2706 2602 2763 iu
2629 2706 2777 2763 aliud
2811 2715 3025 2778 tempus
3054 2705 3323 2774 diferam,
3371 2722 3444 2763 ne
3472 2704 3606 2762 mihi
3632 2706 3735 2765 alia

2130 2800 2254 2871 quis
2279 2801 2595 2871 exprobret,
2619 2801 2764 2873 quod
2788 2801 3028 2860 Antonio
3051 2800 3393 2859 Nebrisscnsi
3417 2801 3590 2857 Nicol.
3621 2800 3734 2858 Au~

2097 2912 2110 2928 ι
2132 2894 2313 2949 tonius
2349 2894 2653 2962 objicicltat
2698 2894 2961 2952 Biblimlt.
3005 2903 3114 2951 vet.
3163 2894 3199 2951 l.
3231 2910 3292 2960 tt,
3320 2910 3369 2949 c.
3502 2904 3640 2964 part.
3676 2896 3728 2962 ί,

2134 3002 2285 3041 num.
2315 2986 2418 3043 lli
2444 3004 2459 3041 :
2496 2986 2720 3043 Nullum
2749 3003 2871 3047 vero
2889 2988 3137 3047 hactenus
3151 2986 3395 3045 habuisse
3412 2985 3725 3055 Iuvencum,

2130 3078 2221 3147 qui
2247 3077 2442 3133 critica
2468 3077 2775 3145 industria,
2802 3088 2921 3157 aut
2963 3077 3328 3150 ωριὶοοιὶοηὶε
3374 3082 3581 3148 facem,
3626 3094 3735 3148 qua

2132 3168 2349 3241 indiget,
2381 3169 2427 3224 ei
2451 3168 2778 3235 prteluceret,
2803 3178 2986 3242 preter
3007 3186 3169 3233 unum
3193 3168 3471 3225 Barthium
3491 3185 3557 3227 ea:
3583 3179 3734 3239 parte

2132 3263 2332 3334 aliqua,
2366 3272 2413 3317 et
2442 3260 2744 3319 Fabricium
2774 3262 2878 3321 levi
2909 3280 3069 3319 manu
3093 3264 3147 3321 in
3175 3280 3232 3319 re
3262 3280 3446 3330 usum,
3481 3279 3541 3318 eo
3569 3263 3733 3333 magis

423 3376 511 3424 oet
536 3367 791 3438 primam,
810 3363 1005 3419 saltem
1035 3362 1180 3418 inter
1208 3360 1451 3427 Latinos,
1480 3368 1715 3430 quatuor
1731 3358 2036 3427 evangelio—
2063 3353 2112 3414 B
2138 3360 2296 3413 miror
2317 3400 2332 3423 ,
2374 3358 2516 3424 quod
2559 3375 2677 3413 cum
2720 3358 2976 3415 Antonius
3007 3357 3370 3414 Nebrissensis
3399 3367 3574 3417 noster
3596 3399 3612 3422 ,
3639 3356 3733 3429 qui

430 3475 555 3518 rum
603 3455 961 3515 concordiam
988 3494 1004 3521 ,
1054 3454 1122 3509 ad
1149 3451 1308 3524 cujus
1340 3452 1703 3509 imitationem
1732 3454 2039 3507 innumeras

430 3553 559 3609 alia
573 3561 761 3623 postea
781 3547 1127 3620 prodierunt,
1149 3561 1336 3602 verum
1359 3546 1525 3600 etiam
1546 3545 1853 3614 peculiares
1869 3558 2035 3613 quias-

435 3644 563 3701 datu
600 3640 1085 3710 interpretationes
1115 3652 1398 3693 sacrarum
1428 3636 1738 3691 litterarum
1766 3643 2039 3690 vetustate

434 3753 531 3794 sua
569 3733 1079 3798 commendabiles,
1122 3729 1442 3785 varietatem
1491 3739 1758 3798 preterea
1789 3728 2041 3784 lectionis

436 3831 494 3886 in
541 3828 818 3885 volumine
869 3824 1333 3894 Evangeliorum,
1381 3836 1491 3889 quo
1522 3819 1614 3876 ille
1638 3830 2033 3891 suotempore,

438 3922 662 3979 ineunte
689 3918 899 3974 scilicet
926 3915 1137 3971 saeculo
1162 3930 1240 3979 IV,
1273 3914 1546 3968 utebatur.

506 4014 563 4070 2.
598 4013 804 4071 Verum
821 4009 1123 4067 Prudentia
1142 4007 1506 4079 principatum
1531 4008 1673 4064 inter
1688 4012 1883 4075 poetas
1900 4004 2043 4059 chri-

434 4107 669 4172 stianos,
697 4119 863 4176 quem
892 4102 1031 4159 olim
1062 4101 1243 4157 libens
1270 4115 1397 4157 cum
1430 4098 1705 4170 plerisque
1730 4098 1940 4155 asserui
1972 4097 2043 4153 ob

437 4198 749 4259 mirabilem
788 4210 979 4252 rerum
1025 4201 1081 4249 et
1109 4192 1417 4249 carminum
1458 4193 1813 4256 varietatem,
1839 4190 2044 4247 acutis-

440 4294 641 4348 simum
681 4287 988 4361 ingenium,
1036 4288 1287 4357 ingentes
1326 4285 1553 4354 spiritus
1584 4286 1639 4356 α
1663 4282 1939 4353 poeticos,
1987 4292 2046 4339 et

441 4384 782 4455 singularem
798 4378 1127 4441 dcetrinam,
1164 4392 1265 4433 nec
1285 4392 1432 4433 nunc
1453 4378 1677 4445 quidem
1700 4390 1920 4446 negare,
1952 4382 2046 4430 aut

445 4478 501 4532 in
529 4474 757 4531 dubium
785 4485 1050 4529 revocare
1076 4477 1163 4525 est
1190 4469 1433 4527 animus.
1483 4467 1556 4524 Ut
1584 4478 1772 4524 autem
1803 4466 2047 4535 proxime

450 4579 574 4642 post
600 4567 965 4625 Prudentium
1006 4580 1038 4620 e
1076 4578 1197 4619 mea
1228 4578 1393 4619 manu
1427 4561 1673 4631 prodiret
1698 4561 2045 4626 Dracontius,

2139 3453 2324 3521 potuit,
2369 3451 2649 3522 debuitquo
2676 3468 2782 3507 una
2821 3467 2939 3507 cum
2971 3451 3190 3509 Sedqu
3232 3462 3284 3514 et
3309 3451 3530 3509 Arcturo
3571 3450 3737 3507 multo
3796 3453 3804 3459 ⁷

2137 3548 2300 3619 magis
2327 3544 2616 3601 Iuvencum
2641 3547 2806 3602 civem
2833 3563 2985 3602 suum
3016 3546 3376 3605 commendare
3403 3546 3504 3618 piis
3526 3543 3735 3601 lectori-

2138 3638 2232 3695 bus
2262 3654 2296 3694 a
2338 3653 2393 3691 se
2418 3636 2792 3707 explanatum,
2848 3637 2905 3691 iu
2955 3635 3174 3697 Sedulio
3216 3635 3428 3707 quidem
3464 3634 3737 3697 industria:

2137 3746 2250 3786 aute
2278 3744 2493 3798 operam
2516 3728 2807 3801 posteritati
2835 3728 3204 3795 transmiserit,
3235 3729 3291 3782 in
3311 3728 3583 3785 Aratorem
3603 3744 3741 3783 corn‘

2139 3823 2393 3879 mentaria
2424 3832 2607 3889 parata
2635 3838 2690 3877 se
2716 3820 2905 3879 habere
2933 3819 3129 3879 alicubi
3158 3830 3377 3879 testatus
3408 3822 3567 3892 fuerit
3597 3837 3615 3877 .'
3639 3819 3739 3877 Iu-

2142 3932 2296 3971 venca
2324 3925 2502 3973 autem
2524 3914 2766 3988 Hispano
2789 3915 2965 3973 nullus
2990 3916 3256 3988 suppetias
3283 3916 3436 3976 ivisse
3459 3918 3736 3987 referatur.

2142 4006 2221 4062 Ne
2250 4022 2380 4063 vero
2431 4023 2554 4064 meo
2604 4010 2742 4064 mori
2784 4008 2985 4077 desim,
3036 4009 3122 4065 liis
3151 4009 3563 4082 Proiegtuueuis
3592 4028 3740 4068 com-

2143 4097 2350 4169 plectar
2394 4097 2619 4168 quiquid
2658 4097 2729 4154 de
2756 4113 2860 4164 eo,
2899 4098 2969 4157 dc
2993 4099 3119 4170 ejus
3141 4099 3424 4170 oneribus.
3457 4100 3741 4159 codicibus

2146 4205 2318 4257 msa.,
2373 4191 2856 4264 editiouibusque,
2912 4194 3102 4253 multis
3150 4195 3207 4255 in
3247 4195 3390 4255 locis
3424 4195 3737 4266 dispersum

2144 4283 2362 4353 collegi.

2217 4379 2271 4434 4.
2303 4377 2424 4436 Non
2452 4380 2646 4450 exigua
2681 4380 2797 4437 laus
2821 4379 3050 4439 Iuvenci
3077 4393 3187 4448 est,
3215 4383 3365 4453 quod
3392 4398 3426 4439 a
3457 4383 3517 4441 S.
3549 4383 3747 4441 Hiero-
3788 4440 3795 4446 .

2149 4489 2313 4546 nymo
2345 4489 2451 4531 non
2484 4473 2658 4531 semel
2701 4489 2803 4531 nec
2832 4474 3207 4544 perfunctorie
3251 4475 3504 4535 laudatus
3535 4476 3738 4535 fuerit:

2153 4580 2329 4637 neque
2371 4567 2519 4623 enim
2562 4565 2636 4621 de
2664 4565 2784 4636 ejus
2826 4566 2880 4641 3
2909 4568 3018 4625 vita
3049 4568 3343 4639 quidquam
3371 4569 3522 4626 aliud
3547 4571 3745 4641 explo-

448 4665 541 4721 illa
588 4678 675 4719 me
724 4659 864 4717 ratio
910 4658 1149 4728 impulit,
1202 4656 1349 4727 quod
1379 4654 1540 4726 hujus
1566 4655 1809 4710 carmina
1836 4654 2049 4711 duabus
2150 4672 2329 4714 ratum
2359 4657 2645 4723 habemus,
2678 4674 2840 4728 quant
2863 4660 3008 4730 quod
3035 4658 3104 4716 de
3131 4675 3201 4717 eo
3229 4661 3451 4718 tradidit
3473 4662 3743 4735 Hierony-

450 4756 698 4829 partiltus
746 4753 987 4809 auctiora
1009 4794 1021 4813 ,
1076 4766 1239 4821 quam
1285 4765 1409 4817 qua:
1438 4758 1598 4803 antea
1627 4748 1962 4817 prodierant,
1992 4747 2045 4803 iu
2074 4738 2121 4803 C
2152 4766 2293 4806 unus.
2344 4750 2418 4807 ita
2463 4765 2594 4820 ergo
2627 4752 2920 4820 praclarus
2952 4754 3040 4809 hic
3069 4752 3263 4811 doctor
3289 4754 3359 4811 de
3394 4755 3506 4811 Vir.
3540 4756 3737 4813 illustr.

448 4847 731 4909 codicibus
757 4860 890 4903 mss.
925 4860 954 4898 a
980 4858 1065 4898 me
1089 4851 1326 4911 reperta,
1357 4857 1423 4895 ex
1448 4840 1645 4910 quibus
1667 4841 1889 4895 omnino
1913 4841 2055 4896 alius

447 4936 780 4997 Dracontius
810 4941 1043 5005 apparet
1065 4976 1080 4998 ,
1115 4934 1289 4988 multo
1317 4932 1581 5003 majorem
1614 4932 1904 4989 utilitatem
1933 4943 2049 4989 stu-

2147 4858 2271 4910 cap.
2304 4841 2396 4906 84,
2432 4852 2566 4898 tom.
2594 4858 2653 4907 lt,
2686 4844 2795 4899 col.
2827 4843 2933 4901 909
2959 4863 2971 4898 :
3002 4843 3288 4913 Iuvencus,
3321 4847 3628 4903 nobilissimi
3657 4866 3749 4919 ge-

2150 4939 2289 4993 neris
2307 4980 2323 5005 ,
2370 4936 2643 5008 Hispanus
2671 4937 2941 5010 presbyter
2959 4980 2974 5004 ,
3016 4951 3238 5013 quatuor
3267 4940 3559 5014 Evangelia
3584 4941 3747 4998 ltera-

447 5032 623 5091 diusis
649 5029 915 5091 doctrina:
944 5038 1000 5087 et
1030 5026 1376 5097 antiquitatis
1405 5040 1581 5081 sacrae
1618 5026 1748 5082 milii
1781 5028 1891 5081 visa
1927 5034 2060 5083 sunt
2153 5030 2331 5086 metris
2366 5030 2595 5087 verribus
2641 5045 2772 5102 pene
2809 5031 2878 5086 ad
2906 5033 3117 5089 verbum
3144 5034 3486 5103 transferens,
3517 5044 3744 5105 quatuor

446 5126 705 5190 allatura,
758 5135 927 5191 quam
978 5117 1480 5175 commentationes
1517 5118 1639 5174 ulla:
1670 5136 1808 5174 utare
1836 5118 1889 5174 in
1915 5119 2055 5176 alios

450 5216 784 5275 christianos
816 5222 1028 5282 poetas,
1061 5213 1117 5269 iu
1141 5227 1372 5281 «tuorum
1406 5213 1559 5281 poesi
1591 5213 1678 5267 vix
1710 5212 1855 5267 aliud
1888 5228 2053 5283 agere

446 5310 597 5380 licet,
641 5308 747 5369 nisi
774 5316 1012 5368 veterem
1038 5306 1344 5371 lectionem,
1372 5305 1651 5362 codicibus
1668 5306 1891 5377 optimm
1906 5314 2051 5362 notat

450 5404 731 5474 inspectis,
761 5400 1118 5459 constituere.

521 5495 575 5551 5.
607 5493 924 5551 Deterrebat
972 5506 1065 5549 me
1107 5492 1277 5547 etiam
1302 5490 1373 5545 ab
1401 5489 1644 5547 editione
1670 5491 1899 5548 Iuvenci
1929 5508 2047 5549 ma-

443 5590 621 5656 iestas
654 5586 770 5655 ipsa
798 5582 1130 5655 metuenti.
1163 5581 1327 5651 Quod
1349 5583 1396 5638 si
1427 5597 1530 5640 usu
1569 5591 1627 5638 et
1653 5586 2049 5643 exercitatione

447 5677 505 5737 in
529 5678 635 5741 huc
659 5689 868 5749 neme
894 5674 1098 5749 aliquid
1128 5673 1360 5748 profeci,
1390 5675 1445 5735 id
1472 5683 1644 5736 totum
1666 5676 1720 5733 in
1745 5677 2051 5737 Salvatoris

2152 5123 2310 5177 libros
2358 5125 2646 5195 composuit
2665 5164 2678 5190 ,
2710 5133 2759 5179 et
2791 5126 3043 5182 nonnulla
3070 5126 3248 5183 eodem
3276 5137 3434 5183 metro
3464 5128 3534 5185 ad
3560 5144 3743 5183 sacra-

2153 5228 2440 5272 mentorum
2476 5217 2711 5274 ordinent
2754 5219 3077 5279 pertinentia.
3129 5218 3338 5279 Floruit
3365 5220 3460 5279 sub
3486 5203 3747 5279 Constitit:-

2161 5310 2271 5365 tino
2313 5311 2568 5382 principe.
2625 5311 2689 5367 In
2713 5312 2945 5376 quodam
2983 5312 3213 5370 Iuvenci
3238 5311 3428 5369 codice
3460 5314 3564 5373 hoc
3590 5313 3748 5373 testiv

2158 5406 2399 5460 monium
2422 5405 2741 5475 exprimitur
2764 5422 2887 5462 cum
2910 5407 3094 5478 aliqua
3118 5407 3401 5471 varietate,
3425 5414 3484 5461 ut
3511 5406 3753 5467 scieram

2156 5513 2305 5553 num.
2339 5497 2428 5554 50.

2225 5591 2277 5645 tl.
2310 5588 2609 5647 Vallarsius
2636 5592 2690 5648 in
2719 5592 2862 5648 notis
2890 5591 3293 5660 animadvertit,
3326 5604 3399 5649 ex
3427 5590 3545 5662 ipso
3569 5591 3749 5661 genti-

2151 5680 2270 5739 litio
2297 5681 2520 5740 nomine
2545 5684 2683 5741 satis
2710 5697 3008 5755 apparere,
3050 5682 3355 5743 Iuvencum
3384 5680 3557 5743 fuisse
3587 5682 3748 5743 nobi-
