4176 6180
426 236 495 291 ts
762 207 766 212 ’
1750 227 2295 297 recusantium.
3657 232 3721 292 tt

425 350 617 409 tissimi
648 350 894 421 generis,
919 352 1047 422 quia
1075 352 1128 407 in
1162 350 1320 413 libris
1349 349 1613 418 antiquis,
1641 350 1835 411 Iurelo
1862 359 2020 417 teste,
2052 351 2107 423 Α
2132 348 2267 405 tium
2297 362 2496 409 nomen
2522 346 2781 411 Iuvenci,
2822 345 3067 419 adeoque
3101 347 3341 415 Vettius,
3384 357 3477 405 aut
3515 350 3727 409 Vectius

422 445 729 516 appellatur
758 447 816 501 C.
858 444 1060 501 Vettius
1090 445 1370 517 Aquiliana
1394 442 1674 501 Iuvencus.
1707 442 1868 501 Certe
1898 442 2022 501 llie-

424 540 639 611 ronymi
683 539 1061 597 testimonium
1105 540 1175 597 de
1202 537 1375 595 nobili
1408 553 1610 608 genere
1640 536 1869 594 Iuvenci
1898 552 2025 606 pro-

430 631 653 688 batiune
700 648 809 687 non
850 630 1079 703 indiget.
1129 631 1329 690 Verum
1380 640 1758 701 argumentum
1802 630 2021 701 aliquod

434 740 533 796 pro
561 725 754 783 eadem
800 725 1084 781 nobilitate
1132 740 1239 781 non
1288 724 1505 795 quidem
1555 724 1782 781 omnino
1813 722 2024 792 perspi-

430 836 591 876 cuum
611 862 625 885 ,
660 822 756 876 sed
784 818 1071 891 probabile
1099 819 1300 890 petitur
1328 834 1399 875 ex
1428 828 1660 889 quatuor
1683 816 2022 883 nominibus,

426 913 623 984 quibus
666 913 718 966 in
753 912 984 967 vetustis
1013 911 1346 969 membranis
1374 909 1667 981 insignitus
1702 919 1783 965 est
1811 908 2022 973 Juven-

430 1021 548 1063 cos.
584 1005 711 1062 Haec
737 1018 920 1061 autem
950 1006 1168 1062 nomina
1197 1020 1308 1063 non
1335 1004 1528 1061 eodem
1562 1006 1725 1061 modo
1755 1002 1825 1059 ab
1850 1003 2026 1061 omni-

430 1100 530 1155 bus
558 1099 886 1156 elferuntur.
935 1098 1175 1154 Ioannes
1212 1097 1471 1154 Albcrttts
1512 1096 1793 1155 Fabricius
1836 1097 1888 1151 in
1936 1094 2025 1153 Bi—

427 1194 628 1252 bliotli.
664 1195 785 1251 Lat.
822 1193 950 1251 libr.
976 1210 1052 1260 tv,
1083 1208 1205 1264 cap.
1236 1193 1290 1258 2,
1331 1209 1395 1248 ex
1425 1192 1617 1251 Iurelo
1643 1207 1765 1262 pag.
1789 1189 1916 1257 275,
1954 1189 2023 1246 ad

426 1286 772 1361 Symmacb.,
804 1296 859 1342 et
881 1286 1053 1351 Paulo
1077 1285 1396 1343 Coloniesio
1423 1286 1475 1340 in
1500 1284 1931 1354 Paralipomenis
1956 1283 2025 1338 ad

429 1379 923 1451 Cbartopltylaeent
948 1378 1224 1437 Guilielmi
1249 1378 1431 1437 Cavei.
1456 1388 1511 1435 et
1540 1377 1605 1433 ad
1634 1376 1839 1447 dialog.
1870 1374 1904 1429 5
1925 1374 2025 1448 Gy-

429 1473 567 1530 raldi
612 1472 682 1529 de
724 1471 935 1542 poetis,
992 1474 1261 1541 intust-um
1292 1470 1525 1529 Iuvenci
1558 1483 1755 1529 nomen
1798 1468 1870 1525 ait
1900 1482 2026 1525 esse

428 1566 705 1635 Aquilittus
734 1564 891 1619 Caius
934 1562 1134 1618 Vettius
1162 1562 1445 1625 Iuvencus,

503 1657 557 1716 6.
599 1657 657 1717 in
710 1656 992 1715 codicibus
1036 1671 1169 1715 mss.
1222 1655 1558 1722 referendis,
1610 1671 1763 1713 num.
1814 1654 1923 1712 306
1972 1663 2027 1708 et

2127 441 2478 498 scribendum
2508 450 2625 510 est,
2658 439 2904 511 quamvis
2938 441 3101 495 etiam
3142 440 3341 510 Velius,
3371 455 3428 502 et
3470 441 3647 512 Vett’ts,
3670 455 3729 502 et.

2138 532 2329 590 Vettius
2360 536 2413 590 in
2459 534 2740 589 veteribus
2770 534 3048 591 nonnullis
3081 539 3446 592 monumentis
3477 541 3721 610 reperia-

2130 638 2218 685 tur
2250 647 2263 683 :
2308 645 2432 687 nam
2479 631 2748 702 gentilitia
2793 631 3015 691 nomina
3044 632 3114 691 ab
3152 633 3274 687 aliis
3303 633 3544 695 derivari
3577 638 3723 693 sole-

2127 724 2293 792 bant,
2327 735 2384 781 ιιι
2413 723 2707 793 Cornelius,
2745 723 2974 788 Tullius,
3008 722 3285 797 Claudius,
3317 726 3515 795 Julius,
3549 729 3726 785 rEnti-

2127 817 2250 887 lius,
2282 831 2389 877 etc.
2441 818 2519 876 De
2553 819 2778 876 nomine
2807 834 2939 876 vero
2972 819 3175 886 Vettii,
3223 832 3320 877 aut
3374 822 3540 885 Vectii
3587 826 3728 883 nihil

2125 910 2272 967 aliud
2300 910 2476 969 habeo
2524 911 2670 984 quod
2702 928 2767 967 ex
2814 912 3054 989 antiquis
3084 913 3381 984 proferam,
3427 915 3536 971 nisi
3576 918 3726 989 quod

2126 1000 2490 1076 Glandorpius
2521 1003 2574 1059 in
2604 1004 2889 1063 Onomast.
2933 1003 3097 1063 Rom.
3130 1020 3329 1063 nomen
3361 1005 3582 1065 familia?
3612 1009 3725 1065 Ro-

2127 1112 2300 1151 manae
2330 1097 2554 1171 plebeia:
2583 1097 2747 1153 tradit
2777 1112 2923 1165 esse,
2961 1114 3083 1173 quae
3116 1100 3338 1156 tandem
3366 1102 3468 1156 sub
3491 1106 3729 1179 impera-

2128 1188 2337 1245 toribus
2390 1189 2662 1261 restvicere
2710 1191 2779 1249 ad
2833 1191 3067 1251 honores
3094 1194 3280 1265 erepit.
3326 1193 3520 1251 Plures
3548 1206 3728 1254 tamen

2132 1282 2352 1341 Vectios
2384 1284 2625 1341 lllllSll‘CS
2658 1286 2921 1343 nominat.
2957 1284 3014 1345 ltt
3037 1288 3286 1347 Juvenco
3316 1288 3366 1345 id
3391 1305 3589 1349 nomen
3618 1307 3732 1351 ma-

2127 1374 2228 1445 gis,
2264 1385 2325 1429 ut
2354 1375 2486 1443 dixi,
2520 1378 2845 1447 gentilitium
2872 1387 2980 1446 est,
3011 1395 3177 1448 quam
3201 1379 3445 1449 familiae,
3477 1382 3730 1452 adeoque

2128 1482 2250 1523 cum
2278 1468 2393 1527 ltaec
2410 1469 2632 1525 nomina
2655 1469 2921 1543 gentilitia
2948 1470 3266 1542 plerumque
3286 1487 3351 1533 ex
3376 1473 3496 1529 loco
3517 1475 3724 1545 aliqua,

2128 1569 2223 1616 aut
2265 1571 2428 1635 gente
2478 1562 2837 1632 mattaverint,
2889 1574 2948 1621 ιιι
3000 1563 3317 1636 Tarquinius
3345 1583 3374 1623 ιι
3408 1565 3732 1641 Tarquiniis,

2131 1668 2237 1709 non
2267 1653 2449 1723 inepta
2478 1654 2794 1725 conjectura
2821 1655 2947 1714 duci
2976 1664 3175 1729 potest,
3208 1656 3510 1715 Iuvencum
3533 1675 3599 1717 ex
3627 1659 3736 1715 Ve—

429 1767 611 1823 seqq.,
657 1752 822 1807 modo
864 1752 1137 1820 profertur
1164 1751 1460 1823 appellatio
1488 1751 1546 1809 ϐ.
1586 1749 1749 1807 Vectii
1773 1748 2021 1815 Iuvenci,
2054 1738 2377 1810 Bctonibus
2409 1762 2509 1801 seu
2542 1745 2871 1807 Vettonibus
2925 1748 3142 1819 populis
3174 1748 3469 1805 Lusitania:
3498 1753 3735 1822 antiquae

431 1845 595 1901 modo
622 1843 857 1914 Aquiliui
883 1842 1126 1906 Iuvenci,
1158 1843 1323 1900 modo
1355 1843 1417 1910 ρ.
1466 1843 1597 1903 Vetti
1620 1842 1813 1914 Aquilii
1832 1840 2030 1899 Iuven-

432 1937 502 2001 ci,
537 1935 700 1991 modo
731 1934 831 1991 Gai
865 1935 1012 1990 Vecti
1041 1933 1295 2006 Aquilitti,
1332 1936 1494 1991 modo
1524 1933 1581 1991 C.
1620 1934 1772 1993 Vettii
1799 1934 2031 2006 Aquiliui

432 2025 680 2093 Iuvenci,
734 2027 898 2085 modo
935 2025 995 2081 C.
1052 2026 1186 2082 Vetti
1214 2027 1447 2098 Aquilini
1474 2025 1720 2096 Iuvenci,
1776 2027 1936 2082 modo
1964 2024 2025 2080 C.

446 2122 603 2177 l'ectii
657 2122 890 2189 Aquilini
937 2120 1176 2178 Iuvenci.
1236 2122 1517 2192 Remigius
1561 2122 1905 2187 Ceillierins,
1962 2122 2030 2179 tle

438 2216 639 2284 Svript.
683 2216 820 2271 eccl.
866 2223 1001 2271 tom.
1049 2230 1119 2282 tv,
1161 2215 1389 2279 asserit,
1442 2214 1561 2285 ejus
1592 2232 1789 2271 nomen
1824 2215 1877 2269 ιιι
1909 2217 2027 2284 ιιιιί-

443 2306 667 2362 busdam
710 2323 843 2363 mss.
882 2321 1007 2365 esse
1038 2307 1312 2376 Aquilium
1356 2305 1514 2363 Caius
1568 2306 1789 2363 Vettius.
1844 2306 2032 2377 Neque

440 2398 827 2464 omittendum,
863 2399 916 2453 itt
946 2398 1164 2457 duobus
1193 2398 1474 2455 codicibus
1498 2401 1883 2470 tuattttscriptis
1905 2399 2035 2457 Flo-

437 2489 665 2545 retttinis
694 2489 817 2543 addi
858 2487 921 2544 V.
951 2488 1039 2560 C.,
1072 2506 1192 2561 qua:
1225 2502 1369 2549 nom:
1397 2490 1630 2547 innuttnt
1654 2492 1819 2546 virum
1846 2492 2034 2547 claris-

434 2582 661 2637 simum:
705 2581 774 2637 de
814 2597 922 2651 qtto
968 2581 1122 2638 titulo
1150 2583 1259 2639 disi
1291 2586 1356 2636 ad
1384 2582 1767 2651 Prudentium,
1812 2584 1865 2643 itt
1903 2584 2035 2643 Pto-

437 2673 636 2744 legom.
668 2688 822 2728 num.
854 2673 927 2729 50
952 2689 1069 2749 seq.
1096 2675 1228 2742 Sed,
1258 2684 1435 2746 ntego
1458 2678 1731 2747 suspicor,
1760 2676 2034 2739 iuvencus

437 2768 517 2823 vir
542 2768 860 2822 clarissimus
888 2783 998 2825 non
1029 2784 1059 2829 a
1092 2771 1391 2833 veteribus.
1425 2770 1519 2827 sed
1549 2785 1580 2826 ιι
1609 2771 1814 2827 recenti
1846 2772 2034 2843 aliquo

439 2860 661 2917 librario
685 2869 913 2917 vocatus
939 2868 1046 2917 est.
1074 2861 1134 2917 ιιι
1166 2863 1354 2919 codice
1380 2862 1644 2921 Vaticano
1672 2865 1873 2935 regina:
1900 2864 2036 2921 Sue—

436 2956 571 3022 eiae,
599 2971 760 3025 quem
786 2955 1093 3015 describam
1119 2972 1273 3013 num.
1309 2956 1410 3025 £8,
1448 2957 1529 3013 sic
1556 2956 1775 3013 nomina
1806 2956 2036 3015 Iuvenci

438 3047 656 3106 invenio
684 3066 698 3105 :
738 3046 838 3104 Gai
869 3046 1009 3104 Vetti
1037 3049 1270 3120 Aquilini
1298 3048 1553 3115 Iuventi,-
1584 3049 1636 3103 in
1665 3048 2037 3111 Ottoboniano

2132 1837 2275 1895 inter
2312 1837 2530 1893 Dorium
2562 1850 2616 1899 et
2646 1838 2851 1911 Tagum
2884 1840 2936 1918 5
2965 1840 3234 1909 originem
3266 1858 3421 1901 suam
3476 1844 3731 1900 traxisse.

2131 1929 2209 1993 Ac
2240 1932 2472 1987 fortasse
2501 1932 2616 1987 haec
2646 1931 2745 1987 fuit
2769 1946 2936 1991 causa
2964 1948 3062 1991 cur
3102 1936 3351 1990 nonnulli
3386 1937 3613 2006 patrium
3641 1935 3736 1992 Ju-

2133 2027 2284 2081 venci
2304 2025 2513 2081 Olivatn
2540 2024 2712 2087 fuisse
2728 2028 3118 2096 conlittxerint,
3146 2031 3377 2103 utpattlo
3398 2045 3520 2104 post
3544 2040 3732 2089 osten—

2130 2119 2278 2181 dam.
2312 2120 2370 2179 ln
2408 2119 2645 2177 llistoria
2673 2123 3047 2183 ecclesiastica
3080 2125 3284 2187 Natalis
3303 2126 3603 2183 Alemndri
3632 2144 3738 2185 suz-
3772 2198 3775 2199 ν

2132 2213 2257 2269 culo
2286 2212 2374 2280 iV,
2409 2228 2528 2286 cap.
2564 2214 2619 2283 6,
2648 2225 2752 2271 art.
2784 2216 2851 2285 ὀ,
2906 2232 3100 2271 nomen
3130 2216 3231 2275 ltoe
3254 2216 3481 2277 Iuvenci
3514 2220 3739 2284 cllet'tur

2146 2303 2369 2373 l’estius,
2402 2315 2460 2361 et
2489 2307 2650 2363 tertio
2680 2306 2801 2363 loco
2833 2308 3073 2381 ponitur,
3107 2311 3320 2369 scilicet
3346 2310 3508 2369 Caius
3535 2313 3740 2384 Aquili-

2135 2414 2235 2455 ttus
2292 2395 2492 2453 Vcstius
2542 2396 2845 2457 Iuvencus:
2899 2401 2972 2461 uti
3023 2402 3189 2459 etiam
3237 2420 3302 2459 ex
3333 2402 3496 2461 Petro
3526 2404 3743 2463 Pttltazo

2137 2487 2358 2544 tradidit
2404 2487 2691 2556 Labbeus.
2738 2491 2805 2549 de
2836 2489 3040 2560 Script.
3072 2492 3301 2559 oculos,
3332 2495 3423 2571 qui
3460 2506 3638 2553 tamen
3672 2514 3739 2553 ex

2138 2582 2305 2637 veteri
2354 2582 2463 2637 alio
2502 2583 2809 2655 exemplari
2840 2583 3049 2659 profert
3079 2585 3271 2649 Gaium
3310 2586 3542 2645 Vectium
3573 2592 3739 2665 Aqui-

2138 2674 2324 2729 linum.
2940 2692 2945 2697 '

2211 2767 2263 2824 9.
2300 2766 2529 2825 Romani
2588 2769 2924 2838 praenomine
2972 2781 3030 2825 et
3061 2775 3280 2829 nomine
3311 2790 3418 2831 non
3456 2780 3745 2845 contenti,

2139 2860 2467 2920 addiderunt
2517 2876 2846 2935 cognomen.
2900 2862 3221 2934 llttjusmodi
3274 2870 3595 2946 cognomina
3644 2885 3740 2931 aut

2138 2951 2208 3005 ab
2234 2952 2448 3017 animo,
2479 2960 2628 3011 aulo
2658 2967 2923 3024 corpore,
2973 2967 3122 3017 aula
3170 2972 3300 3015 casu
3351 2960 3550 3028 imponi
3598 2964 3743 3017 sole-

2142 3042 2294 3098 bant.
2341 3043 2611 3101 Videlicet
2651 3060 2680 3101 a
2712 3045 2899 3103 colore
2944 3048 3076 3103 dicti
3109 3058 3235 3107 sunt
3278 3049 3526 3119 Rutilus,
3578 3053 3744 3108 Ebur-

370 3178 376 3182 .
438 3153 600 3207 vero,
631 3138 701 3195 de
728 3154 836 3210 quo
862 3155 1017 3212 agam
1047 3156 1198 3199 nunt.
1231 3140 1326 3207 49,
1360 3140 1430 3197 ita
1460 3159 1471 3195 :
1503 3139 1605 3197 Gai
1643 3139 1775 3196 Vetti
1803 3140 2037 3213 Aquilini
2061 3120 2109 3191 (ἶ
2140 3153 2237 3195 nus
2262 3180 2277 3207 ,
2326 3137 2631 3206 Aquiliana,
2678 3139 2840 3199 Albus
2861 3183 2876 3209 .
2931 3139 3119 3215 Niger,
3169 3142 3338 3223 Rufus
3358 3188 3373 3217 ,
3414 3143 3612 3205 Flavus
3635 3193 3649 3214 ,
3684 3160 3744 3206 ut

435 3233 674 3295 Iuvenci.
726 3233 1031 3291 Discrimen
1062 3235 1242 3291 solum
1275 3242 1361 3291 est
1389 3239 1442 3293 in
1473 3233 1706 3299 Iuventi,
1738 3246 1791 3291 et
1819 3234 2038 3297 Iuvenci

438 3327 691 3383 nomine:
721 3324 778 3399 4
802 3342 926 3382 nam
949 3325 1051 3383 Gai
1071 3344 1167 3398 pro
1190 3326 1280 3384 Cui
1303 3328 1449 3384 clare
1476 3328 1530 3384 in
1554 3336 1783 3398 utroque
1802 3328 2033 3400 legitur:

442 3429 497 3476 et
523 3422 713 3476 eodem
740 3420 904 3476 modo
931 3422 1126 3492 legitur
1153 3422 1204 3476 ιιι
1231 3422 1397 3477 veteri
1419 3422 1527 3477 alio
1547 3422 1867 3492 exemplari,
1891 3421 2038 3494 quod

439 3529 508 3570 ex
536 3512 780 3582 Labbeo,
815 3529 964 3569 num.
993 3512 1084 3583 56,
1115 3513 1389 3573 indicabo.

535 3606 586 3663 7.
621 3605 807 3678 Itaque
836 3621 1148 3677 praenomen
1178 3608 1406 3664 Iuvenci
1437 3605 1600 3663 Gaius
1638 3607 1800 3665 scribi
1832 3616 2035 3678 posset.

446 3701 562 3757 Etsi
587 3702 731 3759 enim
760 3716 1074 3771 prtenomen
1107 3702 1232 3771 hoc,
1265 3703 1411 3774 quod
1438 3704 1491 3759 in
1523 3718 1721 3761 nomen
1747 3700 2041 3772 aliquando

446 3794 658 3860 transit,
691 3794 1013 3865 plerumque
1038 3794 1196 3850 Caius
1222 3796 1520 3864 scribatur,
1556 3803 1736 3851 tamen
1767 3795 2042 3864 reperitur

441 3887 606 3943 etiam
655 3900 754 3957 per
781 3883 826 3939 G
856 3885 1121 3956 scriptum
1144 3928 1158 3953 ,
1211 3893 1269 3940 ιιι
1296 3886 1349 3945 itt
1380 3884 1718 3956 Cenotapliio
1749 3884 1945 3941 Pisano
1972 3882 2036 3939 C.

443 3979 713 4037 Csenatus:
746 3976 882 4035 Duce
909 3988 1170 4049 equestres
1196 3980 1453 4037 inaurata:
1481 3978 1582 4035 Gai
1610 3990 1656 4035 et
1688 3979 1839 4037 Lucii
1866 3976 2041 4037 Camb

446 4088 567 4128 rum
598 4081 781 4129 statuta
826 4083 1105 4145 ponantur.
1164 4073 1563 4142 Quintilianus,
1606 4073 1731 4129 libr.
1766 4088 1804 4141 ι,
1833 4088 1953 4142 cap.
1982 4072 2038 4138 7,

445 4164 609 4227 docet
639 4163 803 4225 Gaius
840 4167 1221 4237 pronuntiari,
1267 4168 1433 4223 etiam
1467 4167 1510 4222 si
1536 4164 1696 4221 Caius
1724 4164 2038 4235 scribatur;

446 4268 506 4319 et
529 4257 702 4317 Graeci
722 4258 939 4330 quidem
962 4275 1059 4329 per
1079 4257 1122 4313 G
1145 4275 1368 4330 semper
1393 4259 1628 4321 eli‘erunt
1650 4263 1819 4328 Γάιος,
1834 4269 1887 4316 et
1907 4276 2043 4319 non-

447 4349 586 4406 nulli
612 4363 645 4403 a
671 4352 801 4425 ναίω
823 4390 838 4412 .
871 4350 1108 4421 gaudeo,
1159 4351 1313 4423 quasi
1342 4367 1372 4407 a
1397 4352 1597 4423 gaudio
1626 4362 1910 4421 parentum
1938 4351 2039 4409 de-

445 4443 669 4502 ductum
709 4444 814 4501 hoc
852 4445 1179 4503 vocabulum
1226 4446 1434 4504 volunt.
1483 4445 1734 4503 Valerius
1754 4447 2040 4515 Maximus,

2142 3231 2377 3305 explicat
2405 3230 2659 3302 Sigonius
2679 3275 2692 3296 ,
2724 3234 2791 3290 de
2816 3233 2972 3293 Nom.
3005 3234 3163 3293 lium.
3194 3236 3385 3297 Festos
3421 3257 3736 3311 praenomen

2141 3322 2376 3397 Aquilius
2419 3324 2495 3379 ait
2525 3341 2648 3383 esse
2680 3344 2690 3381 :
2725 3327 2963 3402 Aquilius
3002 3346 3298 3407 pt‘wuootcn
3336 3334 3401 3393 ab
3442 3337 3623 3404 aquilo
3654 3356 3741 3394 ca-

2142 3416 2282 3487 lore,
2308 3418 2363 3471 id
2383 3426 2456 3473 est
2488 3420 2669 3492 nigro.
2703 3420 2918 3477 dictum.
2954 3422 3145 3497 Melius
3174 3424 3623 3494 ittlcrprctabcris
3654 3464 3665 3483 η.
3685 3448 3743 3485 o-

2144 3510 2318 3568 lorem
2350 3512 2593 3584 aquilum
2625 3516 2799 3585 rufum
2827 3553 2842 3579 ,
2875 3524 2970 3577 aut
2997 3515 3325 3595 subnigrum.
3375 3518 3562 3597 Neque
3600 3538 3748 3578 sem-

2144 3621 2241 3675 per
2292 3605 2535 3677 Aquilius
2595 3615 2679 3661 est
2730 3622 3077 3679 praenomen,
3136 3620 3197 3671 ut
3237 3627 3466 3672 cernere
3520 3615 3645 3673 licet
3688 3619 3742 3672 in

2141 3699 2202 3756 C.
2241 3700 2458 3773 Aquilio
2482 3742 2498 3769 ,
2532 3716 2561 3754 a
2591 3716 2700 3772 quo
2732 3701 2944 3770 Aquilia
2988 3702 3078 3759 lex
3123 3713 3301 3759 exstat
3340 3704 3459 3776 Dig.
3507 3708 3629 3763 libr.
3663 3726 3742 3779 ιιι,

2144 3792 2225 3848 tit.
2258 3792 2287 3847 *Ξ
2315 3833 2333 3863 ,
2363 3792 2455 3865 qui
2484 3800 2626 3851 totus
2667 3806 2749 3848 cs‘t
2778 3793 2843 3849 de
2890 3792 3009 3865 lege
3037 3792 3248 3869 Aquilia
3268 3838 3283 3864 ,
3336 3797 3452 3855 sive
3482 3802 3549 3859 aii
3580 3802 3743 3877 legem

2141 3883 2432 3955 Aquiliam.
2464 3882 2835 3954 Glandorpius
2865 3884 2916 3939 itt
2949 3884 3143 3947 Onom.
3177 3885 3335 3943 Rom.
3370 3890 3550 3957 plures
3576 3890 3746 3962 Aqui-

2144 3975 2245 4037 lios
2274 3984 2567 4041 recenset,
2602 3976 2653 4030 itt
2678 3991 2917 4053 quorum
2949 3975 3227 4051 plerisque
3257 3978 3494 4050 Aquilius
3544 3998 3743 4045 nomen

2144 4077 2267 4135 est,
2303 4083 2409 4122 non
2436 4083 2747 4138 pra-nomen
2784 4083 2797 4119 :
2832 4069 2933 4123 ltot-
2980 4070 3156 4137 ipsum
3195 4070 3427 4127 observo
3452 4074 3505 4128 in
3537 4078 3743 4135 veteri"

2144 4160 2243 4214 bus
2274 4159 2719 4229 inscriptionibus
2748 4202 2760 4225 ,
2804 4162 2854 4212 in
2887 4160 3081 4228 quibus
3122 4175 3529 4232 nonnumquam
3561 4167 3743 4235 Aquil-

2144 4254 2244 4307 lius
2285 4253 2558 4321 reperitur
2596 4250 2882 4321 scriptum.
2912 4251 3127 4313 Svecnlo
3168 4269 3219 4306 tv
3264 4253 3443 4309 ﬂoruit
3490 4255 3739 4327 Aquilius

2143 4349 2407 4415 Severus,
2466 4346 2700 4417 scriptor
2760 4346 3060 4416 Hispanus,
3092 4364 3120 4401 a
3174 4347 3233 4403 S.
3283 4349 3639 4423 Hieronymo,
3673 4356 3743 4412 de

2146 4440 2348 4511 Script.
2390 4439 2588 4496 eccles.
2622 4454 2671 4494 c.
2694 4440 2752 4504 3,
2785 4449 2841 4496 et
2868 4456 2898 4495 ιι
2929 4438 3047 4499 Nic,
3090 4439 3352 4507 Antonio,
3398 4443 3433 4498 Ι.
3477 4462 3550 4513 tt,
3581 4463 3633 4503 c.
3664 4449 3702 4505 2
3724 4492 3740 4515 .

451 4537 572 4594 sive
618 4548 808 4595 auctor
857 4536 930 4594 sit
979 4538 1134 4596 Titus
1162 4539 1405 4605 Probus,
1449 4540 1750 4599 autIulius
1780 4541 1954 4604 rit-ts.
1985 4509 2034 4605 ni

2147 4509 2289 4605 part.
2316 4549 2365 4599 ι,
2395 4532 2535 4590 Bibl.
2568 4531 2691 4589 Yet.
2723 4533 2874 4601 llisp.
2905 4532 3174 4589 laudatus.
3213 4534 3273 4592 in
3304 4509 3580 4595 nonnullis
3606 4509 3742 4601 mss.

448 4626 686 4697 epitoma
714 4627 783 4684 de
814 4630 1238 4699 prxnominibns
1268 4632 1318 4687 id
1344 4641 1667 4689 annotatum
1701 4634 1944 4701 reliquit,
1984 4643 2041 4693 et

450 4719 682 4779 similent
702 4718 975 4779 seribendi
997 4722 1317 4781 varietatem
1346 4724 1397 4779 in
1421 4722 1594 4779 Gueas
1619 4724 2003 4785 animadvertit
2030 4744 2041 4781 :

450 4810 559 4871 Alii
585 4827 754 4880 unus,
786 4812 878 4868 alii
904 4829 1107 4879 saevit,
1140 4816 1232 4870 alii
1260 4831 1439 4873 CNEUI
1465 4818 1715 4873 scribunt.
1753 4817 1857 4887 Qui
1883 4816 1929 4872 G
1958 4818 2046 4873 [ει-

451 4916 568 4965 tera
596 4908 650 4963 in
678 4909 775 4963 hoc
798 4913 1107 4980 pronomine
1134 4921 1353 4973 utuntur
1370 4955 1383 4978 ,
1417 4914 1779 4984 antiquitatem
1806 4914 1949 4985 sequi
1976 4917 2046 4969 vi-

452 5000 680 5068 dentur,
729 5018 846 5072 qua:
890 5004 1109 5063 multum
1152 5022 1212 5061 ea
1260 5005 1431 5061 littera
1460 5023 1553 5062 usa
1582 5018 1654 5065 ut
1688 5050 1700 5061 .
1740 5046 1755 5060 .
1792 5048 1803 5060 .
1849 5008 1953 5075 Qui
1980 5006 2043 5072 ϐ,

452 5094 780 5167 surrupticius
805 5095 1021 5166 syllable
1045 5096 1290 5157 delectari
1312 5099 1571 5154 videntur.
1603 5100 1825 5165 Confer.
1858 5101 1901 5159 si
1933 5101 2047 5169 pla-

452 5195 563 5256 cet,
592 5185 890 5252 Norisium,
919 5188 987 5249 tle
1013 5188 1313 5260 Cenataph.
1346 5191 1455 5247 Pis.
1488 5192 1709 5248 dissert.
1733 5191 1792 5258 4.
1826 5206 1947 5260 cap.
1976 5191 2044 5257 ὃς

456 5289 616 5340 notas
665 5278 901 5350 Dionysii
956 5280 1273 5341 Gttthol’redi
1323 5283 1391 5341 ad
1422 5284 1667 5353 Festum,
1718 5284 1887 5345 verbo
1915 5282 2049 5341 Gaia

459 5369 699 5437 Cluilia;
725 5384 777 5427 et
809 5373 1111 5449 Sigonimn,
1143 5376 1209 5433 de
1238 5376 1396 5434 Nom.
1435 5377 1593 5437 Rom.

533 5466 589 5520 8.
618 5463 829 5523 Nomen
876 5468 1174 5529 secundum
1218 5463 1439 5527 Iuvenci
1468 5512 1482 5536 .
1532 5473 1678 5542 quod
1709 5491 1738 5528 ιι
1773 5472 2052 5530 veteribus

2148 4627 2193 4681 is
2220 4626 2420 4682 dicitur
2446 4623 2703 4680 Achillius
2729 4665 2744 4691 ,
2778 4625 2831 4681 in
2863 4624 2981 4683 aliis
3003 4623 3221 4681 Acilius.

2223 4723 2311 4779 l0.
2343 4721 2567 4778 iuvenci
2611 4734 2877 4790 agnomen
2902 4763 2917 4785 ,
2956 4728 3014 4774 ut
3055 4718 3276 4781 codices
3316 4722 3565 4798 plerique
3606 4744 3743 4786 non.

2148 4816 2418 4878 sentiunt,
2455 4829 2561 4870 non
2590 4813 2827 4882 Aquilius
2855 4823 2968 4879 est,
3015 4811 3159 4883 quod
3200 4829 3400 4873 nomen
3433 4820 3575 4891 apud
3604 4824 3748 4879 anu.

2149 4910 2371 4979 quiores
2398 4906 2674 4962 Romanos
2704 4906 2873 4975 magis
2913 4904 2967 4959 in
2988 4919 3088 4965 iisti
3130 4913 3281 4971 mt,
3319 4908 3413 4963 sed
3445 4909 3741 4981 Aquiliana.

2150 5001 2444 5058 Goldastus
2484 5007 2659 5055 tamen
2695 4997 2960 5065 Aquilium
3003 5004 3190 5063 Vocat,
3223 4999 3378 5068 cujus
3408 5002 3571 5061 verba
3607 5004 3742 5061 alie.

2151 5108 2267 5151 ram
2299 5108 2447 5155 unm.
2476 5091 2566 5147 37.
2615 5088 2671 5145 In
2718 5088 2867 5147 Actis
2909 5088 3233 5151 SallClOl‘llm
3261 5098 3317 5151 ει
3350 5091 3749 5175 Μθτῑῖτοωβίίε

2154 5191 2373 5263 plurimi
2414 5193 2711 5245 occurrunt
2755 5185 2995 5256 Aquilini
3038 5186 3207 5251 dicti;
3268 5203 3368 5245 nec
3418 5188 3615 5250 desunt
3655 5189 3751 5262 qui

2153 5282 2345 5343 eodem
2372 5283 2594 5341 notitiae
2618 5286 2880 5335 vocentur
2909 5278 2960 5334 in
3006 5278 3351 5339 etbnicerntu
3388 5282 3626 5350 antiquis
3665 5284 3749 5343 in.

2156 5373 2541 5444 scriptiouibns
2580 5372 2812 5444 aliisque
2860 5372 3252 5431 monumentis.
3282 5371 3390 5431 Sed
3418 5376 3755 5436 omittendus

2155 5487 2187 5526 a
2216 5468 2373 5524 nobis
2409 5482 2512 5521 non
2546 5474 2630 5522 est
2675 5468 2757 5531 is,
2785 5465 2879 5536 qui
2910 5480 3031 5521 cum
3056 5465 3301 5525 Iuvenca
3340 5466 3520 5529 tribus
3564 5473 3756 5541 primis

456 5557 723 5619 Romanis
768 5560 1091 5633 situplcitcr
1132 5579 1335 5625 nomen
1364 5564 1691 5631 dicebatur,
1727 5573 1786 5621 ut
1814 5564 2053 5635 primum
2156 5561 2474 5619 nominibus
2508 5560 2802 5625 conrenit,
2853 5557 2913 5613 C.
2972 5557 3168 5615 νειιίαι
3212 5559 3520 5633 Midan”.
3564 5570 3761 5625 consul

463 5667 797 5721 pra‘nnnten,
837 5669 941 5707 non
980 5654 1182 5722 Velitis,
1213 5657 1310 5715 sed
1340 5657 1542 5715 Vettius
1562 5668 1669 5726 est,
1698 5658 1805 5716 nisi
1835 5659 1880 5715 si
1912 5658 2056 5719 forte

461 5746 551 5800 cui
598 5744 768 5819 magis
815 5745 1049 5807 arrident
1088 5748 1311 5811 Vedius.
1363 5750 1418 5809 Id
1445 5749 1662 5811 videtur
1689 5765 1810 5809 esse
1830 5750 2056 5822 gentili.

2161 5671 2284 5715 cum
2322 5656 2390 5723 Q.
2442 5654 2605 5711 Ionio
2639 5652 2863 5708 llustieo
2906 5666 3050 5709 anno
3076 5652 3278 5719 Christi
3324 5654 3447 5715 162.
3488 5657 3548 5717 ιιι
3578 5660 3763 5720 Fastis

2160 5749 2338 5807 solum
2377 5747 2678 5817 appetuntur
2722 5742 2920 5799 Vettius
2952 5742 3259 5813 Aquilimts,
3294 5748 3390 5805 sed
3437 5752 3580 5821 apud
3624 5754 3763 5813 ϐω.
