4176 6180
503 251 620 317 17’

1864 269 2402 326 PROLEGOMENA.
3724 268 3792 327 18

502 375 767 446 Equidem
800 393 903 432 non
935 377 1090 433 video
1119 394 1223 450 qua
1253 381 1465 436 ratione
1493 381 1775 437 Fabricius
1801 394 1856 438 et
1881 381 2087 437 Vallar-
2116 387 2171 444 Α
2198 385 2427 441 llistoria
2459 389 2766 458 decerptas.
2801 391 2878 446 De
2912 389 3155 445 carmine
3184 391 3236 444 in
3267 389 3398 443 Acta
3433 389 3538 460 ιο
3573 395 3797 457 aposto-

500 469 616 524 sius
661 469 991 542 Hieronymo
1037 473 1340 542 imputent,
1383 474 1527 543 quod
1579 486 1670 530 aut
1714 474 1945 543 dixerit,
2001 486 2094 530 aut

502 561 709 618 dixisse
764 565 1053 630 videatur,
1109 565 1409 622 .lnvencuui
1464 567 1692 638 singulis
1747 568 2094 638 evangelistis

498 656 742 726 singulos
799 656 969 711 libros
1034 658 1390 729 impendisse.
1451 660 1602 728 Quod
1663 662 1805 716 enim
1862 672 2094 732 quatuor

506 748 807 817 Evangelia
841 749 1170 805 transferens
1196 751 1472 808 Juvencus
1497 763 1725 823 quatuor
1753 754 1919 808 libros
1945 770 2095 808 com-

499 843 780 909 posuerit,
834 840 888 896 id
935 857 1066 898 vere
1114 845 1395 910 asseritur,
1447 846 1659 900 etiamsi
1711 863 1816 901 non
1866 846 2094 916 singulis

500 935 850 1004 eVangelistis
879 936 1119 1006 singulos
1145 937 1313 992 libros
1338 939 1667 1006 impenderit
1692 982 1706 1006 ,
1739 941 1832 995 sed
1860 956 2090 996 concor-

500 1029 641 1082 diam
693 1031 1146 1100 erangelistarum
1194 1047 1294 1086 suo
1347 1033 1539 1088 ordine
1587 1035 1923 1104 exposuerit.
1960 1034 2094 1089 Mat-

500 1121 700 1177 thaium
722 1123 940 1193 quidem
967 1140 1077 1193 pra:
1097 1128 1306 1181 caeteris
1335 1138 1551 1183 secutus
1581 1138 1682 1196 est,
1711 1145 1816 1183 non
1848 1131 1970 1199 quia
2003 1145 2091 1184 or-

493 1215 675 1270 dinem
726 1232 885 1281 quem
929 1217 1092 1274 habet
1125 1219 1447 1286 Matth-.nus,
1499 1236 1715 1292 semper
1755 1222 2085 1290 praetulerit,

496 1325 616 1362 nam
647 1309 843 1364 seriem
889 1312 1016 1366 vita:
1059 1311 1189 1368 .lesu
1233 1313 1432 1370 Christi
1463 1317 1712 1385 apposite
1751 1330 1815 1370 ex
1857 1326 2091 1384 quatuor

493 1403 844 1472 cvangelistis
881 1403 1117 1475 digerit,
1146 1404 1242 1461 sed
1273 1407 1397 1477 quia
1429 1407 1580 1477 plura
1609 1423 1674 1463 ex
1714 1407 1968 1463 Matthzco
1999 1425 2088 1462 su-

491 1496 628 1563 mit,
663 1512 824 1566 quam
853 1511 919 1552 ex
953 1497 1078 1552 aliis
1115 1515 1127 1551 :
1168 1499 1435 1569 siquidem
1475 1499 1826 1569 Evangelium
1853 1501 2089 1556 Matthaei

489 1587 722 1658 singulis
751 1589 874 1644 aliis
896 1590 1077 1646 tribus
1107 1591 1431 1662 locupletius
1459 1603 1564 1648 est.
1593 1595 1842 1650 Andreas
1866 1595 2088 1650 Callan—

487 1683 609 1738 dius
631 1724 648 1751 ,
675 1684 768 1754 qui
803 1695 953 1738 torno
977 1685 1044 1741 IV
1071 1701 1184 1740 suae
1221 1685 1574 1742 Bibliotheca“:
1623 1688 1842 1743 Patrum
1886 1688 2088 1744 Juven-

486 1793 609 1832 cum
658 1779 934 1845 inseruit,
980 1781 1036 1852 9
1077 1796 1307 1851 eumque
1356 1798 1701 1853 summopere
1755 1784 1976 1848 laudat,
2032 1785 2084 1839 in
2117 1779 2164 1841 B
2193 1781 2354 1833 viano
2404 1779 2726 1834 Massiliensi
2757 1825 2771 1847 ,

487 1865 899 1940 Prolegomenis
920 1870 988 1924 ad
1011 1887 1132 1925 eum
1159 1882 1386 1937 tomum,
1413 1887 1535 1941 cap.
1564 1875 1632 1928 15
1655 1885 1858 1940 monet,
1887 1875 2084 1931 Juven-

487 1974 607 2015 cum
640 1963 793 2032 plura
824 1963 1077 2019 omisisse
1097 2006 1111 2030 ,
1140 1966 1263 2034 quia
1293 1965 1473 2021 omnia
1515 1967 1578 2021 Ι).
1612 1967 1677 2022 Ν.
1721 1967 1848 2024 Jesu
1878 1968 2078 2024 Christi

486 2063 670 2125 gesta,
723 2071 830 2111 non
878 2057 1062 2112 omnia
1101 2058 1244 2113 dicta
1286 2061 1595 2130 exprimere
1643 2061 1843 2125 voluit,
1876 2061 2082 2118 Praeter

488 2143 768 2202 historiam
802 2158 1034 2219 quatuor
1063 2148 1474 2222 Evangelioruni
1512 2152 1872 2224 Hieronymus
1903 2155 1953 2208 in
1983 2154 2080 2210 Ju-

486 2241 637 2295 venci
680 2242 858 2311 elogio
891 2241 1092 2296 iudicat
1122 2245 1374 2297 nonnulla
1413 2245 1590 2298 eodem
1619 2255 1782 2301 metro
1807 2247 2078 2316 (versibus

483 2329 841 2403 hexametris)
873 2334 942 2387 ad
971 2347 1411 2390 sacramentorum
1461 2339 1693 2392 ordinem
1741 2341 2074 2410 pertinentia.

481 2424 608 2479 Haec
637 2425 815 2481 adhuc
856 2427 1027 2482 latent
1051 2469 1065 2493 ,
1099 2441 1225 2492 aut,
1271 2439 1330 2486 ut
1372 2433 1543 2500 magis
1576 2441 1702 2502 puto
1725 2475 1738 2498 ,
1786 2435 2078 2489 intercide-

480 2529 626 2572 runt.
673 2517 730 2572 ln
762 2517 1145 2575 Montl'auconii
1191 2522 1452 2577 Biblioth.
1487 2540 1618 2579 mss.
1653 2542 1716 2580 ex
1751 2527 2074 2582 bibliotheca

485 2610 742 2666 VatiCana
810 2616 1015 2684 regina:
1069 2615 1281 2671 Sueria:
1335 2633 1484 2671 num.
1546 2617 1686 2672 1254
1741 2630 2075 2684 annotatur,

483 2704 740 2775 Anonymi
786 2706 917 2759 iiber
961 2708 1361 2779 compendiosas
1407 2710 1471 2764 de.
1510 2721 1700 2780 septem
1743 2714 2078 2766 sacramentis

480 2799 691 2852 matrice
719 2801 1028 2868 compilatus
1051 2843 1065 2867 ,
1092 2803 1179 2872 qui
1202 2813 1416 2857 vocatur
1441 2807 1778 2860 communiter
1809 2804 2078 2860 Decretale

477 2891 546 2944 ad
590 2893 1008 2964 informationem
1055 2896 1383 2950 sacerdotum
1427 2915 1543 2951 cum
1588 2901 1924 2969 expositione.
1971 2901 2074 2966 Qui

481 2985 640 3053 liber,
690 2997 750 3041 ut
792 3003 856 3042 ex
907 2988 997 3044 vel
1047 2988 1162 3042 sola
1211 2989 1563 3060 inscriptione
1609 2993 1870 3062 colligere
1907 2993 2067 3059 libet,

477 3078 701 3133 minime
748 3077 977 3135 iuvenci
1027 3079 1243 3136 videtur
1285 3097 1426 3137 esse.
1478 3083 1866 3154 Relinquanius
1906 3090 2070 3140 etiam

2199 481 2408 546 lorum,
2461 483 2606 550 quod
2648 483 2893 536 Aratoris
2922 491 3034 548 est,
3059 493 3113 536 et
3160 497 3256 549 per
3283 495 3524 536 errorem
3549 478 3796 534 .luvenco

2197 573 2250 627 in
2280 573 2511 641 quodam
2543 589 2644 628 ms.
2679 574 2870 630 Codice
2889 575 3166 639 tribuitur,
3197 575 3316 643 lege
3349 588 3498 628 num.
3528 573 3594 628 15
3616 582 3672 627 et
3700 573 3796 627 41.

2198 666 2365 736 Major
2395 668 2768 722 controversia
2811 668 2988 721 oritur
3024 666 3093 720 de
3141 660 3384 721 carmine
3430 666 3482 720 in
3523 663 3797 728 Genesin,

2194 757 2336 827 quod
2397 759 2448 811 iu
2511 757 2738 812 Collect.
2801 767 2907 813 vet.
2957 759 3151 827 script.
3230 757 3495 811 Edmundi
3556 755 3799 811 Martene

2197 857 2341 901 torno
2381 848 2485 913 IX,
2527 850 2632 903 col.
2673 851 2740 903 13
2771 865 2951 921 seqq.,
2985 851 3087 904 sub
3115 849 3340 904 iuvenci
3373 849 3597 902 nomine
3616 850 3802 904 editur

2194 955 2259 995 ex
2305 941 2493 995 codice
2525 942 2842 996 Corheiensi
2891 951 3019 996 ante
3046 952 3347 1011 nongentos
3389 941 3470 995 vel
3505 955 3646 994 nunc
3675 938 3795 1007 qui-

2194 1033 2313 1088 dem
2346 1033 2494 1087 mille
2523 1049 2696 1088 annos
2722 1042 2978 1098 exarato;
3027 1033 3169 1103 quod
3200 1033 3559 1088 coiitirmatur
3599 1030 3792 1086 codice

2193 1124 2333 1180 infra
2363 1141 2514 1179 num.
2547 1124 2619 1180 45
2650 1125 2937 1179 indicando
2972 1143 2984 1179 :
3028 1134 3082 1178 et
3111 1127 3162 1179 in
3212 1124 3457 1179 eamdem
3497 1138 3610 1178 rem
3646 1122 3788 1176 trahi

2193 1228 2369 1288 potest
2398 1261 2412 1285 ,
2445 1219 2535 1288 qui
2567 1235 2718 1273 num.
2749 1217 2820 1272 44
2850 1218 3122 1283 laudatur,
3153 1216 3327 1272 codex
3369 1216 3596 1271 Juvenci
3627 1217 3680 1268 in
3707 1232 3792 1268 re-

2193 1319 2272 1364 tus
2317 1310 2738 1376 Testamentum,
2791 1312 2893 1366 nisi
2940 1326 3098 1367 error
3137 1311 3223 1365 hic
3253 1312 3324 1364 sit
3353 1325 3454 1380 pro
3502 1310 3554 1363 in
3600 1325 3789 1363 novum

2190 1404 2602 1474 Testamentum,
2645 1406 2714 1460 de
2755 1423 2862 1477 quo
2887 1407 3081 1461 redibit
3110 1421 3290 1460 sermo
3320 1420 3386 1458 eo
3422 1405 3563 1459 loco.
3595 1402 3652 1457 In
3686 1403 3788 1457 hac

2190 1500 2564 1554 controversia
2592 1499 2720 1570 quid
2749 1516 2849 1570 ego
2880 1502 3181 1565 senserim,
3237 1498 3347 1553 dixi
3395 1498 3445 1552 in
3475 1497 3787 1568 Prolegom.

2188 1593 2256 1647 ad
2288 1593 2638 1648 Prudentium
2671 1610 2793 1662 cap.
2826 1594 2916 1658 ‘25,
2945 1611 2998 1648 n.
3032 1593 3161 1648 220.
3194 1593 3295 1647 Alii
3327 1592 3378 1646 id
3403 1606 3540 1662 opus
3567 1590 3787 1646 Tertul—

2191 1686 2337 1740 liauo
2361 1730 2375 1754 ,
2405 1688 2495 1741 alii
2525 1688 2815 1756 Cypriano,
2843 1689 2988 1742 Elias
3018 1689 3204 1742 Pinius
3234 1703 3301 1741 ex
3328 1685 3638 1754 conjectura
3668 1684 3790 1740 Salo

2832 1781 2975 1851 quod
3034 1780 3268 1834 Allixius
3323 1781 3488 1835 etiam
3540 1777 3785 1849 putabat.

2187 1869 2450 1940 Georgius
2491 1870 2772 1925 Fabricius
2799 1872 2938 1926 inter
2968 1882 3153 1942 poetas
3183 1870 3524 1925 Christianos
3572 1869 3785 1924 initium

2186 1960 2346 2030 hujus
2394 1964 2658 2031 poematis
2699 1962 2956 2032 protulit.
3007 1962 3384 2033 Cyprianoque
3432 1958 3786 2031 adjudicavit.

2183 2053 2431 2110 Andreas
2477 2053 2732 2120 Rivinus,
2763 2056 2854 2126 qui
2897 2053 3220 2109 Tertulliani
3269 2053 3526 2124 opuscula
3576 2052 3788 2123 poetica

2185 2149 2327 2203 uotis
2359 2147 2620 2202 illustrata
2660 2149 2855 2217 Lipsiae
2895 2149 3063 2215 1631,
3098 2149 3149 2202 in
3181 2147 3262 2214 8°,
3295 2147 3533 2218 vulgavit
3555 2191 3569 2214 ,
3603 2147 3783 2201 locum

2185 2243 2237 2296 in
2269 2242 2353 2296 his
2380 2243 2530 2297 dedit
2554 2244 2677 2297 huic
2708 2243 3028 2312 imperfecto
3060 2242 3200 2298 libro
3231 2243 3284 2297 in
3309 2241 3570 2298 Genesin.

2256 2337 2340 2390 17.
2389 2336 2575 2391 Editor
2611 2335 2950 2391 collectionis
2981 2336 3319 2391 Pisaurensis
3368 2343 3644 2406 poetarum
3676 2350 3788 2390 non

2179 2429 2353 2482 solum
2381 2429 2634 2498 Cypriani
2667 2444 2862 2483 nomen
2891 2430 3067 2484 eidem
3095 2429 3324 2484 carmini
3350 2431 3654 2500 praemittit,
3695 2444 3787 2485 ve-

2182 2536 2300 2572 rum
2333 2525 2495 2574 etiam
2526 2521 2576 2574 in
2611 2530 2733 2573 nota
2763 2521 2828 2574 ad
2859 2529 3021 2590 caput
3045 2520 3268 2575 Joannis
3294 2521 3418 2576 Alb.
3447 2520 3682 2576 Fabricii
3717 2521 3785 2576 de

2179 2613 2453 2684 Cypriano
2485 2617 2536 2669 in
2581 2615 2990 2684 Prolcgomenis
3019 2616 3084 2669 ad
3128 2625 3259 2670 tom.
3291 2616 3333 2669 V
3358 2617 3593 2670 aliirmat
3614 2662 3628 2684 ,
3662 2631 3785 2670 ma-

2181 2709 2452 2778 nuscripta
2494 2749 2510 2775 ,
2565 2709 2790 2763 testibus
2839 2708 3096 2762 omnibus
3143 2708 3481 2776 editoribus,
3530 2707 3790 2780 Cypriani

2181 2817 2377 2857 nomen
2423 2801 2678 2872 praeferre
2702 2844 2716 2866 ,
2757 2818 2930 2872 neque
2960 2804 3225 2857 rationem
3258 2810 3551 2871 suppetere
3573 2845 3587 2868 ,
3614 2817 3712 2857 cur
3750 2817 3782 2856 a

2181 2896 2562 2964 marmscriptis
2603 2895 2942 2952 recedamus.
2968 2894 3253 2965 Ignorabat
3286 2894 3492 2948 scilicet
3521 2894 3784 2949 collector

2177 2987 2541 3053 Pisaurensis,
2570 3003 2760 3058 poema
2790 2989 2842 3042 in
2869 2987 3104 3042 Genesiu
3152 2987 3310 3056 longe
3339 2987 3549 3041 auctius
3573 2985 3780 3040 editum

2179 3081 2281 3136 sub
2349 3081 2574 3136 Juvenci
2628 3082 2846 3136 nomine
2902 3083 2953 3134 in
3014 3078 3353 3134 Collectione
3409 3087 3516 3134 vet.
3575 3077 3776 3148 Seript.

474 3173 682 3226 auctori
726 3187 826 3226 suo
873 3173 1186 3229 llildeberto
1231 3189 1422 3229 versus
1446 3219 1460 3242 ,
1496 3192 1634 3246 quos
1663 3178 1764 3230 sub
1808 3177 1924 3246 ejus
1970 3194 2069 3232 no-
2101 3167 2148 3230 C
2181 3173 2446 3228 Edmundi
2478 3173 2736 3233 Marteue.
2761 3183 2814 3227 et
2843 3173 3052 3226 initium
3083 3172 3327 3240 ejusdem
3371 3171 3423 3225 in
3454 3171 3641 3225 multis
3663 3169 3782 3224 edi-

480 3265 629 3319 mine
665 3279 734 3320 ex
780 3264 970 3320 eadem
1023 3265 1353 3321 bibliotheca
1406 3267 1590 3322 laudat
1637 3268 2069 3324 Montlauconius

476 3372 622 3410 num.
651 3356 759 3412 88:
796 3356 1042 3424 Prosperi
1065 3358 1312 3430 Aquitani
1341 3360 1774 3431 epigrammatum
1799 3360 1914 3413 libri
1944 3377 2066 3416 tv...

481 3449 775 3504 Hildeberti
805 3466 978 3505 versus
1021 3451 1086 3504 de
1114 3453 1476 3507 sacramentis.
1515 3454 1703 3508 Petrus
1732 3455 1972 3510 Crinitus
2013 3457 2068 3510 in

480 3541 595 3596 Vita
625 3542 849 3597 iuvenci
878 3543 954 3597 ait
983 3561 997 3598 :
1031 3544 1244 3612 Aliquot
1267 3546 1483 3615 hymnos
1514 3547 1666 3617 fecit,
1698 3547 1882 3618 quibus
1914 3548 2070 3618 facile

477 3633 722 3686 indicavit
751 3651 805 3688 se
834 3636 1023 3706 Optime
1060 3637 1306 3690 meritum
1349 3638 1412 3691 de
1457 3639 1702 3710 religione
1743 3637 2063 3694 Christiana.

475 3723 774 3779 Paciaudus
825 3724 901 3780 De
942 3729 1088 3781 cultu
1141 3728 1197 3782 S.
1261 3728 1458 3784 .loann.
1511 3731 1662 3801 Bapt.
1717 3731 1938 3787 dissert.
1997 3736 2064 3798 4,

469 3831 588 3887 cap.
622 3819 676 3884 6,
726 3819 914 3886 refert,
943 3819 1238 3892 Georgium
1281 3821 1568 3878 Wicelium
1615 3827 1666 3878 in
1713 3825 2066 3896 Hagiologio,

471 3909 584 3964 sive
639 3911 713 3964 De
767 3910 982 3966 Sanctis
1034 3923 1142 3966 vet.
1195 3923 1250 3968 et
1308 3929 1433 3970 nov.
1491 3915 1776 3982 Testam.,
1835 3918 2062 3988 Mogun-

475 4001 562 4055 tia:
587 4001 743 4067 1541,
776 4005 1090 4060 exscribere
1116 4005 1348 4075 hymnos
1375 4009 1426 4062 in
1459 4008 1722 4064 hooorem
1754 4010 1812 4066 S.
1839 4011 2066 4066 Joannis

476 4095 728 4164 Baptistae
757 4139 771 4163 ,
804 4113 930 4167 quos
963 4099 1154 4153 caelesti
1184 4101 1366 4155 mentis
1414 4102 1663 4156 instinctu
1696 4114 1743 4156 et
1782 4106 2067 4172 artiﬁciosa

478 4192 743 4243 verborum
803 4195 1136 4248 conclusione
1189 4194 1434 4264 fuderunt
1489 4196 1750 4251 Iuvencus
1801 4197 2066 4270 presbyter

472 4283 568 4335 sub
593 4282 930 4340 Constantino
960 4295 1008 4340 et
1038 4287 1266 4343 Adamus
1316 4307 1346 4342 a
1377 4289 1438 4344 S.
1480 4290 1703 4346 Victore.
1742 4293 1795 4345 In
1831 4293 2068 4364 llymno—

472 4375 559 4428 diu
585 4375 867 4446 llispanica
900 4378 928 4449 §
957 4379 1029 4435 25
1052 4421 1063 4437 .
1099 4396 1216 4450 pug.
1261 4382 1398 4447 102,
1440 4383 1493 4436 id
1537 4383 1668 4438 Inibi
1692 4385 1823 4438 satis
1853 4401 1960 4438 non
2004 4386 2068 4440 li—

472 4483 638 4538 quere
668 4469 960 4525 affirmavi.
986 4471 1200 4528 Wieelii
1233 4474 1391 4528 istius
1420 4474 1792 4546 Hagiologium
1825 4479 2063 4532 nondum

474 4565 716 4633 reperire
748 4567 895 4635 potui
932 4586 943 4620 :

473 4654 732 4726 hymnum
772 4659 857 4712 vel
913 4659 1146 4730 hymnos
1173 4660 1398 4716 Juvenci
1431 4662 1484 4717 in
1519 4663 1782 4719 honorem
1813 4666 1870 4720 S.
1905 4665 2070 4721 Joan-

471 4749 555 4803 nis
611 4749 867 4821 Baptistae
929 4764 1216 4823 excerptos
1265 4771 1389 4811 esse
1429 4773 1495 4812 ex
1553 4757 1696 4812 libro
1748 4774 1763 4812 ι
1818 4759 2068 4814 llistorire

473 4844 840 4912 evangelicae,
887 4846 976 4902 ubi
1019 4847 1294 4902 .Iuven’cus
1331 4859 1516 4902 narrat
1577 4849 1952 4905 Elisabetham
2002 4869 2067 4906 ex

472 4934 739 4991 Zactiaria
769 4939 1000 4992 mirabili
1027 4941 1189 4994 modo
1213 4947 1560 5011 concepisse,
1595 4957 1624 4996 a
1649 4943 1814 4997 Maria
1844 4942 2070 5013 Virgine

474 5029 673 5086 deinde
719 5031 1022 5098 visitatam,
1053 5049 1116 5090 ae
1159 5035 1379 5089 demum
1416 5052 1810 5105 put-cursorem
1859 5040 2068 5092 Domini

473 5125 735 5181 Joannem
789 5127 1084 5197 Baptistam
1141 5130 1194 5182 in
1239 5130 1414 5184 lucem
1462 5130 1717 5185 edidisse.
1758 5131 1837 5186 Ex
1878 5132 2069 5188 eodem

477 5221 614 5275 lihro
643 5223 844 5290 petitus
882 5223 1040 5276 etiam
1074 5234 1158 5276 est
1199 5223 1434 5279 Juvenci
1474 5225 1705 5295 hymnus
1743 5225 1798 5280 in
1841 5226 2068 5281 Annun-

478 5313 790 5379 tiationem,
833 5330 992 5385 quem
1034 5315 1316 5371 Fabricius
1364 5317 1614 5371 Biblioth.
1666 5326 1771 5372 vet.
1815 5318 1940 5372 libr.
1983 5335 2065 5385 Iv,

476 5421 525 5459 e.
557 5405 621 5470 2,
677 5421 826 5460 num.
882 5408 903 5460 1
939 5449 954 5474 ,
1007 5407 1173 5461 refert
1200 5407 1268 5459 ah
1307 5407 1520 5463 Andrea
1551 5405 1756 5463 Wilkio
1801 5409 1853 5463 in
1900 5411 2068 5479 priori

478 5509 631 5570 parte
659 5515 772 5555 sum
826 5500 1271 5570 lleortographiae
1300 5503 1458 5555 edita:
1501 5517 1645 5556 anno
1678 5503 1839 5572 16l0,
1890 5504 1941 5557 in
1984 5504 2067 5570 8°,

478 5594 644 5650 fuisse
675 5595 933 5648 insertum
969 5614 981 5649 :
1014 5595 1080 5649 de.
1111 5612 1219 5665 quo
1251 5597 1372 5649 vide
1419 5612 1569 5650 num.
1600 5597 1687 5651 85.
1718 5597 1902 5665 Neque
1933 5598 2068 5652 alios

474 5686 704 5759 hymnos
752 5686 1082 5742 crediderim
1142 5686 1343 5742 vidisse
1383 5687 1692 5755 Crinitum,
1741 5690 1843 5743 nisi
1877 5688 2067 5758 hujus-

472 5780 617 5836 niodi
649 5781 824 5851 aliqua
856 5781 1186 5851 fragmenta,
1214 5790 1298 5835 aut
1336 5779 1627 5851 particulas
1655 5795 1725 5835 ex
1757 5782 2067 5852 evangelica

2176 3267 2411 3322 tionibus
2441 3266 2757 3322 Tertulliani
2785 3282 2852 3321 ex
2877 3282 3007 3321 mss.
3041 3265 3444 3335 reprzrsenlari.
3479 3263 3617 3318 Illud
3644 3278 3780 3318 vero

2174 3360 2468 3416 Martenius
2499 3359 2640 3413 bono
2672 3373 2848 3425 more,
2898 3359 3108 3426 lideque
3138 3357 3341 3426 Optima
3373 3355 3553 3411 etlecit
3576 3396 3593 3421 ,
3633 3355 3779 3424 quod

2175 3470 2278 3509 ms.
2313 3453 2554 3510 codicem
2597 3462 2786 3507 exacte
2827 3452 3115 3507 exhibuit:
3171 3465 3292 3504 nam
3332 3449 3490 3520 primi
3533 3448 3774 3503 editores

2176 3559 2456 3618 poetarum
2485 3544 2915 3600 Christianorum
2967 3560 3213 3614 magnam
3257 3544 3358 3597 sibi
3392 3543 3662 3598 licentiam
3689 3557 3780 3596 ar-

2172 3648 2453 3710 rogarunt,
2483 3651 2533 3694 et
2565 3639 2629 3692 ad
2663 3639 2878 3708 regulas
2909 3639 3088 3702 metri,
3133 3653 3267 3707 quas
3299 3636 3401 3704 ipsi
3449 3635 3776 3702 didicerant,

2173 3747 2365 3786 versus
2392 3731 2752 3799 relingebant,
2795 3730 2921 3799 quin
2951 3730 3140 3793 saltem
3169 3727 3493 3795 scripturam
3531 3737 3777 3781 veterem

2172 3840 2202 3877 a
2235 3840 2292 3877 se
2323 3826 2374 3878 in
2407 3824 2733 3876 membranis
2757 3831 3026 3892 repertam
3058 3820 3380 3876 indicarent.
3411 3820 3529 3875 .lam
3580 3835 3774 3890 poema

2174 3915 2226 3970 in
2249 3915 2505 3982 Genesin,
2535 3916 2690 3985 quale
2715 3932 2781 3969 cx
2807 3915 2994 3969 codice
3022 3913 3337 3969 Corbeiensi
3363 3913 3655 3968 Mar-lenius
3682 3927 3778 3966 cx-

2176 4012 2477 4080 prompsit,
2509 4009 2573 4063 ad
2607 4009 2860 4064 saacolum
2894 4025 2944 4064 vr
2969 4053 2984 4076 ,
3019 4020 3111 4062 aut
3152 4019 3271 4077 post
3315 4007 3473 4063 facile
3523 4007 3769 4076 rejiciet,

2173 4105 2262 4176 qui
2296 4115 2574 4174 poetarum
2613 4104 3045 4159 Christianorum
3085 4105 3282 4174 stylnm
3334 4111 3389 4156 et
3414 4100 3770 4156 consuetudi-

2175 4215 2296 4253 nem
2327 4200 2378 4253 in
2405 4207 2517 4251 arte
2541 4198 2760 4252 metrica
2791 4213 2888 4268 per
2911 4197 3154 4250 divers:is
3177 4210 3366 4249 eorum
3392 4204 3578 4248 mtates
3602 4197 3774 4264 probe

2173 4291 2400 4346 calleat.
2438 4289 2583 4345 Idem
2633 4290 2898 4360 judicium
2944 4304 3120 4344 meum
3172 4299 3290 4344 esto
3332 4288 3400 4343 dc
3441 4289 3776 4344 carminibus

2174 4382 2294 4437 aliis
2321 4425 2336 4446 ,
2381 4398 2501 4452 quze
2559 4383 2658 4436 sub
2701 4382 3022 4436 Tertulliani
3065 4392 3120 4436 et
3165 4381 3423 4453 Cypriani
3463 4381 3776 4437 nominibus

2173 4475 2350 4530 Solent
2391 4475 2596 4528 laudari
2637 4493 2649 4526 :
2697 4491 2817 4544 quin
2859 4474 3092 4528 fortasse
3125 4474 3286 4527 alimn
3330 4474 3726 4528 Tertullianum
3753 4515 3770 4540 ,

994 4570 1086 4623 sed
1131 4568 1273 4623 haud
1321 4570 1517 4625 invitus
1560 4572 1693 4626 mihi
1734 4573 2034 4642 persuadeo
2055 4617 2068 4639 ,
2098 4552 2152 4612 D
2181 4566 2344 4620 alium
2375 4566 2705 4638 Cyprianum
2745 4569 2843 4638 ιι
2867 4576 3118 4620 auctores
3152 4565 3480 4632 habuerunt,
3513 4581 3620 4619 non
3651 4579 3770 4633 eos,

2175 4662 2266 4728 qui
2315 4660 2519 4713 sa'culo
2562 4675 2618 4712 Ill
2659 4660 2932 4713 vixerunt.
2981 4657 3099 4711 Non
3129 4659 3366 4713 alienum
3399 4657 3468 4711 ab
3507 4657 3612 4713 hoc
3650 4657 3774 4712 loco

2174 4766 2298 4806 eSse
2321 4765 2468 4822 puto,
2503 4762 2561 4805 ut
2592 4751 2874 4805 ostendam
2922 4750 3131 4804 nullum
3163 4764 3286 4804 esse
3311 4758 3526 4819 poetam
3558 4763 3776 4804 sacrum

2176 4847 2319 4901 inter
2351 4846 2573 4900 Latinos
2596 4890 2610 4913 ,
2653 4860 2816 4914 quem
2843 4843 3086 4900 iuvenco
3109 4845 3470 4912 antiquiorem
3495 4858 3617 4899 esse
3643 4857 3777 4898 con-

2174 4950 2300 4996 stet.
2333 4941 2465 4994 Nam
2495 4939 2806 4994 Lactantius
2835 4941 3024 4994 eodem
3060 4948 3302 5008 tempore
3331 4937 3568 5003 vivebat,
3597 4951 3774 5008 neque

2176 5035 2292 5106 ejus
2351 5050 2474 5090 esse
2539 5037 2816 5099 carmina,
2875 5049 2994 5103 quae
3059 5033 3222 5102 vulgo
3289 5032 3365 5085 illi
3427 5031 3767 5096 tribuuntur,

2179 5129 2332 5183 multi
2387 5129 2488 5182 viri
2534 5129 2680 5182 docti
2729 5136 2974 5181 censent.
3022 5125 3444 5181 Commodianus
3504 5127 3590 5178 vix
3630 5124 3776 5179 inter

2179 5231 2367 5291 poetas
2399 5222 2576 5276 locum
2611 5229 2872 5282 meretur.
2897 5235 3019 5274 cum
3058 5218 3232 5274 solum
3264 5232 3455 5272 versus
3486 5216 3771 5284 politicos,

2179 5326 2234 5368 ut
2267 5312 2443 5368 Graeci
2477 5323 2692 5379 vocant,
2727 5311 2980 5368 eﬂ'uderit
3000 5353 3015 5376 ,
3047 5320 3268 5365 servato
3293 5308 3510 5379 quidem
3543 5322 3774 5364 numero

2182 5406 2526 5477 hexametri,
2574 5405 2815 5475 neglecta
2871 5419 3004 5457 vero
3056 5403 3360 5472 quantitate
3411 5400 3772 5472 syllabarum.

2179 5499 2331 5555 Adde
2369 5496 2816 5554 Commodianum
2853 5512 2882 5550 a
2913 5494 3194 5551 chnadio
3221 5509 3346 5562 cap.
3382 5493 3446 5548 15
3476 5494 3542 5550 de
3567 5494 3773 5565 Script.

2178 5593 2374 5649 eccles.
2428 5601 2549 5662 post
2596 5591 2939 5644 Lactantiuui
2985 5588 3281 5652 collocari,
3327 5589 3580 5657 quamvis
3625 5601 3769 5642 nunc

2178 5685 2469 5755 eonjiciant
2518 5681 2765 5736 nonnulli
2824 5681 3077 5734 ﬂoruisse
3126 5695 3248 5732 cum
3321 5682 3484 5734 tertio
3543 5679 3766 5734 saeculo.

2181 5780 2247 5836 (ι.
2282 5778 2568 5834 Fabricius
2596 5777 2649 5831 in
2678 5777 2984 5831 Comment.
3021 5783 3166 5846 poet.
3198 5772 3403 5830 Christ.
3432 5775 3772 5850 Victorinum
