4176 6180
398 258 473 318 ὶθ
1415 262 1475 318 C.
1524 262 1819 320 VETTIUS
1858 258 2234 332 AQUI‘L‘INUS
2272 263 2661 324 IUVENCUS.
3636 269 3708 323 ευ

404 374 825 442 Pietarienssm,
858 388 1022 447 quem
1052 376 1145 433 alii
1171 374 1629 434 PetaviOnensem
1658 378 1848 435 dicunt
1869 420 1886 447 ,
1931 393 1998 435 ex
2028 393 2085 459 Α
2108 380 2209 435 sub
2236 378 2331 436 illo
2356 380 2606 452 principe
2638 398 2665 434 a
2695 381 2846 437 lore:
2875 396 2941 438 eo
2971 383 3277 438 conlectam
3310 382 3483 441 fuisse
3504 383 3708 442 diserte

402 468 741 543 Hiermiymo
773 478 899 525 ante
934 469 1281 526 Lactantiunt
1304 476 1361 526 et
1411 470 1713 527 Iuvencum
1744 472 2007 527 claruisse

396 565 595 632 tradit,
635 565 796 634 eique
841 578 1066 623 carmen
1096 562 1168 621 de
1207 563 1334 621 lcsn
1362 560 1590 622 Christo
1630 565 1749 622 Deo
1793 575 1849 622 et
1896 568 2008 622 llo-

409 657 557 715 mine
585 658 828 713 ascribit.
859 657 969 714 Sed
1000 658 1155 713 multi
1183 657 1270 713 alii
1294 669 1410 714 tum
1454 658 1562 714 hoc
1592 674 1810 715 carmen
1831 705 1845 726 ,
1889 667 2003 715 tum

407 749 509 805 alia
549 750 653 805 sub
694 747 957 805 Victorini
1009 748 1229 805 nomine
1257 748 1473 820 vulgata
1522 749 1686 805 Mario
1728 750 2007 806 Vielorino

409 841 567 907 Afro,
591 842 682 912 qui
705 843 906 898 smculo
936 856 990 896 tv
1016 842 1233 898 labente
1260 856 1426 897 senex
1459 842 1620 898 ﬁdem
1638 842 2004 898 Christianam

414 934 703 1006 amplexus
732 944 837 1002 est,
867 932 1200 1005 adjudicant.
1228 932 1533 991 Ci-il‘lierins
1558 952 1664 991 non
1695 936 1906 992 dubitat
1930 934 2008 992 al-

414 1026 635 1082 lirmare
710 1026 1008 1082 iuvencum
1083 1028 1517 1097 antiquissimum
1581 1044 1703 1085 esse
1763 1030 2005 1085 omnium

416 1127 699 1189 poetarum
740 1118 1173 1175 Christianorum
1217 1122 1304 1189 qtti
1345 1131 1579 1177 exstant.
1628 1119 1782 1190 Quod
1815 1123 2011 1178 attinet

417 1211 483 1266 ad
533 1224 751 1267 carmen
796 1211 854 1266 in
900 1210 1163 1278 Genesin,
1201 1198 1454 1283 quoniam
1496 1230 1526 1268 a
1568 1213 1751 1268 multis
1780 1215 2008 1270 Juvenci

408 1320 545 1374 opus
587 1302 810 1370 dicitur,
857 1305 1204 1360 referendum
1238 1305 1373 1359 illud
1420 1309 1506 1360 cst
1536 1305 1684 1361 inter
1709 1318 1876 1377 opera
1917 1305 2009 1362 Ju-

414 1399 573 1454 venci
602 1396 764 1453 dubia
792 1444 804 1466 ,
846 1407 901 1453 ct
930 1412 1053 1453 mea
1082 1398 1300 1468 quidem
1330 1400 1605 1456 sententia
1632 1399 1779 1455 inter
1808 1412 2013 1471 suppo-

407 1490 606 1548 sititia:
632 1492 785 1562 cujus
810 1490 888 1547 rei
916 1507 1023 1548 non
1052 1491 1194 1548 aliud
1224 1494 1397 1564 magis
1418 1491 1610 1549 efﬁcax
1633 1504 2010 1565 argumentum

412 1603 441 1641 a
491 1602 579 1642 me
628 1585 857 1657 proferri
904 1596 1102 1655 potest,
1151 1602 1314 1659 quam
1361 1589 1473 1658 ipsa
1523 1589 1804 1644 contentio
1844 1584 2011 1660 liuius

416 1680 679 1748 poematis
718 1694 838 1734 cum
874 1675 1110 1734 llistoria
1137 1681 1471 1750 evangelica.

2112 473 2276 528 tradit
2320 470 2460 528 idem
2508 473 2872 546 Hieronymus
2922 475 2976 530 in
3028 474 3191 546 epist.
3235 472 3328 542 70,
3373 476 3443 531 al.
3489 475 3597 542 84,
3642 477 3739 533 ad-

2110 566 2359 638 Magnum
2408 579 2683 622 oratorem
2715 568 2867 624 urbis
2894 568 3107 633 Romae,
3140 568 3227 624 cui
3268 569 3540 626 rationem
3578 569 3710 626 red-

2111 662 2192 719 dit
2230 677 2329 718 cor
2359 664 2410 717 in
2446 661 2728 733 opusculis
2766 663 2882 718 suis
2910 663 3257 719 smenlarium
3283 662 3591 719 litterarum
3618 676 3713 735 po-

2114 766 2204 812 nat
2231 757 2504 828 exempla,
2557 758 2853 813 ostendens
2892 772 3122 829 quorum
3153 759 3411 828 exemplo
3432 754 3487 813 id
3518 756 3707 828 faciat,

2112 860 2167 905 et
2195 860 2317 920 post
2357 849 2558 904 multos
2604 851 2854 921 egregios
2893 850 3043 906 viros
3084 851 3339 906 laudatos
3374 852 3456 906 sic
3485 853 3659 923 pergit
3692 871 3707 907 :

2111 941 2376 998 Iuvencus
2404 944 2669 1016 presbyter
2696 946 2789 998 sub
2816 942 3159 999 Constantino
3186 943 3457 998 historiam
3498 942 3714 1000 Domini

2115 1038 2407 1096 Saluatoris
2432 1040 2656 1094 versibus
2684 1040 2959 1109 explicarit
2984 1056 3002 1094 :
3030 1055 3119 1093 nec
3144 1034 3412 1112 pertimuit
3438 1037 3714 1112 Evangelii

2112 1136 2439 1207 majestatem
2481 1135 2573 1190 sub
2622 1135 2768 1190 metri
2813 1132 2949 1208 leges
2986 1136 3204 1189 mittere.
3258 1132 3337 1188 De
3383 1132 3582 1188 steteris
3636 1135 3714 1189 vel

2115 1230 2351 1294 mortuis,
2386 1230 2465 1284 vel
2493 1229 2775 1283 viventibus
2806 1238 2948 1283 taceo
2979 1245 2995 1282 :
3027 1240 3246 1300 quorum
3282 1229 3336 1282 in
3369 1222 3575 1298 scriptis
3602 1226 3714 1282 suis

2116 1336 2163 1379 et
2204 1323 2336 1377 vim
2374 1322 2665 1393 manifesta!
2689 1321 2844 1387 sunt,
2882 1331 2930 1375 et
2966 1321 3223 1376 voluntas.
3256 1314 3348 1377 Sic
3388 1320 3715 1376 auctoritate

2116 1415 2347 1473 Iuvenci
2380 1430 2499 1471 sese
2531 1424 2712 1471 tuetur
2742 1414 3129 1487 Hieronymus.
3735 1413 3742 1421 '

2186 1506 2280 1564 21.
2316 1508 2438 1576 Quo
2469 1506 2522 1562 in
2548 1502 2736 1577 elogio
2764 1516 3009 1561 notatum
3052 1500 3271 1561 invenio
3310 1503 3455 1576 apud
3486 1502 3716 1560 Arntze-

2121 1601 2269 1658 nium
2321 1600 2547 1659 Misceil.
2598 1617 2722 1672 cap.
2782 1601 2837 1671 5,
2893 1616 2958 1657 ex
3024 1600 3345 1656 ilcumanno
3398 1600 3451 1655 in
3505 1598 3711 1655 Poecil.

2117 1704 2249 1752 tom.
2298 1696 2365 1761 ll,
2414 1692 2540 1751 libr.
2573 1711 2650 1761 ιη,
2684 1708 2805 1766 pag.
2844 1694 2992 1760 349,
3036 1694 3089 1748 iit
3131 1691 3406 1749 nonnullis
3434 1706 3570 1747 mss.
3611 1693 3714 1763 legi

487 1767 573 1826 18.
601 1769 885 1827 Libentius
918 1770 1196 1827 collocabo
1220 1773 1363 1829 inter
1384 1786 1548 1843 opera
1572 1772 1741 1828 dubia
1772 1773 2005 1829 Juvenci
2037 1794 2085 1857 Β
2120 1789 2388 1865 Evangelii
2428 1793 2692 1847 νενειαιεηι
2741 1806 2840 1859 [πο
2888 1788 3164 1862 Evangelii
3210 1791 3552 1860 majcsgaiem,
3608 1786 3711 1863 13

413 1877 633 1919 carmen
668 1865 905 1919 auctoris
944 1865 1138 1920 incerti
1185 1864 1259 1920 De
1286 1867 1532 1921 laudibus
1567 1866 1819 1933 Domini,
1864 1867 2007 1937 quod

414 1955 562 2010 inter
590 1966 779 2026 poetas
814 1956 1162 2012 Christianos
1199 1958 1373 2014 edidit
1403 1957 1689 2015 Fabricius
1728 1974 1849 2031 pag.
1881 1958 2004 2015 765.

409 2050 619 2113 Auctor
644 2050 789 2104 enim
824 2050 1099 2105 scribebat
1122 2049 1282 2106 etiam
1313 2050 1414 2107 sub
1441 2051 1824 2120 Constantino,
1853 2061 2013 2123 atque

415 2143 482 2197 ad
525 2142 748 2198 Juvenci
798 2146 1001 2216 stylnm
1042 2145 1292 2211 accedit;
1342 2146 1507 2201 simili
1551 2146 1717 2202 etiam
1740 2145 1906 2201 modo
1952 2158 2015 2201 ac

414 2237 690 2291 iuvencus
709 2279 722 2302 ,
754 2235 810 2291 in
840 2235 948 2293 line
982 2238 1254 2307 poematis
1274 2235 1619 2294 Constantini
1649 2239 1839 2296 laudes
1868 2239 2012 2294 cele-

413 2324 559 2383 brat.
594 2331 727 2395 Qua;
763 2330 1004 2385 rationes
1033 2332 1075 2384 si
1111 2328 1323 2385 idonea:
1356 2343 1464 2386 non
1496 2340 1646 2397 Sunt,
1672 2338 1733 2386 ut
1760 2331 2016 2387 dubitare

421 2416 721 2490 possimus,
749 2434 815 2476 an
842 2433 1031 2476 auctor
1051 2418 1432 2487 sitluvcncus,
1463 2424 1659 2479 saltem
1678 2423 1729 2478 id
1743 2422 2012 2490 efﬁciunt,

418 2525 477 2567 ut
513 2528 623 2567 non
666 2513 884 2567 meliori
918 2513 1071 2578 loco,
1108 2528 1270 2584 quam
1319 2525 1439 2584 post
1481 2513 1783 2570 Jtuencum
1810 2555 1824 2579 ,
1860 2514 2017 2584 pauci

417 2604 493 2660 illi
527 2620 718 2660 versus
746 2612 923 2674 poeta:
955 2606 1177 2672 incerti,
1214 2618 1267 2662 et
1296 2606 1524 2662 Iuvenci
1555 2609 1815 2679 aequalis,
1849 2606 2018 2663 colle-

422 2707 635 2752 ct‘nlur.

493 2789 579 2845 l9.
627 2787 684 2845 in
738 2789 977 2847 editione
1024 2790 1328 2848 Basilccnsi
1384 2790 1610 2848 Iuvenci
1641 2836 1654 2861 ,
1714 2793 1921 2851 Sedulii
1963 2805 2020 2852 et

426 2880 678 2938 Aratoris
717 2898 814 2952 per
850 2880 1060 2938 Tncod.
1098 2883 1493 2941 Pnrlmannutn
1531 2885 1717 2942 statim
1767 2898 1887 2959 post
1918 2887 2016 2945 Ju-

423 2986 653 3030 vencunt
676 2974 897 3030 additur
922 2976 1069 3032 aliud
1092 2981 1401 3047 poemation
1432 2979 1748 3051 inscriptum
1776 2998 1788 3035 :
1814 2979 2022 3037 Tritan-

422 3071 555 3143 phus
584 3070 779 3124 Christi
807 3070 1088 3139 heroicus;
1128 3072 1194 3126 ad
1225 3075 1381 3140 cujus
1425 3076 1724 3145 marginem
1761 3076 1864 3149 12
1902 3075 2021 3132 hate

424 3178 508 3222 cst
548 3179 673 3223 noui
708 3184 721 3221 :

422 3261 727 3333 ascriptum.
758 3261 906 3314 idem
934 3272 1153 3316 carmen
1184 3258 1374 3317 eodem
1412 3263 1569 3317 titulo
1603 3265 1869 3334 reperitur
1898 3275 2024 3335 post

419 3351 722 3408 iuvencum
753 3352 805 3408 in
839 3355 1082 3409 editione
1120 3350 1423 3410 Basileensi
1452 3354 1658 3411 Sedulii
1695 3366 1748 3409 ct
1793 3354 2021 3412 iuvenci

428 3460 525 3517 per
554 3442 1019 3501 Barlltolomaunn
1060 3440 1505 3503 Westhemcrum
1549 3464 1691 3503 anno
1739 3446 1896 3503 1541.
1929 3448 2025 3505 Vi-

424 3540 625 3593 tlcntttr
670 3554 803 3605 ergo
849 3540 900 3592 lti
937 3554 1128 3594 versus
1175 3537 1228 3594 in
1277 3535 1451 3596 i'eteri
1490 3541 1677 3611 aliquo
1725 3541 2025 3611 exemplari

424 3629 615 3687 cadem
664 3630 838 3686 forma
882 3647 945 3687 ac
984 3630 1262 3688 iuvencus
1304 3632 1511 3687 exarati
1548 3650 1561 3686 :
1626 3634 1715 3704 qui
1744 3642 1926 3689 tamen
1969 3632 2022 3690 in

422 3722 750 3781 colli-ctione
808 3736 1090 3795 pocttrum
1146 3727 1585 3782 Christianorum
1651 3726 2015 3795 Fabricinna,

427 3815 658 3887 aliisque
690 3818 1045 3886 przctermissi
1078 3826 1225 3876 sunt.
1285 3818 1443 3874 Ratio
1469 3819 1630 3874 metri
1663 3833 1725 3874 ac
1755 3819 2023 3874 Latinita-

425 3909 499 3962 tis
547 3922 654 3963 non
706 3908 846 3963 male
879 3916 1092 3963 constat
1133 3908 1187 3965 in
1222 3911 1325 3966 hoc
1352 3914 1597 3967 carmine
1636 3931 1650 3967 :
1699 3913 1796 3969 sed
1830 3915 2027 3968 subve-

427 4014 558 4057 reor
607 4016 677 4055 ne
727 4017 863 4070 opus
930 4005 1254 4059 recentioris
1296 4005 1530 4075 alicujus
1584 4006 1694 4071 sit,
1776 4007 1864 4075 qui
1921 4016 2025 4060 sm-

424 4094 548 4154 culo
570 4112 661 4153 xr:
692 4094 910 4166 vixerit,
937 4109 988 4155 et
1012 4094 1157 4154 banc
1186 4100 1548 4172 appendicem
1580 4100 1836 4158 Historiae
1858 4116 2027 4159 evan-

428 4188 619 4262 geliea:
652 4189 882 4248 iuvenci
912 4191 1247 4248 subnectere
1280 4190 1535 4250 voluerit.
1570 4191 1686 4250 Non
1714 4197 1857 4251 enim
1891 4194 2027 4252 satis

426 4280 558 4337 mihi
604 4283 776 4353 liquet
817 4284 883 4339 de
932 4283 1260 4355 antiquitate
1302 4285 1540 4352 codicis,
1575 4302 1642 4343 ex
1683 4302 1794 4358 quo
1835 4282 2029 4359 liuius-

432 4374 581 4433 modi
613 4390 834 4435 carmen
877 4391 1000 4433 cum
1044 4376 1291 4435 iuvenco
1327 4392 1629 4436 exn-actum
1671 4389 1773 4436 est.
1818 4382 2030 4437 luti-rea

430 4469 563 4526 illud
598 4473 742 4526 inter
774 4484 938 4540 opera
970 4470 1132 4527 dubia
1176 4478 1271 4527 aut
1297 4473 1640 4544 supposititia
1676 4472 1906 4529 Iuvenci
1944 4480 2028 4529 re-

784 3162 847 3220 1η
896 3170 1182 3249 exemplari
1234 3171 1706 3227 auctoris'nomen
1758 3188 1861 3226 non
1914 3182 2094 3250 erata

2116 1880 2229 1939 Hoc
2258 1893 2436 1939 tamen
2460 1882 2682 1954 praefert
2705 1884 3065 1950 Arntzenius;
3093 1893 3149 1939 et
3170 1880 3474 1939 Vallarsius
3500 1879 3712 1936 nullam

2118 1972 2435 2031 varietatem
2483 1977 2732 2033 lectionis
2768 1979 2981 2047 agnovit
3029 1996 3042 2032 :
3082 1992 3260 2046 neque
3302 1990 3466 2046 porro
3509 1972 3716 2030 sollici-

2114 2067 2280 2123 tanda
2324 2075 2409 2124 est
2451 2070 2716 2138 scriptura
2759 2069 2970 2139 vulgata
2998 2112 3011 2134 ,
3058 2082 3218 2139 quam
3263 2067 3415 2123 multi
3449 2066 3538 2121 alii
3588 2064 3719 2121 reti-

2120 2172 2284 2226 nent,
2331 2161 2455 2232 quia
2502 2159 2691 2216 eadem
2738 2163 2905 2216 verba
2944 2159 3392 2231 Hieronymitnt
3419 2156 3718 2214 iuvencum

2119 2253 2365 2319 laudent,
2420 2264 2705 2327 usurpant.
2760 2255 2875 2311 Hoc
2924 2256 3101 2325 ipsum
3150 2254 3327 2309 innuit
3381 2250 3719 2308 Fortunatus

2122 2344 2245 2402 libr.
2278 2363 2292 2401 l
2322 2344 2462 2402 Vitae
2490 2344 2550 2401 S.
2587 2346 2802 2402 Martini
2836 2345 2997 2402 initio
3029 2366 3042 2401 :

2275 2433 2545 2502 Majestatis
2565 2452 2690 2503 Opus
2712 2439 2860 2490 metri
2883 2440 3014 2489 canit
3032 2444 3142 2488 arte
3165 2435 3435 2489 Juvedcus.

2195 2543 2287 2600 2:2.
2329 2544 2409 2601 De
2434 2561 2578 2600 anno
2621 2545 2807 2610 etiam,
2841 2560 2949 2615 quo
2985 2560 3205 2600 carmen
3246 2559 3401 2599 suum
3440 2542 3492 2598 in
3539 2541 3718 2597 Evan-

2121 2633 2263 2707 gelia
2299 2636 2578 2691 scribebat
2606 2634 2882 2693 Jovencus
2900 2680 2914 2701 ,
2947 2634 3315 2709 Hieronymus
3343 2635 3716 2692 testimonium

2122 2726 2359 2782 reddidit
2380 2728 2431 2782 in
2455 2727 2734 2784 additione
2756 2729 2819 2784 ad
2845 2727 3179 2785 Cbronicnnt
3199 2724 3419 2783 Eusebii
3445 2739 3576 2783 tom.
3606 2724 3723 2783 Vill

2122 2834 2384 2889 operum,
2416 2820 2521 2876 Col.
2566 2820 2700 2885 787,
2736 2822 2825 2877 ubi
2857 2823 2922 2876 ad
2965 2839 3167 2876 annum
3215 2820 3426 2876 Domini
3459 2818 3567 2878 532
3595 2820 3672 2875 ait
3707 2838 3718 2875 :

2121 2910 2377 2968 Iuvencus
2407 2915 2696 2987 presbyter,
2731 2917 2937 2971 natione
2963 2916 3016 2970 11
3022 2919 3235 2987 ispanns
3260 2964 3272 2986 ,
3323 2914 3600 2989 Evangelia
3630 2914 3721 2970 lte-

2124 3004 2278 3060 roicis
2312 3007 2539 3061 versibus
2587 3008 2832 3076 explicat.
2878 3006 3105 3063 Miriﬁce
3144 3012 3261 3065 lnrc
3300 3008 3482 3063 omnia
3527 3006 3725 3063 conﬁr-

2127 3111 2342 3156 mantur
2372 3119 2435 3157 ex
2465 3102 2682 3174 epilogo
2710 3103 2963 3157 Historia)
2990 3096 3350 3174 evangelicae:

2222 3213 2340 3280 Haec
2362 3215 2477 3280 mibi
2502 3228 2593 3277 pax
2613 3214 2787 3280 Christi
2812 3216 3001 3280 tribuit,
3031 3228 3127 3277 pax
3151 3216 3257 3266 hmo
3281 3216 3400 3264 mihi
3422 3215 3572 3276 saecli,

2220 3277 2374 3341 Quam
2403 3274 2535 3327 fovet
2561 3278 2823 3341 indulgens
2848 3274 2997 3329 terrai
3031 3274 3267 3341 regnator
3289 3284 3475 3341 aperta:

2215 3339 2585 3403 Constantinus,
2609 3339 2752 3391 adth
2774 3343 2852 3391 cui
2870 3342 3029 3402 gratia
3050 3339 3201 3403 digna
3222 3339 3455 3390 merenti.

2127 3443 2182 3495 id
2213 3443 2282 3497 de
2307 3442 2667 3498 Constantino
2693 3459 2759 3497 eo
2792 3446 3130 3512 potissmium
3162 3455 3407 3513 tempore
3434 3440 3720 3512 praedicari

2127 3536 2324 3604 potuit,
2355 3549 2464 3607 quo
2496 3535 2757 3592 Licinium
2790 3536 3103 3603 debellavit,
3128 3537 3385 3591 nimirum
3409 3546 3553 3590 anno
3580 3535 3714 3602 524,

2125 3644 2284 3700 quem
2308 3646 2451 3684 anno
2474 3630 2719 3699 sequenti
2747 3631 2916 3685 occidi
2928 3631 3106 3700 jussit.
3128 3629 3202 3683 Ex
3228 3643 3295 3685 eo
3317 3630 3460 3684 enim
3480 3640 3726 3698 tempore

2127 3724 2241 3779 fere
2279 3722 2345 3777 ad
2389 3722 2596 3779 obitum
2624 3737 2797 3793 usque
2831 3738 3017 3792 pacem
3063 3737 3156 3792 per
3184 3722 3496 3776 universum
3535 3721 3725 3775 orbem

2128 3816 2431 3872 Romanum
2465 3815 2595 3870 fovit
2628 3815 3019 3872 Constantinus
3043 3855 3056 3881 ,
3085 3814 3262 3869 dictus
3308 3824 3596 3884 propterea
3625 3824 3714 3867 se-

2128 3911 2376 3965 curitatis
2420 3919 2643 3966 interna:
2692 3909 2969 3977 fundator,
3022 3918 3081 3964 ut
3126 3914 3276 3963 notat
3325 3907 3612 3963 Fabricius
3664 3906 3723 3962 in

2125 4001 2435 4057 Comment.
2466 4011 2613 4072 poet.
2644 4001 2876 4069 Cbri~t.,
2902 4003 2993 4072 qtti
3040 4002 3231 4056 nescio
3262 3998 3393 4069 quid
3431 3998 3533 4054 sibi
3565 3996 3719 4064 velit,

2128 4096 2256 4149 dum
2288 4094 2386 4159 ait,
2417 4093 2713 4149 iuvencum
2738 4091 3084 4148 Constantini
3116 4092 3462 4162 imperatoris
3492 4103 3716 4147 suorum

2130 4195 2437 4256 temporum
2484 4186 2847 4242 meminisse:
2896 4185 3169 4257 pontiﬁcis
3206 4186 3452 4242 Silvestri
3492 4185 3726 4240 mentio-

2128 4295 2253 4335 nem
2286 4279 2558 4342 omisisse,
2582 4279 2705 4350 quia
2731 4277 2852 4348 ejus
2881 4280 3120 4333 nondum
3151 4275 3251 4331 fuit
3280 4277 3427 4347 regia
3460 4276 3512 4330 in
3545 4275 3721 4344 impe-

2126 4374 2214 4428 rio
2243 4384 2336 4429 aut
2382 4373 2440 4428 in
2470 4370 2607 4428 orbe
2641 4372 2951 4427 Christiano
2986 4372 3226 4441 potentia
3255 4379 3420 4439 atque
3473 4366 3719 4423 auctori.

2128 4474 2232 4521 tas.
2264 4466 2358 4522 Nae
2385 4466 2743 4523 vehementer
2769 4466 2861 4521 ille
2889 4476 3057 4530 errat,
3093 4463 3140 4518 sl
3165 4463 3423 4533 colligere
3452 4477 3516 4516 ex
3559 4460 3727 4517 silen-

431 4580 637 4631 ponere
670 4565 894 4620 minimc
921 4563 1151 4636 pigebit,
1180 4566 1480 4635 praesertim
1509 4578 1630 4622 cum
1663 4564 1882 4622 obvium
1917 4584 2024 4623 non
2052 4571 2104 4633 Ι)
2134 4562 2208 4617 tio
2232 4559 2458 4616 iuvenci
2490 4560 2624 4625 vult,
2658 4559 2866 4614 nullutn
2899 4558 3067 4617 fuisse
3093 4565 3221 4611 tunc
3248 4554 3479 4611 Romani
3512 4552 3730 4623 pontiﬁ-

429 4656 520 4711 sit.
549 4654 604 4712 In
629 4656 814 4713 codice
836 4654 1190 4714 bibliotheca:
1219 4656 1751 4715 San-Germanensis
1788 4677 1937 4716 num.
1964 4662 2033 4717 ιδ

428 4745 790 4805 describendo
810 4748 1081 4805 indicatur
1097 4765 1317 4806 carmen
1341 4745 1564 4808 iuvenci
1579 4753 1647 4808 de
1661 4750 2025 4813 Ascensione:

430 4843 574 4912 quod
592 4841 727 4898 nihil
754 4854 879 4911 puto
904 4843 1178 4913 pertinere
1199 4844 1266 4898 ad
1290 4844 1434 4899 hunc
1456 4842 2026 4916 triuntpltumCltristi,

433 4932 603 4990 immo
654 4950 830 5007 neque
874 4934 942 4990 ad
983 4934 1308 4994 iuvencum.
1342 4936 1598 4994 Fortasse
1637 4936 1785 4993 enim
1836 4951 2028 4996 versus

430 5024 599 5099 aliqui
633 5036 757 5082 sunt
789 5040 855 5083 ex
887 5027 1065 5099 primo
1090 5024 1236 5084 libro
1269 5027 1518 5085 Aratoris
1546 5029 1817 5101 excerpti,
1849 5037 1904 5086 et
1933 5030 2029 5088 lu-

434 5120 593 5174 venci
653 5130 850 5175 nomen
920 5132 1021 5190 pro
1080 5121 1309 5177 Aratore
1374 5122 1608 5191 positum
1662 5128 1766 5178 est.
1820 5121 2025 5178 Eodem

428 5218 583 5266 ttum.
636 5210 727 5277 45,
779 5211 951 5266 codex
1012 5211 1153 5268 allus
1197 5210 1732 5269 Satn-Germanensis
1783 5211 2029 5268 Jnveneo

435 5302 647 5375 afﬁngit
689 5303 1013 5374 prooemium
1044 5302 1099 5361 in
1139 5304 1290 5376 Opus
1329 5305 1601 5376 paschale,
1631 5305 1775 5377 quod
1804 5305 2031 5363 Sedulio

433 5399 724 5451 restituere
753 5401 989 5466 oportet.

507 5488 596 5544 eo.
626 5488 753 5543 Post
785 5502 949 5559 opera
980 5490 1205 5547 iuvenci
1230 5490 1505 5562 descripta
1539 5490 1659 5562 ejus
1688 5498 1907 5549 aetatem
1941 5492 2023 5550 sic

431 5586 617 5638 statuit
652 5580 1013 5658 ilieronymus
1062 5600 1075 5639 :
1125 5583 1333 5640 Floruit
1370 5585 1464 5640 sub
1494 5584 1833 5641 Constantino
1875 5587 2024 5655 prin-

435 5678 568 5745 cipe.
604 5675 855 5733 Mendum
883 5678 1082 5750 quippe
1110 5689 1214 5746 est,
1252 5681 1396 5752 quod
1428 5682 1482 5736 in
1520 5678 1793 5738 nonnullis
1828 5681 2025 5737 editio-

432 5768 590 5825 nibns
617 5766 815 5842 legitur
843 5762 934 5825 sub
964 5768 1290 5828 Cottstanfio.
1326 5767 1622 5835 Historiam
1654 5772 2026 5846 evangelica“)

2130 4654 2211 4709 eis
2238 4654 2600 4725 principatum
2630 4651 2685 4707 in
2716 4651 2849 4707 orbe
2873 4650 3211 4708 Christiano.
3253 4648 3396 4705 Nihil
3437 4649 3581 4704 enim
3611 4655 3729 4703 erat

2131 4756 2312 4802 causa:
2356 4756 2454 4802 cur
2500 4745 2776 4801 Iuvencus
2822 4756 3014 4813 pacem
3060 4743 3211 4798 saecli
3256 4742 3606 4807 laudaturos,
3648 4753 3719 4794 ex

2132 4854 2238 4913 qua
2278 4841 2453 4895 otium
2483 4837 2713 4894 vacandi
2756 4838 2928 4893 musis
2959 4838 3131 4893 sacris
3164 4847 3355 4891 nactus
3395 4834 3555 4890 fuerit
3579 4877 3595 4902 ,
3633 4846 3730 4887 au-

2131 4936 2437 4992 ctoritatem
2463 4928 2692 4987 Romani
2720 4931 2995 5003 pontiﬁcis
3026 4932 3079 4986 in
3109 4939 3223 4986 toto
3247 4928 3385 4986 orbe.
3415 4928 3727 4983 Christiano

2130 5033 2602 5086 commemoraret.
2631 5027 2837 5081 Confer
2872 5035 3032 5080 notas
3062 5024 3126 5079 ad
3152 5024 3430 5094 epilogum
3470 5019 3726 5076 Historiae

2131 5118 2480 5195 evangelicae.
3396 5156 3401 5159 .

2203 5217 2296 5275 25.
2330 5217 2531 5274 Sestus
2557 5214 2731 5273 Rufus
2756 5216 2809 5271 in
2841 5214 3083 5285 Epitom.
3119 5212 3257 5268 baud
3288 5209 3540 5267 dissimili
3562 5209 3728 5266 modo

2134 5311 2276 5368 hanc
2318 5313 2581 5381 temporis
2618 5310 2767 5365 illius
2809 5320 2994 5379 pacem
3035 5307 3263 5376 exponit
3300 5323 3313 5359 :
3351 5302 3728 5359 Constantinus

2129 5414 2302 5459 rerum
2345 5401 2589 5457 dominus
2632 5408 2858 5457 extremo
2884 5415 2994 5454 sua:
3022 5399 3138 5452 vita
3177 5406 3406 5467 tentpore
3434 5396 3727 5463 expeditio-

2132 5510 2250 5551 nem
2278 5492 2477 5567 paravit
2508 5496 2561 5549 in
2594 5492 2784 5549 Persas
2814 5506 2833 5547 :
2862 5502 2968 5547 toto
3008 5492 3142 5544 enim
3171 5489 3292 5544 orbe
3328 5489 3525 5562 pacatis
3556 5489 3717 5560 genti-

2116 5582 2250 5653 ‘bus,
2282 5596 2330 5642 et
2359 5589 2553 5642 recenti
2583 5587 2648 5641 de
2684 5584 2869 5640 Gothis
2896 5584 3173 5656 gloriosior
3204 5583 3438 5649 victoria,
3466 5580 3646 5636 multis
3673 5581 3726 5635 in

2133 5683 2326 5740 Persas
2363 5682 2696 5739 descendebat
2737 5679 3048 5751 agminibus.
3096 5676 3252 5750 Apud
3289 5678 3543 5733 Carolum
3583 5672 3730 5732 Plii-

2132 5790 2258 5837 num
2282 5775 2549 5833 Numism.
2576 5774 2835 5846 imperat.
2862 5786 2988 5856 pag.
3018 5773 3126 5830 465
3152 5785 3305 5851 seqq.
3333 5770 3515 5847 plures
3544 5766 3730 5833 videre
