4176 6180
423 275 491 333 ll
1804 264 2042 332 ηοω

2141 270 2321 333 [ENA
2335 316 2348 331 .
3662 274 3737 333 22

424 390 553 447 licet
589 388 696 464 ιι
732 402 980 445 nummos
1012 387 1386 456 Constantini,
1426 400 1658 460 quorum
1704 389 2019 461 lnscriptloa
2050 388 2095 453 Α
2127 394 2185 445 ιιι
2222 397 2376 461 puto,
2418 390 2474 446 in
2509 389 2697 462 aliquo
2729 390 2873 446 bono
2905 395 3132 446 auctore
3162 388 3395 460 reperit,
3430 386 3527 446 sed
3558 402 3629 445 ex
3658 390 3745 445 in-

423 496 525 540 nes
563 494 750 552 pacem
783 495 813 535 a
852 480 1211 537 Constantino
1232 481 1509 537 fundatam
1534 486 1803 538 testantur
1834 498 1851 537 ε
1890 480 2025 537 νει.
2126 482 2525 551 quinatissimls
2550 481 2796 537 fontibus
2819 482 3148 538 derivatum.
3178 482 3383 538 Dexter
3410 481 3574 556 igitur
3598 493 3744 537 com-
3816 494 3825 499 '

425 572 570 644 QVE
605 571 876 630 VICTOR.
906 572 1276 630 FVNDATOR
1307 573 1520 632 PACIS.
1556 575 1786 631 BEATA
1810 574 2024 631 TRAN-

425 667 817 737 QVILLITAS.
846 668 902 723 lu
935 669 1171 724 Historia
1204 669 1404 725 eceles.
1435 668 1640 725 Natalis
1687 668 2021 736 Alexandri,

429 770 490 821 et
513 763 567 818 iu
595 763 936 818 Dictionario
966 772 1259 833 apparatus
1287 763 1355 819 ad
1387 776 1508 819 eam
1548 763 1848 820 Historiam
1875 777 2028 820 asse-

430 858 587 921 ritur,
620 856 922 912 Iuvencum
959 854 1327 913 Constantino
1366 873 1523 913 suum
1558 874 1781 915 carmen
1816 874 2027 915 nuncu-

431 963 612 1022 passo.
656 949 766 1007 Sed
806 965 930 1007 cum
961 951 1138 1007 solum
1173 951 1265 1008 list
1303 952 1507 1009 mentio
1546 952 1926 1018 Constantini,
1969 963 2030 1009 ut

431 1043 709 1099 indicetur
739 1051 978 1114 tempus,
1013 1056 1121 1113 quo
1148 1058 1341 1111 poema
1374 1044 1842 1109 conscribebatur,
1881 1045 2028 1114 ejus-

432 1137 583 1193 modi
608 1138 842 1194 assertio
871 1137 1145 1193 imbecillo
1174 1137 1371 1193 nititur
1396 1138 1771 1194 fundamento.
1798 1138 1888 1194 Sic
1913 1137 2030 1193 Vir-

428 1229 588 1302 gilius
616 1230 672 1284 in
704 1232 813 1286 line
843 1229 968 1286 libri
996 1244 1047 1283 tv
1087 1229 1319 1301 Gecrg,
1352 1245 1514 1302 quem
1553 1230 1867 1302 singillatim
1906 1246 2028 1287 cum

435 1324 610 1380 tribus
639 1324 762 1379 aliis
783 1323 845 1381 C.
878 1323 1149 1379 Mecumas
1180 1330 1619 1389 consecraverat,
1652 1339 1713 1379 se
1741 1338 1941 1381 cauere
1967 1336 2029 1379 ea

424 1425 614 1485 uorat,

684 1488 1002 1552 2.._...CIBSs_r
1015 1488 1132 1552 dum
1154 1500 1364 1552 magnus
1382 1488 1445 1539 ad
1462 1487 1615 1543 altum

683 1544 927 1601 Fulminat
948 1544 1269 1614 Euphratem",
1295 1559 1391 1603 etc.

504 1698 597 1755 ει.
638 1698 835 1756 Petrus
869 1697 1112 1755 Crinitus
1153 1707 1366 1757 :etatem
1408 1699 1632 1757 Iuvenci
1673 1700 1753 1758 sic
1781 1701 1975 1757 deﬁnit
2018 1720 2032 1756 :

2127 575 2409 632 mentitlus
2450 575 2517 631 ad
2563 590 2765 631 annum
2805 576 2911 632 537
2950 576 3028 631 sic
3055 575 3219 630 habet
3261 592 3276 631 :
3317 573 3657 632 Salmautiere
3682 576 3738 630 iu

2133 665 2375 723 Vettonia
2424 669 2486 723 S.
2535 666 2798 723 Iuvencus
2846 667 3110 741 presbyter
3154 669 3379 723 moritur
3408 709 3424 735 ,
3466 668 3556 739 qui
3585 670 3743 740 juxta

2129 758 2409 816 nonnullos
2435 761 2672 833 interfuit
2696 761 2918 815 concilio
2946 759 3277 816 Iliberitano.
3315 760 3463 815 Idem
3497 760 3742 816 Pseudo-

2131 852 2331 907 Dexter
2370 852 2437 906 ad
2479 864 2685 907 annum
2732 850 2839 907 407
2886 851 3087 905 iterum
3128 850 3356 907 Iuvenci
3404 853 3740 908 mentionem

2131 942 2348 1013 injicit:
2385 942 2772 1015 Casarobrigw,
2812 956 2931 1015 quia
2967 957 3107 997 nunc
3137 954 3299 1014 prope
3326 941 3655 998 Ambraciam
3681 944 3738 998 in

2144 1036 2376 1092 Vettonia
2404 1036 2557 1092 Oliva
2585 1037 2799 1105 dicitur,
2828 1036 3090 1093 Iuvencus
3124 1035 3322 1106 aliquot
3342 1053 3510 1092 annos
3537 1041 3668 1108 agit,
3692 1048 3741 1093 et

2132 1140 2283 1187 nam
2319 1132 2392 1187 ibi
2429 1133 2638 1189 dicitur.
2685 1131 2821 1186 Inde
2855 1132 2980 1201 petit
3024 1131 3404 1187 Satmantieam
3426 1174 3442 1200 ,
3476 1131 3560 1187 ubi
3589 1133 3742 1203 ﬂoret

2131 1223 2361 1292 impense
2399 1225 2538 1281 docti
2564 1226 2832 1297 sanctique
2856 1225 2954 1279 viri
2980 1226 3250 1281 memoria.

2204 1317 2298 1374 26.
2332 1317 2428 1374 llis
2457 1319 2674 1375 duobus
2713 1319 3040 1375 testimoniis
3067 1319 3208 1375 inter
3238 1330 3297 1374 se
3319 1318 3557 1388 collatis,
3587 1317 3741 1375 vide-

2138 1421 2229 1467 tur
2262 1412 2462 1468 Dexter
2486 1411 2592 1469 sibi
2618 1426 2744 1468 esse
2773 1411 3109 1467 contrarius.
3138 1410 3247 1467 Sed
3276 1413 3521 1467 occurrit
3566 1409 3740 1467 inter-

2136 1520 2263 1578 pres
2290 1505 2564 1573 Bivarius,
2620 1514 2674 1562 et
2699 1514 2888 1561 monet
2925 1505 2991 1560 ad
3015 1518 3217 1560 annum
3246 1503 3354 1561 407
3381 1503 3575 1560 rel‘erri
3597 1518 3742 1576 prte-

2137 1600 2340 1655 claram
2369 1599 2728 1665 memoriam,
2762 1612 2884 1668 qua:
2914 1607 3042 1652 tunc
3086 1608 3244 1663 erat,
3278 1595 3530 1663 Iuvenci,
3580 1594 3741 1666 cujus

2138 1693 2242 1747 alia
2272 1700 2426 1761 gesta
2469 1692 2652 1748 obiter
2681 1700 3028 1747 enarrantur.
3063 1690 3190 1746 Bac
3229 1688 3423 1745 eadem
3452 1688 3745 1743 conllrmat

435 1792 714 1865 Prtecipue
751 1796 968 1866 ﬂoruit,
1019 1794 1391 1865 imperantibus
1441 1794 1747 1851 Constantio
1789 1806 1837 1850 et
1888 1795 2028 1851 Cano
2062 1784 2408 1856 BTamayus
2457 1784 2529 1840 de
2577 1782 2803 1840 Sulazar
2854 1783 2910 1839 in
2966 1783 3190 1855 Martyr.
3249 1780 3403 1853 Hisp.
3463 1781 3533 1838 ad
3592 1782 3741 1838 diem

435 1896 638 1943 stante:
667 1903 771 1957 qua
796 1896 1100 1957 tempestate
1118 1889 1171 1942 in
1191 1888 1483 1961 eloquentia
1509 1890 1653 1961 apud
1668 1888 1880 1944 Latinos
1903 1890 2035 1943 clari

439 1981 645 2052 fuerunt
688 1978 995 2034 Tiberianus
1018 2022 1032 2045 ,
1070 1979 1367 2048 Nasarius,
1400 1988 1449 2035 et
1489 1977 1709 2035 Flauius
1746 1978 2031 2053 Vopiscus,

438 2074 527 2138 qui
564 2072 631 2127 de
675 2072 834 2143 gestis
880 2071 1237 2127 Romanorum
1276 2073 1570 2144 principum
1620 2070 1779 2127 libros
1819 2086 2031 2139 comito-

442 2166 565 2218 suit.
598 2160 723 2237 .Sed
752 2178 864 2235 quo
890 2174 1115 2220 auctore
1145 2164 1212 2220 ad
1253 2166 1614 2236 imperatores
1654 2163 2034 2220 Constantium

439 2266 498 2315 et
521 2256 875 2315 Constantem
904 2258 1131 2315 Iuvenci
1163 2269 1406 2329 tempora
1439 2256 1690 2325 differat,
1722 2273 1829 2313 nou
1859 2257 2035 2327 expli-

440 2357 527 2407 cat
562 2351 807 2407 Criuims
829 2396 844 2418 ,
901 2366 1080 2423 neque
1111 2359 1240 2422 puto
1283 2353 1454 2408 ullum
1486 2364 1609 2407 esse
1655 2351 1773 2421 ejus
1804 2351 1883 2406 rei
1913 2349 2033 2405 ido-

447 2459 609 2501 neum
655 2455 869 2501 testem.
919 2440 1123 2517 Syxtus
1163 2444 1428 2501 Senensis
1476 2444 1602 2500 libr.
1660 2458 1715 2498 tv
1764 2439 2031 2499 Bibliotb.

439 2539 628 2597 Sanct.
670 2538 887 2595 facilius
916 2538 983 2594 ad
1027 2538 1342 2610 Hieronymi
1383 2537 1710 2593 sententiam
1755 2535 1899 2591 trahi
1941 2546 2038 2606 pu-

444 2642 552 2689 test
580 2649 595 2686 :
627 2622 887 2688 quencus
919 2640 1071 2703 poeta
1096 2631 1179 2688 sui
1205 2632 1301 2688 teri
1330 2631 1711 2686 celeberrimus.
1760 2669 1772 2681 .
1820 2669 1834 2681 .
1901 2627 2039 2682 Cou-

445 2727 670 2782 stantino
694 2726 947 2799 principe,
980 2734 1027 2781 et
1057 2724 1182 2796 ﬁliis
1212 2730 1326 2797 ejus
1351 2721 1717 2795 imperantibus
1746 2736 1886 2776 anno
1906 2720 2033 2777 350.

453 2820 553 2889 Qui
595 2829 687 2875 aut
733 2819 785 2875 ld
825 2821 1111 2891 exprimit,
1150 2819 1296 2891 quod
1326 2818 1693 2889 Hieronymus
1727 2816 1905 2883 dixit,
1946 2824 2039 2869 aut

446 2915 750 2983 exprimere
780 2926 935 2970 certe
966 2913 1153 2970 voluit.
1185 2914 1436 2984 Alioquin
1464 2926 1608 2968 anno
1634 2912 1740 2969 550
1770 2912 1866 2967 lilii
1898 2911 2041 2967 Con-

446 3006 668 3061 stantini
705 3021 937 3063 cazsares
973 3007 1195 3077 quidem
1226 3016 1413 3073 erant,
1447 3020 1554 3061 non
1589 3019 1718 3060 vero
1748 3005 2037 3075 imperato-

446 3112 557 3154 res.

513 3188 605 3245 25.
635 3190 909 3248 Incertum
943 3206 1073 3264 ergo
1102 3200 1211 3257 est,
1239 3204 1400 3263 quem
1431 3192 1498 3247 ad
1530 3206 1729 3247 annum
1760 3192 2038 3246 Iuvencus
2064 3188 2109 3250 C

444 3287 609 3343 vitam
640 3288 981 3359 produxerit.
1013 3287 1284 3345 Incertum
1315 3287 1544 3360 pariter,
1576 3303 1641 3342 an
1674 3288 1777 3342 alia
1811 3298 2037 3341 munera

445 3389 645 3452 prater
682 3383 1097 3455 presbyteratus
1126 3380 1362 3436 omcium
1390 3379 1641 3451 gesserit.
1672 3380 1756 3435 Ab
1786 3378 2039 3443 Alcuino,

444 3486 602 3545 quem
643 3488 795 3529 num.
837 3473 908 3531 94
946 3473 1223 3543 allegabo,
1263 3474 1580 3546 presbyter,
1616 3483 1668 3528 et
1705 3471 2042 3527 scholasticus

447 3579 689 3624 vocatur.
735 3567 1105 3624 Scholastieus
1139 3569 1269 3623 olim
1304 3568 1589 3623 dicebatur
1621 3568 1698 3633 is,
1734 3567 1825 3639 qui
1870 3566 1923 3621 in
1961 3563 2044 3621 fo-

451 3662 595 3717 rensi
622 3664 1015 3718 exercitatione
1044 3673 1298 3717 versatus
1324 3672 1461 3728 erat,
1484 3672 1546 3717 ut
1573 3661 1794 3728 probavi
1826 3661 1878 3715 in
1912 3658 2045 3714 Pro-

452 3756 644 3828 legom.
674 3756 739 3811 ad
767 3755 1121 3812 Prudentium
1155 3771 1303 3810 nuto.
1334 3756 1426 3821 48,
1456 3770 1577 3826 pag.
1611 3754 1701 3811 51.
1731 3754 1850 3822 Quo
1880 3768 2043 3809 sensu

450 3865 557 3905 non
589 3859 718 3921 puto
747 3851 1046 3907 Iuvencum
1074 3850 1143 3905 ab
1168 3847 1396 3905 Alcuino
1416 3846 1605 3913 ‘vocari
1629 3846 2038 3902 scholastieum.

450 3942 813 4000 Tribuebatur
851 3943 1016 3999 etiam
1057 3958 1118 3998 ea
1150 3957 1257 3998 vox
1289 3941 1517 4007 rhetori,
1550 3947 1604 3994 et
1630 3938 1875 4004 erudito;
1905 3945 1959 3992 et
1985 3935 2042 3991 id

452 4037 623 4108 magis
650 4038 914 4109 convenit
940 4036 1203 4103 Juvenco,
1246 4036 1619 4107 episcopatum
1648 4033 2046 4090 Salmanticen-

449 4142 589 4196 sem,
618 4142 777 4200 quem
806 4126 1359 4186 Pseudo—Haubertus
1399 4128 1466 4184 ad
1496 4143 1626 4183 anu.
1659 4127 1763 4184 557
1802 4127 2046 4183 Iuvenco

451 4221 695 4287 alllnxit,
734 4236 893 4277 nemo
914 4222 1026 4292 jam
1060 4236 1165 4278 non
1198 4221 1424 4278 irrideat
1450 4234 1571 4275 cum
1610 4218 1727 4276 Nic.
1759 4218 1996 4275 Antonio
2026 4234 2040 4273 :

449 4316 541 4386 qui
582 4314 789 4383 pariter
830 4314 1023 4381 innuit,
1063 4315 1324 4371 Iacobum
1365 4314 1673 4383 Philippum
1713 4310 2047 4384 Bergomen-
2088 4328 2091 4331 ‘

448 4420 585 4473 sem,
616 4407 927 4463 Marinaeum
954 4408 1219 4477 Siculum,
1247 4417 1300 4461 et
1327 4405 1762 4477 Eisengreinium
1795 4417 2044 4458 asseren-

452 4509 555 4565 tes,
584 4500 884 4556 Iuvencum
912 4500 972 4557 8.
1004 4500 1067 4555 Β.
1105 4501 1165 4555 E.
1198 4500 1529 4555 cardinalem
1558 4499 1746 4563 fuisse,
1781 4497 1931 4553 nullo
1964 4496 2045 4550 in-

451 4594 548 4648 niti
578 4593 956 4649 fundamento.
989 4592 1175 4664 Neque
1229 4591 1377 4647 enim
1410 4591 1648 4665 15ullo
1674 4590 1836 4646 modo
1862 4588 2041 4660 colligi
2076 4587 2122 4647 D

448 4693 648 4754 potest,
678 4699 804 4741 eum
834 4683 1096 4742 Romanae
1138 4685 1396 4741 Ecclesia
1438 4683 1810 4756 presbyterum
1855 4682 2042 4751 fuisse,

447 4788 544 4833 aut
583 4777 814 4834 Romam
851 4778 1143 4847 aliquando
1173 4779 1409 4842 venisse,
1438 4784 1499 4832 ut
1530 4776 1665 4831 nihil
1693 4790 1835 4830 nunc
1868 4774 2043 4829 dicam

448 4871 521 4927 de
545 4872 702 4928 titulo
730 4880 826 4927 aut
865 4873 1232 4943 appellatione
1260 4871 1571 4937 cardinalis,
1606 4886 1729 4942 qua:
1760 4871 1931 4927 multo
1959 4883 2047 4926 re-

448 4965 665 5020 centior
710 4973 816 5019 est.
864 4964 974 5022 Sed
1024 4965 1418 5034 exponendane
1478 4977 1506 5017 a
1554 4963 1710 5018 nobis
1767 4973 1894 5018 sunt
1939 4965 2043 5019 alla

450 5056 756 5127 mendacis,
788 5073 912 5130 qua:
947 5059 1000 5113 in
1030 5059 1408 5115 commentitio
1435 5057 1707 5113 Chronico
1738 5057 1926 5112 Dextri
1963 5072 2051 5112 re-

451 5149 762 5219 periuntur?
785 5151 958 5207 Nemo
982 5160 1133 5208 certe
1158 5152 1320 5208 iidem
1349 5151 1455 5206 illis
1485 5159 1735 5221 prtestal;
1761 5150 1855 5206 sed
1884 5165 2052 5221 expo-

2143 1877 2210 1931 ιε
2242 1874 2400 1947 Sept.
2431 1878 2853 1948 epigrammate,
2878 1876 3025 1947 quod
3051 1888 3124 1932 ex
3146 1888 3247 1930 ms.
3282 1873 3476 1933 codice
3514 1873 3657 1947 apud
3684 1890 3745 1930 se

2138 1977 2386 2027 exstante
2425 1968 2677 2040 producit
2702 1984 2715 2024 :

2250 2104 2315 2161 In
2347 2107 2553 2162 laudem
2581 2106 2643 2163 S.
2674 2104 2898 2181 Iuvenci
2928 2106 3216 2179 presbyteri
3248 2116 3293 2162 et
3322 2108 3632 2181 confessoris

2764 2176 3112 2257 epigramma.

2204 2290 2408 2355 Cesaris
2424 2304 2547 2355 ecce
2565 2292 2711 2355 Brige
2729 2289 2848 2355 urbs
2871 2291 3089 2355 posthaec
3106 2290 3389 2343 veneranda
3405 2290 3680 2346 Iuvencum

2294 2352 2824 2426 Presbyterumitosclt
2849 2352 3028 2426 pignus
3053 2361 3106 2404 et
3124 2365 3243 2426 esse
3268 2366 3427 2426 suum.

2202 2415 2309 2478 Hic,
2330 2414 2478 2478 igitur
2512 2424 2680 2466 natum
2722 2414 2886 2468 tenuit
2908 2414 3216 2467 Salmantica
3242 2416 3431 2468 claram

2284 2477 2566 2540 ,Doctrinis,
2591 2484 2812 2540 sanctum
2838 2486 2890 2527 et
2908 2479 3096 2539 pietate
3132 2479 3307 2540 virum.

2205 2536 2415 2601 llliheris
2438 2536 2593 2589 cintus
2620 2538 2821 2588 Patrum
2844 2536 3074 2601 cognovit
3098 2545 3152 2588 et
3174 2537 3311 2588 illum

2298 2600 2531 2653 Decretis
2551 2601 2743 2652 doctam
2762 2600 3051 2653 adhibuisse
3074 2614 3290 2651 manum.

2208 2662 2707 2730 Deqiqueconfessgr
2729 2665 3240 2730 sanctuscousceudit
3252 2663 3525 2730 rolympum,

2298 2724 2546 2776 Laudibus
2569 2733 2625 2777 ut
2646 2724 2796 2776 Vetto
2821 2724 3033 2789 gaudeat
3057 2726 3165 2788 ipse
3184 2729 3307 2776 suis.

2220 2853 2323 2927 ιθ
2351 2852 2443 2909 Ξῖ.
2480 2852 2864 2925 I‘ervulgatum
2889 2862 2997 2922 est,
3023 2849 3326 2928 Tamayum
3350 2852 3556 2911 nullam
3582 2853 3745 2911 (idem

2142 2949 2194 3001 in
2230 2946 2312 3002 his
2344 2947 2540 3003 mereri
2571 2986 2588 3011 ,
2613 2962 2737 3019 quae
2769 2944 2980 3018 profert
3006 2961 3072 3002 ex
3104 2960 3270 3017 mss.,
3304 2960 3428 3018 qua:
3472 2960 3640 3019 penes
3684 2960 3745 3005 se

2142 3054 2267 3096 esse
2292 3038 2530 3094 afﬁrmat
2564 3057 2578 3097 :
2612 3041 2730 3097 sive
2775 3038 3088 3112 huiusmodi
3120 3048 3367 3096 veterum
3409 3039 3747 3112 scriptorum

2144 3148 2310 3203 opera
2339 3132 2410 3188 ab
2434 3132 2558 3188 aliis
2585 3132 2820 3190 coulicta
2849 3132 2989 3189 bona
3019 3131 3125 3188 ﬁde
3146 3133 3441 3203 acceperit,
3470 3132 3586 3190 sive
3607 3134 3751 3191 mals

2144 3225 2261 3296 ipse
2285 3224 2632 3282 conﬁnxerit.
2662 3223 3037 3297 Cmsarobriga
3059 3265 3076 3290 .
3102 3239 3225 3297 qua:
3255 3239 3401 3281 nunc
3425 3223 3579 3282 Oliva
3608 3226 3745 3282 dici-

2147 3329 2253 3395 tur,
2276 3317 2532 3390 oppidum
2560 3327 2643 3375 est
2670 3333 2699 3373 a
2722 3318 2997 3373 Placentia
3019 3326 3146 3372 octo
3172 3315 3340 3372 millia
3371 3331 3627 3391 passuum
3656 3316 3745 3375 δί-

2145 3421 2315 3468 stans.
2352 3412 2509 3467 Ratio
2538 3409 2900 3481 conjiciendi,
2933 3412 2986 3466 in
3023 3408 3277 3466 Vettonia
3308 3407 3617 3467 Iuvencum
3648 3425 3747 3467 ua-

2148 3514 2283 3573 tum,
2319 3514 2411 3559 aut
2440 3503 2566 3560 inde
2614 3503 2885 3573 originem
2920 3504 3156 3558 traxisse
3182 3544 3198 3569 ,
3245 3510 3673 3559 commemorata
3718 3515 3751 3561 ε

2149 3596 2306 3654 nobis
2349 3608 2434 3654 est
2480 3612 2632 3655 num.
2664 3598 2718 3654 8.
2762 3595 2947 3652 Potuit
2976 3596 3066 3651 illa
3096 3596 3212 3669 ipsa
3262 3595 3402 3649 ratio
3433 3594 3753 3653 architectis

2148 3692 2411 3748 falsorum
2441 3690 2837 3747 Chronicorum
2870 3703 3058 3743 ansam
3093 3687 3418 3758 prtebuisse.
3447 3696 3505 3742 ut
3534 3686 3747 3745 Olivam

2148 3787 2329 3843 natale
2359 3784 2588 3842 Iuvenci
2620 3784 2795 3839 solum
2828 3782 2997 3838 fuisse
3033 3781 3609 3843 comminiscereutur.
3642 3782 3749 3837 Ac-

2143 3878 2291 3935 cedit
2343 3876 2632 3946 ιιεειιὶειτίε
2672 3877 2989 3944 conjectura
3016 3918 3030 3943 ,
3066 3889 3188 3946 quae
3254 3888 3323 3930 ex
3382 3872 3744 3945 inscriptione

2148 3970 2290 4043 apud
2321 3970 2617 4027 Gruterum
2649 3984 2771 4041 pag.
2804 3965 2932 4033 938,
2962 3981 3114 4022 num.
3147 3966 3177 4020 7
3211 4005 3228 4034 ,
3258 3962 3472 4022 desumi
3521 3972 3705 4036 potest
3735 3980 3748 4016 :

2150 4080 2275 4119 nam
2306 4066 2357 4119 in
2387 4079 2447 4118 ea
2483 4061 2864 4132 inscriptione,
2898 4075 3018 4130 quae
3051 4059 3106 4114 in
3150 4072 3288 4130 pago
3318 4055 3472 4113 Oliva
3529 4063 3748 4127 reperta

2149 4159 2351 4215 dicitur
2373 4199 2390 4224 ,
2420 4164 2474 4213 et
2504 4173 2570 4212 ex
2625 4154 2897 4212 Resendio
2943 4151 3222 4223 profertur
3247 4194 3263 4219 ,
3290 4150 3482 4207 Velius
3521 4149 3747 4223 quidam

2150 4259 2236 4307 1att
2261 4254 2399 4309 fatur
2431 4269 2442 4303 ε
3042 4250 3054 4263 ⁶

2503 4361 2565 4419 L.
2599 4360 2924 4418 DOMITIVS
2953 4360 3019 4418 Τ.
3051 4360 3116 4417 F.

2500 4456 2663 4515 ρει..
2693 4453 2947 4512 vs'r'ro.
2980 4453 3120 4531 oro

2510 4550 2777 4611 BESANI.
2809 4550 2876 4605 Η.
2901 4548 2964 4606 S.
2988 4548 3055 4606 E.
3078 4548 3138 4605 S.
3161 4546 3227 4604 Τ.

2506 4646 2571 4703 Τ.
2601 4646 2663 4702 L.
2699 4641 3029 4700 DOMITIVS

2502 4736 2896 4795 FORTVNAT.
2924 4735 3014 4792 PA

2506 4830 2756 4889 TRONO.
2792 4830 2854 4887 D.
2882 4829 2941 4887 S.
2966 4828 3030 4885 F.

2224 4967 2281 5023 ln
2311 4964 2493 5023 indice
2521 4966 2803 5020 nominum
2831 4961 3055 5020 Gruterl
3078 4961 3227 5017 clare
3256 4959 3437 5016 Vettus
3468 4972 3663 5015 nomen
3694 4955 3749 5012 in

2162 5057 2480 5117 nominandi
2511 5072 2640 5115 casu
2664 5058 3003 5113 enuntiatur.

2224 5153 2315 5209 28.
2353 5153 2410 5207 lu
2428 5150 2859 5222 Antiquitatibus
2880 5164 3015 5206 vero
3038 5146 3316 5205 Lusitanis
3333 5145 3610 5209 Resendii,
3631 5157 3754 5215 quae

451 5243 849 5305 nendatamen
889 5255 1037 5310 sunt,
1081 5246 1336 5315 queniam
1376 5245 1483 5300 late
1511 5259 1572 5299 ea
1606 5245 1658 5298 in
1687 5245 1889 5313 probos
1914 5244 2065 5300 alios
2154 5250 2209 5304 in
2245 5252 2543 5321 systemate
2569 5244 2849 5315 Hispaniae
2878 5242 3167 5299 illustratu:
3195 5240 3414 5297 inserta:
3442 5246 3588 5306 sunt,
3618 5236 3756 5293 duo-

451 5336 747 5405 seriptores
787 5344 1107 5403 manarunt,
1156 5346 1207 5393 et
1251 5337 1408 5391 multi
1448 5336 1650 5391 incauti
1683 5336 2047 5407 decipiuntur,

2151 5341 2257 5397 bus
2289 5350 2495 5394 tantum
2540 5337 2792 5394 versibus
2823 5334 3011 5392 eadem
3056 5334 3338 5403 inscriptio
3386 5330 3754 5396 concluditur,

452 5425 555 5480 nisi
584 5428 810 5496 periculi
838 5429 1269 5495 admoneamur;
1299 5436 1360 5485 ut
1387 5444 1493 5484 non
1526 5429 1714 5483 multis
1743 5438 1868 5483 ante
1894 5428 2051 5483 anuis
2155 5440 2210 5488 et
2246 5432 2316 5485 ita
2364 5444 2393 5486 a
2422 5428 2702 5485 Resendio
2748 5428 3051 5495 explicatur
3082 5445 3094 5480 :
3126 5423 3318 5479 Lucius
3359 5421 3618 5477 Domitius
3654 5418 3760 5476 Titi
3834 5410 3841 5417 ’

451 5527 612 5588 poeta
639 5519 839 5575 nobilis
858 5521 1128 5592 Hispanus
1150 5521 1447 5593 Gregorius
1474 5522 1652 5585 Salas,
1679 5522 1808 5575 dum
1833 5531 2051 5577 conter-
2159 5525 2303 5596 [ilius
2331 5521 2544 5579 Galeria
2592 5519 2739 5578 Vetto
2772 5520 3050 5576 Otobesani
3091 5518 3177 5570 hic
3202 5516 3330 5569 situs
3375 5522 3472 5570 est.
3520 5510 3755 5570 SitoTibi

450 5626 648 5669 raucos
688 5629 841 5682 suos,
885 5630 1168 5689 meosque,
1219 5620 1364 5673 viros
1410 5616 1616 5672 scilicet
1659 5616 1896 5671 illustres
1923 5615 2053 5671 Pro-
2161 5630 2298 5672 terra
2328 5615 2475 5671 levis.
2509 5613 2764 5669 Domitius
2800 5610 3120 5665 Fortunatus
3152 5617 3377 5677 patrono
3393 5607 3458 5661 de
3484 5622 3575 5661 suo
3607 5605 3751 5678 fecit.

450 5706 643 5762 vincize
691 5709 1102 5769 Extremadurm
1144 5713 1485 5775 recensebat,
1534 5709 1689 5765 uobis
1727 5694 2056 5780 adjutlicavit
2163 5709 2308 5766 Sane
2352 5706 2543 5764 eodem
2586 5707 2707 5760 loco
2766 5700 3072 5759 licscndius
3125 5701 3286 5755 aliam
3333 5698 3751 5769 inscriptionem

446 5800 752 5870 Iuvencum
800 5811 1076 5880 tamquam
1125 5807 1177 5860 in
1207 5805 1412 5885 Oppido
1439 5804 1592 5859 Oliva
1634 5801 2054 5874 natum;quod,
2163 5801 2382 5872 evulgat
2419 5817 2486 5856 ex
2534 5798 2708 5854 ruinis
2750 5794 3162 5869 Capt-reusibus
3213 5795 3266 5849 in
3319 5793 3508 5850 eodem
3557 5787 3759 5860 oppido
