4176 6180
409 248 479 301 ‘23
1445 242 1509 297 Ο.
1552 242 1851 300 VETTIUS
1896 241 2273 314 AQUILINUS
2309 240 2689 300 JUVENCUS.
3637 243 3709 300 ει

403 361 578 427 Oliva,
609 362 661 417 in
693 359 796 429 qua
829 361 948 416 sine
972 360 1080 415 ulla
1107 360 1484 417 controversia
1518 357 1739 428 quidam
1764 356 2009 412 Ctecilius
2037 359 2084 418 Α
2113 354 2331 412 Sanctis
2378 361 2727 420 annumeret,
2761 351 2857 408 sed
2891 359 2944 406 ut
2984 365 3014 405 a
3051 350 3295 406 Juvenco
3337 351 3598 422 episcopo
3627 351 3709 406 di-

419 454 592 522 Vetto,
615 467 725 509 non
762 452 946 508 Vettus
972 453 1305 508 nominatur.
1345 451 1614 508 Utrolibet
1645 449 1809 506 modo
1834 450 1886 505 id
1914 465 2013 505 no-

406 563 532 604 men
580 548 634 604 in
674 547 920 604 Olivanis
957 547 1414 618 inscriptionibus
1440 557 1722 604 exaratum
1763 546 2007 616 reperia-

401 652 517 708 tur,
538 639 731 707 Vettus,
751 649 844 696 aut
863 639 1035 708 Vetto,
1059 641 1298 710 suspicio
1324 640 1530 708 aliqua,
1549 641 1684 694 levis
1699 647 1869 704 certe,
1885 637 2012 694 inde

404 732 540 788 oriri
569 733 788 803 p0terit,
816 743 876 787 ut
907 734 1170 804 originem
1197 731 1312 788 Caii
1346 731 1490 787 Vetti
1523 731 1760 802 Aquilini
1782 731 2011 788 Juveuci

409 841 479 881 ex
509 841 578 880 eo
625 825 828 896 oppido
856 835 1170 896 repetamus
1201 847 1214 882 :
1243 825 1482 895 ﬁngendi
1529 841 1661 881 vero
1685 867 1699 890 ,
1722 832 1818 879 aut
1857 834 2010 880 certo

409 919 719 981 asserendi,
743 920 891 990 quod
921 923 1155 991 ignores,
1183 920 1329 975 nulla
1360 935 1614 991 umquam
1638 920 1824 975 subest
1846 920 2008 976 ratio.

481 1010 574 1065 29.
594 1012 926 1067 Accuratius
948 1013 1332 1070 di~serendum
1349 1023 1432 1068 est
1452 1013 1520 1067 de
1549 1013 1806 1083 religioso
1837 1014 2009 1080 cultu,

413 1119 580 1176 quem
612 1106 740 1160 olim
775 1106 827 1160 in
856 1107 1114 1177 Hispania
1143 1107 1392 1163 Juvenco
1419 1106 1726 1176 praestitum
1762 1107 2013 1162 nonnulli

411 1196 615 1252 litteris
634 1199 1046 1268 consignarnnt.
1077 1199 1176 1270 17
1206 1197 1281 1252 [ta
1305 1199 1449 1253 enim
1475 1213 1676 1268 negare
1699 1197 2010 1268 hujusmodi

411 1292 618 1345 cultum
651 1291 702 1344 in
732 1292 918 1346 animo
951 1291 1126 1346 habeo
1151 1333 1165 1356 ,
1193 1300 1252 1345 ut
1282 1306 1388 1346 non
1419 1306 1563 1361 aegre
1591 1294 1764 1345 ieram
1790 1334 1804 1359 ,
1839 1293 1882 1346 si
1911 1292 2013 1346 ali-

415 1399 523 1453 qua
554 1384 755 1441 saltem
785 1384 1053 1441 dubitatio
1077 1386 1147 1441 de
1180 1400 1246 1440 eo
1276 1386 1328 1440 in
1360 1385 1590 1440 aliorum
1617 1385 1890 1440 mentibus
1917 1401 2012 1440 cx-

411 1476 614 1532 citetur
640 1494 703 1532 ac
724 1479 986 1534 resideat.
1019 1479 1247 1536 Utenim
1272 1479 1499 1550 Hispani
1525 1479 1694 1549 aliqui
1719 1480 2014 1550 scriptores

413 1570 605 1624 saeculi
642 1569 892 1641 proxime
929 1571 1100 1642 elapsi
1140 1573 1370 1626 nimium
1421 1587 1483 1627 se
1523 1573 1834 1641 ingeniosos
1881 1588 2018 1640 pra:-

413 1663 655 1720 buerunt
705 1665 759 1719 in
811 1666 1062 1735 catalogo
1119 1665 1448 1720 Sanctorum
1500 1664 1864 1736 Hispanorum
1913 1678 2014 1718 au-

2115 449 2375 521 stinguat.
2401 447 2642 504 Felicius
2679 449 2732 503 in
2769 460 2871 500 suo
2897 443 3248 512 Calendario,
3292 444 3410 500 sive
3438 443 3710 514 Epheme—

2114 541 2235 598 ride
2260 541 2452 598 Urbini
2479 540 2640 608 1577,
2670 539 2738 595 ad
2767 539 2836 594 12
2865 538 3194 609 septembris
3223 538 3302 592 sic
3336 535 3501 592 habet
3535 555 3548 591 :
3581 536 3708 593 Gia-

2114 651 2269 690 venco
2305 633 2340 687 l'
2368 633 2504 688 altro
2533 635 2578 689 si
2607 634 2818 688 nomina
2843 675 2858 700 ,
2886 631 2979 687 cite
3007 649 3096 688 era
3127 643 3270 704 prete
3288 672 3303 698 ,
3332 634 3484 703 quale
3526 633 3712 688 scrisse

2113 729 2170 782 in
2199 727 2332 782 versi
2353 728 2425 797 gli
2455 724 2706 800 Evangeli
2726 768 2740 794 ,
2773 742 2799 780 e
2827 729 2884 796 fu
2911 723 3091 778 chiaro
3119 725 3173 778 in
3205 723 3421 796 Spagna
3458 723 3513 778 al
3542 734 3710 796 tempe
3744 750 3758 765 -

2115 822 2170 876 di
2199 819 2558 875 Constantino.

2187 912 2280 970 52.
2313 913 2575 984 Majnrem
2626 912 3013 969 difficultatem
3045 923 3196 968 creat
3227 912 3518 983 episcopus
3545 912 3712 983 Equi-

2118 1008 2262 1062 linus
2299 1026 2312 1060 :
2341 1023 2502 1078 quem
2537 1007 2668 1061 satis
2698 1022 2818 1062 esse
2859 1006 2926 1061 ad
2957 1001 3238 1077 antiquum
3272 1006 3476 1062 cultum
3515 1005 3714 1062 confir-

2116 1100 2374 1155 mandum
2395 1141 2409 1166 ,
2439 1099 2777 1154 Bollandiani
2808 1099 3066 1155 fatentur.
3097 1099 3383 1170 Reponunt
3414 1115 3561 1166 vero,
3585 1115 3710 1156 eum

2118 1195 2171 1248 in
2198 1193 2449 1264 catalogo
2478 1207 2580 1248 suo
2622 1208 2728 1248 non
2759 1193 2908 1248 solos
2937 1192 3170 1249 Sanctos
3199 1193 3542 1249 recensuisse
3568 1234 3584 1260 ,
3612 1206 3711 1249 nec

2120 1296 2228 1343 tam
2262 1298 2574 1342 accuratum
2601 1301 2746 1354 esse,
2771 1297 2830 1340 ut
2855 1301 3082 1342 necesse
3111 1287 3175 1341 sit
3208 1287 3260 1340 in
3291 1286 3411 1357 ejus
3442 1285 3713 1356 verbaju-

2118 1399 2261 1439 rare.
2296 1383 2472 1437 Prima
2505 1382 2645 1436 ratio
2699 1382 2889 1438 idonea
2919 1397 3026 1437 non
3058 1390 3140 1436 est
3174 1399 3187 1435 :
3242 1395 3364 1436 nam
3422 1380 3712 1452 episcopus

2121 1478 2413 1549 Equilinus
2453 1477 2522 1534 de
2565 1476 2806 1533 Juvenco
2852 1475 3078 1548 perinde
3119 1491 3181 1531 ac
3220 1475 3291 1530 de
3327 1475 3451 1531 aliis
3492 1474 3710 1530 Sanctis

2119 1571 2380 1641 loquitur.
2431 1570 2521 1624 Bis
2589 1587 2711 1627 eum
2779 1581 3086 1634 memorat,
3139 1569 3373 1640 primum
3433 1584 3553 1639 cap.
3599 1567 3709 1637 69,

2120 1662 2244 1718 libr.
2273 1663 2329 1728 8,
2361 1662 2461 1718 sub
2503 1662 2606 1718 hoc
2644 1662 2800 1718 titulo
2835 1680 2849 1716 ε
2901 1661 2981 1716 De
3035 1661 3230 1718 Sancto
3281 1661 3525 1716 Hiventio
3571 1678 3713 1732 pres-

417 1757 621 1828 gendo,
654 1760 734 1813 sic
760 1767 949 1813 contra
976 1774 1202 1829 censeo,
1235 1758 1474 1829 majores
1497 1769 1714 1813 nostros
1746 1774 1854 1812 non
1883 1759 2015 1813 mul-
2042 1743 2091 1804 Β
2119 1757 2316 1829 bytero.
2369 1756 2648 1812 Hiventius
2697 1756 2961 1828 presbyter
3006 1758 3059 1810 in
3091 1755 3350 1826 Hispania
3387 1753 3573 1808 claruit
3621 1754 3712 1808 sub

416 1861 527 1908 tam
559 1853 880 1909 adhibuisse
905 1854 1268 1924 diligentiam,
1300 1862 1358 1908 ut
1388 1853 1704 1909 memoriam
1729 1853 2012 1919 virtutum,

420 1946 622 2016 quibus
654 1945 814 2015 primi
836 1946 1027 2000 Patres
1061 1945 1324 2000 Ecclesiae
1367 1945 1639 2015 Hispaniae
1671 1946 2008 2009 claruerunt,

417 2039 726 2108 posteritati
758 2040 1105 2094 mandarent.
1141 2040 1477 2109 Quamquam
1520 2039 1688 2094 multa
1726 2038 2013 2108 primitivas

416 2131 690 2188 Ecclesiae
720 2144 1074 2188 monumenta
1111 2143 1418 2201 temporum
1441 2149 1548 2188 non
1583 2143 1689 2187 tam
1723 2141 2011 2199 vetustate,

418 2241 584 2298 quam
618 2225 945 2292 infortunio,
979 2239 1034 2282 et
1065 2225 1301 2282 mirabili
1328 2227 1564 2296 quadam
1607 2241 1788 2281 rerum
1823 2239 2018 2296 regno-

421 2334 657 2390 rumque
678 2319 1046 2374 conversione
1066 2319 1320 2388 periisse,
1347 2333 1508 2374 nemo
1533 2327 1616 2375 est
1641 2319 1733 2390 qui
1755 2317 2014 2389 ambigat.

423 2412 510 2468 Illi
544 2420 812 2482 praeterea
842 2412 966 2478 viri,
998 2411 1245 2482 quamvis
1279 2411 1569 2467 sanctitate
1598 2411 1895 2481 canspieui,
1926 2411 2016 2480 qui

418 2520 486 2560 eo
517 2517 768 2574 tempore
791 2503 1096 2559 ﬂoruerunt
1134 2520 1244 2575 quo
1269 2505 1452 2559 cultus
1489 2511 1788 2576 martyrum
1821 2502 1906 2559 vel
1929 2517 2016 2558 so-

417 2599 530 2653 lum
560 2639 574 2662 ,
605 2597 695 2653 vel
757 2598 1106 2668 potissimum
1162 2597 1215 2651 in
1275 2611 1374 2652 usu
1423 2605 1576 2663 erat,
1613 2599 1913 2667 praesertim
1969 2596 2017 2651 si

417 2690 720 2761 episcopali
763 2691 970 2745 honore
1002 2675 1112 2745 non
1158 2689 1584 2759 praefulserunt,
1621 2704 1726 2746 non
1760 2691 1832 2744 ita
1864 2689 2017 2745 facile

417 2784 831 2840 venerationem
860 2783 1182 2853 cultumque
1212 2783 1484 2853 publicmn
1516 2783 1695 2852 adepti
1728 2792 1873 2836 sunt.

491 2876 582 2932 50.
626 2875 897 2948 Tamayus
928 2876 995 2930 de
1046 2875 1290 2940 Salazar,
1321 2877 1373 2930 in
1406 2876 1627 2948 lllarlyr.
1662 2875 1840 2944 l-lisp.,
1870 2889 2022 2930 com-

422 2971 882 3025 memorationem
934 2969 994 3023 Β.
1025 2968 1250 3024 Juvenci
1279 3013 1293 3037 ,
1325 2980 1382 3023 ut
1426 2977 1616 3033 vocat,
1643 2968 1753 3040 diei
1805 2967 1869 3022 η
1897 2983 2017 3036 sep-

419 3061 654 3117 tembris
698 3063 981 3132 assignat,
1013 3061 1325 3130 rel‘ellitque
1377 3059 1766 3132 Hieronymum
1809 3060 2016 3115 Homan

2121 1861 2346 1920 tempore
2422 1849 2746 1905 Constantini
2825 1850 3170 1920 imperatoris.
3273 1848 3374 1916 Qui
3448 1849 3523 1903 vir
3601 1863 3716 1902 san—

2121 1946 2297 1998 ctitate
2321 1945 2560 2016 insignis,
2592 1954 2641 1999 et
2671 1944 2929 2014 sapientia
2959 1945 3153 2008 clarus,
3185 1941 3439 1996 rhetorico
3466 1941 3599 2013 stylo
3629 1956 3718 1995 co-

2120 2039 2319 2107 piosus,
2352 2051 2532 2106 genere
2551 2035 2919 2105 nobilissimus,
2950 2047 3172 2107 quatuor
3196 2033 3482 2104 Evangelia
3511 2033 3717 2087 heroico

2119 2139 2283 2184 metro
2309 2139 2530 2199 quatuor
2545 2128 2693 2184 libris
2716 2145 2844 2202 pene
2869 2130 2939 2184 ad
2961 2129 3168 2184 verbum
3195 2129 3481 2197 transtulit,
3503 2137 3551 2182 et
3573 2127 3715 2200 apud

2121 2220 2414 2292 Hispanias
2444 2221 2588 2276 claro
2617 2222 2720 2289 ﬁne
2744 2223 2800 2276 in
2842 2238 2968 2290 pace
2995 2222 3201 2292 quievit.
3246 2221 3443 2276 lterum
3477 2221 3600 2275 libr.
3634 2235 3710 2285 XI,

2120 2331 2242 2387 cap.
2287 2315 2384 2370 121
2425 2329 2440 2369 :
2475 2314 2552 2368 De
2597 2313 2796 2371 Sancto
2837 2314 3070 2369 Juvenco
3111 2313 3422 2386 presbytero.
3451 2310 3710 2368 Juvencus

2123 2409 2388 2480 presbyter
2428 2408 2570 2478 apud
2596 2406 2908 2478 Hispaniam
2936 2408 3145 2461 claruit.
3170 2405 3274 2462 Hir-
3297 2407 3496 2461 sanctis
3518 2406 3716 2478 pollens

2121 2502 2361 2573 operibus
2391 2510 2617 2572 quatuor
2650 2498 2960 2574 Evangelia,
2992 2509 3101 2555 etc.
3139 2499 3209 2555 Et
3253 2501 3396 2571 apud
3430 2499 3718 2570 Hispanias

2122 2593 2431 2663 confessoris
2471 2593 2676 2646 nomine
2711 2593 2923 2646 celebris
2968 2592 3204 2646 habetur.
3248 2591 3374 2646 Hazc
3422 2591 3508 2646 ubi
3555 2608 3716 2663 supra

2121 2689 2140 2758 (
2174 2687 2536 2757 Hieronymus
2560 2729 2574 2752 ,
2607 2684 2675 2740 de
2704 2685 2822 2740 Vir.
2861 2685 3060 2740 illustr.
3082 2685 3122 2757 ).
3157 2684 3233 2740 Ita
3287 2684 3484 2755 legitur
3515 2683 3569 2738 in
3601 2682 3717 2738 edi-

2123 2780 2270 2835 tione
2297 2781 2518 2851 antiqua
2545 2781 2665 2836 sine
2697 2781 2816 2834 loco
2862 2789 2920 2834 et
2947 2795 3091 2834 anno
3125 2798 3138 2834 :
3169 2779 3223 2834 in
3256 2779 3363 2833 alia
3393 2794 3526 2834 vero
3573 2777 3716 2832 simi-

2122 2873 2247 2928 liter
2279 2873 2499 2943 antiqua
2522 2873 2642 2929 sine
2674 2872 2797 2929 loco
2827 2883 2884 2929 et
2911 2888 3058 2928 anno
3093 2889 3107 2926 :
3141 2871 3240 2927 Hic
3267 2881 3476 2927 sanctus
3513 2871 3714 2943 pollens

2123 2969 2381 3039 operibus.
2417 2969 2573 3023 Prior
2601 2969 2767 3023 lectio
2797 2968 2969 3040 magis
2993 2969 3184 3041 placet.

2196 3063 2284 3118 35.
2325 3061 2552 3118 Dubium
2583 3077 2715 3134 ergo
2748 3078 2852 3116 non
2887 3071 2971 3118 est
3011 3061 3140 3132 quin
3180 3063 3454 3119 Juvencus
3496 3063 3564 3118 ab
3603 3062 3719 3133 epi-

418 3153 490 3210 de
519 3154 565 3208 la
596 3153 858 3224 Higuera,
899 3154 990 3223 qui
1021 3154 1073 3206 in
1116 3153 1500 3224 Martyrologio
1521 3167 1619 3206 suo
1655 3153 1890 3221 IliSpann
1914 3167 2016 3208 ms.
2047 3134 2091 3197 (ἶ
2125 3170 2292 3225 scopo
2319 3156 2569 3226 Equilino
2592 3156 2736 3211 inter
2762 3157 2998 3211 Sanctos
3019 3155 3311 3226 referatur,
3335 3154 3487 3225 cujus
3510 3155 3720 3210 scilicet

421 3247 513 3302 die
545 3251 569 3302 1
616 3247 765 3302 Junii
803 3247 1109 3302 Juvencum
1143 3245 1252 3301 coli
1296 3247 1558 3301 voluerat.
1595 3245 1721 3300 Hth
1751 3245 1859 3299 duo
1883 3244 2021 3299 Mar-

417 3342 691 3413 tyrologia
725 3341 962 3412 Hispana
985 3340 1210 3410 Tamayi
1238 3350 1292 3394 et
1315 3341 1589 3410 Higuerze,
1615 3341 1689 3394 uti
1717 3340 1879 3394 etiam
1907 3338 2020 3408 epi-

416 3447 666 3501 gramma
697 3447 801 3487 ms.
854 3447 1022 3501 penes
1060 3431 1362 3503 Tamayum
1393 3473 1407 3497 ,
1437 3431 1507 3486 de
1549 3446 1657 3498 quo
1704 3431 1862 3502 paulo
1893 3438 2018 3485 ante

417 3523 558 3589 dixi,
593 3534 648 3579 et
675 3523 863 3579 Dextri
894 3523 1224 3578 Chronicum
1257 3523 1446 3578 eodem
1483 3525 1533 3577 in
1562 3523 1683 3579 loco
1714 3523 1891 3576 omnia
1924 3537 2019 3592 po-

412 3617 590 3673 nenda
615 3628 739 3671 sunt
767 3633 781 3682 ;
809 3633 930 3688 quae
951 3632 1130 3672 caus-.2
1147 3616 1327 3672 cultus
1346 3617 1572 3672 Juvenci
1599 3615 1769 3685 magis
1791 3617 2014 3694 obsunt,

415 3727 578 3782 quam
614 3721 844 3782 prosunt
875 3730 887 3765 :
922 3721 1074 3767 certe
1102 3711 1381 3765 cautiores
1407 3725 1507 3765 nos
1537 3710 1793 3776 reddunt,
1824 3719 1883 3763 ιιι
1912 3709 2018 3763 alia

416 3816 796 3871 monumenta,
814 3820 936 3874 quas
969 3820 1066 3873 pro
1096 3804 1292 3860 eodem
1312 3802 1634 3864 all‘erunlur.
1654 3814 1869 3856 maturo
1891 3817 2020 3856 exa-

417 3897 565 3951 mine
594 3896 995 3967 perpendamus
1010 3937 1025 3951 .

491 3991 581 4045 3|.
625 3989 911 4060 Philippus
943 3989 1228 4044 Ferrarius
1267 3988 1320 4043 in
1351 3987 1616 4059 Catalogo
1646 4004 1836 4059 gener.
1882 3989 2020 4045 San-

415 4093 632 4140 ctorum
660 4081 728 4137 ad
758 4083 905 4138 diem
930 4082 1000 4137 η
1018 4081 1359 4152 Septembris
1389 4081 1468 4135 sic
1500 4081 1660 4136 habet
1693 4099 1703 4130 :
1731 4080 1795 4134 In
1825 4081 2015 4151 Hispa-

416 4179 505 4232 nia
533 4178 594 4233 S.
620 4176 836 4232 Juvenci
868 4176 1150 4249 presbyteri
1170 4217 1183 4238 ,
1231 4183 1289 4231 et
1315 4175 1370 4230 in
1399 4184 1522 4230 nota
1563 4178 1669 4240 ait,
1705 4192 1828 4229 eum
1877 4177 2015 4229 scri-

414 4272 595 4342 psisse
621 4272 789 4324 nobile
817 4270 951 4323 illud
977 4285 1157 4338 poema
1176 4270 1229 4322 in
1247 4266 1679 4339 Evangelia,etc.
1701 4267 2020 4324 Sanctitatis

413 4363 642 4421 Juvenci
690 4371 859 4418 testes
910 4361 1096 4417 laudat
1129 4360 1482 4417 Franciscum
1519 4363 1888 4433 Maurolycum
1915 4407 1930 4429 ,
1965 4374 2020 4419 et

375 4496 392 4508 .
414 4457 797 4515 Constantium
831 4456 1094 4512 Fclicium
1127 4458 1180 4510 in
1210 4458 1327 4512 suis
1353 4455 1779 4528 Martyrologiis,
1805 4472 2015 4512 necnon

2123 3249 2387 3304 memoria
2433 3247 2768 3304 confessoris
2798 3249 3020 3305 nomine
3053 3250 3104 3302 in
3156 3247 3416 3318 Hispania
3443 3247 3715 3303 celebrata

2122 3342 2307 3398 fuerit.
2339 3343 2498 3399 Aliud
2528 3344 2871 3400 sentiendum
2902 3353 2984 3399 est
3017 3342 3084 3400 de
3116 3343 3276 3399 Petro
3300 3343 3531 3406 Crinito,
3558 3357 3716 3413 quem

2121 3435 2197 3488 ait
2231 3434 2506 3507 Tamayus
2537 3436 2605 3490 de
2635 3435 2858 3490 Salazar
2889 3437 3033 3490 inter
3057 3435 3372 3490 sacerdotes
3397 3433 3716 3500 catholicos,

2122 3526 2222 3580 hoc
2249 3538 2346 3591 est,
2379 3528 2698 3598 confessores
2732 3529 2750 3599 (
2782 3529 2861 3583 sic
2907 3529 3050 3583 enim
3081 3529 3513 3598 interpretatur)
3542 3528 3718 3582 locum

2121 3617 2365 3673 Juvenco
2387 3618 2624 3674 dedisse.
2653 3619 2854 3690 Accipe
2871 3620 3062 3675 Criniti
3083 3620 3246 3675 verba
3275 3638 3286 3674 :
3311 3619 3492 3691 Neque
3508 3619 3720 3673 dubium

2122 3720 2228 3774 est,
2256 3709 2417 3779 fuisse
2456 3711 2605 3764 illum
2650 3711 3025 3782 (Juvencum)
3077 3713 3210 3766 inter
3247 3714 3536 3766 sacerdotes
3577 3712 3718 3764 chri-

2122 3796 2342 3869 stianoi,
2383 3816 2438 3859 ut
2465 3814 2657 3860 veteres
2697 3807 2800 3878 19
2827 3815 3067 3860 auctores
3099 3815 3373 3860 testantur.
3412 3804 3554 3874 Quid
3601 3804 3717 3860 hinc

2123 3890 2225 3950 sibi
2255 3896 2492 3951 volunt?
2523 3897 2656 3952 nihil
2686 3898 2862 3967 aliud,
2898 3898 3000 3954 nisi
3027 3898 3328 3954 Juvencum
3365 3897 3538 3955 fuisse
3567 3913 3718 3970 pres-

2125 3990 2405 4058 byterum,
2441 4001 2496 4044 ut
2526 3992 2729 4060 passim
2761 4002 3016 4048 auctores
3056 4005 3275 4048 veteres
3315 4002 3560 4048 narrant.
3586 3992 3717 4048 Cum

2122 4085 2384 4155 episcopo
2414 4092 2597 4139 tamen
2632 4088 2883 4156 Equilino
2911 4087 3042 4141 facit
3068 4087 3305 4144 Jacobus
3336 4086 3533 4153 Faber,
3551 4086 3644 4157 qui
3667 4087 3717 4140 in

2123 4174 2353 4243 epistola
2382 4175 2445 4228 ad
2479 4173 2710 4230 Fabrum
2730 4176 3112 4247 Stapulensem
3136 4179 3412 4247 pranuissa
3431 4179 3719 4233 Aldhelmo

2124 4267 2193 4321 de
2223 4268 2553 4338 virginitate,
2575 4270 2718 4324 edito
2747 4269 3052 4326 Daventria:
3083 4271 3243 4336 1512,
3272 4271 3324 4325 iu
3356 4272 3412 4338 4,
3435 4273 3512 4326 ait
3543 4288 3556 4325 :
3585 4271 3721 4326 Con-

2121 4362 2358 4415 siderans
2397 4377 2489 4434 ego
2520 4364 2743 4433 fructum
2768 4363 2935 4431 illum,
2957 4364 3048 4435 qui
3072 4365 3276 4418 emersit
3297 4379 3361 4418 ea:
3381 4365 3607 4418 editione
3627 4365 3718 4419 illa

2126 4470 2231 4508 nivi
2253 4453 2475 4509 Juvenci
2499 4496 2515 4523 ,
2551 4467 2657 4511 etc.
2687 4500 2702 4524 ,
2735 4469 2788 4511 ut
2819 4456 2992 4514 refert
3037 4456 3325 4514 Fabricius
3352 4458 3405 4512 in
3453 4456 3716 4516 Biblioth.

413 4549 636 4606 Petrum
666 4550 735 4604 de
764 4548 1045 4604 Natalibus
1073 4550 1389 4620 episeopum
1432 4527 1743 4620 Equilinnm
1775 4551 1826 4605 in
1857 4551 2017 4604 Cata-
2047 4527 2098 4587 D
2127 4557 2234 4604 vet.
2269 4549 2388 4604 Lat.
2426 4551 2546 4606 libr.
2578 4537 2652 4615 tv,
2683 4567 2804 4622 cap.
2833 4552 2888 4606 2.

413 4645 541 4716 logo
567 4644 916 4701 Sanctorum.
943 4641 1294 4698 Bollandiani
1320 4643 1387 4697 ad
1415 4641 1562 4698 diem
1586 4642 1653 4697 12
1677 4631 2015 4711 Septembris

412 4737 561 4792 inter
615 4736 1018 4804 praetermissos
1079 4734 1380 4792 Juvencum
1433 4737 1725 4801 referunt,
1766 4740 2017 4808 quamvis

412 4845 537 4889 eum
590 4831 850 4887 Sanctum
895 4831 948 4884 in
1003 4830 1396 4901 Martyrologio
1438 4830 1768 4886 Germanico
1830 4834 2012 4886 vocari

409 4925 706 4982 fateantur.
728 4924 975 4988 Addunt,
994 4924 1366 4995 Maurolycum
1390 4935 1444 4980 et
1469 4925 1735 4982 Felicium
1763 4928 1830 4979 ab
1854 4936 2015 4980 aetate

410 5019 789 5076 auctoritatem
825 5034 930 5072 non
977 5017 1178 5073 habere
1206 5017 1271 5073 ad
1302 5027 1578 5073 vetustum
1608 5021 1813 5074 cultum
1844 5021 2015 5075 stabi-

408 5109 676 5167 liendum.
723 5093 1077 5182 Maurolycus
1121 5110 1341 5180 quidem
1389 5127 1489 5166 nec
1536 5113 1742 5167 cultum
1782 5113 2011 5169 Juvenci

413 5208 722 5280 presbyteri
756 5221 1002 5262 asserere
1039 5207 1143 5278 ιε
1176 5205 1417 5262 vnluisse
1462 5207 1590 5262 mihi
1638 5207 1874 5264 videtur.
1923 5209 2012 5264 Sic

411 5299 558 5354 enim
591 5300 671 5353 ait
707 5299 775 5353 ad
804 5298 948 5353 diem
991 5298 1059 5352 12
1108 5299 1490 5367 Septembris:
1540 5299 1690 5371 Apud
1752 5299 2008 5366 Ticinum,

409 5407 525 5463 qua:
573 5408 707 5446 nunc
754 5389 924 5462 Papia
961 5390 1154 5444 dicitur
1176 5435 1190 5456 ,
1222 5391 1531 5445 Sanctorum
1561 5390 1686 5463 Syri
1737 5390 2011 5461 Papiensis

409 5485 662 5555 episcOpi,
695 5494 743 5537 et
771 5482 1010 5548 Iuvenci,
1034 5484 1125 5554 qui
1153 5499 1276 5537 mox
1307 5483 1445 5555 Syro
1478 5486 1790 5540 successit...
1815 5484 2014 5540 Juven-

404 5599 495 5638 cus
521 5592 697 5636 autem
725 5582 1044 5653 presbyster,
1073 5581 1164 5652 qui
1201 5583 1410 5636 metrice
1448 5581 1656 5652 scripsit
1684 5580 1970 5653 Evangelia
1991 5627 2005 5649 ,

406 5675 595 5731 claruit
624 5675 678 5730 in
706 5674 968 5747 Hispania
996 5686 1223 5747 tempore
1257 5673 1599 5729 Constantini.
1629 5674 1819 5730 Obiter
1845 5675 2010 5743 igitur

404 5769 707 5826 Juveucum
754 5768 1132 5837 presbyterum
1177 5777 1610 5832 commemorat,
1638 5781 1743 5821 non
1776 5776 1832 5822 ιιι
1883 5783 2004 5821 cum

2194 4642 2285 4698 54.
2328 4644 2482 4711 Quod
2521 4646 2718 4700 attinet
2757 4645 2824 4701 ad
2855 4645 3167 4717 episcopum
3202 4648 3538 4719 Equilinum,
3568 4658 3718 4705 certa

2121 4747 2206 4794 est
2249 4740 2386 4792 ratio
2419 4739 2510 4792 illa
2541 4740 2779 4795 secunda
2809 4741 3314 4810 Bollandianorum,
3348 4759 3472 4800 eum
3505 4759 3612 4799 non
3645 4744 3718 4800 ita

2121 4841 2436 4886 accuratum
2466 4847 2611 4898 esse,
2641 4843 2697 4888 ut
2727 4833 2782 4890 in
2812 4835 2932 4904 ejus
2962 4837 3122 4892 verba
3147 4853 3373 4894 necesse
3403 4842 3474 4893 sit
3489 4838 3675 4909 jurare
3701 4857 3712 4893 :

2122 4924 2213 4993 qui
2255 4924 2696 4981 animadvertunt
2735 4927 2929 4995 etiam,
2977 4945 3085 4984 non
3130 4930 3363 5001 percipi,
3405 4947 3516 5001 quo
3553 4941 3716 5001 pacto

2123 5016 2301 5070 cultus
2341 5017 2601 5084 .luvcnci,
2643 5019 2689 5074 si
2730 5032 2972 5090 tempore
3014 5021 3159 5078 Petri
3205 5023 3272 5078 de
3313 5023 3594 5079 Natalibus
3631 5023 3718 5079 vi-

2121 5109 2327 5179 guisset
2359 5110 2410 5164 in
2441 5109 2718 5182 Hispania,
2750 5128 2855 5168 non
2889 5125 3290 5184 perseverasset
3318 5116 3384 5170 ad
3419 5127 3601 5172 nostra
3629 5131 3719 5171 us-

2113 5221 2224 5274 que
2269 5215 2537 5272 tempora.
2583 5207 2715 5261 Illud
2765 5219 3029 5278 prieterca
3075 5210 3568 5277 considerandum,
3619 5209 3719 5266 Pe-

2122 5307 2262 5350 trum
2309 5298 2378 5351 de
2420 5297 2703 5354 Natalibus
2751 5302 2993 5356 secundo
3037 5302 3196 5368 loco,
3249 5304 3337 5358 ubi
3380 5306 3716 5360 mentionem

2119 5390 2349 5446 Juvenci
2383 5389 2533 5459 facit,
2567 5392 2960 5466 Hieronymum
2993 5407 3272 5451 auctorem
3302 5397 3547 5466 laudare,
3573 5402 3714 5470 apud

2118 5499 2283 5554 quem
2327 5498 2476 5540 certe
2517 5487 2648 5542 nihil
2693 5488 2760 5542 de
2799 5489 2945 5543 cultu
2985 5490 3208 5546 Juvenci
3251 5495 3547 5562 reperitur.
3581 5495 3714 5549 Cum

2117 5591 2294 5632 autem
2327 5578 2416 5632 ille
2442 5581 2645 5635 smculo
2674 5595 2763 5636 xxv
2795 5590 2945 5636 extra
2979 5583 3294 5653 Hispaniam
3325 5587 3628 5655 scripserit,
3661 5597 3716 5641 et

2115 5671 2246 5725 nulli
2277 5681 2530 5726 auctores
2561 5673 2784 5742 Hispani
2818 5673 2938 5744 ejus
2968 5677 3254 5746 temporis,
3285 5689 3378 5734 aut
3405 5679 3548 5750 quod
3583 5695 3711 5750 pro-

2114 5764 2258 5819 xime
2300 5765 2584 5831 successit,
2629 5768 3041 5826 venerationem
3083 5769 3329 5826 J‘uvenco
3368 5773 3420 5826 in
3456 5773 3708 5841 Hispania
