4176 6180
432 254 506 310 25
1801 253 2344 312 PROLEGOMENA.
3661 257 3738 317 26

426 366 730 437 ντωβιὶιιω
778 375 1066 436 testentur,
1095 383 1272 442 neque
1304 369 1359 426 in
1388 370 1503 426 ullo
1529 368 1810 426 Breviario
1836 368 2029 426 Eccle-
2055 371 2111 432 Α
2203 369 2295 425 58.
2336 367 2774 426 Ilontl'auconius
2817 370 2871 426 in
2917 366 3254 427 Bibliotheca
3297 370 3559 429 Biblioth.
3598 388 3733 431 mss.

427 461 524 516 sim
570 460 825 533 Hispanas
865 478 931 518 ex
966 462 1073 528 his,
1103 478 1226 534 qua:
1253 463 1323 519 ad
1356 478 1453 520 nos
1484 472 1868 536 pervenerunt,
1908 463 2030 534 ejus
2133 475 2259 533 pag.
2288 460 2395 517 2l9
2416 503 2432 528 ,
2462 465 2568 535 21
2599 478 2667 519 ex
2694 461 3028 519 bibliotheca
3056 461 3373 521 Cassinensi
3407 464 3611 521 indicat
3636 464 3739 521 Iu-

427 555 694 611 memoria
723 556 1017 623 recolatur,
1040 544 1255 614 'nullum
1286 558 1521 614 solidum
1550 566 1928 630 argumentum
1960 573 2029 614 ex
2129 554 2274 609 vcnci
2306 554 2590 626 presbyteri
2624 571 2811 625 poema
2855 571 2908 610 st
2948 556 3159 611 seculo.
3191 555 3324 611 Item
3354 557 3591 629 ejusdem
3620 574 3739 612 car-

427 652 690 721 episcopo
736 650 1014 722 Equilino,
1056 652 1311 722 aliisque,
1359 653 1450 724 qui
1489 668 1617 707 eum
1660 652 1833 707 secuti
1875 661 2022 717 sunt,
2131 656 2272 707 mina
2294 652 2401 709 600
2422 670 2696 709 annorum.
2724 653 2794 710 Et
2822 670 2945 726 pag.
2972 654 3104 721 225,
3132 670 3261 710 num
3285 654 3415 721 526,
3443 670 3509 710 ex
3537 654 3730 712 eadem

424 744 634 800 eruitur
662 742 731 799 ad
768 745 975 800 cultum
1010 755 1251 801 veterem
1280 745 1506 801 Iuvenri
1534 744 1947 801 stabiliendum.
2127 744 2487 813 bibliotheca,
2509 762 2694 820 poema
2715 748 2976 803 heroicum
2991 747 3212 803 Iuvenci
3232 748 3518 821 presbyteri
3533 750 3587 803 in
3600 766 3734 821 qua-

490 837 583 895 55.
626 837 708 892 Re
748 853 875 894 vera
918 839 973 894 in
1020 838 1210 909 primis
1259 838 1614 895 Bibliothecis
1656 839 1873 894 Patrum
1899 877 1916 904 ,
1969 839 2022 894 in
2126 850 2241 895 tuor
2275 841 2555 916 Evangelia
2575 860 2596 910 ;
2625 852 2679 898 et
2712 858 2832 914 pag.
2861 842 2991 908 229,
3023 858 3175 898 num.
3209 841 3338 910 509,
3369 842 3591 898 Iuvenci
3621 860 3732 900 ver-

418 931 622 1003 quibus
651 930 773 986 Divi
803 931 996 990 titulus
1024 933 1183 1003 vulgo
1211 944 1268 989 et
1300 943 1502 989 temere
1527 931 1713 988 multis
1740 931 2024 1002 scriptori-

420 1023 524 1082 bus
569 1026 941 1095 tribuebatur,
987 1042 1149 1098 quem
1196 1025 1426 1098 proinde
1463 1026 1635 1082 deleri
1677 1024 1923 1095 pluribus
1964 1026 2016 1080 in

422 1117 559 1175 locis
599 1120 652 1174 in
684 1117 868 1175 Indice
900 1119 1297 1190 Expurgatorio
1326 1116 1782 1175 Brasichellensis
1801 1118 2015 1189 jussum

421 1220 529 1275 est,
568 1211 844 1269 Iuvencus
890 1222 1070 1270 tamen
1113 1228 1405 1285 numquam
1438 1212 1625 1280 Divus,
1658 1224 1751 1269 aut
1779 1214 2015 1271 Sanctus

417 1305 726 1377 appellatus
755 1317 862 1362 est.
895 1306 1152 1362 Nonnulli
1177 1307 1479 1379 scriptores
1509 1309 1761 1365 virtutem
1791 1309 2008 1380 quidem

413 1397 639 1456 Iuvenci
680 1398 925 1465 laudant,
971 1400 1067 1456 sed
1105 1400 1175 1456 de
1214 1401 1364 1457 cultu
1391 1404 1509 1473 ejus
1541 1401 1760 1472 publico
1788 1402 2013 1458 omnino

413 1499 624 1561 tacent,
674 1502 733 1547 ut
783 1492 1107 1549 Franciscus
1154 1493 1433 1564 Tarapha,
1484 1495 1553 1551 de
1594 1494 1783 1566 Regib.
1829 1495 2006 1565 Hisp.,

408 1584 513 1640 sub
540 1584 922 1652 Constantino,
950 1583 1213 1641 Iuvencus
1241 1585 1512 1654 Hispanus
1540 1598 1694 1660 poeta
1723 1598 1773 1643 et
1798 1586 2009 1659 presby-

408 1686 506 1743 ter,
539 1694 724 1749 genere
758 1679 966 1745 quidem
994 1677 1202 1745 nobilis,
1232 1679 1323 1734 sed
1352 1679 1536 1734 virtute
1563 1689 1611 1734 et
1640 1681 1879 1734 doctrina
1907 1696 2005 1734 no-

2122 948 2212 988 sus
2239 949 2399 1003 super
2423 942 2649 1005 quatuor
2675 932 2959 1009 Evangelia
2982 951 3004 989 :
3025 934 3115 1004 qui
3144 933 3253 990 duo
3277 933 3495 989 codices
3523 933 3725 989 diversi

2123 1040 2232 1082 non
2262 1026 2514 1083 videntur
2543 1042 2575 1081 a
2604 1026 2816 1084 duobus
2844 1042 3010 1099 supra
3041 1027 3357 1084 memoratis
3379 1026 3728 1083 biblimhecae

2118 1118 2479 1179 Cassinensis.

2190 1216 2280 1272 59.
2306 1216 2385 1272 Ex
2406 1217 2742 1274 bibliotheca
2767 1218 2833 1273 D.
2855 1216 3107 1274 Yalletta:
3130 1216 3363 1287 Neapoli
3383 1215 3527 1272 idem
3554 1215 3729 1272 Mont-

2117 1308 2435 1377 lanconius,
2478 1325 2601 1381 pag.
2644 1310 2783 1376 23l,
2830 1320 2984 1366 notat
3021 1310 3268 1366 codicem
3311 1325 3414 1366 ms.
3458 1308 3731 1365 membra-

2117 1417 2346 1460 naceum
2384 1403 2445 1461 C.
2499 1402 2656 1459 Vettii
2694 1404 2927 1477 Aquiliui
2965 1402 3182 1460 Iuvenci
3212 1404 3265 1458 in
3293 1412 3519 1475 quatuor
3551 1399 3728 1456 Evan-

2113 1496 2269 1568 gelia.

2186 1588 2278 1643 10.
2323 1588 2383 1644 In
2424 1588 2762 1645 Bibliotheca
2792 1587 2852 1644 S.
2885 1587 3050 1644 Marci
3084 1587 3561 1643 Dominicanorum
3593 1582 3728 1640 Flo-

2110 1681 2324 1747 rentiae,
2372 1680 2830 1744 Moutl'auconius,
2877 1696 2997 1751 pag.
3039 1679 3166 1747 425,
3207 1680 3315 1734 col.
3360 1679 3413 1746 1,
3460 1677 3718 1733 indicat:

408 1769 587 1833 bilior,
619 1788 713 1843 per
750 1770 849 1825 hoc
877 1783 1077 1837 tempus
1110 1771 1392 1827 admodum
1429 1774 1600 1828 clarus
1636 1774 1879 1830 existens.
1926 1773 2000 1830 Ea
2032 1762 2081 1823 Β
2107 1772 2167 1829 C.
2220 1772 2384 1827 Vectii
2424 1774 2659 1845 Aquilini
2686 1772 2907 1828 Iuvenci
2932 1789 2981 1826 v.
3016 1789 3062 1827 c.
3095 1771 3378 1845 presbyteri
3404 1770 3641 1825 carmina
3668 1770 3723 1823 in

405 1864 626 1935 quidem
661 1866 839 1935 pietas
866 1880 929 1920 ac
959 1865 1150 1936 religio
1182 1865 1236 1920 in
1264 1864 1488 1921 Iuvenci
1520 1867 1852 1923 carminibus
1883 1867 1999 1922 elu-

405 1967 519 2023 cet,
566 1967 626 2013 ut
666 1959 884 2014 virtutis
927 1957 1087 2014 laude
1129 1972 1252 2013 eum
1293 1958 1542 2015 ﬂoruisse
1570 1968 1996 2016 consentaneum

402 2051 480 2108 sit
521 2052 766 2108 credere.
810 2052 1017 2110 Vellem
1058 2061 1238 2108 tamen
1269 2067 1431 2123 posse
1471 2053 1523 2109 id
1549 2052 1874 2109 certioribus
1902 2069 1997 2108 au-

402 2144 668 2213 ctoribus,
702 2154 759 2201 et
785 2145 879 2216 qui
910 2143 978 2200 ad
1017 2143 1161 2201 illius
1194 2157 1436 2217 tempora
1480 2146 1699 2218 prepius
1738 2146 1999 2203 accessis-

400 2248 548 2307 seut,
580 2237 923 2294 conﬁrmare.

962 2335 1073 2406 ao
1108 2333 1335 2391 CAPUT
1373 2333 1437 2389 ιι.

699 2422 912 2481 Codices
939 2443 1060 2481 mss.
1092 2424 1310 2481 Iuvenci
1340 2435 1690 2482 recensentur.

469 2516 561 2573 36.
610 2517 668 2574 In
708 2518 1090 2577 dissertatione
1121 2520 1397 2592 lsagogica
1427 2520 1479 2573 in
1514 2528 1646 2573 tom.
1678 2517 1993 2574 IThesaur.

396 2607 671 2666 Anecdot.
722 2610 983 2667 Bernardi
1036 2612 1181 2668 Pezii
1211 2656 1225 2680 ,
1277 2628 1429 2668 num.
1475 2611 1588 2678 28,
1640 2610 1782 2666 inter
1830 2610 1997 2666 libros

397 2716 568 2756 manu
594 2713 844 2759 exaratos
873 2706 1193 2762 monasterii
1220 2704 1461 2777 Tigurini
1496 2704 1583 2759 hic
1613 2714 1951 2759 memoratur
1980 2721 1993 2757 :

394 2791 620 2849 Iuvenci
659 2796 786 2849 lib:r
826 2807 1047 2867 quartus
1089 2798 1255 2869 (forte
1296 2797 1418 2853 libri
1460 2796 1712 2868 quatuor)
1746 2795 1998 2850 Historia:

393 2888 717 2962 evangelica,
766 2887 1020 2946 Macrobii
1061 2890 1393 2955 Saturnalia,
1433 2887 1695 2945 Ciceronis
1731 2888 1998 2943 invectiva:

390 2982 448 3036 in
478 2979 760 3037 Catilinam
789 2999 822 3037 a
859 2985 1195 3058 septingentis
1226 2984 1399 3038 annis.
1436 2982 1701 3038 Videntur
1731 2981 1849 3037 haec
1874 2996 1997 3035 om-

393 3076 486 3131 nia
529 3091 699 3147 opera
742 3093 857 3133 uno
893 3078 1108 3145 codice,
1155 3081 1247 3148 qui
1287 3078 1666 3148 septingentos
1695 3090 1869 3131 annos
1901 3074 1999 3130 ha-

2107 1869 2321 1922 membr.
2373 1865 2441 1920 In
2470 1869 2574 1936 ﬁne
2604 1883 2623 1923 :
2652 1866 2843 1922 Proba
2879 1875 3023 1921 centu
3052 1883 3117 1922 ea:
3144 1865 3460 1920 caminibus
3492 1862 3561 1918 Ρ.
3601 1861 3721 1918 Vir-

2107 1962 2242 2033 gilii.
2302 1962 2383 2016 Ad
2438 1962 2627 2017 calcem
2666 1962 2786 2017 libri
2832 1979 2850 2015 :
2892 1962 3092 2017 Cosma:
3128 1962 3193 2016 de
3231 1960 3451 2016 Medicis
3489 1959 3724 2015 Ioannes

2105 2055 2351 2109 Aretiuus
2388 2054 2525 2108 hunc
2554 2053 2746 2109 librum
2787 2053 3074 2109 Florentia
3098 2055 3227 2109 idib.
3260 2053 3513 2123 februarii
3540 2052 3720 2108 absol-

2102 2145 2173 2200 vit
2214 2147 2453 2217 feliciter.
2496 2146 2712 2202 Anuum
2757 2164 2864 2203 non
2895 2147 3137 2203 invenio.
3169 2145 3360 2203 Codex
3390 2148 3535 2202 alius
3565 2148 3716 2216 ejus-

2103 2238 2227 2294 dem
2270 2239 2640 2308 bibliothecar,
2689 2256 2811 2312 pag.
2852 2240 2982 2307 497,
3015 2240 3427 2307 Moull'auconii,
3458 2238 3540 2296 sle
3566 2255 3720 2295 com-

2101 2340 2440 2388 memoratur
2494 2352 2506 2387 :
2558 2332 2831 2405 Expositio
2881 2334 3119 2406 Aqui/ini
3162 2332 3384 2388 Iuvenci
3432 2332 3717 2404 presbyteri

2099 2444 2257 2497 super
2302 2425 2588 2498 Evangelia
2627 2428 2936 2483 hexametris
2978 2428 3223 2484 versibus.
3248 2427 3330 2483 Ex
3351 2427 3585 2497 quodam
3618 2424 3713 2480 Bi-

2099 2519 2388 2575 bliotheca:
2425 2519 2482 2575 S.
2524 2520 2688 2575 Marci
2731 2520 2920 2576 codice
2964 2520 3274 2586 Reinesius,
3304 2530 3364 2575 ut
3391 2517 3711 2589 Schoettge-

2099 2614 2221 2668 uius
2268 2615 2506 2679 notavit,
2555 2614 2715 2670 talem
2767 2613 2979 2670 titulum
3027 2613 3314 2684 exscripsit
3361 2628 3376 2666 :
3429 2610 3496 2667 G.
3544 2610 3709 2667 Wetti

2100 2707 2331 2778 Aquitini
2358 2704 2568 2762 Iuventi
2598 2723 2645 2760 v.
2679 2723 2726 2761 c.
2761 2706 3068 2778 presbyteri.
3106 2706 3204 2762 llic
3225 2716 3308 2761 est
3328 2705 3503 2761 codex
3534 2705 3704 2775 priori

2100 2800 2223 2856 loco
2251 2816 2281 2856 a
2313 2800 2715 2856 Moutl‘aucouio
2743 2801 3049 2871 expositus,
3081 2811 3140 2855 ut
3169 2800 3426 2855 arbitror.

2170 2895 2262 2950 41.
2303 2896 2452 2951 Inter
2492 2896 2661 2951 libros
2701 2895 3045 2952 bibliothecae
3070 2895 3347 2952 Patavina:
3376 2893 3706 2950 cathedrnlis

2103 2988 2564 3052 Montfauconius,
2616 3004 2739 3060 pag.
2789 2989 2940 3054 485,
2992 2990 3154 3044 refert
3199 2987 3442 3044 codicem
3490 2985 3705 3042 Iuvenci

2101 3081 2329 3152 Hispani
2366 3098 2521 3152 super
2554 3089 2780 3153 quatuor
2822 3080 3131 3153 Evangelia,
3163 3080 3251 3135 cui
3280 3080 3421 3134 alius
3449 3077 3576 3133 addi
3607 3091 3707 3148 po-

387 3168 591 3234 buerit,
632 3170 924 3227 contineri.
966 3170 1296 3237 Ceillierius,
1330 3178 1464 3225 tom.
1497 3168 1587 3236 IV,
1621 3167 1808 3223 laudat
1836 3167 1989 3223 codi-
2018 3148 2064 3209 Ο
2099 3148 2215 3229 test
2243 3175 2294 3228 in
2326 3148 2679 3239 bibliotheca,
2721 3188 2841 3243 qua:
2873 3148 3001 3227 tunc
3029 3184 3149 3228 erat
3179 3170 3568 3230 canonicorum
3599 3168 3704 3224 La-

387 3277 508 3319 cem
549 3278 652 3318 ms.
698 3262 928 3320 Iuvenci
967 3262 1310 3320 bibliozhecce
1350 3262 1588 3321 abbatia:
1618 3262 1682 3316 de
1712 3261 1992 3315 Monstier—

387 3353 587 3428 Ramey
627 3373 689 3411 en
719 3345 1056 3429 Champagne
1087 3374 1107 3411 :
1135 3356 1227 3426 qui
1260 3371 1366 3410 non
1399 3354 1614 3410 videtur
1642 3354 1896 3409 diversus
1922 3355 1992 3407 ab

386 3462 457 3504 eo
494 3466 658 3520 quem
701 3462 973 3507 memorat
1010 3449 1263 3507 Labbeus
1302 3448 1369 3505 de
1411 3448 1610 3519 Script.
1642 3449 1867 3513 eccles.,
1896 3446 1987 3517 qui

385 3543 482 3608 ait,
527 3544 580 3598 iu
622 3544 802 3599 veteri
838 3544 1136 3614 exemplari
1176 3543 1562 3599 Arcmaceusis
1605 3543 1658 3596 in
1684 3540 1985 3610 Campania

385 3637 618 3692 cmnubii
646 3638 910 3708 scriptum
941 3637 1164 3704 haberi,
1197 3635 1297 3692 Gai
1341 3636 1482 3691 Vecti
1512 3635 1747 3707 Aquiliui
1776 3635 1988 3706 presby-

384 3731 488 3787 teri
514 3730 923 3803 Evangeliorum
955 3732 1074 3787 libri
1104 3747 1183 3786 tv.

454 3824 543 3882 57.
589 3825 917 3893 Martenius,
951 3826 1003 3880 in
1036 3825 1161 3880 Itin.
1197 3826 1364 3880 litter.
1402 3832 1536 3878 tom.
1566 3822 1609 3890 I,
1643 3837 1765 3893 pag.
1801 3816 1890 3887 65,
1926 3820 1981 3875 in

380 3921 715 3977 monasterio
742 3919 800 3976 S.
828 3918 1104 3975 Benedicti
1137 3934 1304 3989 prope
1335 3916 1568 3988 Ligerim
1599 3915 1842 3970 codicem
1867 3928 1975 3969 ms.

378 4009 603 4066 Iuvenci
630 4020 845 4067 exstare
874 4019 1162 4076 memorat,
1196 4009 1467 4079 aliumque
1497 4008 1729 4063 similem
1754 4017 1884 4060 tom.
1910 4004 1976 4070 lI,

380 4117 505 4175 pag.
552 4104 677 4169 H2,
718 4103 772 4159 in
803 4103 1018 4158 abbatia
1048 4103 1279 4158 Melensi
1310 4101 1368 4156 S.
1401 4099 1649 4156 Aruoldi.
1682 4097 1979 4155 Goldastus

378 4194 438 4251 in
480 4195 704 4265 epistola
744 4196 811 4251 ad
842 4194 1153 4263 Weitzium,
1188 4209 1310 4265 qua:
1341 4193 1566 4248 editioni
1600 4192 1879 4247 Dracontii
1910 4192 1979 4246 ul)

374 4286 485 4343 hoc
512 4298 810 4357 procurata:
841 4287 1059 4358 prtelisa
1091 4299 1197 4353 est,
1226 4285 1307 4341 sic
1334 4286 1495 4341 habet
1522 4304 1535 4339 :
1564 4284 1639 4340 De
1668 4283 1971 4339 Prudentiis

382 4382 690 4445 rescribam.
735 4385 824 4438 ubi
851 4383 970 4454 plus
997 4383 1089 4438 otii
1125 4391 1308 4436 nactus
1337 4382 1504 4453 fuero.
1542 4381 1608 4449 Ω.
1650 4380 1784 4435 Vetti
1815 4379 1946 4450 Aqui
1956 4409 1975 4420 -

372 4476 435 4531 lii
461 4474 679 4532 Iuvenci
709 4487 758 4532 et
793 4480 1029 4533 Arataris
1050 4477 1376 4532 membranas
1400 4493 1504 4531 non
1524 4475 1688 4530 habeo
1709 4476 1933 4545 integras
1956 4492 1975 4529 :

2098 3277 2272 3323 teran.
2307 3282 2374 3321 ex
2403 3264 2761 3331 Thomasino,
2803 3264 2872 3320 de
2904 3263 3165 3319 Biblioth.
3199 3263 3450 3318 Pntavin.
3483 3261 3542 3316 In
3571 3260 3701 3316 Am-

2095 3358 2349 3417 brosiana
2378 3373 2511 3413 vero
2543 3356 2899 3420 bibliorhcca,
2932 3371 3056 3427 pag.
3088 3354 3196 3411 508
3226 3373 3237 3410 :
3275 3353 3507 3425 Aquilini
3535 3351 3699 3408 Iuve-

2094 3455 2176 3507 nis
2199 3468 2383 3522 poema
2408 3451 2475 3505 de
2498 3450 2642 3504 Actis
2668 3447 3037 3522 Apostolorum
3061 3465 3295 3519 pergam.
3322 3447 3419 3500 bis.
3444 3444 3502 3500 In
3526 3443 3703 3500 indice

2091 3547 2347 3603 tribuitur
2376 3546 2619 3601 Iuvenco
2653 3543 2741 3600 hic
2766 3544 2965 3609 codex,
2992 3542 3109 3613 qui.
3139 3554 3197 3597 ut
3222 3553 3371 3611 puto,
3396 3541 3700 3596 Iuvencum

2088 3651 2147 3697 et
2175 3642 2460 3696 Aratorem
2492 3639 2889 3708 complectitur.
2929 3637 3086 3704 Vide,
3121 3651 3308 3706 supra,
3341 3648 3493 3688 nam.
3521 3634 3613 3688 15.
3639 3632 3697 3689 In

2088 3735 2278 3791 eadem
2321 3731 2649 3786 bibliotheca
2688 3729 3069 3792 Ambrosiana,
3125 3742 3249 3798 pag.
3294 3726 3399 3780 5l9
3434 3742 3447 3779 :
3478 3722 3699 3779 Iuvenci

2088 3825 2371 3898 presbyteri
2414 3824 2469 3878 in
2512 3820 2801 3894 Evangelia
2840 3821 2929 3875 lib.
2976 3830 3200 3892 quatuor
3243 3835 3475 3891 pergam.
3526 3817 3695 3889 antiq.

2086 3919 2162 3973 bis
2193 3918 2364 3973 bamb.

2157 4010 2249 4066 b2.
2294 4010 2372 4065 Ex
2414 4008 2743 4066 bibliotheca
2780 4008 2925 4078 regis
2968 4007 3200 4077 Anglize,
3234 4020 3356 4076 pag.
3405 4002 3536 4069 639,
3582 4018 3695 4057 me-

2084 4113 2260 4159 morat
2287 4103 2721 4159 Moulluucouius
2754 4119 2767 4152 :
2798 4099 3019 4153 Iuvenci
3047 4097 3329 4171 presbyteri
3365 4094 3694 4166 Evangelicaz

2082 4196 2316 4249 historice
2348 4203 2643 4264 poematum
2675 4191 2794 4257 libr.
2824 4200 3069 4263 quatuor.
3101 4190 3180 4244 Ex
3212 4189 3532 4251 Bodleiana,
3567 4202 3693 4258 pag.

2082 4286 2192 4341 656
2234 4304 2247 4337 :
2294 4283 2516 4339 Iuvenci
2543 4301 2726 4356 poema
2765 4283 2830 4336 de
2867 4293 3090 4353 quatuor
3139 4280 3460 4351 Evangeliis.
3494 4278 3575 4335 Ex
3607 4279 3691 4334 bi-

2081 4378 2356 4435 bliotheca
2396 4378 2625 4450 Collegii
2666 4378 2725 4432 S.
2770 4375 3055 4431 Benedicti
3083 4375 3226 4444 apud
3258 4372 3689 4444 Cantabrigiam,

2080 4487 2203 4545 pag.
2245 4473 2371 4541 671,
2415 4473 2524 4527 col.
2567 4476 2589 4526 1
2639 4490 2651 4526 :
2696 4470 2933 4526 Codicem
2962 4469 3203 4531 Iuvenci,
3234 4469 3522 4539 aliumque,
3559 4484 3686 4539 pag.

372 4578 544 4624 tanien
569 4571 692 4641 quia
715 4585 803 4624 eas
831 4587 862 4622 a
891 4586 974 4625 me
1005 4578 1148 4624 tanto
1177 4568 1443 4624 contendis
1470 4554 1645 4638 opere,
1678 4542 1887 4631 addico,
1917 4577 1966 4620 et
2003 4542 2053 4602 ί)
2081 4542 2209 4632 686,
2255 4566 2308 4620 iu
2340 4579 2473 4621 mss.
2508 4563 2747 4620 Eduardi
2778 4562 3072 4629 Bernardi,
3104 4572 3158 4617 et
3189 4562 3243 4616 in
3274 4560 3507 4617 Andibus
3532 4562 3692 4618 Iaco-

369 4675 490 4715 cuns
530 4662 805 4715 occasione
844 4661 913 4716 ad
944 4672 991 4715 te
1021 4660 1367 4732 perferendas
1390 4660 1605 4714 curabo.
1638 4658 1693 4714 In
1726 4660 1975 4725 catalogo

368 4752 621 4808 codicum
661 4768 821 4817 mss.,
854 4756 945 4824 qui
989 4753 1043 4808 in
1078 4754 1412 4808 monasterio
1440 4752 1692 4807 Bobiensi
1726 4766 1975 4806 asserva-

367 4844 590 4913 bantur,
616 4846 820 4901 saeculo
846 4862 879 4901 ι
906 4846 1131 4901 circiter
1157 4854 1403 4911 esarato,
1431 4844 1573 4914 apud
1597 4843 1971 4909 Muratorium,

369 4948 503 4995 tom.
548 4940 618 4996 Ill
657 4939 927 5011 Antiquit.
973 4940 1147 4996 Italic.
1180 4939 1346 4995 medii
1378 4940 1502 5005 arvi,
1534 4954 1655 5009 pag.
1687 4938 1795 4994 8l8
1825 4953 1969 5009 seq.,

364 5031 590 5086 invenio
610 5046 676 5087 ex
696 5029 1026 5087 bibliotheca
1050 5031 1221 5086 veteri
1246 5029 1457 5084 Librum
1478 5027 1695 5082 Iuvenci
1716 5044 1756 5095 ι,
1776 5044 1973 5099 nempe

365 5124 614 5181 codicem
651 5125 876 5181 Iuvenci
918 5140 1085 5181 unum
1126 5141 1141 5179 :
1184 5140 1252 5179 ex
1281 5122 1612 5179 bibliotheca
1644 5138 1773 5178 vero
1804 5137 1967 5187 nova,

365 5232 465 5274 seu
496 5219 653 5273 libris
690 5233 831 5289 quos
859 5218 1130 5290 Dungalus
1165 5217 1364 5274 obtulit
1393 5216 1706 5273 beatissimo
1752 5215 1968 5271 Colum-

362 5312 535 5377 bano,
565 5311 778 5367 scilicet
807 5311 1140 5366 monasterio
1172 5308 1447 5371 Bobiensi,
1481 5323 1511 5362 a
1542 5307 1601 5365 S.
1630 5306 1967 5363 Columbano

360 5404 612 5468 fundato,
654 5404 870 5458 Librum
912 5401 1195 5458 Fortunati
1234 5419 1416 5470 unum,
1458 5402 1512 5455 in
1539 5418 1642 5473 quo
1670 5411 1747 5455 est
1779 5399 1969 5454 Pauli-

357 5512 498 5562 nus,
538 5498 765 5563 Arator,
804 5493 1101 5560 Iuvencus,
1145 5504 1195 5549 et
1237 5491 1388 5549 Cato.
1433 5493 1636 5549 Ibidem
1693 5508 1761 5548 ex
1818 5492 1970 5547 libris

356 5588 645 5645 Benedicti
676 5588 1007 5660 presbyteri,
1033 5586 1251 5642 Iuvenci
1282 5604 1440 5641 unum

363 5684 524 5752 dulii,
558 5682 821 5750 Iuvencii,
863 5693 912 5737 et
950 5681 1220 5755 Prosperi,
1250 5699 1314 5738 ac
1342 5680 1641 5750 Prudentii,
1670 5691 1717 5734 et
1746 5681 1970 5736 aliorum

362 5778 773 5844 uersiﬁcatorun:
805 5772 933 5830 liber
960 5762 1115 5832 unus

1519 5626 1534 5641 .
1618 5628 1633 5642 .
1715 5628 1729 5641 .
1809 5586 2001 5642 .Se-‘

2081 4658 2235 4725 binis,
2286 4673 2409 4728 pag.
2452 4656 2558 4712 686
2592 4676 2603 4709 :
2635 4655 2853 4711 Iuvenci
2881 4663 3108 4727 quatuor
3137 4654 3426 4725 Evangelia
3452 4655 3688 4709 metrire.

2079 4753 2188 4824 22
2251 4750 2555 4806 Reuschius
2601 4751 2677 4802 ait
2727 4748 2972 4803 codicem
3014 4747 3548 4819 Cantabrigieusem,
3592 4748 3685 4815 qui

2075 4843 2310 4914 quodam
2345 4843 2399 4897 in
2427 4839 2674 4911 Collegio
2704 4853 3042 4901 asservatur.
3070 4839 3509 4911 antiquissimum
3537 4852 3686 4903 esse,

2074 4947 2130 4992 et
2172 4937 2366 4991 litteris
2413 4936 2717 4992 uncinlibus
2758 4943 3070 5000 exaratum,
3134 4933 3364 4989 alterum
3398 4932 3687 4989 Cantabri-

2074 5030 2317 5101 giensem
2348 5038 2563 5084 exsttre
2594 5029 2646 5082 in
2677 5028 3003 5083 biblimheca
3037 5026 3440 5083 Uuiversitatis.

2140 5123 2232 5179 45.
2269 5122 2603 5179 Bibliotheca
2635 5122 3171 5180 Sno-Germaneusis
3197 5137 3319 5191 pag.
3350 5120 3511 5182 1155,
3537 5118 3679 5189 apud

2069 5216 2551 5282 Montfauctiuium,
2586 5216 2727 5273 inter
2754 5217 2856 5271 alin
2892 5217 3052 5272 habet
3090 5234 3103 5269 :
3135 5216 3359 5271 Iuvenci
3388 5213 3679 5287 presbyteri

2070 5312 2374 5380 prooemium
2413 5312 2466 5364 in
2487 5328 2615 5383 opus
2644 5309 2907 5381 paschale.
2942 5309 3058 5365 Non
3090 5309 3297 5370 dubito.
3331 5307 3457 5378 quin
3491 5306 3679 5376 legen-

2069 5404 2198 5460 dum
2240 5404 2310 5458 sit
2351 5404 2555 5459 Sedulii
2595 5405 2904 5478 presbyteri,
2946 5415 3052 5461 etc.
3089 5403 3143 5458 Iu
3173 5404 3362 5458 codice
3389 5416 3521 5457 vero
3548 5401 3677 5468 675,

2071 5510 2197 5568 pag.
2232 5494 2368 5550 1156
2400 5514 2413 5547 :
2444 5495 2698 5560 JUVENCI,
2749 5506 2839 5550 aut
2885 5511 3012 5549 sane
3041 5495 3289 5565 Cypriani
3320 5492 3537 5547 historia
3567 5491 3668 5547 Ge-

2072 5589 2229 5642 nesis.
2257 5585 2509 5659 Epistulae
2528 5588 2852 5659 quartanis.
2886 5587 3189 5658 Hieronymi
3210 5595 3258 5641 et
3281 5585 3341 5642 S.
3374 5586 3669 5658 Augustini.

2073 5679 2138 5761 S.
2172 5678 2421 5753 Cypriani
2458 5681 2717 5751 qutedam.
2752 5682 2978 5738 IUVBNCI
3015 5696 3222 5735 carmen
3250 5679 3314 5734 de
3342 5679 3672 5733 Ascensione.

2073 5775 2291 5843 Sibylla'
2338 5792 2511 5829 versus
2556 5775 2621 5829 de
2667 5776 2752 5830 die
2792 5775 3008 5846 judicii.
3061 5775 3139 5830 De
3185 5773 3409 5831 historia
3454 5771 3674 5827 metrica
