4176 6180
478 274 546 332 27
1484 278 1550 336 C.
1597 277 1892 336 VET'I‘IUS
1930 270 2071 347 AQU

2181 272 2307 374 [US
2343 272 2730 339 JUVENCUS.
3713 285 3785 341 28

406 436 412 443 .
476 390 731 459 Genesis,
770 400 888 463 qua:
927 405 956 446 a
988 390 1267 464 plerisque
1297 392 1590 465 Cypriane,
1622 398 1714 449 aut
1742 390 2081 451 Tertulliano
2108 392 2355 458 Acicum
2384 397 2441 452 in
2483 395 2714 454 Iuvenca
2744 396 2912 468 (forte
2963 397 3020 455 in
3060 396 3397 473 Iuvencum);
3421 399 3546 460 cod.
3595 399 3786 460 6465:

480 484 792 553 ascribitur,
837 494 868 541 a
910 483 1186 540 uoumtllis
1224 484 1498 554 Iuvenca,
1533 477 1723 543 confer
1753 486 1895 545 dicta
1927 505 2074 544 num.

480 576 570 635 l6.
603 576 835 635 Carmen
856 578 924 635 de
945 578 1280 635 Ascensione
1306 579 1431 651 quid
1463 594 1564 652 ego
1592 582 1785 651 cpiucr
1807 594 1954 650 esse,
1984 597 2081 639 ex-

480 671 637 743 posui
688 684 838 727 num.
896 671 983 728 l9.
1035 671 1092 726 In
1144 669 1526 743 Prolegomen.
1575 676 1641 729 ad
1693 674 2075 741 Dracontium,

479 779 629 821 num.
677 765 768 833 75,
814 766 1075 838 explicui,
1120 766 1340 838 quinam
1386 767 1496 823 sint
1545 766 1767 841 Sibyllae
1794 776 1982 825 versus
2012 768 2081 825 de

477 857 568 915 die
589 858 807 931 jttdirii.

550 951 644 1010 41.
676 953 859 1010 Codex
903 952 1123 1025 quidam
1166 956 1482 1012 monasterii
1510 955 1742 1013 Mediam
1776 957 1828 1012 in
1862 956 2082 1027 Vosago

481 1038 704 1104 Ordinis
760 1047 819 1104 S.
877 1048 1181 1115 Benedicti,
1241 1057 1379 1104 teste
1433 1049 1626 1105 eodem
1676 1046 2083 1106 Montl‘aucortio

481 1160 603 1216 pag.
656 1144 834 1211 1180,
886 1152 1243 1214 repraesentat
1292 1143 1497 1200 Sedulii
1545 1146 1816 1213 carmina,
1866 1142 2086 1199 Iuvenci

483 1234 772 1308 presbyteri
813 1237 1069 1292 carmina.
1114 1236 1270 1294 Alius
1312 1230 1659 1294 bibliothecae
1700 1238 2074 1310 Divio-Benig-

484 1328 682 1398 hiante,
724 1330 889 1400 ibid.,
937 1344 1059 1402 pag.
1113 1328 1251 1387 i286
1295 1347 1307 1384 :
1349 1329 1566 1386 Iuvenci
1607 1330 1891 1403 presbyteri
1927 1330 2086 1386 libros

478 1433 703 1495 quatuor
748 1421 1153 1497 Evangeliorum
1189 1434 1373 1480 metro.
1404 1424 1633 1490 Ibidem,
1667 1439 1790 1496 pag.
1824 1424 1985 1491 1575,
2018 1440 2085 1480 ex

483 1516 807 1573 bibliotheca
839 1517 896 1574 S.
948 1517 1183 1573 Victoris
1215 1517 1508 1574 Parisiensi
1540 1519 1810 1574 indicatur
1844 1536 1856 1572 :
1886 1516 2083 1572 Iuven-

480 1623 571 1663 cus
616 1609 826 1663 metrice
866 1608 919 1663 in
961 1619 1183 1681 quatuor
1222 1606 1544 1683 Evangelia;
1581 1622 1634 1667 et
1666 1624 1787 1681 pag.
1825 1610 1983 1678 1408,
2018 1627 2085 1667 ex

480 1700 805 1758 bibliotheca
835 1703 1149 1759 monasterii
1179 1703 1237 1760 S.
1266 1703 1410 1760 Petri
1434 1703 1817 1761 Corbeiensis:
1842 1705 2087 1761 Carmina

2181 484 2400 543 Iuvenci
2423 488 2708 561 presbyteri
2737 488 2899 545 libros
2929 506 3008 547 tv.
3039 492 3371 548 Osonicnsis
3400 493 3595 560 codex,
3623 508 3786 566 quem

2181 590 2247 634 ex
2276 578 2513 649 Spizclio
2541 581 2740 636 indicat
2794 581 3120 650 Reuschius,
3165 583 3398 640 fortasse
3446 585 3646 656 aliquis
3690 585 3791 640 ho-

2184 682 2302 726 rum
2340 678 2446 738 est,
2478 674 2569 744 qui
2623 673 2724 729 hoc
2753 675 3004 746 catalogo
3045 675 3382 733 referuntur.
3435 676 3493 732 In
3539 679 3789 753 catalogo

2185 783 2317 823 mss.
2365 767 2713 826 bibliotheca:
2760 770 2944 842 Regia:
2975 771 3297 827 Parisiensis
3344 780 3475 828 tom.
3525 788 3601 842 tv,
3631 790 3785 832 num.

2185 861 2346 929 852i,
2379 863 2549 918 codex
2587 863 2781 934 partim
2812 862 3163 929 chartaceus,
3198 868 3392 936 partim
3440 868 3789 924 membrana-

2187 966 2335 1019 ceus.
2369 954 2499 1025 olim
2529 952 2878 1012 Colbertinus
2905 955 3163 1027 refertur,
3186 957 3239 1013 in
3273 973 3382 1029 quo
3405 959 3550 1016 inter
3574 959 3677 1015 alia
3707 960 3792 1015 itt-

2187 1046 2407 1103 dicatur
2418 1047 2633 1103 Iuvenci
2658 1051 2938 1121 presbyteri
2959 1050 3195 1107 Historia
3218 1052 3514 1125 evangelica
3535 1053 3684 1111 libris
3712 1070 3785 1126 tv,

2186 1147 2235 1194 et
2262 1141 2489 1194 versibus
2534 1142 2776 1208 heroicis;
2816 1142 2936 1211 ejus
2965 1144 3210 1198 carmina
3245 1156 3392 1200 num.
3418 1145 3524 1201 544
3544 1146 3790 1217 ejusdem

2186 1230 2419 1301 catalogi
2448 1230 2777 1287 indicantur.
2814 1234 2889 1289 De
2916 1234 3105 1292 codice
3128 1248 3229 1291 ms.
3264 1235 3630 1305 Gaudavensi,
3657 1250 3794 1310 quo-

2187 1334 2311 1375 cum
2338 1322 2568 1378 collatus
2619 1333 2708 1379 est
2756 1323 3032 1382 Iuvencus
3076 1342 3106 1381 a
3152 1326 3513 1394 Poelmanno,
3563 1331 3792 1389 consule

2188 1430 2337 1470 num.
2372 1417 2460 1471 70.
2494 1412 2778 1473 Fabricius
2807 1419 2859 1472 in
2889 1418 3104 1474 Comm.
3138 1419 3356 1476 Poetar.
3391 1422 3596 1477 Christ.
3623 1422 3792 1479 verbo

2188 1508 2387 1565 Dabitis
2426 1507 2565 1564 duos
2604 1510 2825 1566 codices
2860 1525 2990 1567 mss.
3043 1512 3233 1569 laudat
3273 1503 3691 1571 Gandavensem
3735 1525 3791 1571 et

2189 1600 2640 1672 Mersburgicum.
2673 1601 2862 1658 Codex
2883 1614 2992 1674 quo
3019 1614 3150 1660 usus
3178 1613 3264 1660 est
3283 1605 3561 1676 Barthius,
3600 1617 3655 1663 ει
3682 1619 3792 1679 quo

2191 1693 2471 1751 meliorem
2493 1696 2818 1752 exstarele
2847 1705 2999 1767 putat
3024 1697 3254 1753 Advers.
3286 1699 3414 1753 libr.
3444 1713 3556 1767 us,
3591 1714 3712 1771 cap.
3733 1700 3788 1769 6,

478 1791 693 1849 Iuvenci
721 1794 775 1849 in
805 1800 945 1851 vetus
976 1792 1384 1864 Testamentum,
1418 1798 1605 1869 quibus
1632 1797 1910 1853 succedunt
1940 1798 2077 1853 Cute.

2189 1786 2423 1861 Cygnea:
2455 1789 2723 1856 latitabat,
2778 1789 2906 1845 dum
2934 1789 3243 1846 Reuscbius
3290 1791 3589 1849 scribebat.
3637 1792 3793 1850 Alius

484 1889 644 1959 goria?
670 1886 988 1958 Arietatelis,
1023 1888 1141 1944 cod.
1176 1892 1390 1947 membr.
1421 1891 1602 1947 amenti
1628 1908 1679 1947 κ.
1713 1891 1932 1965 Aliquis
1956 1908 2086 1949 cons
2121 1932 2131 1939 .
2189 1883 2536 1942 Coloniensis
2583 1887 2839 1944 laudatur
2880 1903 2910 1944 a
2940 1889 3167 1945 Barthio
3208 1889 3436 1946 Advers.
3492 1890 3616 1946 libr.
3666 1902 3788 1961 1111,

477 1978 663 2050 jicict,
706 1993 1016 2037 sermonem
1048 1996 1168 2038 esse
1200 1983 1267 2039 de
1296 1983 1539 2039 carmine
1567 1985 1792 2041 Iuvenci
1824 1987 1876 2041 in
1908 1986 2077 2043 Gene-

2190 1992 2309 2049 cap.
2346 1980 2412 2036 l9
2437 1997 2450 2034 :
2488 1979 2805 2037 Membrana:
2825 1980 3181 2049 Colonienses,
3204 1983 3298 2049 sit,
3329 1998 3458 2053 quas
3487 1981 3787 2052 laudamus,

484 2073 591 2144 sin,
626 2076 790 2147 quod,
823 2090 908 2131 me
939 2078 1127 2143 invito,
1164 2078 1411 2133 neunulli
1443 2078 1687 2135 Juvenco
1711 2079 1995 2152 aﬂlnguttt,
2028 2090 2095 2168 ut

486 2165 841 2224 animadverti
879 2184 1028 2226 num.
1072 2168 1158 2227 16.
1210 2169 1409 2227 Verum
1464 2169 1675 2227 facilius
1704 2181 1789 2230 est
1816 2165 2084 2243 suspicari

486 2261 744 2317 mendum
771 2259 1018 2329 subesse,
1060 2276 1123 2319 ac
1159 2262 1447 2334 legendum
1482 2282 1496 2320 :
1526 2264 1744 2322 Iuvenci
1772 2269 2002 2322 carmina
2028 2268 2081 2324 in

482 2362 670 2407 novum
710 2352 1119 2412 Testamentum.

556 2445 648 2503 45.
682 2445 926 2519 Angelus
956 2447 1117 2504 Maria
1143 2448 1441 2506 Bandinius
1469 2450 1523 2507 in
1549 2451 1808 2532 Calalogo
1839 2468 1970 2511 mss.
2004 2452 2085 2511 bl-

483 2537 776 2596 bliothectc
820 2538 1202 2598 Laurentinum
1246 2542 1514 2599 Medicaerc
1561 2552 1694 2601 tom.
1736 2545 1778 2613 I,
1815 2545 1920 2602 col.
1955 2546 2077 2617 722,

484 2638 635 2690 notat
682 2635 733 2691 in
777 2636 900 2692 cod.
946 2639 1249 2692 membran.
1293 2638 1479 2694 saeculi
1520 2652 1623 2706 xv,
1667 2654 1788 2712 pag.
1834 2637 1933 2696 161
1969 2655 1985 2695 :
2017 2639 2078 2697 ο.

494 2724 662 2782 Vectii
699 2725 921 2784 Iuvenci
963 2728 1366 2802 Evangeliorum
1411 2731 1570 2787 libros
1611 2745 1831 2804 quatuor
1870 2732 2081 2790 heroico

485 2820 730 2875 carmine.
768 2816 826 2876 In
870 2820 1010 2878 libro
1050 2836 1103 2879 tv
1144 2822 1301 2881 deeet
1330 2825 1549 2880 ultimus
1582 2840 1795 2894 versus,
1828 2823 1935 2881 Per
1969 2826 2079 2883 Do-

486 2913 706 2983 minum,
746 2924 852 2971 etc.
897 2914 1125 2982 Ibidem,
1158 2917 1264 2973 col.
1297 2917 1423 2987 772,
1458 2917 1586 2975 cod.
1620 2918 1711 2988 22,
1746 2921 1929 2976 steculi
1959 2932 2027 2977 xv
2061 2937 2077 2975 :

486 3003 726 3073 Quatuor
765 3005 1055 3079 Evangelia
1093 3010 1322 3065 versibus
1363 3006 1695 3079 hexametris,
1737 3021 1947 3068 auctore
1982 3010 2081 3069 Its-

486 3110 660 3161 venco,
709 3094 855 3153 libris
894 3106 1138 3171 quatuor.
1187 3098 1241 3156 In
1290 3100 1557 3174 principio
1599 3101 1795 3175 legitur
1828 3104 2080 3161 testimo-

2187 2073 2396 2145 scripta:
2421 2070 2533 2146 θῇ
2554 2081 2673 2129 sunt
2696 2075 2790 2129 sub
2818 2073 3085 2130 Ludovico
3106 2074 3224 2144 Pio,
3248 2072 3431 2150 Magni
3455 2073 3631 2131 Caroli
3654 2074 3790 2145 ﬁlio,

2186 2166 2371 2238 quibus
2399 2169 2444 2221 si
2465 2169 2579 2238 quis
2600 2169 2916 2238 antiquiores
2942 2167 3093 2223 habet
3114 2170 3268 2225 aliter
3287 2172 3526 2242 scriptas,
3551 2171 3789 2225 cedemus

2189 2260 2418 2314 veritate.
2448 2260 2647 2316 Confer
2676 2261 2919 2330 ejusdem
2954 2263 3159 2319 Bartbii
3192 2263 3356 2319 verba
3388 2278 3414 2316 a
3440 2264 3597 2320 nobis
3621 2264 3788 2320 relata

2187 2354 2241 2407 in
2282 2362 2394 2409 not.
2424 2355 2491 2409 ad
2516 2370 2568 2408 ν.
2599 2354 2632 2411 9
2664 2354 2698 2408 l;
2732 2371 2768 2417 ι,
2796 2362 2853 2410 ει
2878 2353 2944 2411 ad
2974 2370 3023 2411 ν.
3052 2354 3088 2409 2
3128 2355 3165 2411 l.
3193 2371 3252 2413 tt.
3285 2356 3667 2413 Divionensem
3695 2372 3791 2412 co-

2146 2486 2149 2489 .
2186 2442 2362 2499 dicem
2405 2444 2460 2500 in
2511 2445 2847 2503 Mouasterio
2897 2446 2956 2504 S.
3017 2448 3242 2520 Benignl
3296 2446 3431 2504 vidit
3468 2447 3691 2505 Juretus
3720 2448 3788 2504 ad

2186 2537 2469 2594 Paulinum
2521 2539 2896 2596 Pctrocorium
2926 2541 2996 2599 de
3038 2536 3158 2597 Vita
3211 2541 3270 2599 S.
3340 2543 3561 2598 Martini
3619 2544 3655 2597 Ι.
3704 2558 3785 2610 ιιι,

2188 2646 2238 2684 ν,
2264 2630 2354 2696 62,
2390 2645 2442 2701 p.
2468 2630 2599 2701 245,
2631 2630 2759 2687 255.
2804 2633 3133 2689 Fuldensem
3160 2632 3475 2689 JOachimus
3504 2633 3790 2692 Zchnerus

2186 2722 2605 2792 diligentissime
2633 2725 2884 2789 contulit,
2926 2734 2987 2781 ut
3027 2726 3330 2799 lleuscbius
3354 2733 3606 2782 testatur.
3644 2728 3787 2783 Idem

2188 2812 2492 2873 lleuscbius
2528 2818 2775 2874 codicem
2805 2816 3180 2875 Florentinnm
3215 2820 3436 2876 Antonli
3468 2818 3790 2891 Magliabec-

2182 2909 2269 2965 chi
2295 2924 2401 2965 non
2433 2911 2570 2967 adeo
2610 2914 2891 2983 antiquum
2925 2921 3100 2968 vocat.
3128 2912 3416 2970 l‘itbteuno
3439 2914 3626 2971 codice
3658 2928 3789 2973 usus

2184 3010 2267 3057 est
2295 3003 2518 3059 Juretus
2551 3004 2621 3060 ad
2643 3004 2931 3060 Paulinum
2962 3006 3180 3061 Petroc.
3209 3020 3332 3078 pag.
3355 3005 3484 3063 255.

2253 3094 2344 3151 47.
2376 3080 2435 3152 In
2469 3096 2796 3154 biblimbeca
2830 3098 3084 3154 Vaticana
3110 3107 3221 3155 tres
3249 3108 3456 3155 tantum
3484 3099 3667 3171 reperi
3695 3113 3790 3155 co-

484 3186 631 3242 nium
673 3187 732 3245 S.
783 3186 1098 3264 Hieronymi
1128 3193 1196 3248 de
1222 3194 1484 3260 Juvenco,
1515 3208 1582 3251 ex
1611 3208 1729 3269 cap,
1764 3195 1932 3264 side
1964 3198 2075 3256 Vir,
2107 3181 2154 3245 C
2185 3189 2332 3244 dices
2361 3186 2609 3274 Iuvenci,
2643 3191 2727 3247 vel
2775 3192 2958 3262 potius
2983 3190 3122 3247 duos
3168 3209 3181 3247 :
3225 3207 3347 3247 nam
3378 3192 3589 3264 primus
3610 3192 3787 3248 solum

483 3282 682 3340 illustr.
714 3286 769 3341 In
798 3288 904 3343 line
936 3307 949 3344 :
984 3287 1158 3345 Finis.
1203 3288 1391 3346 Versus
1420 3290 1522 3347 tria
1549 3292 1715 3347 millia
1743 3292 2076 3366 septingenti.

484 3376 592 3431 llos
623 3376 762 3432 duos
793 3374 900 3451 23
928 3378 1146 3435 codices
1173 3395 1298 3437 esse
1327 3380 1527 3451 Opinor
1546 3426 1560 3450 ,
1593 3396 1730 3453 quos
1761 3381 1838 3439 sic
1866 3381 2077 3439 descri—

483 3468 562 3523 bit
607 3467 1032 3526 Montlauconius
1061 3487 1179 3545 pag.
1213 3470 1345 3542 289,
1386 3475 1478 3530 ubi
1512 3474 1751 3543 loquitur
1782 3474 1849 3531 de
1880 3473 2077 3533 biblio-

478 3560 637 3617 theca
684 3558 1047 3620 Laurentiano
1089 3566 1339 3624 Medicma
1390 3584 1403 3623 :
1449 3567 1508 3625 C.
1557 3567 1690 3625 Vetti
1719 3565 1953 3643 Aquilini
1979 3568 2079 3626 Iu-

478 3657 623 3711 venci
662 3674 707 3711 c.
762 3673 811 3711 v.
856 3656 1256 3729 Erangeliorttm
1298 3660 1417 3717 iibri
1457 3678 1512 3718 tv
1563 3664 1770 3717 heroico
1814 3665 2076 3733 carmine;

476 3758 532 3803 et
564 3764 615 3817 p.
646 3747 750 3805 291
783 3752 905 3806 cod.
951 3765 1119 3825 papyr
1152 3770 1163 3807 :
1196 3751 1411 3808 Iuvenci
1448 3753 1730 3826 presbyteri
1771 3750 2081 3812 nobilissimi

473 3842 674 3911 generis
703 3841 934 3914 Hispani
954 3856 1179 3917 quatuor
1200 3846 1484 3920 Evangelia
1513 3849 1819 3905 hexametris
1846 3850 2077 3907 versibus

474 3934 639 3988 tribus
679 3937 821 3991 mille
860 3940 1191 4015 septingentis
1231 3957 1357 4011 pene
1396 3941 1465 3994 ad
1508 3944 1734 3996 verbum.
1776 3943 1886 3998 Nisi
1919 3954 2076 4000 error

474 4035 557 4082 est
601 4028 655 4083 in
701 4031 979 4101 numeris,
1019 4031 1175 4099 longe
1216 4031 1378 4088 editis
1421 4033 1826 4102 exemplaribus
1867 4033 2077 4091 auctior

473 4128 558 4178 est
600 4122 687 4178 hic
725 4125 893 4180 codex
938 4124 1167 4181 Iuvenci
1213 4144 1226 4180 :
1273 4140 1398 4181 nam
1433 4126 1486 4181 in
1518 4124 1685 4182 editis
1721 4140 1914 4183 versus
1946 4137 2073 4183 sunt

476 4213 697 4272 circiter
727 4222 810 4273 ter
857 4214 1005 4275 mille
1048 4214 1345 4275 sexdecim.
1389 4218 1462 4277 Ut
1505 4235 1533 4274 a
1576 4218 1733 4276 nobis
1772 4220 1952 4277 editur
1979 4222 2076 4278 Ju-

477 4324 700 4378 vencus,
733 4320 947 4366 constat
988 4313 1233 4369 versibus
1264 4313 1427 4371 522i.
1465 4312 1542 4371 De
1570 4310 1741 4371 altero
1768 4331 1834 4371 ex
1863 4311 1948 4372 bis
1979 4324 2072 4372 co-

474 4402 686 4459 dicihos
726 4404 805 4457 sic
833 4400 1139 4461 Reuscbius
1174 4422 1188 4463 :
1220 4402 1560 4462 Florentinus
1586 4407 1640 4463 in
1671 4405 1977 4464 bibliotheca
2006 4406 2069 4466 8.

474 4492 768 4565 Laurentii,
805 4513 908 4553 non
944 4496 1073 4554 adeo
1110 4500 1377 4571 antiquus,
1419 4502 1727 4557 nitidissime
1754 4502 1940 4559 litteris
1969 4502 2072 4558 lni—

2180 3286 2424 3340 continet
2473 3297 2593 3354 post
2647 3284 2853 3341 lloratii
2908 3300 3078 3357 opera
3107 3287 3420 3344 Orationem
3454 3287 3786 3343 Dominicam

2181 3377 2284 3434 hoc
2315 3379 2475 3435 titulo
2501 3396 2514 3433 :
2539 3378 2705 3436 Pater
2723 3390 2899 3436 noster
2923 3379 3162 3438 Iuvenci.
3200 3382 3391 3452 Incipit
3424 3400 3437 3436 :
3472 3381 3565 3438 Sic
3586 3384 3789 3438 secreta

2180 3454 2389 3541 domus,
2428 3480 2559 3543 etc.,
2595 3487 2767 3546 usque
2796 3474 2861 3529 ad
2901 3473 3094 3529 Cedere
3132 3490 3224 3530 nec
3251 3475 3446 3529 durum
3469 3478 3657 3529 erratis
3684 3475 3786 3528 int-

2180 3564 2403 3638 pendere
2431 3576 2631 3638 pectus,
2680 3576 2740 3622 ut
2787 3567 3085 3623 observare
3135 3572 3286 3636 potes
3330 3566 3425 3621 lib.
3463 3583 3478 3621 ι
3514 3581 3544 3620 a
3576 3582 3628 3621 ν.
3653 3563 3783 3621 620.

2178 3658 2363 3716 Codex
2388 3660 2474 3716 hic
2503 3669 2587 3717 est
2617 3660 2941 3717 chartaceus
2976 3675 3085 3716 non
3108 3663 3328 3731 optione
3357 3670 3500 3714 notua
3530 3661 3673 3715 inter
3694 3672 3789 3715 co-

2178 3753 2326 3811 dices
2357 3756 2561 3827 regium
2615 3755 2827 3812 Suecite
2878 3770 3090 3809 numer.
3136 3754 3299 3810 1785.
3344 3751 3788 3807 Montl‘auconius

2180 3848 2501 3903 recensebat
2534 3864 2654 3921 pug.
2712 3845 2821 3913 45,
2868 3863 3019 3902 num.
3069 3844 3213 3903 1595
3260 3845 3463 3916 regium
3518 3841 3732 3900 Suecite
3770 3862 3783 3898 :

2176 3941 2398 3997 Iuvenci
2427 3943 2710 4016 presbyteri
2740 3941 2898 3998 libros
2928 3956 2981 3998 tv
3005 3943 3059 3996 in
3092 3939 3377 4014 Evangelia
3404 3939 3656 3993 Carmine.
3685 3937 3790 3993 Ss-

2178 4036 2313 4091 dalil
2363 4032 2523 4092 libros
2576 4053 2628 4093 tv
2674 4038 2853 4092 veteris
2908 4046 2957 4091 et
3016 4037 3132 4091 novi
3169 4034 3509 4091 Testamenti.
3583 4030 3786 4088 Ibidem

2180 4142 2328 4184 num.
2363 4130 2501 4187 1596
2549 4126 2682 4203 Reg.
2717 4129 2881 4185 Suec.
2928 4126 3187 4184 :Iuvenci
3232 4127 3516 4198 presbyteri
3546 4124 3786 4180 carmina

2176 4222 2233 4276 in
2259 4231 2487 4293 quatuor
2517 4213 2826 4295 Evangelia.
2859 4218 2996 4275 Ibid.
3033 4232 3156 4291 pag.
3191 4216 3282 4285 ao,
3314 4228 3442 4272 num
3477 4215 3616 4272 1597
3647 4213 3783 4285 Reg.

2176 4314 2340 4372 Suec.
2377 4334 2389 4372 :
2418 4314 2681 4387 Eccerpta
2711 4315 3075 4376 conciliorum,
3109 4322 3241 4378 etc.,
3270 4309 3504 4364 carmina
3528 4308 3787 4363 nonnulla

2178 4408 2484 4481 Augustini,
2545 4406 2786 4465 Platonis
2814 4452 2829 4476 ,
2887 4405 3044 4476 Aviti,
3089 4405 3332 4473 Iuvenci,
3383 4411 3433 4458 et
3482 4401 3783 4463 Fortunati.

2175 4497 2433 4559 Chronica
2453 4502 2615 4559 brevis
2639 4500 2834 4557 Isidori
2852 4499 3197 4573 Hispalensis.
3214 4496 3351 4554 Ibid.
3373 4497 3428 4552 in
3450 4496 3784 4551 bibliotheca

469 4588 678 4644 tiatibus
715 4604 866 4658 auro,
908 4600 957 4645 et
1000 4607 1233 4664 purpura
1269 4593 1574 4664 perpolitus.
1618 4591 1686 4649 In
1724 4592 1905 4650 eodem
1934 4596 2068 4650 libro
2094 4572 2151 4636 Ῑ)
2180 4598 2434 4655 Vaticana
2460 4595 2754 4653 Alexandri
2777 4572 2979 4653 Petavii
3006 4592 3218 4666 pag.67
3241 4590 3492 4647 :Iuvenci
3504 4588 3788 4663 presbyteri

470 4678 855 4737 membranaceo
899 4676 1173 4739 Prudentii
1209 4686 1440 4740 carmina
1481 4680 1665 4758 lyrica,
1708 4684 1943 4743 Aratoris
1970 4682 2072 4742 Ac-

469 4782 549 4826 tus
588 4770 978 4843 Apostolorum,
1016 4784 1064 4832 et
1104 4776 1335 4847 Sedulii:
1353 4792 1509 4850 opera
1543 4776 1803 4851 leguntur.
1843 4774 2072 4839 Vocatur

475 4859 672 4921 Noster
704 4865 776 4922 ibi
815 4882 834 4924 :
886 4867 1046 4925 Caius
1097 4868 1274 4926 Vettus
1313 4868 1596 4937 Iuvencus,
1627 4878 1674 4928 et
1703 4875 1756 4928 in
1784 4868 1888 4945 ﬁne
1913 4870 2070 4933 Caius

482 4956 658 5017 Vetttts
697 4961 991 5036 Aquiliana.
1036 4967 1112 5022 De
1147 4966 1363 5037 eodem,
1404 4966 1619 5039 opinor,
1654 4966 1847 5026 codice
1883 4966 2069 5027 Omei-

468 5056 584 5112 sius
616 5074 629 5110 :
662 5054 747 5112 Ea:
773 5068 868 5113 ms.
900 5050 1139 5115 Floreat.
1174 5054 1236 5115 S.
1268 5056 1541 5118 Laurentii
1568 5064 1724 5119 talem
1743 5060 1954 5119 titulum
1975 5064 2069 5121 de-

469 5150 678 5219 scripsit
720 5148 937 5206 illustris
976 5152 1189 5224 quitlam
1232 5152 1408 5223 fautor
1446 5162 1466 5211 ὲ
1506 5154 1622 5211 Caii
1674 5152 1806 5212 Vetti
1848 5154 2073 5213 Iuvenci

469 5242 709 5315 praefatio
736 5246 790 5299 in
828 5244 1223 5318 Evangeliorum
1253 5248 1417 5305 libris.
1458 5246 1671 5307 Plenius
1700 5262 1870 5307 autem
1891 5253 1944 5307 in
1969 5252 2073 5322 ﬁne

467 5339 699 5410 ejusdem
734 5340 926 5395 codicis
955 5354 1140 5398 nomen
1172 5354 1334 5416 poeta!
1361 5342 1578 5416 legitur:
1607 5344 1718 5401 Caii
1750 5346 1889 5403 Vetti
1915 5344 2074 5419 Aqui-

470 5432 565 5486 lini
611 5430 737 5489 liber
780 5443 1019 5509 quartus,
1072 5447 1121 5493 et
1166 5437 1377 5495 ultimus
1422 5441 1641 5513 feliciter
1682 5442 1912 5515 explicit.
1963 5436 2073 5500 Deo

472 5536 677 5592 semper
707 5526 917 5596 gratias.
953 5528 1131 5585 Amen.

542 5612 634 5671 46.
660 5615 950 5692 Catalogus
994 5638 1127 5679 mss.
1160 5622 1410 5680 codicum
1453 5625 1799 5684 bibliothecae
1830 5620 2076 5687 Bodleia-

470 5719 554 5765 ηπ
600 5710 756 5767 nobis
783 5709 1009 5772 exhibet
1036 5714 1157 5773 cod.
1189 5714 1332 5776 22l9
1365 5732 1380 5777 ξ
1413 5718 1632 5775 Iuvenci
1655 5738 1836 5792 poema
1865 5717 1919 5777 in
1940 5740 2072 5795 qua-

465 5809 595 5869 ηιον
625 5800 947 5891 Evangelia;
979 5811 1098 5879 cod.
1132 5813 1273 5871 51⁸57
1296 5812 1656 5893 .‘Glossarium
1680 5815 2076 5897 Latino-Fran-

2172 4694 2229 4748 iu
2270 4702 2491 4765 quatuor
2544 4689 2825 4764 Evangelia
2868 4687 3096 4745 versibus
3142 4686 3271 4754 €05,
3302 4685 3462 4755 1095,
3523 4684 3614 4741 95.
3646 4683 3781 4739 Ibid.

2174 4790 2227 4844 in
2264 4782 2592 4844 bibliotheca
2621 4784 2879 4841 Vaticana
2910 4782 3275 4840 Ottobouiana
3309 4779 3580 4853 pag.l90:
3608 4774 3786 4834 Sedu-

2173 4882 2297 4947 lius,
2321 4878 2605 4948 Iuvencus,
2636 4878 2800 4934 codex-
2828 4886 2988 4933 vetus.
3021 4874 3102 4932 Ex
3133 4874 3217 4929 his
3236 4872 3412 4929 solum
3447 4885 3591 4927 nunc
3619 4882 3788 4940 appa-

2172 4982 2296 5032 rent
2339 4973 2512 5031 codex
2571 4984 2733 5045 quem
2782 4972 2930 5039 dixi,
2984 4980 3041 5028 et
3069 4966 3176 5026 duo
3221 4968 3335 5033 alil,
3359 4978 3496 5038 quos
3536 4964 3785 5037 proxime

2180 5064 2511 5124 describam.

2250 5163 2341 5219 18.
2375 5160 2561 5219 Codex
2609 5156 2811 5232 regina:
2859 5156 3073 5216 Suecim
3127 5158 3585 5215 membranaceus
3624 5153 3674 5207 in
3697 5148 3781 5219 4⁸,

2182 5274 2335 5312 ηυιιι.
2370 5256 2496 5328 335,
2529 5254 2912 5327 complectitur
2945 5266 3109 5326 Opera
3168 5247 3503 5314 Jurencifet
3553 5244 3805 5302 Sedulii.-

2178 5350 2456 5407 Juvencus
2503 5346 2606 5405 hoc
2664 5348 2878 5405 initium
2930 5346 3140 5405 habet:
3187 5342 3380 5417 Incipit
3412 5340 3655 5415 praefatio
3684 5340 3788 5397 Iu-

2181 5446 2325 5500 venci
2354 5444 2657 5518 presbyteri.
2693 5441 3067 5512 Suhjiciuntur
3114 5448 3239 5496 octo
3270 5450 3488 5503 versus,
3514 5450 3650 5508 quos
3682 5446 3784 5490 nos

2178 5557 2277 5613 pro
2298 5542 2471 5612 prima
2495 5538 2810 5611 praefatione
2827 5539 3102 5611 ponimus,
3133 5532 3397 5591 Mattheus
3412 5530 3654 5599 instituit,
3673 5534 3780 5587 etc.

2177 5637 2544 5693 Consentiuut
2560 5636 2652 5691 alii
2687 5645 2797 5691 tres
2840 5632 3058 5691 codices
3083 5647 3239 5698 mss.,
3274 5636 3331 5686 ut
3357 5629 3535 5686 dicam
3566 5628 3621 5683 iu
3655 5633 3787 5682 nota

2181 5729 2246 5785 ad
2290 5732 2521 5800 primam
2573 5727 2713 5782 hanc
2754 5722 3152 5796 praelationem.
3211 5722 3342 5780 Post
3391 5718 3491 5776 hos
3534 5730 3728 5775 versus
3769 5730 3785 5773 :

2183 5821 2318 5877 Item
2344 5822 2609 5894 prmfatio,
2647 5836 2768 5895 qua:
2800 5829 2886 5876 est
2911 5818 3157 5893 praelatio
3205 5816 3444 5889 vulgata,
3479 5812 3788 5891 Immortale
