4176 6180
359 319 432 377 29
1740 310 2286 371 PROLEGOMENA.
3587 288 3665 353 ‘50

359 435 511 499 nihil,
541 447 676 502 etc.,
702 449 871 502 usque
892 432 958 487 ad
987 448 1128 488 vers.
1155 431 1332 486 Dulcis
1354 430 1623 495 Jordanis,
1650 440 1764 501 post
1797 444 1956 499 quem
1985 429 2036 488 Α

360 528 583 585 additur
617 546 630 582 :
660 520 892 596 Explicit
920 524 1182 598 pra'fatio,
1216 534 1266 579 et
1298 520 1416 580 sine
1444 525 1551 579 alio
1584 522 1743 579 titulo
1772 516 1958 591 sequi-

360 632 447 678 tur
494 618 657 676 :Rea:
685 621 816 691 fuit,
866 634 970 674 etc.
1018 618 1075 672 lu
1132 619 1238 672 line
1294 637 1305 672 ε
1363 615 1725 689 Explici125
1756 614 1960 667 libertv

363 710 767 783 Euangeliorum
828 711 1053 765 versibus
1106 708 1226 765 Gaii
1284 706 1419 763 Vetti
1472 708 1700 780 Aquilini
1750 705 1962 760 iut'enti

361 806 661 880 presbyteri.
692 803 852 859 Ratio
868 801 1142 858 scribendi
1172 802 1287 857 lta‘c
1300 798 1411 858 fere
1428 808 1515 858 est
1532 802 1584 856 in
1610 801 1711 855 ltoc
1733 798 1956 855 codice:

361 914 579 959 nanctus
618 918 717 971 pro
774 913 979 971 nactus,
1034 898 1298 963 Matheus,
1345 898 1645 972 presbiteri,
1697 896 1954 970 genetrix,

359 993 654 1057 inmortale,
683 995 935 1066 conjunx,
969 1007 1372 1063 nonnumquam
1405 991 1473 1045 ad
1506 1005 1603 1062 pro
1629 1001 1700 1054 at,
1736 999 1787 1043 et
1820 1005 1959 1041 com-

360 1097 475 1158 peta
521 1099 620 1155 pro
651 1085 895 1157 compita.
932 1084 1098 1139 Νυιιςυ
1150 1082 1406 1155 virgulas,
1470 1083 1614 1137 nulla
1678 1092 1872 1152 puncta
1927 1098 1957 1136 a

361 1178 535 1250 prima
563 1193 745 1241 manu,
804 1184 897 1231 aut
953 1193 1092 1243 rara,
1126 1175 1448 1247 diphthongi
1501 1176 1715 1230 solutae.
1769 1175 1958 1244 Capita

358 1269 783 1341 Evangeliorum
816 1284 923 1323 non
955 1268 1285 1333 indicantur,
1316 1283 1489 1338 neque
1517 1266 1611 1321 ulli
1639 1274 1766 1321 sunt
1795 1264 1955 1334 tituli,

357 1362 453 1435 qui
504 1362 556 1417 in
587 1360 860 1433 plerisque
899 1360 1063 1417 editis
1108 1370 1394 1431 apparent.
1428 1360 1574 1417 Inter
1613 1361 1785 1416 lineas
1814 1376 1958 1431 qna:-

359 1456 483 1511 datn
524 1464 652 1509 sunt
687 1455 917 1526 glossm,
979 1470 1208 1525 quorum
1259 1450 1415 1510 nobis
1445 1456 1639 1524 aliquis
1666 1454 1773 1510 erit
1803 1470 1956 1509 usus.

356 1544 514 1606 Etas
540 1548 745 1604 codicis
774 1548 841 1602 ad
876 1562 993 1614 vttt,
1035 1557 1129 1602 aut
1158 1563 1211 1602 ix
1243 1547 1502 1603 saeculum
1536 1546 1820 1603 referenda
1854 1557 1955 1601 est.

358 1642 613 1699 Formam
650 1640 983 1709 characteris
1012 1640 1104 1697 asri
1138 1642 1364 1698 incisam
1403 1640 1742 1697 exhibemus.
1803 1640 1960 1695 llunc

356 1738 600 1793 Codicem
636 1738 687 1790 in
740 1737 902 1790 variis
944 1736 1267 1792 lectionibus
1322 1736 1534 1809 Regina:
1584 1734 1809 1804 Suecire,
1841 1734 1957 1790 sive

2189 422 2309 475 Tota
2330 430 2548 487 namque
2562 420 2713 487 deum
2732 416 2963 487 designat
2986 430 3107 471 voce
3128 417 3354 487 latinum,

2192 487 2338 537 Parte
2362 482 2631 536 sed'abhta
2654 486 2708 535 lt
2731 482 2897 546 prolis
2915 484 3102 534 Daunia
3124 482 3301 544 prima;

2188 550 2394 599 Sublato
2417 549 2603 606 medio,
2622 541 2853 598 remanet
2869 541 3151 596 contrarius
3173 541 3352 607 aegroti

2184 608 2439 670 Extremo,
2464 616 2641 671 restat,
2668 609 2798 673 quod
2824 608 3025 672 prandia
3046 611 3223 658 cuncta
3242 607 3460 656 recusat.

2062 711 2363 785 Explicatio
2394 708 2695 784 :enigmatis
2720 710 3067 781 prmmittitur
3093 698 3496 779 epigrammali,
3520 698 3673 760 scili-

2062 819 2149 863 cet
2182 807 2443 861 Saturnus
2469 848 2483 872 ,
2511 804 2599 877 qui
2628 816 2714 861 eSt
2741 803 2878 859 deus
2909 802 3136 859 Latinus
3168 819 3180 855 :
3213 814 3281 856 ex
3314 814 3418 872 qua
3447 812 3581 853 voce
3615 794 3677 852 iit

2064 898 2294 965 Turnus,
2338 897 2521 954 ablata
2560 906 2712 966 parte
2746 892 2959 967 prima;
2994 892 3178 950 ablato
3223 890 3427 954 medio,
3468 904 3672 956 sanus;

2060 990 2241 1048 ablato
2272 1004 2543 1057 extremo,
2568 1003 2738 1046 satur.
2758 986 2979 1046 Tertius
3003 1002 3195 1044 versus
3227 984 3443 1056 planius
3474 997 3672 1055 proce-

2060 1086 2245 1141 deret:
2282 1081 2443 1149 Parte
2472 1084 2562 1140 sed
2584 1082 2761 1139 ablata
2783 1083 2975 1155 prima,
3013 1082 3069 1152 fit
3098 1072 3311 1133 Daunia
3339 1074 3535 1150 proles.
3571 1070 3671 1130 Hic

2061 1173 2231 1233 Codex
2268 1170 2650 1231 Ottobonianus
2672 1216 2687 1243 ,
2722 1170 2841 1230 sive
2870 1170 2980 1227 Ott.
3003 1186 3034 1227 a
3067 1169 3225 1227 nobis
3249 1164 3485 1224 dicetur.

2132 1266 2222 1324 50.
2254 1264 2442 1323 Codex
2467 1267 2630 1333 alius,
2663 1284 2769 1340 quo
2800 1264 2885 1321 usi
2916 1279 3128 1331 sumus,
3158 1270 3344 1318 exstat
3376 1259 3432 1316 in
3470 1252 3673 1316 biblio-

2061 1361 2216 1418 theca
2247 1360 2471 1433 Collegii
2497 1354 2747 1427 Romani,
2774 1370 2830 1415 et
2850 1357 3096 1414 continet
3122 1354 3364 1412 carmina
3387 1352 3662 1422 Aratoris,

2058 1455 2310 1519 iuvenci,
2344 1467 2399 1511 et
2432 1453 2659 1510 Sedulii.
2692 1449 2832 1509 Ante
2861 1446 3163 1508 iuvencum
3203 1449 3438 1506 refertur
3467 1442 3668 1503 llicro-

2063 1545 2211 1617 nymi
2259 1545 2328 1600 de
2370 1561 2438 1601 eo
2485 1545 2858 1601 testimonium
2909 1541 3227 1612 espositum
3275 1557 3426 1595 num.
3454 1537 3529 1606 4,
3563 1537 3669 1594 hoc

2061 1646 2271 1693 tantum
2340 1638 2708 1693 discrimine:
2755 1635 3020 1692 iuvenem
3071 1646 3258 1708 genere
3309 1631 3668 1687 nobilissimus

2067 1728 2333 1802 Hispanus
2355 1730 2617 1801 presbyter
2642 1731 2761 1801 fuit,
2791 1738 3037 1800 quatuor,
3069 1736 3175 1782 etc.
3203 1725 3415 1781 Titulus
3444 1724 3531 1779 hic
3563 1738 3661 1795 ap-

360 1848 457 1900 per
485 1830 867 1902 compendium
910 1829 1043 1902 Reg.
1103 1829 1521 1902 appellabimus.
1565 1829 1704 1885 Octo
1736 1844 1946 1895 versus,
1980 1814 2024 1875 Β
2054 1824 2272 1893 ponitur
2300 1838 2312 1875 :
2348 1820 2542 1891 Incipit
2578 1820 2709 1877 liber
2737 1822 2933 1891 primus
2951 1812 3164 1874 Iuvenci
3193 1816 3415 1890 Hispani
3454 1815 3666 1890 presby-

359 1941 498 1995 quos
530 1940 628 1995 pro
653 1926 823 1995 prima
862 1920 1182 1994 prmlatione
1231 1920 1319 1978 hic
1366 1924 1537 1978 codex
1588 1923 1832 1987 exhibet,
1886 1921 1952 1977 Ο.

366 2019 649 2075 Fabricius
698 2018 752 2074 in
778 2018 1088 2073 Comment.
1124 2029 1271 2087 poet.
1300 2016 1503 2074 Christ.
1536 2019 1701 2073 verbo
1722 2016 1959 2089 Evange-

363 2114 497 2166 lista:
520 2113 648 2166 olim
679 2111 949 2178 ediderat,
979 2124 1118 2181 quos
1142 2113 1215 2165 ait
1238 2128 1267 2166 a
1286 2126 1346 2166 se
1376 2120 1623 2181 repertos
1648 2111 1703 2166 in
1735 2113 1959 2180 antiquo

363 2205 553 2261 cndice
599 2224 611 2258 :
650 2203 747 2261 sed
778 2205 936 2275 cujus
982 2204 1224 2261 auctoris
1280 2206 1369 2261 hic
1405 2205 1571 2262 fuerit
1617 2209 1814 2272 codex,
1850 2222 1957 2260 non

362 2298 621 2367 explicat.
675 2298 784 2353 Eos
822 2298 1008 2353 itidem
1038 2300 1255 2368 reperio
1284 2307 1407 2369 post
1436 2296 1805 2355 Sedulinmia
1839 2296 1958 2353 edi—

366 2393 512 2445 tione
546 2388 871 2457 Basileeusi,
909 2402 1134 2446 curante
1174 2389 1811 2459 Poeltnanuo,-,cum:lmc
1835 2392 1969 2446 uota“

365 2485 431 2538 ad
463 2486 763 2554 marginem
799 2502 812 2538 :
845 2486 1082 2539 Auctoris
1136 2496 1320 2539 nomen
1358 2498 1461 2539 non
1499 2494 1608 2539 erat
1637 2478 1878 2538 additum
1908 2486 1961 2538 in

364 2577 670 2646 επωιριανὶ.
704 2572 955 2633 Profectio
975 2575 1184 2633 Sedulii
1214 2593 1323 2632 non
1348 2586 1471 2637 sunt
1506 2594 1526 2635 :
1545 2592 1667 2633 nam
1682 2575 1821 2635 isin
1852 2575 1961 2637 ﬁat;

363 2669 491 2724 libri
522 2671 680 2739 primi
709 2669 945 2726 similem
968 2670 1295 2725 sententiam
1313 2671 1425 2739 jam
1461 2662 1704 2728 ueniunt
1738 2660 1960 2728 subslit.

365 2772 535 2815 serat.
586 2758 922 2817 Restituendi
978 2777 1113 2832 ergo
1158 2771 1285 2816 sunt
1333 2761 1410 2816 illi
1467 2777 1653 2817 versus
1697 2756 1962 2825 iuvenco,

365 2854 614 2922 quamvis
646 2855 887 2925 plerique
936 2856 1154 2910 codices
1197 2857 1455 2923 incipiant
1488 2871 1519 2909 a
1549 2856 1784 2909 secunda
1823 2872 1961 2924 pra:-

366 2950 590 3013 l’atioue,
626 2944 952 3017 Itttmrtale,
1004 2959 1112 3004 etc.
1148 2949 1224 3005 De
1256 2949 1355 3005 hac
1388 2951 1809 3013 coosuctudine,
1860 2964 1963 3020 qua

368 3049 585 3095 veteres
613 3050 784 3109 poeta:
822 3041 954 3095 duas
983 3042 1329 3111 prwl'ationes
1358 3042 1692 3098 carminibus
1722 3042 1838 3097 suis
1871 3059 1965 3109 ap-

368 3134 667 3201 ponebant,
701 3133 865 3188 adisis
907 3134 1210 3205 Prolcgom.
1244 3135 1295 3189 in
1325 3137 1672 3190 Dracontion)
1697 3153 1847 3191 num.
1884 3138 1963 3192 lii.

2064 1917 2181 1979 teri,
2198 1931 2259 1968 ac
2272 1930 2453 1987 genere
2474 1913 2798 1979 nobilissimi,
2823 1920 2870 1967 et
2899 1911 3063 1979 primo
3087 1912 3412 1981 prooemium,
3445 1907 3672 1969 Immor-

2062 2008 2187 2071 tale,
2211 2017 2315 2063 etc.
2334 2005 2513 2061 Finito
2528 2005 2631 2062 hoc
2658 2003 2959 2076 prommio:
2985 2002 3175 2071 Incipit
3200 2002 3440 2066 historia,
3467 2014 3527 2056 ac
3562 1998 3672 2074 pti-

2061 2119 2177 2156 mns
2190 2101 2574 2170 liber.Quartus
2588 2102 2725 2158 liber
2736 2100 3083 2157 concluditur
3094 2114 3253 2155 versu
3268 2098 3394 2168 751,
3412 2094 3671 2153 Μίιὶιὶιαε

2062 2204 2229 2249 terror
2258 2210 2464 2250 sensum
2501 2194 2809 2249 discluserat
2850 2204 3073 2260 omnem,
3136 2198 3261 2262 post
3314 2204 3474 2262 quem
3521 2186 3675 2246 illico

2056 2286 2281 2355 additur
2311 2284 2903 2357 zzEazpiicitcuvencas.
2926 2280 3151 2342 Scilicet
3181 2294 3407 2337 mancus
3436 2290 3579 2346 erat,
3611 2288 3675 2335 ut

2062 2370 2509 2447 videturacoder
2537 2384 2731 2441 metus,
2784 2391 2851 2433 ex
2896 2391 3005 2448 quo
3058 2375 3149 2431 hic
3177 2375 3486 2447 descriptus
3534 2380 3671 2429 est:

2065 2488 2189 2531 nam
2222 2474 2311 2530 hic
2342 2476 2664 2530 cbartaceus
2705 2480 2808 2537 est,
2851 2469 2919 2526 ad
2948 2469 3207 2525 saeculum
3252 2484 3319 2523 xv
3364 2468 3670 2538 pertinens.

2064 2566 2122 2623 in
2149 2567 2255 2625 line
2288 2566 2490 2629 Sedulii
2522 2564 2799 2622 .n‘cta‘tur":
2832 2562 2945 2619 Iste
2975 2564 3101 2619 liber
3146 2573 3221 2617 est
3262 2563 3567 2618 monasterii
3604 2558 3669 2618 S.

2065 2656 2274 2731 Georgii
2304 2648 2657 2734 autumnoue
2684 2655 3262 2732 t’en:‘Congregatione
3312 2652 3373 2712 8.
3414 2652 3661 2711 iustime.

2066 2750 2268 2807 Verum
2318 2748 2573 2808 diversus
2600 2761 2685 2807 est
2711 2750 3000 2806 character
3044 2748 3257 2806 Sedulii
3289 2765 3321 2805 a
3351 2745 3675 2805 charactere

2068 2842 2338 2912 Aratorls,
2369 2851 2425 2899 et
2450 2840 2715 2908 iuvenci,
2741 2852 2797 2898 et
2825 2840 3063 2897 fortasse
3092 2838 3149 2896 lti
3175 2848 3285 2896 tres
3315 2850 3489 2909 poeta:
3518 2838 3679 2898 Chri-

2069 2938 2229 2991 Silani
2263 2953 2293 2992 e
2324 2936 2556 2993 diversis
2584 2934 3019 2992 voluminibusin
3046 2944 3210 2989 unum
3234 2934 3505 3004 compacti
3525 2940 3675 2989 sunt.

2072 3030 2152 3086 Ad
2170 3030 2467 3101 marginem
2485 3028 2708 3085 iuvenci
2724 3028 2999 3084 nonnullas
3021 3039 3149 3084 sunt
3170 3034 3337 3096 noue,
3362 3042 3428 3083 ac
3447 3026 3554 3100 27
3577 3036 3672 3080 va-

2073 3124 2166 3177 ri:c
2196 3124 2482 3179 lectiones.
2538 3125 2689 3179 Ilunc
2727 3123 2970 3178 codicem
3013 3120 3235 3178 Romani
3281 3118 3525 3191 Collegit,
3558 3121 3669 3177 sive

366 3224 652 3280 Secundus
686 3226 940 3296 prologus
974 3224 1295 3293 lnunortale,
1325 3238 1456 3293 t-tc.,
1497 3244 1601 3300 qua
1637 3232 1962 3299 temeritate,
1995 3208 2042 3270 Ο
2075 3216 2228 3272 Ῑῖοθη·
2253 3219 2592 3273 Vﬂcallimus-

365 3326 459 3369 aut
491 3318 820 3388 negligentia
844 3329 1002 3374 antea
1038 3321 1294 3389 cperibns
1336 3321 1558 3376 Ausonii
1584 3323 1820 3377 insertus
1852 3323 1964 3377 luc-

365 3414 460 3476 rit,
486 3412 610 3482 jure
638 3413 866 3468 miratur
891 3414 957 3470 G.
989 3414 1293 3470 Fabricius.
1500 3424 1509 3451 θ

434 3504 525 3560 49.
558 3502 781 3573 Regina:
812 3504 1019 3561 Sueciaa
1046 3518 1165 3561 erat
1208 3509 1372 3562 etiam
1403 3509 1571 3563 codex
1617 3524 1761 3563 unm.
1802 3508 1962 3578 i596,

365 3598 457 3667 qui
491 3612 633 3652 nunc
660 3600 802 3653 inter
827 3600 1230 3655 Ottobonianos
1258 3602 1459 3656 relatus
1480 3612 1564 3657 est
1583 3607 1843 3658 >llbltttlll.
1870 3604 1959 3669 555,

367 3690 816 3746 membranaceus
847 3693 899 3744 in
948 3691 1021 3757 δ’,
1070 3694 1262 3763 inquo
1310 3696 1513 3763 pariter
1562 3706 1689 3751 sunt
1719 3700 1962 3752 carmina

362 3781 587 3849 Sedulii,
642 3790 702 3837 et
755 3781 1003 3838 iuvenci.
1052 3782 1267 3840 Titulus
1322 3784 1551 3842 iuvenci
1590 3786 1963 3844 lticest:1n-

361 3876 486 3943 cipit
527 3876 761 3946 prtefatio
812 3873 1031 3930 iuvenci
1086 3878 1393 3950 presbyteri,
1448 3896 1645 3951 nempe
1675 3880 1962 3951 'praefatio,

359 3982 487 4037 qua:
524 3969 577 4022 in
599 3969 764 4023 editis
812 3969 972 4040 vulgo
1027 3970 1239 4040 legitur,
1283 3969 1587 4028 lmntortale
1633 3973 1786 4044 nihil,
1852 3985 1959 4030 etc.

364 4057 587 4128 Postea,
627 4058 865 4130 Expiicit
915 4062 1176 4132 prwfatio,
1213 4071 1269 4118 et
1312 4063 1417 4119 hoc
1451 4065 1570 4121 loco
1610 4066 1871 4123 inseritur
1898 4066 1959 4124 S.

366 4149 684 4223 Hieronymi
707 4153 941 4225 elogium
968 4156 1037 4210 de
1063 4155 1306 4214 iuvenco
1353 4173 1420 4214 ex
1464 4161 1586 4216 libr.
1629 4161 1697 4216 de
1740 4160 1851 4216 Vir.
1896 4162 1963 4218 il-

364 4242 553 4311 lustr.,
584 4248 641 4299 ut
663 4258 695 4299 a
740 4246 899 4303 nobis
927 4249 1259 4320 descriptum
1288 4246 1390 4308 l‘uit
1424 4269 1574 4309 num.
1603 4252 1658 4309 4.
1691 4255 1965 4312 Scribitur

360 4346 620 4406 competit,
652 4336 906 4408 subolem,
929 4348 1091 4411 atque
1118 4344 1221 4397 alia
1255 4342 1366 4399 fere
1410 4348 1470 4400 ut
1497 4346 1547 4400 iu
1584 4346 1773 4403 codice
1801 4363 1965 4419 supe-

362 4430 495 4483 riori
527 4427 748 4501 Reginae
773 4430 1008 4502 Suecite,
1055 4430 1159 4490 nisi
1192 4436 1334 4505 quod
1360 4436 1414 4493 in
1447 4436 1551 4494 hoc
1585 4448 1713 4494 sunt
1742 4452 1959 4509 puncta.

363 4519 572 4577 Desunt
598 4525 764 4578 etiam
790 4524 953 4593 tituli,
985 4538 1166 4598 neque
1189 4526 1497 4585 indicantur
1518 4533 1692 4603 capita
1722 4532 1965 4605 Evange-

2139 3312 2231 3367 51.
2284 3310 2590 3367 Renschius
2634 3324 2756 3366 cum
2814 3308 3031 3366 codices
3089 3322 3219 3364 mss.
3279 3306 3548 3372 iuvenci,
3609 3302 3678 3362 de

2069 3405 2265 3474 quibus
2309 3405 2398 3460 ille
2464 3404 2685 3474 quidem
2728 3402 2872 3459 scire
2925 3406 3197 3474 potuerat,
3254 3399 3675 3456 recensuisset:

2070 3496 2346 3562 Creterum,
2378 3499 2472 3563 ait,
2520 3490 2963 3551 dubiumnullum
3007 3502 3102 3559 est,
3150 3494 3275 3561 quin
3325 3492 3502 3562 plures
3557 3490 3677 3543 hinc

2068 3589 2187 3642 inde
2215 3596 2406 3644 exstent
2439 3588 2748 3643 membrana‘
2778 3604 2797 3642 :
2824 3584 2999 3641 nullus
3037 3585 3289 3647 siquidem
3332 3583 3415 3637 hic
3445 3598 3509 3637 ea:
3549 3576 3675 3637 Vin-

2068 3682 2369 3749 dabonensi,
2409 3681 2668 3746 Romana,
2715 3674 2947 3745 Gallica,
2978 3676 3201 3747 aliisque
3230 3672 3551 3729 bibliothecis
3585 3688 3673 3728 ce-

2068 3775 2347 3831 leberrimis
2372 3774 2540 3829 codex
2592 3784 2664 3828 est
2694 3781 2902 3827 notatus
2948 3786 2962 3825 :
3001 3786 3067 3825 ea;
3092 3768 3160 3824 iis
3189 3770 3384 3841 itaque,
3417 3769 3510 3840 qui
3556 3763 3678 3838 plu-

2067 3871 2202 3925 rium
2236 3870 2440 3940 c0piant
2466 3868 2695 3924 nancisci
2725 3868 2935 3941 poterit,
2968 3862 3233 3921 meliorem
3282 3878 3470 3935 parare
3493 3862 3684 3917 editio-

2068 3976 2180 4018 nem
2233 3961 2459 4016 studeat.
2530 3959 2650 4032 Ipse
2707 3974 2838 4016 vero
2879 3955 3188 4014 Rcuscbins
3256 3954 3681 4011 'l‘rcncltiniensi

2068 4071 2376 4130 papyraceo
2417 4054 2608 4111 codice
2641 4053 3054 4110 monachalibus
3085 4048 3285 4106 litteris
3319 4060 3450 4104 usus
3474 4047 3679 4113 fuerat,

2069 4150 2340 4220 descripto
2372 4160 2436 4205 ex
2487 4148 2597 4203 alio
2620 4142 2952 4216 exemplari,
2987 4143 3130 4215 quod
3159 4142 3482 4213 possederat
3507 4141 3675 4197 inan-

2070 4257 2165 4298 nes
2198 4237 2477 4297 Hadikius.
2508 4241 2643 4296 Eunt
2673 4235 2922 4296 codicem
2968 4248 3093 4293 cum
3135 4234 3412 4293 Reuscbio
3436 4222 3685 4290 commu-

2066 4338 2348 4393 nicaverat
2400 4336 2539 4390 Dan.
2589 4328 2737 4390 Gull.
2802 4332 3060 4390 Mulierus
3108 4349 3123 4386 :
3167 4330 3266 4386 sed
3326 4326 3677 4401 tyrannidem

2067 4430 2387 4502 glossatoris
2409 4436 2604 4500 passus
2629 4434 2772 4496 erat,
2812 4427 2903 4499 qui
2934 4427 3121 4497 plures
3161 4426 3427 4483 lectiones
3449 4422 3677 4480 varian-

2068 4536 2150 4581 tes
2179 4540 2244 4580 ex
2277 4538 2377 4579 suo
2408 4520 2630 4596 ingenio
2674 4523 2998 4587 intruserat,
3031 4535 3089 4576 v.
3134 4534 3215 4591 g.,
3266 4518 3358 4574 ubi
3406 4517 3683 4574 iuvencus

364 4615 587 4672 liorem.
632 4616 691 4672 In
744 4618 1011 4691 principio
1046 4591 1252 4676 codicis
1282 4631 1526 4677 notatum
1559 4591 1779 4679 invenio
1818 4645 1831 4681 :
1866 4591 1968 4681 ξο-
1993 4591 2044 4660 Ῑ)
2071 4635 2203 4676 voce
2229 4612 2450 4688 antiqua
2470 4591 2666 4691 iplebes
2704 4627 2835 4671 usus
2882 4623 2999 4683 est,
3029 4612 3102 4669 ibi
3150 4626 3367 4683 semper
3393 4611 3566 4679 turba,
3594 4609 3684 4666 vel

362 4709 466 4762 dea:
505 4708 790 4763 admodum
816 4702 927 4783 28
950 4712 1193 4784 antiquus
1241 4721 1359 4768 ante
1398 4711 1527 4771 700.
1566 4714 1821 4785 Ejusdem
1852 4714 1968 4773 fere

362 4804 560 4870 statis,
590 4819 656 4860 ac
679 4805 855 4860 codex
881 4806 1155 4876 superior,
1181 4806 1310 4861 mihi
1342 4807 1559 4863 videtur
1594 4823 1737 4864 esse.
1770 4808 1827 4863 In
1860 4809 1969 4866 line

360 4897 561 4969 legitur
593 4915 607 4952 :
640 4896 813 4953 Finit.
839 4897 1074 4969 Explicit
1094 4900 1225 4956 liber
1245 4912 1297 4956 tv
1316 4899 1716 4976 Evangeliorum
1739 4900 1969 4959 versibus

2076 4732 2264 4771 vocem
2296 4714 2529 4769 similem
2584 4708 2883 4767 ‘subStitnit.
2914 4708 3065 4764 Bene
3094 4718 3276 4763 autem
3315 4703 3504 4773 habet,
3536 4704 3683 4776 quod

2070 4804 2377 4865 Reuscltins
2405 4802 2456 4862 ei
2486 4800 2665 4861 codici
2705 4803 2808 4859 soli
2862 4815 3161 4871 numquam
3209 4796 3465 4855 credidit.
3493 4795 3682 4868 Neque

2074 4913 2252 4960 tamen
2291 4900 2461 4974 plebes
2491 4901 2543 4953 in
2591 4890 2908 4952 nominandi
2959 4908 3089 4950 casu
3137 4888 3431 4962 singularis
3464 4888 3678 4945 numeri

522 4987 661 5043 Vetti
692 4988 923 5060 Aquilini
951 4990 1188 5047 iuvenci.
1236 4990 1295 5046 In
1335 4994 1524 5049 codice
1550 4992 1816 5064 superiori
1846 5005 1972 5066 post
2073 5011 2173 5065 pro
2198 4994 2336 5066 plebs
2362 5010 2465 5049 vox
2491 4993 2713 5063 antiqua
2757 4988 2863 5045 dici
2892 4986 3076 5055 debet,
3100 4992 3160 5041 ut
3181 4985 3362 5042 dicam
3394 4984 3461 5040 ad
3490 4998 3544 5039 ν.
3571 4981 3676 5039 694

360 5081 664 5147 iuvencum
708 5084 958 5153 sequitur
1000 5084 1256 5142 Sedulius
1281 5129 1295 5152 ,
1346 5086 1400 5141 in
1451 5086 1553 5143 hoc
1590 5086 1961 5146 Ottoboniano

363 5172 665 5231 iuvencum
697 5176 962 5246 praecedit
986 5175 1268 5248 Sedulius,
1302 5188 1351 5235 et
1384 5178 1529 5236 inter
1556 5193 1849 5254 utrumque
1876 5180 1961 5239 in-

363 5280 574 5323 sertum
624 5274 712 5324 est
759 5270 993 5339 aenigma
1045 5268 1322 5342 quoddam
1378 5275 1497 5329 sine
1526 5285 1747 5333 auctore
1789 5295 1800 5331 :
1837 5293 1960 5332 nam

363 5360 577 5416 Arnum
618 5374 840 5429 nomen,
884 5363 1028 5435 quod
1056 5374 1274 5436 apparet
1304 5366 1566 5436 deletum,
1612 5386 1716 5425 non
1748 5369 1965 5428 videtur

359 5455 601 5527 positum
621 5471 718 5526 pro
739 5456 958 5514 nomine
977 5461 1239 5515 auctoris.
1265 5458 1480 5528 Nescio,
1505 5477 1572 5517 an
1601 5464 1796 5519 alicubi
1823 5466 1964 5537 typis

360 5549 436 5604 sit
487 5549 811 5619 impressum
888 5548 994 5606 hoc
1055 5550 1424 5623 epigramma:
1466 5552 1564 5610 sed
1614 5557 1696 5611 vel
1747 5554 1817 5613 ob
1864 5558 1969 5615 hoc

366 5642 548 5710 ipsum
593 5641 720 5712 quia
763 5640 817 5696 id
869 5644 1076 5712 nescio,
1130 5646 1233 5702 hoc
1278 5647 1401 5704 loco
1450 5660 1755 5719 Opportune
1800 5667 1829 5706 a
1881 5667 1968 5710 me

360 5734 564 5791 edetur
592 5752 606 5787 :

489 5828 711 5901 Quatuor
736 5840 830 5889 una
847 5830 992 5882 simul
1012 5832 1094 5884 dat
1113 5833 1265 5885 dictio
1294 5838 1489 5888 nomina
1513 5840 1681 5891 rebus.

2067 5091 2162 5146 lib.
2195 5105 2265 5144 tv.
2298 5087 2667 5143 Poelmanuus
2693 5087 2745 5140 in
2777 5096 2875 5141 sua
2904 5082 3143 5139 editione
3167 5124 3183 5149 ,
3226 5096 3387 5153 quam
3438 5078 3673 5136 referam

2067 5198 2219 5239 num.
2256 5182 2347 5248 70,
2379 5198 2506 5236 usus
2548 5178 2765 5235 videtur
2812 5177 3002 5234 codice
3051 5190 3155 5231 ms.
3202 5176 3293 5246 qui
3337 5173 3435 5230 fuit
3487 5171 3683 5228 biblio-

2068 5276 2239 5331 theca:
2262 5271 2653 5330 Gandavensis.
2700 5271 2834 5327 Cum
2875 5269 3071 5327 codice
3111 5262 3675 5334 Rottendorphiicol-

2068 5359 2177 5424 lata
2219 5376 2304 5424 est
2349 5366 2517 5423 editio
2565 5358 2897 5420 Basilcensis
2947 5363 3075 5418 anni
3132 5356 3272 5416 1545
3297 5405 3310 5429 ,
3343 5358 3411 5413 de
3439 5368 3544 5428 qua
3578 5364 3683 5412 nu-

2069 5477 2206 5517 mer.
2249 5458 2339 5515 74.
2393 5456 2695 5515 Saubertus
2734 5456 2997 5528 plurimas
3050 5454 3232 5509 varias
3290 5446 3555 5506 lectiones
3602 5463 3672 5506 ex

2025 5564 2046 5584 '
2069 5555 2273 5626 optima
2316 5551 2633 5608 membrana
2663 5546 3087 5606 Heltnstadiensi
3127 5544 3444 5615 collegerat,
3476 5543 3677 5613 quibus

2070 5662 2205 5704 usus
2232 5655 2319 5701 est
2345 5630 2719 5702 Omeisius'n.
2752 5642 2817 5697 5|
2872 5650 2927 5696 et
2976 5640 3046 5696 60
3086 5634 3416 5694 laudandus.
3462 5631 3682 5692 Codicls

2068 5738 2360 5802 Fuldensis
2414 5740 2694 5799 nonnullae
2724 5734 2988 5795 lectiones
3027 5752 3056 5791 a
3098 5731 3350 5792 Zehnero
3389 5730 3684 5803 exscripta:

2074 5836 2196 5906 usui
2217 5837 2439 5896 fuerunt
2465 5835 2642 5895 eidem
2673 5830 2944 5901 Omeisio,
2972 5826 3041 5887 ad
3067 5842 3229 5903 quem
3255 5826 3420 5885 etiam
3439 5824 3686 5905 pervenit
