4176 6180
501 256 568 317 5|
1517 259 1580 318 C.
1616 259 1916 319 VETTIUS
1950 259 2325 331 AQUILINUS
2363 259 2745 318 IUVENCUS.
3737 258 3809 317 32

496 373 723 431 collatio
751 374 981 432 duorum
1023 375 1271 433 codicum
1313 374 1869 449 Cantabrigiensium,
1897 386 1955 433 ut
1995 378 2103 434 loc.
2134 384 2184 445 Α
2208 378 2366 433 roicis
2392 378 2622 433 versibus
2651 376 2985 433 concludens.
3028 374 3246 431 Venales
3266 375 3596 448 reperiuntur
3623 375 3677 431 in
3699 375 3813 432 vico

500 466 600 523 cit.
629 465 887 523 referam.
910 467 1075 524 Joan.
1109 467 1202 524 Fr.
1236 468 1519 526 Grunerus
1565 470 1619 524 in
1665 469 1790 525 Act.
1819 469 1947 527 Soc.
1980 469 2104 527 Lat.

502 554 619 614 len.
658 557 768 613 vol.
799 558 891 627 ΙΙΙ,
939 574 1131 631 opusc.
1179 559 1239 627 2,
1274 560 1313 616 l.
1344 577 1361 617 ι
1396 561 1886 619 Observat.Critic.
1905 577 2025 634 cap.
2051 563 2101 632 6,

499 650 758 707 nonnulla
774 650 896 708 loca
913 651 1140 708 Juvenci
1159 668 1225 709 ex
1245 653 1526 711 codicibus
1542 670 1671 710 mss.
1696 654 1880 723 Cant.,
1896 666 1952 712 et
1977 655 2105 725 lim,

503 757 647 814 quos
686 744 739 799 in
786 744 980 815 Anglia
1024 745 1311 801 Benzelius
1361 748 1598 815 evolvit,
1642 747 1933 820 diligenter
1987 748 2110 803 illu-

504 842 646 890 strat
672 852 687 892 :
714 835 916 908 allegat
943 837 1107 893 etiam
1137 838 1381 894 codicem
1425 839 1516 909 D.,
1549 841 1664 912 qui,
1691 842 1899 908 nescio,
1932 857 2000 897 an
2028 841 2112 897 di-

503 943 699 985 versus
744 930 870 985 sita
926 929 1142 988 duobus
1195 949 1329 988 mss.
1374 935 1614 1004 Anglicis
1666 934 1798 1003 Un.,
1841 946 1895 991 et
1950 936 2106 992 Cant.

505 1018 718 1077 Laudat
745 1021 964 1091 quidem
999 1023 1282 1081 Grunerus
1325 1026 1645 1083 industriam
1680 1027 1937 1084 Reuschii
1973 1047 1984 1082 :
2014 1027 2110 1083 sed

506 1114 661 1171 addit
696 1115 1057 1173 :Reuscltium
1108 1124 1313 1192 egregia
1352 1138 1446 1176 sua
1491 1124 1603 1194 ejus
1642 1131 1805 1194 poetae
1844 1119 2106 1194 (Iuvenci)

506 1205 735 1263 editione
764 1225 866 1262 non
894 1210 1068 1264 omnia
1094 1209 1426 1267 librariorum
1470 1214 1595 1268 vitia
1638 1212 1907 1270 sustulisse
1955 1213 2113 1285 facile

2214 472 2277 530 S.
2300 472 2486 528 Jacobi
2511 472 2657 545 apud
2685 471 2908 527 Leonem
2949 470 3287 543 Argenteam.
3333 469 3390 525 In
3422 468 3503 524 4⁸.
3546 468 3688 525 Sunt
3715 486 3815 525 no-

2166 582 2171 587 ’
2211 581 2334 622 vem
2363 566 2756 637 quaterniones
2810 580 2984 636 usque
3010 563 3078 620 ad
3104 565 3144 629 i,
3177 571 3445 635 praeterea
3475 563 3508 617 k
3532 564 3726 627 ternio,
3755 574 3816 620 et

2212 657 2231 711 l
2260 657 2389 712 duo.
2418 657 2478 712 ιιι
2502 657 2681 713 fronte
2712 666 2796 713 est
2847 666 3075 711 stemma
3107 672 3232 712 cum
3292 656 3592 728 epigraplte
3638 655 3814 712 Iehan

2217 749 2372 807 Petit.
2399 752 2711 823 Sequuntur
2742 751 2842 807 tria
2863 752 3090 807 Iuvenci
3133 752 3311 823 elogia
3353 744 3420 806 ex
3448 751 3509 808 S.
3542 752 3810 825 llierony—

2213 860 2323 911 mo,
2381 845 2509 900 item
2565 844 2710 900 aliud
2734 861 2800 899 ex
2828 845 3040 900 Joanne
3085 843 3435 913 Tritenhem,
3468 859 3565 899 seu
3624 845 3812 901 'l‘rite-

2214 937 2343 1001 mio,
2372 936 2518 992 aliud
2567 954 2635 993 ex
2683 937 2926 1005 Baptism
2969 936 3285 1003 Mantuano,
3336 936 3482 991 aliud
3513 952 3579 991 ex
3628 935 3805 992 Fran-

2212 1032 2358 1086 cisco
2402 1030 2717 1088 Petrarcha.
2762 1032 2956 1088 Postea
2993 1049 3005 1085 :
3037 1030 3232 1101 Incipit
3285 1032 3537 1102 prologus
3588 1031 3811 1087 Iuvenci

2212 1122 2494 1195 presbyteri
2543 1124 2595 1177 in
2618 1134 2842 1195 quatuor
2873 1123 3183 1198 Evangelia.
3216 1124 3355 1180 Tum
3383 1142 3397 1178 :
3426 1123 3648 1179 Iuvenci
3685 1124 3813 1180 His-

2215 1217 2339 1282 pani
2363 1215 2649 1288 presbyteri
2688 1228 2912 1289 quatuor
2940 1216 3231 1288 Evangelia
3271 1216 3466 1272 Christi
3504 1219 3816 1274 hexametris

507 1299 737 1368 credent,
760 1301 846 1371 qui
862 1342 877 1368 ,
900 1310 1121 1372 quantus
1143 1304 1290 1358 labor
1318 1305 1385 1359 sit
1412 1314 1598 1360 veteres
1610 1315 1842 1361 auctores
1869 1304 1937 1359 ad
1967 1305 2113 1360 codi-

508 1408 590 1447 ces
616 1409 740 1450 mss.
764 1409 1029 1449 recensere
1043 1397 1340 1452 accuratius
1364 1398 1556 1453 sciunt.

2212 1309 2444 1363 versibus
2466 1312 2834 1382 transferentis
2861 1309 2991 1365 liber
3008 1311 3231 1381 primus.
3260 1310 3474 1366 Adsunt
3510 1311 3672 1378 tituli,
3699 1310 3816 1368 sive

2212 1403 2387 1474 capita
2420 1419 2625 1471 rerum,
2659 1419 2783 1472 qum
2811 1404 3150 1459 carminibus
3197 1404 3561 1472 explicantur.

2288 1495 2379 1551 55.
2421 1494 2477 1549 ιιι
2508 1494 2614 1551 (lue
2638 1503 2723 1551 est
2747 1496 3042 1551 llermanni
3083 1493 3299 1551 Buscltii
3344 1495 3729 1553 Monasterien.
3758 1497 3815 1553 in

2212 1588 2591 1658 presbyterum
2657 1587 2961 1644 Iuvencum
3006 1588 3305 1660 Hispanum
3365 1590 3698 1661 epigramma
3748 1589 3816 1645 ad

2213 1684 2471 1740 lectorem
2496 1699 2510 1736 :

2339 1772 2559 1838 Nectite,
2581 1776 2824 1833 Pierides.
2851 1775 3079 1833 hederas,
3110 1783 3160 1827 et
3184 1777 3376 1837 carpite
3392 1776 3558 1826 lauros
3585 1788 3598 1824 :

2433 1835 2669 1902 Castalius
2694 1838 3144 1902 liquidasgporrigat
3160 1835 3292 1902 altus
3310 1851 3482 1902 aquas,

2344 1896 2642 1964 Insolitoque
2660 1896 2834 1964 nemus
2858 1896 2999 1964 tollat
3013 1896 3134 1964 ju'ga
3153 1900 3269 1964 rlaeta
3296 1896 3481 1963 virore,

2448 1960 2716 2020 Quo‘stetit
2739 1961 2899 2012 alatus
2915 1960 3310 2025 Belleropltoatis
3333 1960 3508 2025 equus.

2343 2020 2641 2088 Permessus
2662 2025 2830 2088 nitidis
2854 2024 3052 2088 irroret,
3068 2020 3289 2088 gfamina
3316 2020 3539 2088 lymphis,

2441 2083 2628 2148 Littora
2651 2084 2843 2148 Cephisi
2861 2099 3021 2145 come.
3040 2083 3229 2143 'l'ltalia,
3256 2083 3345 2135 tui:

2345 2143 2523 2211 Cyrrha
2546 2147 2674 2199 ferat
2698 2143 2869 2211 liores,
2887 2143 3056 2211 violas,
3085 2156 3138 2198 et
3160 2148 3280 2211 lilia,
3307 2148 3492 2211 circum

2438 2208 2643 2275 Spirent
2663 2208 2938 2265 innumeris
2961 2208 3197 2275 Delphica
3221 2208 3336 2259 rura
3357 2210 3504 2260 rosis.

2346 2270 2489 2341 Aur},
2502 2271 2606 2341 levi
2621 2273 2738 2341 flatu
2764 2280 2867 2341 tota
2876 2270 3096 2341 regione
3116 2279 3359 2341 susurret,

2363 2325 2385 2398 ξ
2406 2325 2641 2398 ξξὶὶἔίςῆι
2665 2333 2923 2398 Cecropiis
2942 2325 3114 2384 Fobora
3136 2348 3325 2398 querna
3347 2325 3488 2384 favis.

1068 1560 1177 1632 23
1201 1558 1433 1617 CAPUT
1468 1559 1560 1616 ιιι.

871 1649 1143 1706 Editiones
1182 1651 1485 1707 Carminum
1513 1651 1750 1708 Iuvenci.

584 1788 677 1845 ὅδὲ.
726 1790 905 1845 Prima
931 1788 1119 1845 editio.
1171 1789 1432 1863 Baycrius
1469 1791 1526 1845 in
1548 1790 1692 1845 notis
1719 1788 1789 1844 ad
1841 1787 2106 1843 Biblioth.
2140 1788 2189 1849 B

513 1890 685 1937 veter.
726 1881 845 1937 Nic.
883 1882 1102 1937 Antonii
1141 1882 1239 1950 ait,
1281 1897 1341 1938 se
1372 1882 1575 1938 habere
1620 1881 1914 1939 editionem
1967 1891 2117 1935 vete-

512 1988 629 2029 rem
655 1973 884 2030 Juvenci
929 1974 1048 2029 sine
1076 1975 1187 2030 ulla
1217 1974 1551 2047 epigraphe,
1603 1983 1696 2029 aut
1738 1974 2113 2043 inscriptione,

508 2066 632 2122 sine
659 2067 816 2134 loco,
850 2077 904 2122 et
943 2083 1087 2123 anno
1126 2067 1271 2122 circa
1325 2082 1559 2135 annum,
1612 2076 1672 2122 ut
1726 2066 1829 2136 ipsi
1876 2066 2113 2131 videtur,

514 2159 655 2215 1490
683 2169 957 2230 peractam
986 2160 1148 2214 simul
1176 2175 1299 2216 cum
1328 2157 1604 2231 Cypriano
1629 2158 1708 2213 De
1739 2159 1885 2230 ligno
1912 2158 2113 2225 crucis,

516 2249 945 2323 Psychomacbia
979 2251 1282 2319 Prudentii,
1318 2249 1565 2336 Aratorjs
1593 2250 1890 2336 ξηοξιρὶξεα
1912 2250 2145 2336 ,Βιξιρλ
2218 2315 2237 2333 ,

514 2340 616 2407 ria,
652 2340 879 2396 Antonii
913 2341 1289 2399 Nebrissensis
1312 2325 2143 2443 posmggnpﬁgnggag
2344 2325 3074 2443 ὲξὲξηάςὲτξὲεὲςιξξῗὴξξὺὲξ

913 2386 1288 2399 ..--..---..-.-
1312 2386 1627 2423 ,νηηννοπ
1669 2386 1755 2428 ..τ-
1776 2386 2122 2437 ,κινηττε

514 2436 583 2491 de
631 2436 791 2493 Cultu
833 2438 1138 2507 hortorum,
1194 2437 1436 2493 Palladio
1467 2438 1536 2493 de
1585 2386 2122 2501 1ηέἰιὶοιιθ,ἒῖ’νειιῖ“

2209 2386 2276 2458 οἳ,
2297 2386 2992 2466 ηᾼιξρῐέῦᾱῖνέιυᾱυοῑίΜΙυς
3014 2386 3227 2459 Hispana
3254 2397 3497 2456 Juvenco,

2357 2516 2382 2522 Α
2430 2451 2734 2522 _Ne'glet‘.tum
2757 2458 3115 2522 cuiussqualor
3140 2460 3325 2509 edebat
3345 2470 3489 2521 opus.

516 2528 695 2585 Probo
720 2528 790 2586 de
830 2526 1183 2600 Compendiis
1223 2528 1645 2606 litteragtrm..in_
1668 2528 1864 2603 fagina,
1900 2534 2113 2601 quarta,

2348 2516 2441 2577 Qui
2462 2516 2605 2569 modo
2628 2516 2998 2571 cattitie’vultu's
3020 2524 3235 2571 abeunte
3264 2516 3435 2571 beatos

2209 2580 2275 2602 ιο.
2298 2584 2316 2602 ο
2338 2586 2357 2604 ο
2413 2578 2614 2606 (lngus;
2638 2592 2703 2606 _._.
2732 2584 2900 2606 sum“...
2924 2585 3123 2606 ....:..s:..-
3145 2584 3363 2606 .........s.-..
3389 2578 3435 2606 -L.

512 2620 758 2678 Joannes
784 2578 1048 2678 Albertrus
1096 2598 1390 2676 Fabricius.
1999 2579 2176 2709 εάἰξθ.
2194 2578 2244 2709 ’ξ
2256 2583 2275 2602 ⁸
2332 2578 3601 2709 ἓξὲἓξὲιὲίέἓξὲξἫῗτιῗιεξεέἑῗιῗεᾝξὲιέἓΐέοῗὲξδίε,

514 2654 758 2678 συαιιιιυο
784 2654 944 2678 ηιυῦι
961 2654 1048 2676 tua
1096 2654 1126 2675 ι·
1140 2654 1224 2676 συι
1241 2654 1386 2676 ιυιιο
1416 2654 1719 2691 πικισεκιςθ
1736 2654 1979 2711 ,μεριξ-ξι
1999 2654 2122 2686 ιυιή

514 2714 692 2769 tiones
713 2723 963 2768 recenset
984 2712 1280 2769 editionem
1304 2713 1582 2783 antiquunm
1600 2713 1719 2768 sine
1738 2712 1857 2767 loco
1875 2722 1929 2767 et
1948 2700 2122 2775 anno:

2220 2654 2239 2690 ἔ
2291 2654 2312 2693 ζ
2332 2654 2801 2753 ξειυὲθζψᾳιιιιόίε
2818 2654 2996 2694 iterum
3014 2657 3149 2693 roma
3169 2654 3316 2707 dtgna
3338 2654 3524 2708 corymt

2218 2703 2237 2720 '
2289 2706 2308 2725 '
2330 2711 2466 2783 ’πᾳ
2484 2699 2935 2783 teneriorem!“
2955 2705 3524 2783 pu!svel.m:";-tlvvv:

516 2806 570 2862 in
589 2806 669 2873 4°,
703 2806 808 2861 hoc
827 2806 983 2861 titulo
1008 2824 1021 2860 :
1048 2804 1311 2867 Iuvencus
1324 2806 1587 2880 presbyter
1614 2807 1914 2860 immensam
1947 2804 2121 2859 Evan-

2347 2765 2537 2816 Dosine
2556 2771 2738 2825 mirari.
2765 2784 2819 2819 su
2848 2765 2974 2832 ipleit
2999 2771 3037 2817 si
3062 2769 3270 2817 moverit
3293 2765 3383 2830 Ori
3396 2769 3524 2818 heus

2442 2829 2662 2880 Tartara.
2690 2839 2742 2880 et
2761 2786 2938 2880 intlerni
2961 2829 3132 2879 ﬂebile
3156 2842 3339 2879 numen
3361 2833 3488 2880 uari.

516 2844 625 2862 ...τ
655 2850 669 2873 ,
703 2844 983 2861 ....ν......υ
1008 2848 1021 2860 .
1048 2844 1310 2867 "mu.-.
1324 2844 1575 2880 μησνυη,
1616 2844 1914 2860 .................
1947 2844 2119 2859 ..υηην

514 2898 636 2970 gelii
693 2900 1007 2970 majestatem
1052 2899 1275 2955 heroicis
1327 2900 1554 2954 versibus
1600 2900 1931 2955 concludens.
1994 2899 2119 2955 llch

2442 2844 2470 2879 Ἰ
2486 2844 2662 2887 artara,
2690 2844 2742 2880 θι
2761 2844 2938 2880 Interm
2961 2844 3132 2879 tleotte
3156 2844 3339 2879 numen
3361 2844 3488 2893 agri.

2222 2889 2332 2963 30
2349 2886 2989 2970 Vantati:!sm,samhes
3010 2890 3279 2970 Melete
3306 2900 3439 2970 tanta
3454 2892 3685 2970 tum

517 2952 568 3004 υ.
765 2952 863 3019 ις
1336 2952 1341 2953 ί
1388 2952 1394 2954 “
1466 2952 1475 2953 ί
1536 2952 1541 2953 ί
2225 2952 2322 2963 ⁷⁷
2442 2952 3572 3017 Advolet,aethereumquitﬁovetoredeum-

517 2994 733 3048 vtdetur
760 3008 883 3049 eSse
908 2993 1076 3049 edttto
1130 3002 1308 3061 vetus,
1341 3010 1459 3064 qua:
1489 3003 1670 3051 exstat
1698 3012 1751 3050 ιιι
1789 2993 2118 3051 bibliotheca
2300 3058 2364 3064 Μ
2432 3059 2461 3064 λ
2551 3058 2562 3064 _
2716 3058 2757 3064 _
3107 3059 3117 3064 _
3182 3058 3200 3064 _
3528 3058 3539 3064 _

528 3086 813 3155 vatzcana,
838 3086 907 3143 de
930 3103 1033 3158 qua
1063 3087 1241 3144 dicam
1274 3056 1423 3144 dm'“.
1454 3087 1544 3144 61.
2432 3058 2675 3130 Denique
2716 3058 2973 3158 Fat-ustus,
3031 3059 3121 3129 qui
3174 3058 3473 3158 Iuvencum
3527 3058 3581 3113 in
3638 3056 3824 3114 schola

591 3183 686 3239 55.
717 3149 965 3238 sum;
990 3182 1155 3237 editio
1175 3197 1319 3236 anno
1344 3181 1502 3247 N99,
1518 3197 1584 3237 ex
1618 3182 1887 3247 Fabricio,
1908 3182 1998 3253 qui
2021 3181 2119 3249 ait,

2226 3150 2581 3222 prtclecturus
2610 3158 2747 3219 erat,
2776 3149 2857 3206 sic
2884 3151 3147 3207 lectorem
3172 3150 3496 3221 alloquitur:

521 3274 746 3331 Parisiis
777 3290 843 3330 eo
872 3289 1018 3329 anno
1039 3274 1244 3329 editum
1277 3274 1445 3330 fuisse
1465 3273 1763 3330 Iuvencum
1793 3274 1848 3329 in
1868 3272 1965 3328 fol.
1995 3287 2117 3327 cum
2495 3265 2811 3323 FAUSTUS
2850 3263 3146 3322 LECTORI
3186 3263 3533 3322 SALUTEM.

522 3364 771 3432 Seduliu,
801 3374 857 3421 et
878 3365 935 3421 P.
958 3365 1123 3436 ‘Barri
1152 3366 1442 3422 chanihus
1468 3368 1711 3437 quinque
1752 3366 2011 3421 festorum
2054 3366 2117 3421 Β.
2223 3382 2378 3443 (ωε,
2424 3383 2494 3435 ηιξ
2522 3382 2702 3447 lector,
2728 3396 2870 3449 mue,
2902 3382 3139 3445 inquam,
3186 3397 3251 3435 ne
3304 3390 3408 3434 ιαηι
3434 3388 3660 3447 cauum,
3692 3387 3828 3434 tam.

532 3456 800 3526 Virginis,
827 3455 1028 3513 edente
1056 3456 1260 3514 Iacobo
1304 3457 1505 3524 Fabro,
1537 3458 1628 3528 qui
1681 3458 1733 3512 in
1765 3457 1999 3527 epistola
2051 3456 2121 3512 ad

2220 3491 2320 3541 que
2340 3474 2653 3529 catholicum
2680 3484 2883 3544 poetam
2910 3473 3138 3527 ridiculo
3170 3474 3263 3528 illo
3294 3475 3450 3529 titulo
3499 3473 3826 3528 dehonestes.

521 3549 759 3606 Fabmm
791 3550 1175 3621 διθβυίθηεθηὶ
1209 3553 1490 3622 Ρτπηὶίδεθ
1528 3550 1819 3607 Αίά¹¹θ¹¹ηο
1849 3552 1918 3607 de
1948 3551 2122 3621 Virgi‘
2225 3567 2317 3624 Sic
2341 3570 2478 3622 enim
2530 3566 2884 3622 attitulandus
2952 3575 3025 3620 est
3080 3566 3210 3621 liber
3241 3581 3260 3621 :
3291 3564 3508 3620 Iuvenci
3539 3564 3829 3636 presbyteri

520 3644 691 3701 nitate
719 3645 865 3701 edito
894 3644 1198 3701 Davetttria:
1227 3644 1397 3715 1512,
1428 3646 1481 3700 itt
1509 3645 1597 3710 4ο,
1628 3647 1702 3701 ait
1733 3665 1747 3702 :
1773 3644 2122 3701 Considerans
2224 3657 2456 3730 Hispani
2479 3670 2644 3731 ροεηε
2670 3658 2990 3713 σείειεηρίηιξ
3012 3657 3077 3712 de
3102 3656 3421 3730 Ευαηθειξεα
3447 3656 3669 3713 mum-ia
3699 3656 3827 3711 (ibe,-

520 3754 614 3811 ego
644 3741 875 3811 fructum
912 3739 1083 3807 illum,
1115 3740 1204 3811 qui
1225 3739 1429 3794 emersit
1449 3756 1513 3794 ea:
1535 3739 1758 3793 editione
1782 3738 1875 3792 illa
1896 3738 1999 3792 divi
2017 3735 2119 3791 Iu-

2226 3752 2447 3820 printus.
2475 3751 2536 3808 Si
2564 3753 2689 3825 quid
2716 3750 2864 3805 aliud
2890 3751 2970 3805 vel
2992 3759 3284 3824 temporum
3302 3792 3318 3815 ,
3349 3751 3428 3805 vel
3453 3751 3823 3821 impressorum

522 3833 684 3893 venri,
709 3848 863 3903 quem
907 3849 999 3905 ego
1043 3843 1163 3887 ante
1209 3832 1398 3887 multos
1440 3848 1605 3887 annos
1642 3832 1839 3901 primus
1891 3831 2122 3885 omnium

2224 3843 2427 3898 incuria
2453 3843 2786 3914 depravatum
2817 3843 2991 3913 fuerit,
3042 3842 3097 3896 id
3126 3842 3353 3911 publica,
3407 3840 3825 3912 quotidianaque

523 3929 801 3995 publicavi,
858 3930 946 4000 qui
990 3938 1097 3984 erat
1139 3928 1269 3983 mihi
1295 3929 1599 3994 mutilatas,
1622 3936 1672 3983 et
1701 3927 2032 3996 imperfectus
2059 3926 2122 3979 ob

2226 3938 2444 3992 lectione
2495 3953 2599 3990 non
2647 3937 3021 4008 incastigatum
3076 3935 3488 4007 prwtermittam.
3548 3930 3627 3986 Tu
3655 3941 3830 3986 autem

522 4023 882 4095 αιιιεηκὶιαιεηι
908 4038 928 4077 -'
952 4022 1198 4092 συσσίτια
1233 4023 1290 4076 ίη
1318 4038 1432 4076 eam
1461 4026 1682 4092 fo'mam
1709 4021 1905 4091 νεάθθίν
1947 4035 2049 4090 qua
2078 4028 2125 4073 ει
2227 4047 2345 4085 cum
2374 4047 2439 4085 ea:
2468 4029 2780 4085 Christianis
2838 4029 3137 4102 parentibus
3185 4028 3519 4083 Christianus
3556 4035 3709 4081 natus
3735 4026 3829 4092 sis,

523 4115 629 4180 hic,
662 4125 709 4171 et
734 4116 789 4169 in
814 4115 936 4170 aliis
973 4116 1103 4171 locis
1133 4115 1519 4187 circumfertur.
1556 4113 1684 4180 Qua:
1702 4112 1840 4166 enim
1863 4122 1907 4166 et
1935 4114 2122 4165 immu-

2227 4122 2518 4177 Iuvencum
2564 4130 2610 4175 et
2661 4119 3017 4175 Christianum
3069 4128 3298 4189 poetam,
3348 4118 3487 4172 etde
3531 4116 3832 4173 Christiana

521 4218 634 4263 tata
656 4217 776 4263 sunt
809 4210 864 4263 in
893 4224 985 4276 eo,
1018 4216 1065 4261 et
1085 4221 1200 4276 qua
1224 4206 1295 4260 ad
1317 4206 1642 4278 imperfectos
1684 4219 1858 4259 versus
1901 4217 2122 4257 accesse-

2227 4214 2333 4285 ﬁde
2361 4214 2697 4268 disserentem
2723 4219 2982 4265 nocturna
3009 4219 3212 4265 versato
3243 4226 3422 4278 manu,
3463 4219 3663 4264 versato
3686 4208 3834 4263 diur-

522 4311 642 4355 runt
693 4310 903 4371 propter
946 4299 1262 4370 exemplaris
1326 4298 1778 4368 depravationem,
1825 4312 1930 4351 non
1975 4293 2122 4366 facile

2228 4324 2316 4370 na,
2342 4322 2405 4359 ne
2441 4320 2644 4370 semper
2685 4302 2905 4375 gentiles
2950 4313 3060 4356 tum
3109 4312 3312 4372 poetas,
3360 4310 3469 4355 tum
3500 4309 3731 4354 oratores
3750 4299 3829 4353 vel

524 4393 767 4448 dixerim.
823 4393 982 4463 Atqui
1011 4392 1193 4448 diccre
1218 4395 1444 4447 omnino
1470 4391 1689 4457 debuit,
1721 4398 1780 4446 ut
1809 4389 1965 4444 nobis
1990 4403 2125 4443 con-
2230 4397 2416 4469 legere,
2450 4397 2525 4451 νει
2544 4395 2731 4450 audire
2755 4394 3005 4449 uidearis.
3040 4392 3195 4448 Nihil
3248 4396 3478 4463 profecto
3535 4389 3823 4460 pulchrius,

522 4497 714 4555 διανεί,
747 4486 873 4556 ll"id
925 4487 1017 4542 ille
1044 4502 1112 4542 εἰ
1135 4488 1306 4542 veleri
1353 4486 1650 4556 exemp'al‘i
1699 4484 1999 4550 ῐηιηίίῧιονῆ
2022 4481 2126 4535 im-
2227 4487 2590 4556 venustiusqne
2633 4495 2727 4551 est,
2760 4502 2918 4558 quant
2945 4484 3122 4539 divina
3180 4484 3427 4555 mysteria
3456 4481 3677 4553 eleganti
3714 4497 3832 4537 car-

526 4578 789 4649 perfecto,
826 4590 879 4636 et
909 4578 1210 4649 depravata
1233 4576 1487 4644 ediderit,
1511 4575 1641 4648 quid
1672 4591 1737 4630 ex
1762 4572 1980 4644 ingenio
2001 4586 2122 4636 SllO,
2155 4565 2206 4625 D
2232 4584 2369 4638 ,πίηε
2408 4580 2678 4636 {numam
2730 4596 2833 4635 ηοη
2884 4580 3147 4653 ignorare,
3197 4577 3455 4633 Craterum
3515 4592 3619 4630 ηοη
3664 4576 3833 4630 solum

523 4678 580 4726 et
636 4687 778 4741 penu
835 4671 1118 4742 adiecerit.
1186 4670 1336 4725 Hanc
1398 4668 1693 4725 editionem
1759 4666 2122 4722 Parisiensem

2233 4678 2360 4731 mihi
2388 4677 2509 4750 ipsi,
2540 4692 2716 4731 verum
2746 4676 2909 4731 etiam
2961 4674 3115 4746 fratri
3145 4671 3419 4744 Alphonso
3462 4670 3706 4737 Hispano
3738 4670 3836 4724 do-

525 4781 669 4822 anno
698 4766 857 4833 H99,
883 4768 934 4821 in
957 4766 1080 4834 ιαμ,
1106 4781 1228 4822 cum
1244 4764 1488 4833 Sedulio,
1507 4763 1699 4820 etaliis
1722 4762 1824 4833 piis
1843 4759 2123 4832 operibus,
2231 4770 2461 4825 ctissimo
2488 4758 2697 4840 quidem
2727 4768 2966 4839 theologo
3012 4766 3228 4841 agenda:
3271 4777 3391 4820 sunt
3440 4781 3545 4819 non
3593 4764 3834 4835 vulgares

525 4872 657 4915 cura
683 4857 870 4915 Jacobi
902 4857 978 4914 Le
1012 4856 1185 4914 Févre
1208 4857 1522 4914 Ceillierius
1550 4856 1713 4912 etiam
1736 4860 2007 4909 recenset.
2042 4853 2122 4906 Di-

2229 4865 2430 4936 gratiaz.
2471 4862 2549 4917 Ex
2570 4877 2629 4917 eo
2650 4864 2784 4916 enim
2798 4862 2911 4931 jam
2939 4860 3030 4914 diu
3068 4859 3344 4930 qua’situm
3371 4876 3403 4913 a
3428 4875 3509 4914 me
3547 4856 3834 4912 Iuvencum

525 4954 719 5007 stincta
737 4967 868 5022 ergo
892 4962 975 5016 εει
997 4950 1112 5006 haec
1133 4950 1300 5007 cditin
1322 4951 1391 5006 ab
1417 4949 1521 5004 alia
1548 4948 1789 5005 εᾱὶιίοιιο
1808 4944 2127 5008 Parisiensi,
2229 4955 2424 5027 accepi.
2449 4963 2716 5025 acceptum
2747 4951 3031 5025 publicavi,
3054 4951 3375 5025 publicatum
3403 4968 3507 5005 non
3532 4950 3645 5005 u'uc
3665 4949 3834 5003 maxi-

524 5060 687 5116 quam
724 5060 869 5100 nunc
896 5059 1186 5111 espnnatn.
1212 5041 1518 5098 Reuscltius
1568 5052 1772 5105 mouet,
1804 5037 1921 5093 Nic.
1959 5037 2122 5092 llein-

2230 5065 2317 5103 ma
2345 5049 2613 5121 diligentia
2642 5047 3037 5120 interpretabor,
3059 5056 3115 5101 ut
3146 5063 3210 5101 ex
3232 5046 3436 5117 officina
3455 5060 3569 5099 mea
3596 5059 3702 5097 non
3726 5052 3835 5096 tam

522 5137 661 5193 siunt
694 5135 832 5191 hanc
862 5135 1157 5191 editionem
1189 5134 1524 5207 possedisse,
1571 5134 1645 5188 uti
1675 5148 1740 5188 ex
1770 5130 2032 5201 Catalogo
2056 5130 2122 5185 il-

2227 5144 2521 5207 stecnlnres,
2552 5160 2706 5215 quam
2737 5158 2900 5197 sacra:
2930 5142 3117 5197 litterte
3145 5141 3332 5195 exiisse
3358 5138 3650 5215 videantur.
3681 5133 3828 5191 Vale.

522 5231 629 5287 lius
658 5231 919 5287 librorum
956 5241 1187 5286 constat.
1224 5230 1332 5302 29
1361 5228 1607 5284 Meminit
1631 5225 1872 5297 ejusdem
1901 5223 2066 5279 Corn.
2092 5238 2122 5277 a
2302 5237 2390 5293 57_
2436 5214 2702 5291 Νοιιεειῖε
2741 5234 3080 5307 intelligitur,
3114 5248 3224 5305 quo
3260 5240 3421 5303 pacto
3464 5214 3699 5285 Falhlus
3740 5228 3833 5284 diu

525 5326 799 5397 Bcughem
833 5326 885 5381 in
913 5324 1259 5381 lncunahulis
1288 5322 1687 5397 lypttgrapllicis
1712 5339 1762 5390 p.
1790 5320 1880 5377 80.
1910 5319 2125 5374 Titulus
2229 5329 2973 5403 qumieriuuvencumxum
3011 5328 3244 5384 ,ιποιηιε
3263 5326 3441 5382 Faber
3470 5325 3682 5395 primus
3717 5339 3835 5379 om.

523 5432 608 5477 est
632 5440 643 5476 :
681 5420 747 5478 P.
778 5420 933 5476 Burri
972 5418 1191 5476 Pceanes
1216 5419 1445 5491 quinque
1472 5418 1719 5491 festorum
1744 5413 1816 5469 Ι).
1857 5413 2123 5485 Virginis;
2229 5424 2376 5479 nium
2396 5439 2517 5480 eum
2546 5423 2781 5479 ediderit
2805 5422 3023 5478 Parisiis
3043 5435 3187 5473 anno
3212 5419 3375 5485 1499,
3411 5428 3470 5474 ut
3490 5417 3623 5473 nihil
3656 5418 3830 5473 dicam

522 5513 760 5581 Iuvenci,
798 5525 846 5570 et
863 5513 1073 5571 Sedulii
1105 5514 1385 5585 presbyteri
1411 5512 1663 5579 carmina,
1698 5508 1963 5577 Beroaldi,
1987 5508 2122 5563 alio-

2227 5516 2296 5572 de
2325 5517 2582 5581 editione,
2612 5531 2773 5588 quam
2797 5531 2946 5570 num.
2978 5512 3048 5569 52
3071 5513 3334 5584 Baycrius
3355 5512 3423 5568 ad
3445 5528 3649 5568 annum
3695 5512 3833 5568 1490

520 5628 758 5682 rumque,
782 5622 830 5667 et
861 5610 1184 5681 Propertius.
2228 5609 2521 5666 referebat.
2563 5608 2621 5665 In
2651 5607 2952 5678 exemplari
2980 5606 3144 5675 hujus
3164 5604 3449 5671 editionis,
3478 5603 3623 5674 quod
3654 5618 3833 5659 asser-

592 5706 683 5764 54.
727 5705 905 5763 Tertia
934 5707 1103 5762 editio
1148 5721 1292 5762 anno
1332 5704 1471 5763 1500
1514 5703 1733 5761 circiter
1786 5721 1800 5759 :
1855 5700 2120 5758 Iuvencus
2228 5715 2384 5761 vatur
2421 5704 2474 5759 in
2512 5702 2843 5758 bibliotheca
2874 5698 3135 5771 Angelica
3172 5697 3359 5754 Roma:
3399 5698 3563 5753 simul
3610 5712 3831 5768 compa—

519 5801 782 5874 presbyter
802 5800 1106 5854 immensam
1135 5799 1445 5871 contigelicm
1487 5800 1613 5870 legis
1669 5802 1997 5870 majestatem
2028 5796 2120 5849 Ite»
2230 5807 2332 5855 σιω
2356 5807 2485 5854 sunt
2511 5798 2697 5851 satine
2732 5794 2899 5851 Persii
2941 5809 3063 5851 cum
3108 5793 3564 5865 interpretatione
3605 5790 3831 5848 Joannis
