4176 6180
340 223 418 279 ss
900 198 903 201 ’
1737 215 2274 275 paceacouena.
3583 222 3655 279 δι

338 355 660 421 Britannici,
708 363 762 409 et
787 354 974 411 Jodoci
1029 351 1179 408 Badii
1228 353 1495 418 Ascensii,
1546 354 1638 423 qui
1667 353 1718 407 in
1747 353 1940 424 praefa-
1976 350 2025 412 Α
2055 332 2386 388 Ρνυάθηιίηε
2443 333 2784 398 conﬁnem",
2820 340 2878 386 υι
2906 332 3080 388 “Si”
3112 333 3350 404 θκβηθυί
3379 334 3432 389 Ῐη
3463 333 3654 391 Prme-

338 451 490 506 tione
515 448 699 504 liudat
734 449 989 503 Faustum
1011 449 1332 520 praecipuum
1350 445 1646 501 Galliarum
1665 448 1942 519 specimen,

339 562 406 599 ac
436 546 746 599 litteratura:
793 543 1120 614 praesidium,
1169 543 1392 614 regium,
1447 543 1582 609 dico,
1616 542 1950 595 illumntusi-

341 654 486 700 cum,
519 654 580 690 ac
610 652 776 689 vatem
799 635 1145 689 clarissimum
1168 633 1473 689 Parrhisios
1516 643 1588 687 tot
1635 650 1800 687 annos
1824 650 1947 686 ern-

344 731 590 784 dientent.
623 727 934 784 Subscribit
965 727 1260 782 Ascensius
1283 743 1347 781 ea:
1367 726 1568 798 ofﬁcina
1612 725 1952 798 Lugdunensi

345 823 509 879 H91).
544 821 706 893 Typi,
763 820 962 888 quibus
1001 835 1235 874 excusus
1291 831 1374 874 est
1424 822 1734 886 Juvencus,
1790 820 1950 874 iidem

343 915 571 972 omnino
603 927 726 968 esse
757 913 1031 977 videntur,
1060 926 1123 966 ac
1155 910 1262 976 illi,
1290 910 1490 980 quibus
1511 911 1802 982 descripta:
1825 919 1956 966 sunt

345 1009 532 1062 satira:
567 1006 741 1061 Persii
778 1029 790 1058 .
823 1005 908 1059 ha:
939 1016 1122 1059 autem
1158 1018 1378 1058 excusa:
1416 1002 1676 1058 dicuntur
1722 1005 1774 1057 in
1805 1002 1952 1056 nobi-

347 1100 546 1156 lissimo
589 1099 985 1152 Parrhisiorum
1041 1099 1316 1170 gymnasio
1366 1113 1506 1150 anno
1539 1096 1667 1161 MD,
1723 1095 1830 1168 31
1887 1096 1958 1151 ad

345 1204 591 1266 quartum
618 1194 740 1247 idus
767 1191 962 1257 Maias,
987 1191 1169 1246 solerti
1192 1207 1350 1262 cpera
1373 1188 1706 1243 Thielmauni
1731 1187 1952 1242 Keruer.

349 1287 408 1344 In
443 1289 623 1343 fronte
653 1287 964 1344 Satirarum
996 1284 1174 1340 Persii
1217 1293 1302 1339 est
1333 1282 1478 1337 idem
1510 1291 1771 1346 stemma,
1806 1295 1870 1336 ac
1898 1281 1955 1336 in

349 1381 619 1447 Juvenco,
651 1390 706 1435 et
737 1388 860 1435 nota
894 1378 1010 1433 haec
1042 1396 1055 1431 :
1096 1375 1352 1430 Venditur
1387 1378 1441 1429 in
1471 1373 1643 1429 Leone
1669 1375 1952 1446 Argenteo,

348 1482 399 1528 et
430 1471 702 1528 Pellicano
750 1471 976 1542 regionis
1015 1467 1137 1523 Divi
1165 1466 1351 1522 Jacobi
1401 1466 1715 1522 Parrhisiis.
1772 1465 1953 1522 Editio

351 1565 524 1621 nitida
555 1575 664 1631 est,
697 1564 794 1619 sed
825 1562 1088 1618 mendosa
1122 1562 1312 1616 multis
1338 1560 1390 1614 in
1422 1560 1580 1615 locis.
1618 1559 1702 1614 Ab
1728 1559 1830 1613 hac
1850 1558 1950 1614 Ju-

351 1659 508 1714 venci
533 1656 778 1712 editione
806 1655 1078 1710 diversam
1115 1668 1223 1707 non
1249 1666 1453 1708 censeo
1485 1667 1630 1716 eam,
1661 1666 1825 1722 quam
1846 1647 1950 1704 Ca-

2051 441 2195 496 gom.
2230 425 2295 480 ad
2329 424 2685 480 Prudentium
2742 439 2890 479 num.
2926 424 3051 480 101.
3086 425 3186 479 llic
3232 441 3459 482 recusus
3489 438 3570 480 est
3600 426 3652 480 in

2052 517 2108 572 8°
2139 518 2258 572 sine
2308 517 2430 572 loco
2459 526 2514 572 et
2544 531 2689 573 anno
2717 533 2841 573 eum
2873 516 2998 572 Aldi
3029 517 3278 588 epistola.
3314 519 3372 574 In
3414 518 3658 575 secundo

2053 611 2332 666 volumine
2358 621 2486 666 sunt
2516 612 2796 678 Sedulius,
2842 611 3144 680 Iuvencus,
3193 616 3408 681 Arator,
3459 613 3659 670 Proba:

2055 701 2326 758 Falconiae
2342 702 2534 770 Cento;
2550 704 2866 761 Laetantius
2882 705 3192 761 Firmianns
3203 707 3271 762 de
3282 706 3661 764 Resurrectio-

2057 797 2138 853 nis
2155 798 2444 854 dominica:
2467 797 2577 864 die,
2603 799 2748 856 etde
2765 800 3056 866 Passione;
3081 799 3387 871 Cyprianus
3403 800 3472 856 de
3485 800 3659 871 Ligno

2055 894 2257 959 crucis,
2294 894 2688 965 Deprecatoria
2740 894 3002 964 Tipherni
3035 895 3100 948 ad
3132 893 3436 964 Virginem,
3470 893 3660 950 Oratio

2055 983 2123 1037 ad
2171 984 2542 1040 beatissimam
2598 985 2911 1057 Virginem;
2969 986 3218 1042 Precatio
3277 986 3538 1042 matutina
3590 987 3661 1043 ad

2057 1077 2488 1145 omnipotentem
2522 1077 2713 1142 Deum,
2749 1076 3112 1150 Omnipotens,
3144 1095 3295 1149 quem
3327 1088 3494 1134 mente
3521 1080 3656 1146 colo,

2055 1178 2188 1236 etc.,
2215 1186 2334 1240 qua:
2362 1171 2505 1226 inter
2535 1173 2761 1227 Ausonii
2793 1173 3034 1227 carmina
3067 1174 3362 1243 reperitur;
3395 1173 3662 1230 Damasus

2055 1263 2124 1319 de
2164 1263 2415 1319 laudibus
2445 1265 2597 1321 Pauli
2629 1267 2904 1334 apostoli,
2938 1267 3124 1338 Elegia
3183 1268 3234 1322 iu
3292 1267 3660 1334 Hierusalem,

2054 1359 2296 1413 nonnulli
2330 1358 2512 1430 hymni
2545 1361 2788 1431 sapphici
2846 1360 3144 1431 Raphaelis
3177 1361 3533 1417 Zouenzonii.
3596 1361 3654 1417 In

2055 1451 2162 1506 fine
2204 1468 2217 1506 ;
2257 1451 2486 1506 Venetiis
2516 1454 2659 1525 apud
2692 1454 2886 1509 Aldum
2943 1455 3105 1524 1501,
3168 1472 3338 1510 mense
3376 1454 3662 1510 Januario.

2052 1543 2279 1600 Addidit
2308 1547 2500 1611 Aldus,
2561 1557 2618 1602 ut
2663 1549 2866 1604 eodem
2898 1549 3178 1605 volumine
3222 1550 3663 1620 comprehende-

2059 1648 2269 1706 rentur,
2310 1640 2484 1697 Vitam
2517 1642 2576 1699 S.
2627 1643 2842 1699 Martini
2891 1660 2997 1699 non
3048 1645 3317 1711 versibus,
3352 1655 3412 1701 ιιι
3443 1648 3668 1716 putabat

350 1751 570 1820 talogus
601 1749 953 1804 bibliothecae
985 1746 1171 1816 Regia:
1204 1745 1536 1800 Parisiensis
1588 1743 1669 1798 sic
1704 1743 1908 1798 indicat
1938 1757 1951 1792 :
1987 1751 2035 1810 Β
2062 1729 2412 1800 Οθίηίθῑὶυδ,
2471 1735 2566 1790 Sed
2601 1752 2761 1806 Prosa
2794 1739 3043 1794 oralione
3090 1755 3117 1792 a
3160 1741 3364 1796 Severo
3424 1741 3665 1812 Sulpicio

352 1843 580 1898 Iuvenci
609 1843 893 1915 presbyteri
920 1842 1140 1894 historia
1163 1839 1458 1909 evangelica
1481 1837 1700 1892 heroicis
1728 1836 1956 1890 versibus

354 1939 640 2010 descripta,
673 1936 896 1992 Parisiis
918 1932 1150 1988 Joannes
1175 1931 1338 1999 Petit,
1364 1932 1416 1986 in
1445 1930 1524 1984 4°.
1549 1931 1668 1985 Non
1693 1929 1955 1999 exprimi-

357 2039 448 2086 tur
480 2046 674 2084 annus.
710 2030 784 2084 De
810 2028 1023 2083 Joanne
1075 2025 1275 2091 Parvo,
1335 2039 1433 2079 seu
1466 2021 1628 2088 Petit,
1663 2022 1957 2078 consulen-

357 2123 460 2179 dus
509 2120 733 2178 Michael
779 2119 1023 2175 Maitaire
1074 2117 1271 2173 Annal.
1340 2128 1454 2187 typ.
1506 2127 1545 2170 t.
1601 2114 1668 2182 ll,
1729 2125 1908 2186 part.t
1939 2157 1954 2182 ,

361 2230 416 2284 p.
452 2211 542 2268 8-1.
1733 2211 1738 2214 ’

433 2306 525 2363 58.
569 2307 830 2373 Quisnam
876 2304 1042 2360 fuerit
1072 2303 1310 2358 Faustus
1339 2302 1433 2357 ille
1481 2302 1961 2358 Juvencienarra-

373 2412 477 2471 tor,
513 2412 566 2456 et
591 2402 843 2471 quisnam
876 2400 1044 2454 frater
1074 2397 1392 2469 Alpbonsus
1443 2395 1738 2467 Hispanus,
1790 2411 1818 2448 ιι
1851 2410 1959 2465 quo

363 2493 607 2552 Faustus
639 2494 853 2564 accepit
882 2491 1210 2557 Juvencum,
1260 2490 1361 2544 etsi
1394 2490 1573 2543 minus
1596 2497 1680 2543 est
1709 2501 1962 2542 necessa-

360 2593 529 2651 rium.
562 2601 744 2644 tamen
771 2602 910 2657 Opus
933 2597 1018 2641 est
1045 2600 1320 2657 quaerere,
1350 2584 1572 2638 Publius
1592 2582 1827 2637 Faustus
1854 2585 1963 2636 An-

361 2682 1034 2746 dreliuusForoliviensis,
1056 2688 1240 2751 poeta,
1265 2687 1400 2733 utea
1422 2686 1669 2747 tempora
1687 2676 1959 2742 ferebant,

363 2783 642 2849 egregius,
698 2776 752 2830 in
787 2774 1142 2829 universitate
1173 2771 1472 2827 Parisiensi
1519 2772 1588 2826 ab
1619 2785 1767 2826 anno
1796 2769 1959 2838 1489,

363 2871 584 2927 litteras
614 2868 967 2923 humaniores
992 2867 1172 2937 spatio
1202 2865 1423 2934 triginta
1457 2879 1723 2918 annorum
1769 2878 1964 2932 magno

364 2979 492 3020 cum
540 2963 731 3033 plausu
762 2961 1042 3031 professus
1070 2967 1173 3014 est.
1209 2957 1306 3011 llic
1334 2971 1466 3026 ergo
1495 2964 1578 3010 est
1606 2955 1843 3009 Faustus
1877 2954 1962 3008 in-

367 3066 580 3126 terpres
611 3055 860 3122 Juvenci,
893 3053 962 3109 de
983 3053 1141 3123 cujus
1170 3053 1276 3105 vita
1313 3051 1465 3120 plura
1494 3059 1800 3120 congerunt
1825 3049 1963 3103 Maz-

2064 1822 2387 1890 confectam,
2425 1825 2603 1880 Vitam
2635 1827 2692 1883 S.
2752 1829 2956 1884 Nicolai
3013 1845 3044 1886 e
3076 1830 3270 1887 Graeco
3314 1848 3574 1891 sermone
3608 1836 3664 1891 in

2063 1913 2313 1971 Latinum
2347 1933 2668 1974 conversam
2719 1937 2746 1975 a
2793 1923 3081 1978 Leonardo
3106 1925 3438 1994 Justiniano,
3472 1937 3523 1983 et
3555 1927 3667 1984 llo-

2060 2024 2479 2070 merocentones
2508 2016 2722 2084 Grece,
2751 2026 2805 2074 et
2831 2018 3044 2076 Latine.
3082 2021 3384 2079 Reuschius
3408 2024 3664 2082 Aldinam

2053 2103 2286 2173 ,Juvcnci
2345 2106 2639 2163 editionem
2681 2126 2825 2166 anno
2860 2112 2999 2167 1502
3052 2114 3346 2185 adjudicat,
3399 2126 3456 2172 et
3505 2120 3665 2176 aliam

2062 2197 2355 2255 editionem
2379 2201 2628 2258 Aldinam
2662 2205 2904 2275 ejusdem
2931 2220 3106 2277 poeta:
3136 2212 3263 2264 anni
3293 2209 3427 2268 1582
3445 2223 3667 2271 exstare

2064 2307 2124 2347 se
2173 2295 2372 2365 legisse
2402 2301 2496 2366 ait,
2533 2299 2634 2353 nisi
2667 2316 2929 2358 numerus
2959 2318 2987 2357 a
3020 2305 3377 2376 typographis
3407 2316 3665 2366 mutatus.

2062 2387 2222 2444 Certe
2254 2399 2494 2446 mutatus
2521 2404 2607 2448 est
2638 2411 2651 2448 :
2685 2411 2791 2450 non
2824 2398 2968 2452 enim
3001 2398 3174 2454 Aldus
3214 2400 3514 2459 Juvencum
3546 2405 3667 2462 edi-

2066 2480 2166 2547 dit,
2187 2481 2288 2536 nisi
2307 2501 2449 2538 anno
2471 2485 2628 2541 1501.
2650 2487 2726 2542 De
2751 2489 2888 2543 Aldo
2906 2490 3172 2559 judicium
3197 2493 3302 2549 hoc
3324 2508 3408 2550 est
3433 2497 3666 2566 Bartlni,

2069 2573 2108 2628 Ι.
2145 2591 2276 2630 xxvi
2308 2574 2538 2632 Advers.
2568 2593 2618 2634 c.
2644 2579 2714 2634 27
2749 2598 2763 2634 :
2796 2580 2854 2635 Is
2884 2583 3072 2648 Aldus,
3101 2589 3320 2658 ejusque
3342 2589 3575 2655 asseclw,
3613 2599 3671 2646 ut

2072 2681 2172 2718 non
2200 2682 2323 2720 raro
2365 2672 2696 2736 corruperint
2727 2683 2960 2728 auctores
3000 2677 3226 2732 audacia
3257 2681 3574 2751 corrigendi,
3600 2684 3672 2738 ita

2071 2769 2239 2812 tamen
2295 2769 2350 2813 ut
2392 2761 2708 2829 optimorum
2752 2762 2928 2820 Italiae
2983 2770 3221 2824 codicum
3265 2773 3502 2829 subsidio
3532 2776 3669 2843 nixi,

2073 2855 2240 2920 nobis,
2269 2859 2650 2914 recensentibus
2679 2861 2946 2916 enucleate
2997 2864 3190 2934 omnia,
3246 2883 3351 2922 non
3373 2878 3494 2923 sunt
3519 2870 3677 2939 plane

2075 2948 2286 3020 insuper
2309 2948 2552 3005 habendi.

2146 3040 2234 3095 61.
2279 3041 2460 3096 Editio
2486 3043 2670 3112 quinta
2719 3062 2864 3102 anno
2892 3049 3115 3106 circiter
3147 3050 3306 3109 1505.
3335 3053 3462 3110 llaec
3490 3063 3674 3111 exstat

366 3150 670 3206 zuchellius
694 3149 770 3204 De
795 3149 1062 3216 Scriptor.
1085 3145 1282 3213 ltalic.,
1333 3154 1387 3199 et
1411 3142 1798 3198 Tiraboschius
1828 3151 1960 3196 tom.
1991 3148 2037 3210 ο
2072 3135 2124 3187 in
2159 3132 2483 3190 bibliotheca
2507 3135 2766 3193 Vaticana
2797 3141 2849 3194 in
2873 3140 2958 3209 4°,
2999 3144 3117 3199 sine
3151 3145 3275 3202 loco
3305 3156 3360 3202 et
3388 3163 3550 3203 anno.
3585 3148 3677 3204 Ti-

373 3241 439 3297 VI
467 3242 604 3296 llist.
643 3241 817 3295 litter.
872 3249 1010 3308 part.
1047 3253 1108 3302 ιι,
1153 3237 1280 3290 libr.
1313 3250 1401 3305 v1,
1436 3249 1562 3304 cap.
1596 3232 1650 3298 5,
1699 3248 1848 3287 num.
1878 3232 1968 3286 64.

369 3334 566 3391 Confer
594 3334 758 3388 etiam
809 3329 1134 3386 Maitairium
1179 3330 1288 3383 loc.
1324 3326 1419 3381 cit.
1468 3341 1590 3396 pag.
1651 3325 1740 3380 91.
1801 3324 1972 3378 Verba

373 3427 585 3491 Fausti,
617 3441 737 3496 qua:
768 3425 1074 3485 retulimus.
1135 3419 1556 3476 Tiraboschium
1616 3417 1847 3473 fortasse
1897 3417 1976 3470 la-

377 3528 619 3588 tuerunt,
652 3518 849 3584 quibus
875 3525 1024 3572 certe
1054 3514 1130 3568 uti
1155 3513 1326 3582 potuit
1355 3511 1424 3566 ad
1449 3510 1568 3580 ejus
1582 3525 1762 3565 mores
1786 3517 1978 3564 contra

375 3613 587 3668 Erasini
632 3611 856 3666 dicteria
916 3605 1279 3663 vindicandos
1324 3623 1336 3658 :
1372 3618 1495 3658 nam
1535 3603 1655 3658 alia:
1708 3605 1975 3666 rationes,

378 3719 515 3777 quas
542 3706 768 3775 profert,
796 3701 1190 3758 imbecilliores
1227 3706 1374 3752 sunt.

449 3795 540 3852 59.
585 3796 922 3867 Alpbonsum
956 3793 1130 3859 illum,
1183 3806 1213 3845 a
1241 3804 1353 3862 quo
1392 3787 1627 3843 Faustus
1675 3786 1977 3842 Juvencum

379 3893 613 3962 accepit,
671 3890 999 3947 crediderim
1052 3903 1174 3944 esse
1223 3887 1562 3955 Alphonsum
1608 3882 1678 3939 de
1705 3883 1976 3949 Cordova,

378 3984 596 4040 Ordinis
625 3981 1031 4055 Augustiniaoi,
1057 3981 1145 4052 qui
1175 3989 1434 4048 suscepto
1469 3978 1792 4032 Doctoratus
1818 3977 1982 4031 hono-

383 4077 520 4134 rein
549 4083 682 4134 urbe
713 4078 1068 4146 Parisiorum,
1101 4073 1452 4131 Sahnantieae
1499 4073 1815 4130 cathedram
1841 4073 1984 4128 rexit

381 4169 631 4243 Gregorii
663 4170 1028 4227 Ariminensis
1059 4179 1282 4239 propter
1304 4167 1568 4223 doctrina:
1619 4167 1736 4236 ejus
1757 4164 1984 4220 celebri-

385 4274 552 4322 tatem
592 4267 662 4321 ibi
693 4266 820 4320 oliin
869 4265 1175 4320 institutam
1200 4306 1214 4330 ,
1248 4273 1303 4318 et
1332 4261 1569 4318 decessit
1620 4259 1810 4315 Abulm
1841 4271 1986 4313 anno

385 4358 548 4424 1512,
577 4368 636 4413 ut
659 4359 826 4412 refert
857 4356 1032 4413 Nieol.
1067 4356 1362 4412 Antonius.
1398 4355 1593 4410 Petrus
1621 4353 1908 4408 Ciaconius
1931 4353 1984 4405 in

389 4449 626 4506 Historia
661 4466 764 4504 ms.
799 4449 1183 4506 Universitatis
1215 4446 1603 4512 Salmantinae,
1639 4460 1796 4516 quam
1821 4458 1988 4513 penes

2075 3227 2219 3282 tulus
2250 3226 2390 3282 idem
2422 3244 2483 3284 ac
2517 3229 2569 3284 in
2603 3231 2842 3289 editione
2871 3235 3120 3292 Parisina
3153 3255 3327 3310 nuper
3350 3253 3671 3311 memorata,

2076 3337 2197 3378 cum
2222 3324 2416 3380 iisdem
2463 3329 2627 3381 etiam
2686 3331 2912 3388 Juvenci
2942 3333 3155 3404 elogiis.
3204 3335 3411 3393 Eodem
3471 3345 3677 3407 parltet‘

2078 3415 2240 3471 modo
2273 3418 2550 3488 prologus.
2584 3429 2638 3476 et
2663 3421 2876 3478 initium
2911 3425 3036 3480 libri
3076 3429 3236 3496 primi
3276 3440 3675 3499 praenotantur.

2076 3509 2136 3565 In
2170 3512 2273 3566 fine
2306 3511 2598 3568 llermanni
2634 3515 2854 3570 Buschii
2877 3520 3124 3590 epilogus
3146 3521 3212 3576 ad
3241 3522 3529 3590 lectorem,
3554 3523 3675 3582 sive

2076 3603 2405 3674 epigramma
2429 3622 2591 3674 supra
2638 3608 2991 3680 descriptum.
3036 3611 3170 3668 Octo
3200 3623 3327 3669 sunt
3355 3619 3673 3686 quaternio-

2081 3712 2179 3751 nes
2211 3697 2403 3766 integri
2425 3699 2494 3752 ah
2521 3716 2552 3751 a
2582 3701 2649 3754 ad
2682 3701 2734 3754 h.
2771 3701 2826 3755 lu
2857 3702 2960 3758 hoc
2991 3706 3295 3774 exemplari
3327 3706 3586 3764 Vaticano
3607 3710 3682 3765 si-

2081 3789 2192 3843 mul
2216 3803 2496 3860 compacta
2527 3802 2659 3847 sunt
2688 3793 2792 3848 alia
2817 3809 2984 3864 opera
3019 3797 3165 3852 edita
3198 3797 3508 3858 Daventriae
3536 3819 3684 3862 anno

2085 3883 2248 3952 1505,
2285 3895 2339 3939 et
2368 3885 2591 3940 circiter
2620 3901 2720 3956 per
2749 3885 3073 3944 Rithardum
3112 3890 3332 3961 Pafrzet,
3373 3911 3496 3966 qua:
3524 3897 3689 3954 simili

2083 3974 2417 4042 charactere,
2449 3991 2513 4032 ac
2538 3977 2831 4046 iuvencus,
2854 3997 3053 4038 excusa
3077 3996 3364 4055 apparent.
3389 3988 3464 4044 Ex
3487 3989 3687 4046 Parisi-

2086 4083 2151 4123 na
2182 4068 2289 4140 33
2310 4067 2534 4126 Joannis
2557 4071 2698 4126 Petit
2721 4073 2936 4129 videtur
2964 4074 3082 4130 haec
3111 4078 3277 4132 editio
3309 4082 3556 4149 repetita.
3598 4083 3691 4139 Ti-

2089 4159 2403 4229 tuli,quibus
2417 4162 2594 4231 capita
2610 4179 2788 4218 rerum
2809 4165 3449 4236 distinguuntur,diversi
3473 4185 3599 4229 sunt
3621 4176 3691 4230 ab

2088 4251 2322 4318 Aldinis,
2355 4261 2410 4307 et
2434 4253 2895 4313 Poelmannianis.
2924 4257 3093 4312 Primi
3122 4274 3253 4315 vero
3274 4260 3421 4317 tituli
3445 4263 3500 4319 hi
3524 4274 3684 4320 sunt:

2089 4341 2168 4398 De
2187 4343 2294 4399 SS.
2311 4343 2625 4400 Parentibus
2647 4346 2869 4402 Joannis
2892 4347 3165 4422 Baptistae,
3195 4363 3243 4407 et
3273 4352 3339 4408 de
3366 4355 3532 4420 ipsius
3553 4375 3690 4430 pra:-

2093 4439 2322 4491 cursoris
2355 4437 2567 4492 Domini
2589 4443 2942 4510 conceptione.
2966 4441 3217 4512 Lucam;
3249 4477 3320 4487 —
3340 4449 3692 4508 Annunciatio

389 4558 453 4600 se
509 4545 750 4601 habebat
797 4543 994 4600 Petrus
1025 4542 1332 4610 Madariaga
1364 4540 1586 4596 Ordinis
1615 4539 1970 4610 Augustinian

2100 4527 2316 4595 Marica;
2344 4560 2415 4569 —
2446 4530 2689 4585 Visitatio
2732 4531 2938 4593 Mariae.
2991 4546 3100 4591 etc.
3141 4536 3415 4596 Omeisius
3448 4544 3693 4613 posside-

389 4653 563 4705 nuper
593 4639 897 4702 Assistens,
956 4645 1164 4700 narrat,
1196 4649 1340 4688 anno
1395 4632 1562 4699 1508,
1614 4631 1835 4686 Parisiis
1864 4629 1990 4686 Sal-

392 4731 682 4787 manticam
723 4730 988 4786 adductos
1021 4728 1272 4782 homines
1326 4726 1542 4794 doctos,
1603 4725 1693 4795 qui
1752 4723 1996 4794 philoso-

391 4826 598 4896 phiam,
632 4832 688 4879 et
717 4823 1041 4895 theologiam
1072 4821 1442 4876 Nominalimn
1466 4819 1749 4884 docerent,
1780 4832 1843 4872 ac
1867 4825 1996 4872 tunc

393 4927 634 4974 erectam
665 4915 1008 4983 cathedram,
1056 4930 1161 4984 qua
1221 4913 1505 4983 legebatur
1553 4909 1847 4981 Gregorius
1878 4908 1996 4964 Ari-

395 5013 681 5067 minensis.
715 5011 876 5065 Ratio
907 5025 1036 5082 ergo
1069 5022 1375 5078 temporum
1407 5005 1630 5066 suadet,
1664 5012 1725 5059 ut
1753 5003 1995 5075 Alphon-

396 5120 515 5160 sum
545 5105 614 5159 de
643 5103 914 5167 Cordova,
947 5105 1062 5158 sive
1090 5103 1155 5157 de
1201 5101 1481 5164 Corduba’,
1505 5097 1871 5153 Nominalium
1903 5113 1997 5168 pa-

404 5207 644 5264 tronum,
691 5210 723 5250 a
754 5194 957 5250 Fausto
989 5194 1272 5249 laudatum
1304 5191 1477 5247 fuisse
1506 5191 1816 5246 credamus.

475 5291 564 5346 60.
611 5289 795 5346 Editio
825 5299 1016 5358 quarta
1050 5305 1192 5342 anno
1224 5287 1387 5342 1501.
1421 5285 1544 5340 Haec
1604 5295 1687 5340 est
1716 5283 1884 5338 editio
1932 5282 2001 5338 ab

403 5383 542 5438 Aldo
567 5394 782 5453 peracta
813 5383 918 5454 32
951 5383 1002 5436 in
1043 5379 1131 5448 4ο,
1159 5395 1284 5452 quae
1313 5393 1343 5432 a
1377 5377 1653 5432 nonnullis
1683 5391 1828 5430 anno
1861 5374 2001 5432 1502

403 5477 744 5547 assignatur,
772 5479 898 5547 quia
927 5478 1027 5530 hoc
1058 5489 1202 5529 anno
1233 5472 1502 5544 publicata
1534 5478 1639 5536 est,
1673 5479 1732 5524 ut
1785 5476 2000 5524 constat

403 5587 472 5626 ex
501 5571 667 5642 epist.
723 5570 846 5624 Aldi
901 5569 965 5623 ad
1010 5569 1283 5625 Danielem
1331 5566 1573 5623 Clarium
1633 5564 1755 5618 data
1813 5578 2000 5620 mense

405 5660 764 5719 Juni01502.
825 5660 1092 5718 Collectio
1135 5661 1253 5718 hinc
1304 5667 1388 5714 est
1418 5658 1653 5729 plurium
1712 5665 1998 5727 poetarum

403 5755 844 5816 Christianorum
872 5756 927 5810 in
957 5755 1098 5811 duos
1129 5764 1306 5810 tomos
1334 5751 1539 5818 divisa,
1569 5764 1799 5821 quorum
1826 5751 2001 5818 primo

2096 4623 2186 4677 hat
2216 4624 2511 4679 editionem
2548 4625 2775 4681 Juvenci
2805 4626 2924 4683 sine
2946 4628 3068 4685 loco
3105 4638 3160 4685 et
3186 4646 3352 4699 anno,
3379 4651 3542 4704 quam
3576 4637 3694 4709 ipse

2094 4713 2336 4771 Colonia:
2377 4725 2502 4772 ante
2533 4717 2695 4773 finem
2744 4720 2934 4775 saeculi
2970 4736 3041 4776 xv
3079 4721 3385 4780 confectam
3414 4728 3697 4786 exisnma-

2096 4808 2208 4877 bat,
2239 4817 2296 4863 ιη
2321 4809 2496 4865 dicam
2527 4827 2678 4866 num.
2709 4811 2807 4878 85;
2838 4815 2934 4869 sed
2967 4813 3202 4874 fortasse
3231 4818 3446 4877 diversi
3475 4838 3581 4879 non
3614 4835 3700 4881 est

2096 4905 2163 4959 ab
2187 4904 2309 4972 hac,
2334 4921 2497 4977 quam
2531 4906 2980 4966 Daventriensem
3008 4927 3111 4982 ego
3133 4928 3356 4970 censeo.
3393 4916 3698 4976 Reuschius

2098 4999 2316 5071 quidem
2351 5000 2613 5068 afﬁrmat,
2649 5003 2971 5072 editionem,
2996 5021 3155 5076 quam
3183 5010 3496 5076 possidebat
3518 5013 3700 5071 Omei-

2096 5093 2209 5149 sius
2241 5137 2254 5161 ,
2313 5105 2530 5150 exstare
2579 5096 2742 5150 etiam
2797 5097 2851 5151 in
2901 5097 3250 5157 bibliothecis
3304 5102 3583 5172 Vaticana,
3644 5115 3701 5163 et

2100 5185 2318 5241 Paulina
2375 5185 2665 5254 Lipsiensi.

2176 5278 2266 5335 62.
2311 5278 2490 5334 Editio
2517 5290 2670 5335 sexta
2696 5295 2839 5337 anno
2869 5283 3010 5340 1505
3040 5284 3236 5355 Lipsia:
3269 5288 3320 5342 in
3344 5287 3440 5344 fol.
3473 5303 3539 5344 ex
3560 5301 3699 5347 cata-

2103 5371 2230 5442 logo
2255 5370 2605 5427 bibliotheca!
2636 5372 2889 5430 Francof.
2939 5375 3008 5430 ad
3039 5375 3328 5444 Viadrum,
3376 5396 3536 5450 quem
3563 5384 3701 5441 alle-

2105 5471 2197 5534 gat
2245 5462 2548 5519 Fabricius.
2582 5462 2893 5523 Ceillierins
2933 5468 3073 5524 hanc
3126 5470 3421 5528 editionem
3452 5489 3700 5536 comme-

2106 5564 2286 5611 morat
2315 5555 2547 5614 fortasse
2575 5573 2641 5615 ex
2673 5558 2925 5616 Fabricio
2960 5578 2974 5614 :
3006 5561 3312 5620 Beuschius
3366 5568 3558 5638 etiam,
3582 5573 3699 5644 qui,

2108 5660 2168 5707 ttt
2198 5652 2413 5722 opinor,
2447 5669 2569 5710 eam
2595 5653 2752 5710 vidit.

2182 5745 2272 5800 03.
2317 5744 2495 5800 Editio
2553 5746 2787 5816 septima
2815 5761 2964 5804 anno
3008 5747 3147 5808 1506
3189 5749 3417 5812 Parisiis
3474 5755 3527 5812 in
3557 5757 3705 5818 μοι
