4176 6180
509 171 600 251 35}

1530 178 1936 253 cavemus
1982 163 2357 253 AQUILINUS
2396 160 2776 235 JUVENCUS.

3747 162 3822 240 36

502 295 834 352 bibliotheca
869 295 1214 354 Mauarsiana
1257 308 1379 368 pag.
1412 294 1541 365 355,
1590 295 1732 366 apud
1764 295 2099 353 Fabricium.
2131 300 2185 362 Α
2210 307 2280 350 ex
2303 292 2644 350 bibliotheca
2672 293 2903 362 selecto,
2942 303 2993 350 et
3028 293 3468 368 locupletissima
3494 295 3817 355 eminentia-

499 388 766 447 Adltseret
793 390 1126 448 Ceillierius.
1717 465 1724 472 .

566 483 659 541 64.
699 483 883 541 Editio
931 498 1124 541 octava
1178 500 1325 542 anno
1383 484 1523 544 1509
1577 485 1903 558 Rothnmagi
1952 485 2009 541 in
2042 485 2099 540 «1⁸³

495 592 624 633 cum
656 578 801 634 notis
826 577 1018 637 «ιθόωί
1080 579 1239 636 Badii
1288 579 1541 639 Ascensii
1593 595 1660 637 cx
1718 578 1994 646 Fabricio,
2045 587 2101 633 et

490 666 798 728 Ceillierio.
849 670 1000 729 Hane
1047 671 1280 728 contulit
1329 671 1394 728 G.
1433 670 1738 736 Fabricius,
1773 685 1830 731 ut
1852 687 1917 729 es
1948 686 2099 727 come

492 773 663 823 ment.
723 765 776 823 in
834 774 982 835 poet.
1043 764 1248 821 Christ.
1298 765 1465 823 verbo
1517 765 1751 837 catttpleo
1796 767 2093 837 colligitur.

494 860 759 918 Eantdem
788 861 976 919 laudat
1004 860 1333 918 Reuscltius.

567 954 657 1013 65.
700 956 883 1013 Editio
939 971 1083 1013 nona
1130 971 1279 1011 anno
1334 956 1467 1013 1511
1532 955 1727 1026 Lipsim
1775 956 1831 1011 in
1886 955 1945 1011 4°
2001 970 2098 1021 per

490 1048 687 1108 Melcb.
736 1050 1040 1117 Lotterum,
1094 1050 1354 1119 adjuncto
1385 1050 1681 1104 Hertnauui
1733 1049 2095 1118 Buschiiepi-

493 1153 802 1216 grammate
833 1144 886 1198 in
921 1144 1246 1200 Iuvencum.
1283 1142 1433 1199 Hanc
1462 1141 1766 1201 editionem
1809 1140 1929 1198 sine
1961 1150 2097 1196 tem-

501 1239 655 1309 poris
685 1248 811 1295 nota
840 1238 1053 1294 viderat
1083 1237 1385 1305 Fabricius,
1421 1238 1511 1294 cui
1545 1237 1746 1301 locum,
1790 1244 1847 1293 et
1882 1244 2099 1305 tempus

498 1330 1034 1387 indicavitloanues
1063 1329 1342 1387 Mollerus.
1395 1330 1526 1387 Eam
1576 1343 1791 1400 quoque
1849 1336 2097 1384 recenset

490 1422 837 1495 Ccillierius,
871 1421 967 1479 sed
993 1437 1061 1478 ex
1088 1421 1365 1489 Fabricio,
1392 1430 1452 1477 ut
1479 1423 1695 1491 opinor.
1731 1419 2098 1489 CliristOpbo-

485 1530 580 1573 rus
611 1516 877 1573 Cellarius
906 1519 960 1573 in
986 1515 1149 1573 Curis
1176 1524 1383 1587 poster.
1435 1514 1611 1571 verbo
1633 1514 1936 1583 sancti/iens
1963 1513 2095 1569 citat

483 1608 622 1667 duas
650 1608 924 1665 editiones
958 1608 1292 1676 Lipsienses,
1353 1607 1585 1664 alteram
1620 1621 1765 1660 anno
1824 1604 1984 1669 1512,
2012 1605 2096 1671 al-_

2206 382 2329 439 simi
2351 383 2646 439 cardinalis
2670 382 2915 440 Valentis
2937 382 3213 455 Gonzaga.
3245 386 3437 442 Exstat
3458 391 3624 444 etiam
3650 389 3701 443 itt
3737 390 3817 444 bi-

2204 475 2474 532 bliotbeca
2487 474 2765 548 Angelica.
2782 476 3035 548 Repetita
3060 490 3165 545 cst,
3182 489 3239 535 ut
3259 482 3811 549 videtur,ann01542.

2216 560 2223 566 ’
2276 569 2365 626 69.
2420 569 2601 624 Editio
2654 570 2865 626 decima
2914 573 3072 627 tertia
3130 588 3275 627 anno
3344 575 3477 631 1557
3525 593 3537 630 :
3590 574 3817 631 Iuvenci

2210 660 2453 735 Hispani,
2498 672 2547 717 et
2571 663 2781 719 Sedulii
2807 664 3103 735 Scotigena'
3144 665 3581 738 presbyterorum,
3612 677 3661 723 et
3689 683 3813 743 poe-

2202 764 2373 808 tarum
2396 756 2949 811 christianissimorum
2978 757 3210 813 historia:
3230 760 3557 830 evangelicw,
3580 762 3809 817 rersibus

2200 844 2421 900 heroicis
2443 848 2762 902 adamassim
2789 863 3051 917 expressis
3070 863 3086 899 :
3105 850 3223 921 jam
3241 851 3506 918 tersiores,
3525 861 3574 905 et
3595 866 3660 906 ea:
3674 861 3807 906 vete-

2199 956 2314 993 rum
2342 941 2544 1011 aliquot
2577 939 2827 996 librorum
2858 941 3141 995 collatione
3170 943 3336 997 multo
3362 943 3725 1016 castigatiores
3755 945 3809 999 in

2199 1033 2367 1087 lucem
2394 1034 2633 1105 prolatw.
2669 1035 2901 1089 Colonia:
2924 1034 3068 1105 apud
3100 1033 3421 1090 Eucharinm
3475 1053 3612 1093 anno
3642 1036 3803 1108 1557,

2199 1141 2366 1179 mens.
2418 1125 2533 1183 Iul.
2563 1125 2620 1181 1ιι
2652 1124 2734 1182 8°.
2768 1126 2962 1185 Editur
2990 1136 3075 1184 est
3113 1127 3463 1185 Bclttbardus
3512 1128 3803 1187 Loricbius

2200 1214 2590 1283 Hadumurius,
2616 1216 2773 1288 CUjll‘s
2816 1226 2994 1274 tamen
3030 1220 3261 1289 cpistola
3291 1219 3633 1277 dedicatoria
3652 1223 3806 1278 arul-

2198 1324 2255 1362 sa
2288 1314 2374 1364 est
2397 1311 2465 1366 ab
2489 1312 2800 1382 exemplari
2831 1328 2940 1385 quo
2972 1323 3125 1382 utor,
3151 1314 3251 1370 sed
3274 1321 3455 1370 cxsutt
3478 1316 3531 1371 iu
3559 1316 3805 1375 editione

2199 1400 2538 1469 Pocltuanui,
2564 1420 2723 1477 quam
2756 1422 2901 1462 nunc
2930 1421 3226 1477 espouam.
3271 1405 3666 1480 Typographus
3692 1409 3803 1466 Eu-

2198 1497 2375 1553 cltarii
2405 1499 2729 1555 Cervicortti
2761 1501 2984 1556 nomine
3017 1508 3179 1557 notus
3219 1511 3320 1557 cst.

2266 1588 2357 1647 7t).
2399 1591 2578 1646 Editio
2605 1592 2817 1647 decima
2871 1602 3063 1667 quarta
3104 1593 3301 1651 eodem
3330 1611 3476 1651 anno
3510 1595 3671 1664 1557,
3698 1606 3796 1653 aut

486 1708 659 1756 “tam
694 1700 856 1761 15”.
884 1699 993 1757 sed
1025 1700 1257 1757 [ονιαεεθ
1307 1699 1362 1755 in
1415 1698 1654 1756 “mione
1700 1696 2086 1751 pjnormnana
2120 1688 2169 1752 B
2195 1684 2439 1738 circiter.
2497 1682 2715 1740 Iuvenci
2740 1682 2970 1757 Hispani
2991 1688 3302 1760 evangelicae
3321 1686 3554 1743 historice
3574 1690 3692 1744 libri
3716 1704 3789 1745 tv.

484 1790 713 1849 Cellarii
749 1806 846 1860 pro
875 1806 1024 1847 anno
1050 1791 1181 1848 1511
1219 1789 1419 1846 excidit
1444 1789 1605 1845 1512.
1652 1786 1959 1846 Reuscbius
1986 1803 2083 1842 an-

483 1902 614 1943 num
646 1886 782 1943 1511
811 1885 970 1954 hujus
999 1883 1259 1941 editionis
1284 1883 1510 1939 indicat.
1543 1882 1604 1937 lu
1635 1882 1879 1939 editione
1926 1881 2081 1936 Pari-

475 1981 645 2038 sieusi
673 1981 801 2036 anni
826 1981 991 2043 1545,
1019 1995 1181 2049 quam
1209 1995 1336 2035 mox
1365 1981 1620 2044 referam,
1648 1976 1908 2048 praefatus
1922 1976 2081 2032 Wol-

477 2073 704 2147 t'gnngus
733 2073 944 2129 Gulden
969 2071 1361 2143 Zcuigkauien.
1395 2071 1667 2141 Magister,
1696 2079 1828 2136 etc.,
1859 2072 1950 2137 qui
1978 2069 2082 2126 sub

476 2450 690 2509 scilicet
720 2450 858 2505 alias
900 2450 1169 2507 editiones
1194 2447 1440 2507 Iuvenci.
1467 2446 1767 2517 Lipsiensis
1788 2459 1917 2517 ergo
1961 2444 2080 2500 edi-

471 2545 551 2601 tio
614 2542 744 2599 auni
785 2542 916 2600 1511
963 2557 1027 2601 ea
1072 2556 1197 2598 esse
1240 2541 1496 2608 videtur,
1536 2554 1700 2610 quam
1758 2536 2076 2608 procuravit

476 2634 856 2708 Woligaugus.

543 2728 654 2803 35
671 2729 761 2788 66.
781 2726 1193 2786 Editiodecima
1214 2742 1358 2784 anno
1377 2724 1515 2782 1517
1535 2724 1731 2795 Lipsiae
1750 2739 1818 2780 ex
1838 2722 2074 2779 Cellario

471 2821 637 2891 paulo
659 2829 784 2877 ante
815 2820 1061 2888 laudato,
1090 2826 1146 2875 et
1175 2832 1244 2874 ex
1280 2813 1540 2887 Catalogo
1586 2812 1936 2872 bibliothecae
1967 2812 2073 2868 Bn-

471 2914 721 2969 naviana:
751 2923 883 2967 tom.
917 2910 961 2978 1,
1006 2909 1093 2965 col
1121 2908 1285 2975 2018,
1336 2922 1399 2962 ex
1431 2920 1538 2976 quo
1566 2914 1735 2976 patet,
1788 2918 1906 2961 eam
1949 2918 2075 2961 esse

470 3006 525 3062 iu
552 3005 635 3074 4°,
663 3011 720 3061 et
746 3018 840 3074 per
866 3001 1133 3061 iucobum
1166 3000 1422 3057 Thauner
1444 3005 1812 3068 procuratum.
1847 2997 1923 3051 Eo
1952 2994 2069 3065 ipso

2190 1774 2335 1829 Caelii
2367 1774 2572 1830 Sedulii
2615 1776 2936 1832 mirabilium
2987 1780 3304 1848 divinorum,
3353 1782 3458 1835 sive
3514 1779 3791 1837 Paschalis

2187 1872 2432 1925 carminis
2454 1870 2569 1926 libri
2600 1888 2651 1929 tv
2679 1889 2783 1928 una
2821 1888 2935 1927 cum
2993 1871 3198 1946 hymnis
3233 1876 3449 1946 aliquot.
3477 1876 3708 1931 Arataris
3736 1876 3792 1931 in

2184 1963 2312 2017 Acta
2341 1962 2643 2036 Apostolica
2667 1965 2785 2019 libri
2812 1966 2938 2020 duo.
2980 1964 3222 2021 chantii
3251 1966 3479 2022 Honorii
3502 1966 3788 2024 Fortunati

2184 2055 2363 2128 hymni
2394 2060 2498 2113 duo
2528 2077 2620 2132 per
2662 2059 2726 2115 (ὅ.
2775 2062 3131 2116 Cassandram
3163 2062 3448 2138 integritati
3502 2081 3613 2119 sua:
3637 2067 3788 2120 resti-

2176 2537 2207 2578 a
2262 2522 2447 2581 Vueda
2499 2528 2799 2584 subscribit
2854 2529 3133 2605 Marpurgi
3200 2535 3363 2601 nouis
3419 2534 3581 2590 Iuliis
3630 2551 3779 2593 anno

2179 2633 2235 2671 st.
2265 2634 2319 2673 ι).
2360 2634 2578 2688 xxxv",
2604 2624 2696 2694 qui
2737 2626 2835 2689 ait,
2865 2623 3194 2694 Juveucunt,
3239 2638 3294 2682 ct
3325 2626 3610 2687 Sedulium
3655 2646 3686 2685 a
3715 2647 3777 2687 se

2178 2711 2267 2768 edi
2293 2728 2404 2769 non
2438 2718 2648 2785 paucis,
2681 2734 2818 2790 quas
2856 2734 2886 2773 a
2915 2718 3178 2789 librariis,
3206 2720 3292 2779 vel
3320 2723 3656 2796 clutlcotypis
3679 2742 3772 2783 ac-

2176 2816 2459 2875 ceperant,
2493 2810 2813 2867 tuendarum
2840 2813 3057 2886 injuriis
3084 2816 3417 2887 viudicatos,
3443 2828 3499 2873 et
3529 2834 3629 2875 suo
3653 2830 3769 2875 stu-

2175 2900 2267 2954 dio
2307 2903 2615 2958 restitutos.
2649 2903 2927 2961 Iuvencus
2956 2908 3121 2978 igitur
3144 2924 3265 2964 cum
3315 2908 3539 2967 Sedulio
3570 2913 3773 2985 prodiit

2174 2995 2416 3052 Coloniae
2445 3000 2600 3069 t557,
2632 3015 2701 3055 ex
2739 3003 3062 3058 recensione
3103 3003 3413 3060 lladautarii
3433 3048 3447 3073 ,
3478 3009 3633 3077 cujus
3655 3008 3771 3063 edi-

468 3111 616 3155 anuo
637 3097 865 3168 repetita
891 3094 990 3150 iuit
1008 3091 1355 3151 Saltnantica:
1373 3091 1545 3147 editio
1563 3088 1791 3147 Iuvenci
1813 3103 1935 3143 cum
1962 3103 2061 3142 no-
2092 3076 2137 3139 C
2173 3088 2375 3146 tionem
2400 3101 2619 3149 secutus
2642 3104 2829 3164 postea
2860 3096 2964 3152 fuit
2991 3098 3358 3156 Poelutuuuus
3387 3076 3632 3170 Basili-ie,
3667 3103 3766 3159 ad-

470 3191 541 3247 tis
564 3189 742 3257 Badii,
784 3188 939 3260 cujus
973 3186 1195 3245 tuemini
1227 3201 1377 3243 num.
1408 3183 1501 3241 64.
1526 3183 1730 3252 Ioseph
1764 3181 2067 3252 Rodrigucz

466 3285 536 3343 de
557 3283 774 3351 Castro,
808 3282 1069 3341 Bibliotlt.
1098 3281 1248 3352 llisp.
1276 3288 1407 3336 tom.
1431 3280 1498 3346 ll,
1531 3293 1657 3352 pag.
1684 3276 1811 3343 176,
1847 3276 2062 3333 titulum

466 3378 611 3435 hunc
642 3375 814 3435 refert
846 3393 860 3430 :
888 3374 1148 3431 Iuvencus
1178 3372 1439 3445 presbyter
1479 3373 1782 3430 immensam
1812 3370 2066 3440 evangeli-

467 3489 542 3530 ca?
563 3472 692 3546 legis
727 3475 1052 3545 majestatem
1091 3468 1312 3524 heroicis
1353 3467 1581 3525 versibus
1634 3465 1947 3523 concludens
2000 3465 2062 3521 ab

461 3562 664 3620 Iodoco
691 3561 861 3619 Badio
922 3560 1165 3618 Ascensio
1211 3560 1395 3634 paucis
1451 3560 1766 3617 elucidatus.
1818 3558 1875 3615 ltt
1904 3556 2058 3613 line:

460 3657 613 3713 Liber
634 3655 849 3712 Iuvenci
880 3655 1035 3724 linem
1082 3661 1319 3722 aptatum
1368 3652 1608 3725 accepit:
1642 3647 1968 3706 Salmantica
2008 3650 2061 3703 in

458 3751 688 3819 civitate,
720 3751 775 3805 in
795 3749 998 3822 oﬂicina
1018 3747 1323 3805 venerabilis
1350 3745 1575 3802 Joannis
1601 3746 1666 3800 de
1699 3744 1882 3801 Porrs.
1906 3743 2059 3813 Anna

459 3841 677 3901 Domini
702 3856 889 3899 quvu
915 3838 1429 3898 KalendisIanuarii
1458 3854 1585 3895 xvu.
1613 3837 1671 3895 In
1700 3837 1801 3895 hac
1817 3836 2061 3895 editione

460 3935 651 3995 Passio
672 3934 735 3989 D.
769 3933 836 3989 N.
867 3934 919 3990 J.
952 3934 1015 3990 ε.
1050 3931 1454 4005 quodammodo
1495 3947 1524 3989 a
1574 3931 1785 4001 reliquo
1806 3940 2057 4003 poemate

453 4038 709 4102 separata
733 4036 841 4097 est,
873 4025 989 4083 iere
1014 4035 1077 4083 ut
1097 4024 1401 4081 iueditione
1422 4022 1715 4081 Parisieusi
1744 4021 1870 4079 anui
1895 4019 2053 4088 1515,

457 4139 623 4197 quam
655 4138 809 4181 num.
868 4120 938 4176 75
983 4118 1307 4177 recensebo.
1366 4115 1715 4191 Typograpbi
1745 4130 1943 4173 nomen
1971 4124 2056 4171 est

455 4216 689 4273 Ioannes
717 4217 781 4273 de
805 4214 1016 4282 Parres,
1042 4212 1135 4270 vel
1154 4209 1372 4269 Parrus.

522 4311 613 4369 67.
658 4309 836 4367 Editio
860 4307 1145 4366 undecima
1166 4321 1311 4363 anno
1365 4303 1502 4363 1M9
1532 4301 1757 4361 Viennae
1796 4317 1862 4358 ex
1890 4301 2053 4358 Cata-

2169 3180 2299 3237 ditis
2326 3183 2493 3239 variis
2543 3185 2873 3243 lectionibus
2906 3190 2957 3244 in
3006 3190 3332 3258 Iuvencum,
3374 3206 3426 3248 et
3459 3193 3765 3265 Seduliunt,

2168 3273 2265 3329 sed
2300 3279 2575 3346 praecipue
2597 3277 2651 3333 in
2675 3280 2999 3339 Iuvencum.
3029 3281 3091 3339 lu
3114 3283 3431 3341 Poelmanni
3461 3286 3768 3346 Basilcensi

2168 3366 2412 3423 editione
2437 3370 2557 3425 sine
2586 3371 2714 3425 anni
2742 3381 2870 3427 nota
2904 3383 3106 3445 praeter
3137 3377 3313 3432 varias
3344 3375 3442 3433 has
3474 3378 3762 3449 lectiones,

2164 3466 2221 3512 et
2246 3460 2534 3529 epistolam
2568 3461 2966 3523 dedicatoriam
3008 3465 3317 3524 Hadamarii
3347 3480 3474 3526 sunt
3503 3470 3613 3527 duo
3633 3474 3765 3546 epi-

2164 3563 2491 3622 grammata,
2546 3554 2692 3611 aliud
2737 3556 3094 3627 Puelmuuni,
3151 3560 3300 3615 aliud
3342 3561 3651 3621 Hadamarii
3694 3564 3764 3622 de

2166 3643 2399 3699 utilitate
2460 3645 2673 3713 legendi
2702 3659 2894 3718 poetas
2940 3664 3149 3708 sacros.
3173 3651 3303 3707 Post
3333 3654 3633 3711 Iuvencum
3679 3666 3765 3712 est

2161 3749 2380 3791 carmen
2410 3736 2760 3808 inscriptum,
2814 3738 3133 3811 Triumphus
3162 3742 3354 3798 Christi
3398 3746 3660 3817 heroicus,
3692 3746 3761 3804 de

2159 3843 2267 3898 quo
2302 3828 2424 3884 tide
2456 3846 2606 3885 nunt.
2638 3831 2726 3887 19.
2776 3832 3038 3891 Fortasse
3069 3836 3239 3892 editio
3283 3839 3397 3892 haec
3449 3836 3759 3897 ditierenda

2160 3921 2342 3977 estad
2390 3937 2593 3978 annum
2627 3923 2791 3994 1551,
2826 3940 2881 3982 ιιι
2912 3943 2968 3981 ιι.
3001 3928 3072 3983 Ἱό
3100 3930 3406 4002 explicabo.
3442 3930 3519 3990 De
3563 3948 3630 3989 ea
3674 3933 3759 3995 sic

2158 4012 2222 4068 G.
2253 4014 2538 4072 Fabricius
2568 4030 2861 4078 comment.
2906 4023 2962 4077 in
2995 4023 3398 4099 poeticum.
3426 4029 3595 4085 Verbo
3652 4027 3753 4084 Iu-

2156 4121 2342 4162 vencus
2374 4123 2391 4159 :
2423 4107 2684 4166 Lectionis
2716 4110 3069 4169 diversitatem
3112 4115 3168 4170 in
3203 4113 3490 4173 Iuvencum
3533 4117 3755 4176 Basilea:

2154 4199 2463 4269 impressum
2498 4206 2772 4278 collegerat
2803 4206 3103 4264 Theodorus
3133 4209 3487 4269 Poelmannus
3529 4227 3593 4273 ea:
3644 4216 3754 4272 edi-

2155 4293 2313 4361 tione,
2340 4295 2392 4349 ni
2420 4295 2601 4366 fallor,
2640 4298 3072 4374 liothomagensi,
3116 4314 3207 4357 aut
3258 4321 3321 4361 ea:
3371 4308 3749 4380 manuscripto,

452 4408 580 4480 ιοεο
608 4404 907 4464 Bodleiano
937 4402 1083 4477 apud
1124 4400 1457 4460 Fabricium,
1493 4399 1625 4456 Eam
1654 4398 1735 4455 sic
1782 4396 2051 4454 describi;
2074 4465 2124 4480 κ
2152 4389 2293 4457 quod
2306 4404 2420 4443 cum
2444 4406 2503 4444 ea
2523 4390 2750 4447 editione
2771 4396 3058 4449 consensit:
3078 4395 3133 4450 id
3152 4403 3322 4451 autem
3342 4400 3749 4472 manuscriptum

452 4465 754 4561 Miiitairius
783 4510 919 4556 tom.
948 4465 992 4556 11
1019 4500 1216 4554 Annal.
1246 4495 1482 4567 Typogr.
1508 4503 1652 4565 part.
1674 4509 1711 4561 ι,
1744 4508 1864 4564 pag.
1893 4491 1997 4549 331
2029 4508 2043 4547 ς
2074 4465 2129 4528 Ῑ)
2152 4500 2179 4538 e
2212 4482 2519 4541 bibliotheca
2550 4485 2888 4545 Gandavense
2916 4489 3101 4560 fuisse,
3127 4491 3234 4562 ipse
3262 4500 3436 4563 postea
3456 4465 3745 4549 annotavit.

447 4596 668 4652 Iuvenci
695 4592 985 4667 presbyteri
1012 4589 1243 4663 Hispani
1290 4588 1355 4647 de
1379 4585 1693 4661 Evangelia:
1720 4585 1955 4641 Historia
1977 4584 2045 4639 li-

445 4688 524 4745 bri
551 4695 778 4761 quatuor
801 4702 819 4742 :
848 4701 937 4757 per
962 4681 1220 4740 Joannem
1264 4679 1623 4752 Singreuium,
1648 4677 1884 4749 expensis
1905 4680 2043 4748 ejus-

2224 4578 2313 4635 71.
2348 4579 2528 4637 Editio
2552 4581 2766 4638 decima
2796 4583 2983 4654 quinta
3011 4600 3154 4639 anno
3183 4583 3318 4641 1541
3352 4603 3366 4640 :
3400 4582 3548 4642 Caelii
3575 4587 3749 4644 Sedu-

2146 4671 2205 4725 lii
2232 4672 2515 4748 presbyteri
2558 4690 2677 4729 cum
2702 4676 2963 4748 piissimi,
3012 4687 3119 4732 tant
3166 4676 3451 4735 doctissimi
3501 4681 3746 4753 paschale

445 4780 603 4848 dem;
646 4777 1056 4845 iu4°,Vienn:c
1079 4773 1375 4833 Pannoniae
1419 4772 1579 4833 1519.
2145 4782 2315 4843 opus,
2365 4784 2457 4823 seu
2502 4770 2820 4824 mirabilium
2860 4772 3155 4828 divinorum
3200 4772 3319 4829 libri
3357 4775 3578 4847 quinque
3627 4776 3745 4829 cum

518 4873 609 4932 68.
651 4869 834 4929 Editio
855 4867 1179 4927 duodecima
1225 4880 1372 4925 anno
1416 4866 1555 4923 1557
1586 4882 1602 4921 :
1634 4862 1854 4921 Iuvenci
1894 4876 2042 4934 pres-
2144 4860 2556 4919 enarratiouibus
2606 4862 3030 4921 luculentissimis
3074 4862 3213 4921 ιΕιὶἱ
3261 4868 3475 4921 Antonii
3519 4865 3742 4922 Nebris-

443 4967 608 5042 byteri
634 4964 1049 5039 Hispanipoeta:
1077 4958 1362 5019 Christiani
1387 4960 1477 5016 lib.
1509 4958 1577 5015 111
1601 4957 1834 5033 (corrige
1865 4954 1956 5029 ιν)
1976 4956 2039 5013 de
2141 4957 2322 5012 sensis.
2371 4953 2722 5024 Adjunximus
2749 4958 2911 5013 etiam
2946 4955 3166 5018 Iuvenci
3201 4956 3425 5035 Hispani
3453 4958 3743 5031 presbyteri

442 5064 663 5122 Ιιξδιονία
686 5059 1009 5133 ευαηςειὶοα,
1038 5056 1324 5124 emendati,
1345 5066 1395 5111 et
1424 5055 1598 5110 multis
1620 5052 1881 5111 erroribus
1912 5068 2038 5125 pur-
2141 5044 2488 5120 evangelicum
2530 5047 2807 5106 historiam
2851 5051 3085 5126 ejusdem
3127 5055 3442 5129 argumenti,
3466 5053 3660 5110 additis
3688 5065 3740 5110 et

441 5159 570 5231 gati.
603 5156 839 5212 Aratoris
859 5152 1161 5209 subdiaconi
1190 5148 1307 5205 libri
1329 5166 1388 5216 ιι,
1415 5149 1543 5203 Acta
1573 5146 1866 5219 apostolica
1895 5161 2036 5203 com-
2134 5139 2191 5193 in
2249 5142 2482 5197 eamdem
2534 5146 2940 5200 commentariis.
3020 5144 3213 5202 Omnia
3266 5150 3337 5202 ad
3391 5148 3738 5204 vetustissima

436 5250 732 5323 plectentes,
786 5256 941 5301 antra
998 5245 1054 5301 in
1102 5241 1384 5299 Germania
1434 5259 1538 5298 non
1594 5242 1795 5299 excusi.
1833 5238 2036 5296 Aurelii
2139 5236 2460 5309 exemplaria
2499 5236 2714 5305 collata,
2743 5249 2790 5295 et
2817 5241 3091 5313 castigata.
3141 5238 3269 5295 Cum
3298 5240 3469 5301 indice
3504 5243 3737 5316 locuple-

441 5340 719 5401 Prudcntii
751 5337 1030 5398 Clementis
1053 5335 1347 5394 «mularis
1392 5334 1490 5389 viri
1518 5334 1776 5405 (corrige
1801 5331 2034 5389 clarissi-
2136 5328 2352 5387 tissime.
2387 5329 2608 5388 Basitea:
2633 5350 2772 5390 anno
2800 5351 2856 5395 ιι.
2892 5351 2944 5395 D.
2977 5352 3094 5395 κω
3126 5335 3181 5389 lu
3212 5339 3266 5393 8.
3296 5336 3427 5395 Post
3452 5338 3735 5399 Seduliuut

440 5434 513 5491 mi
579 5434 698 5507 viri)
747 5430 1119 5489 Encheiridion
1148 5427 1352 5497 veteris,
1401 5434 1449 5485 ei
1498 5426 1613 5483 novi
1666 5422 2031 5481 Instrumenti.

2180 5439 2255 5481 tec
2276 5437 2358 5485 est
2389 5426 2670 5499 inscriptio
2703 5445 2717 5483 :
2759 5427 2979 5487 Iuvenci
3022 5428 3306 5503 presbyteri
3337 5429 3567 5502 Hispani
3599 5432 3732 5489 Pae-

438 5524 649 5583 Scholte
662 5521 973 5581 Christiana
998 5521 1277 5581 necessarii
1299 5518 1484 5581 libelli.
1500 5516 1720 5576 Basilete
1741 5517 1885 5586 apud
1901 5513 2037 5570 Bar-
2137 5523 2203 5572 tat
2227 5516 2512 5576 Christiani
2541 5522 2629 5577 lib.
2662 5537 2721 5579 ιιι
2747 5522 2981 5594 (corrige
3020 5522 3097 5599 ιν)
3122 5523 3189 5581 de
3206 5525 3424 5584 historia
3439 5529 3732 5605 evangelica

439 5616 773 5675 tholomazum
803 5615 1236 5679 Westhemerum,
1270 5623 1316 5668 et
1348 5610 1631 5671 Nicolaum
1666 5607 2034 5681 Brylingerutn
2136 5611 2422 5681 emendati,
2465 5624 2513 5673 et
2539 5617 2715 5673 multis
2744 5618 3009 5677 erroribus
3056 5620 3287 5697 purgati.
3335 5619 3464 5679 Post
3502 5620 3730 5679 Iuvenci

438 5724 578 5767 anno
602 5723 659 5765 tt.
684 5722 738 5763 ιι.
769 5721 973 5772 xxmt,
999 5710 1055 5771 in
1082 5709 1140 5763 8°
1165 5722 1348 5776 parvo.
1367 5704 1478 5769 Hac
1500 5703 1740 5781 editione
1767 5718 1893 5761 usus
1915 5717 2033 5758 sum
2139 5703 2311 5777 elogia
2339 5723 2351 5760 :
2397 5705 2614 5766 Iuvenci
2648 5708 2875 5783 Hispani
2905 5712 3190 5786 presbyteri
3221 5715 3273 5767 in
3303 5722 3526 5786 quatuor
3555 5711 3731 5773 Evan-
