4176 6180
344 192 419 258 3';
881 206 885 210 ~
1730 174 2274 251 PROLEGOIENA.
3580 186 3651 253 38

340 312 482 387 getia
510 311 854 371 dontinicatia
881 309 1151 383 prologus.
1199 303 1592 363 Commentarii
1617 304 1807 361 .lodoei
1840 306 1941 363 Ba-
1971 306 2026 373 Α
2050 320 2119 361 an
2148 306 2387 363 diversae
2413 305 2524 364 sint
2548 305 2634 363 hm
2658 307 2960 379 editiones,
2992 324 3061 369 an
3096 310 3349 369 Barthius
3379 326 3479 381 pro
3507 311 3659 368 Basi-

342 404 419 460 dii
467 403 718 461 Ascensii
759 402 1159 475 subjiciuntur,
1210 399 1296 461 vel
1348 399 1771 456 interseruntur.
1823 399 1954 456 Post

342 499 651 557 Juvencum
692 513 914 555 carmen
942 538 957 563 ,
989 494 1307 569 Triumphus
1338 488 1533 550 Christi
1580 490 1817 549 heroicus
1839 535 1853 559 ,
1883 492 1951 548 de

344 605 458 662 quo
485 605 631 646 num.
668 589 756 647 19.
791 588 845 645 lu
880 588 988 645 line
1028 606 1040 642 :
1076 586 1298 643 Basilea:
1344 586 1485 658 apud
1512 584 1954 640 Bartholomarum

352 681 768 739 West/temerant
799 697 936 736 anno
962 694 1021 739 at.
1053 697 1106 737 ι).
1141 695 1247 736 ιιι.
1272 679 1536 734 Praelatur
1559 678 1605 733 is
1630 679 1747 749 ipse
1773 674 1955 735 West-

346 774 630 843 ltcmcrus,
654 772 749 845 qui
776 773 914 827 alios
939 782 1126 839 poetas
1148 766 1488 828 Christianos
1512 769 1562 825 in
1592 766 1767 824 lucem
1790 770 1955 825 edere

345 867 642 940 cogitabat.
692 866 804 940 36
830 865 996 923 Tituli
1030 882 1211 922 rerum
1247 864 1299 920 in
1335 866 1435 920 hac
1466 866 1731 934 editione,
1777 865 1829 918 iu
1861 863 1956 919 Al-

346 960 439 1030 do,
496 961 549 1017 in
581 958 826 1016 editione
855 957 1113 1014 Vaticana
1142 958 1315 1014 veteri
1345 998 1361 1022 ,
1406 973 1504 1012 seu
1536 954 1915 1012 Daventriensi
1935 997 1951 1025 ,

347 1053 403 1108 in
434 1052 793 1119 Poelmauno,
824 1061 877 1107 et
908 1051 963 1107 iu
1013 1049 1340 1107 Hadamario
1382 1049 1578 1105 diversi
1614 1060 1763 1104 sunt.
1808 1050 1952 1109 Mar-

346 1143 458 1216 gini
506 1146 758 1213 ascriptte
817 1154 942 1199 sunt
989 1143 1154 1198 Varia:
1213 1143 1496 1199 lectiones.
1539 1136 1954 1200 WeSIbemerus

344 1239 458 1310 jam
485 1255 631 1297 anno
661 1239 823 1308 1557,
853 1239 1101 1297 ediderat
1124 1237 1450 1304 Juvencum,
1481 1247 1537 1292 ut
1566 1237 1821 1293 vidimus.
1873 1237 1955 1293 Ex

350 1333 514 1406 hujus
537 1332 790 1389 editionis
833 1331 995 1387 titulo
1026 1331 1390 1388 hallucinatus
1423 1340 1507 1386 est
1534 1330 1805 1397 Knhnius,
1837 1330 1953 1403 qui,

348 1434 411 1481 ut
441 1424 675 1485 referam
708 1426 762 1480 in
789 1439 902 1483 var.
939 1424 1069 1481 lect.
1103 1423 1170 1480 ad
1203 1440 1345 1480 vers.
1376 1422 1482 1479 340
1503 1466 1519 1489 ,
1567 1424 1605 1479 1.
1631 1439 1689 1478 ιιι
1715 1469 1729 1493 ,
1757 1423 1955 1496 allegat

348 1519 646 1576 editionem
674 1517 901 1576 Antonii
927 1516 1322 1584 Nelirissetnis,
1348 1534 1464 1589 quis
1488 1516 1676 1590 prima,
1706 1515 1804 1585 ait,
1837 1531 1953 1569 cum

350 1614 767 1671 enarrationibus
822 1612 928 1671 suis
984 1611 1127 1667 dedit
1184 1609 1497 1666 Juvencum.
1577 1607 1954 1664 Nebrissensis

2053 398 2227 456 leensi
2254 399 2536 469 scripserit
2568 399 3013 471 Lugdunensem.

2126 492 2215 548 76.
2248 491 2433 549 Editio
2458 492 2720 566 vigesima
2749 510 2898 550 anno
2922 496 3064 553 1555
3103 513 3116 551 :
3145 494 3207 552 C.
3238 494 3479 561 Iuvenci,
3512 495 3661 551 (leii

2058 583 2284 651 Sedulii,
2333 583 2569 641 Arataris
2613 603 2765 642 sacra
2812 589 2980 658 poesis
3028 588 3316 659 recognita,
3361 598 3408 645 et
3439 588 3654 644 collata.

2056 673 2305 748 Lugduni
2336 676 2577 734 1555.1ιι
2613 677 2694 747 12,
2727 687 2819 732 aut
2851 677 2937 743 16,
2969 679 3110 750 apud
3139 678 3403 737 Joannem
3437 680 3660 735 Torum-

2055 768 2219 832 siunt,
2253 779 2309 825 et
2335 768 2665 826 Gulielmum
2708 771 2992 827 Gazeium.
3025 773 3176 828 Hanc
3206 772 3498 830 editionem
3531 790 3666 831 con-

2058 856 2258 917 tulerat
2288 856 2569 928 Latinius,
2622 871 2681 917 ut
2726 880 2791 919 cx
2832 879 2927 920 sua
2960 862 3291 923 bibliotheca
3337 876 3570 922 constat.
3603 865 3660 925 lu

2058 952 2391 1009 Bibliotheca
2443 954 2610 1027 Regia
2656 955 2952 1012 Parisiensi
3006 950 3317 1019 asservatur
3379 961 3663 1032 exetttpiar

2058 1043 2217 1117 hujus
2247 1045 2506 1103 editionis
2537 1064 2658 1104 cum
2685 1050 2848 1105 variis
2877 1049 3211 1106 lectionibus
3239 1067 3373 1108 mss.
3404 1054 3456 1107 in
3480 1050 3541 1108 C.
3570 1052 3668 1108 Ju-

2056 1155 2287 1195 veucum
2321 1156 2482 1195 manu
2515 1140 2574 1196 P.
2605 1140 2951 1214 Rupellensis
2978 1144 3256 1199 collatum.
3306 1145 3556 1218 Repetila
3580 1154 3667 1203 est

2058 1230 2174 1287 haec
2200 1230 2369 1289 editio
2398 1248 2488 1287 an.
2522 1233 2684 1300 1566,
2716 1245 2778 1290 ut
2797 1251 2948 1293 ιιιιιιι.
2978 1235 3068 1307 78,
3100 1235 3551 1296 animadvertam.

2131 1324 2219 1382 77.
2253 1326 2436 1385 Editio
2459 1328 2719 1400 vigesima
2749 1331 2920 1400 prima
2952 1345 3097 1388 anno
3119 1330 3279 1397 1564,
3314 1332 3560 1396 Basileuc,
3607 1333 3663 1388 in

2057 1416 2142 1487 4⁵,
2169 1419 2312 1476 inter
2337 1433 2527 1493 poetas
2559 1419 2902 1477 Chrisdanos
2920 1438 3040 1479 cum
3065 1425 3472 1480 commentariis
3495 1424 3667 1482 Geor—

2056 1514 2125 1587 gii
2159 1510 2415 1581 Fabricii,
2449 1531 2608 1588 quant
2640 1514 2939 1573 editionem
2983 1518 3074 1572 alii
3107 1517 3298 1574 dicunt
3326 1520 3378 1573 in
3409 1518 3529 1584 [0].,
3573 1518 3666 1575 alii

2059 1622 2201 1661 anno
2236 1604 2375 1663 1562
2401 1609 2681 1664 ascribunt
2732 1629 2743 1663 :
2791 1610 2857 1664 de
2887 1626 2989 1681 qua
3022 1611 3177 1682 plura
3210 1627 3312 1682 ego
3344 1611 3579 1667 disserui
3612 1614 3669 1669 in

349 1706 728 1763 cnarrationes
753 1714 881 1761 sunt
906 1703 962 1760 in
992 1703 1274 1759 Seduliqu
1313 1721 1326 1758 :
1361 1718 1482 1759 nam
1512 1701 1814 1757 Juvencum
1858 1699 1951 1755 ille
1985 1693 2029 1755 Β
2056 1699 2367 1770 Prolegom.
2402 1701 2467 1755 ad
2499 1700 2851 1759 Prudentium
2880 1720 2931 1756 ιι.
2964 1706 3087 1762 111.
3136 1702 3407 1761 Judicinm
3457 1705 3672 1763 Barthii

351 1818 647 1873 numquam
677 1809 1080 1859 commentatus
1120 1810 1225 1868 εει,
1280 1806 1338 1852 ut
1376 1813 1500 1854 cum
1550 1795 1668 1852 Nic.
1721 1795 1956 1852 Antonio

348 1895 635 1953 observavi
668 1910 821 1953 num.
852 1893 907 1948 5.

419 1989 509 2045 72.
567 1987 746 2044 Editio
775 1986 990 2043 decima
1020 1993 1176 2042 sexta
1215 1999 1357 2039 anno
1386 1978 1528 2037 1512
1570 1978 1799 2035 Basilea:
1828 1992 1952 2033 cum

344 2081 649 2139 Dittochaeo
680 2124 693 2146 ,
744 2082 858 2137 sive
904 2076 1225 2136 Encbiridio
1269 2073 1555 2131 Prudentii
1606 2071 1832 2143 repetita
1884 2085 1952 2125 ex

344 2177 643 2234 Basilecnsi
675 2176 800 2231 anni
832 2176 991 2243 1537,
1024 2185 1080 2231 ut
1106 2189 1176 2229 ex
1200 2170 1518 2242 Ludewigio
1545 2164 1707 2223 retuli
1744 2166 1795 2220 in
1827 2165 1956 2221 Pro-

339 2271 547 2345 legom.
576 2270 642 2324 ad
674 2267 1036 2325 Prudentium
1065 2283 1217 2321 num.
1248 2263 1373 2320 110.
1400 2262 1587 2335 Neque
1616 2275 1646 2314 a
1679 2255 1953 2324 Fabricio,

343 2380 518 2435 neque
546 2380 575 2417 a
606 2361 891 2419 Ceillierio
919 2360 1037 2416 lucc
1076 2359 1247 2415 editio
1275 2355 1329 2414 in
1363 2356 1477 2412 suis
1508 2350 1775 2425 catalogis
1804 2364 1957 2404 cum-

343 2465 710 2513 memoratur.

412 2548 500 2604 75.
550 2546 737 2602 Editio
767 2546 977 2601 decima
1026 2542 1257 2617 septima
1305 2526 1448 2595 anno
1482 2536 1623 2593 1515
1674 2554 1689 2592 :
1737 2532 1957 2589 Iuvenci

345 2642 573 2715 Hispani
614 2641 902 2716 presbyteri
933 2637 1169 2694 Historia
1215 2631 1510 2707 evangelica
1556 2647 1705 2686 usrsu
1748 2626 1956 2683 heroico

345 2735 607 2804 descripta
630 2732 845 2788 Parisiis
869 2730 1154 2787 excudebat
1173 2730 1360 2784 Petrus
1380 2724 1625 2783 Galterus
1643 2739 1737 2797 pro
1749 2716 1958 2776 Joanne

347 2828 592 2888 Barbara.
620 2839 667 2881 et
695 2826 917 2883 Claudio
951 2823 1288 2881 Caramantio
1322 2820 1481 2877 1545.
1528 2817 1588 2873 ιιι
1616 2815 1682 2873 16
1709 2862 1725 2885 ,
1751 2813 1834 2871 vel
1870 2812 1951 2867 1‘2.

348 2921 612 2978 Prtefatur
636 2919 997 2992 Woll'gangus
1028 2916 1279 2982 Golden,
1335 2913 1403 2970 ad
1454 2912 1610 2982 cujus
1654 2905 1954 2965 editionem

350 3016 693 3087 Lipsiensem
742 3013 871 3070 anni
906 3011 1083 3076 1511,
1129 3009 1246 3066 haec
1275 3005 1601 3064 Parisiensis
1649 3000 1957 3058 conforma-

2060 1793 2129 1850 de
2152 1793 2408 1851 Fabricio
2433 1795 2703 1867 proferam
2737 1797 2792 1854 in
2824 1810 2949 1853 nata
2981 1796 3047 1854 ad
3080 1815 3131 1853 v.
3169 1799 3271 1855 {79
3304 1799 3427 1856 libr.
3460 1815 3500 1854 ι.

2133 1890 2222 1944 78.
2261 1889 2441 1945 Editio
2480 1890 2740 1962 vigesima
2782 1893 3025 1948 secunda
3059 1908 3203 1951 anno
3227 1892 3368 1950 1566
3414 1910 3429 1948 :
3471 1894 3531 1951 ϐ.
3562 1891 3661 1949 Ju-

2060 1982 2225 2049 renci,
2260 1978 2409 2037 Ctelii
2440 1982 2665 2052 Sedulii,
2690 1983 2926 2039 Aratoris
2953 2001 3102 2041 sacra
3126 1984 3316 2055 poesis,
3349 2003 3552 2041 summa
3578 2003 3677 2040 cu-

2060 2094 2141 2145 ra,
2174 2087 2225 2132 et
2256 2077 2527 2152 diligentia
2569 2080 2857 2153 recoyuita,
2906 2094 2954 2134 et
2984 2080 3193 2137 collata.
3243 2078 3490 2155 Lugduni
3527 2080 3670 2153 apud

2058 2172 2314 2227 Joannem
2334 2171 2658 2231 Torntesium
2687 2175 2847 2232 1566.
2877 2176 2935 2235 lu
2970 2179 3141 2235 forma
3172 2178 3420 2244 minore,
3449 2188 3542 2233 aut
3578 2178 3669 2236 16.

2062 2265 2255 2320 Exstat
2287 2266 2401 2322 haec
2426 2267 2596 2323 editio
2642 2267 2701 2325 in
2732 2267 3054 2326 bibliotheca
3103 2268 3470 2329 Casanateusi
3516 2289 3530 2326 :
3563 2287 3668 2340 qua

2059 2371 2162 2428 ego
2215 2357 2379 2413 etiam
2430 2373 2561 2414 usus
2601 2375 2720 2414 sum
2754 2375 2823 2417 ex
2868 2359 3199 2419 bibliotheca
3247 2361 3670 2420 eminentissimi

2058 2457 2116 2505 et
2161 2452 2681 2507 commendatiSsimi
2740 2454 3037 2511 cardinalis
3094 2454 3340 2511 Valentis
3391 2453 3666 2528 Gonzaga.

2040 2539 2245 2595 .Dicata
2291 2556 2372 2596 εει
2418 2541 2651 2613 Georgio
2702 2546 3057 2614 Arntagttacio
3106 2546 3163 2602 S.
3196 2545 3263 2605 R.
3293 2546 3357 2603 E.
3406 2547 3672 2605 cardinali

2060 2644 2207 2685 anno
2240 2631 2402 2700 1553,
2429 2632 2674 2690 kalendis
2702 2633 3007 2691 Februarii.
3034 2636 3314 2695 Renovata
3343 2653 3474 2711 ergo
3495 2650 3579 2697 est
3603 2654 3671 2695 ex

2061 2723 2236 2795 prima
2265 2720 2613 2781 Tornaesiana
2643 2767 2658 2793 ,
2689 2736 2743 2783 et
2772 2742 2839 2786 eo
2868 2744 3012 2785 anno
3042 2730 3182 2789 1553
3206 2772 3223 2799 ,
3255 2732 3475 2803 vulgata
3500 2772 3518 2799 ,
3568 2731 3671 2788 uisi

2061 2816 2204 2872 forte
2232 2816 2426 2873 eadem
2454 2816 2679 2873 oumino
2709 2827 2793 2873 est
2816 2860 2832 2887 ,
2863 2829 3069 2879 mutata
3097 2823 3275 2879 solum
3322 2824 3494 2894 prima
3526 2823 3676 2883 fron-

2068 2922 2119 2968 te
2147 2929 2160 2967 :
2192 2928 2312 2987 qua
2341 2913 2481 2969 solet
2527 2930 2650 2975 esse
2681 2913 2833 2973 fraus
2880 2916 3322 2987 bibliopolarum.
3365 2918 3677 2979 Ceillicrius

2062 3008 2146 3062 bis
2176 3007 2315 3066 hanc
2345 3007 2642 3064 editionem
2676 3010 2802 3066 anni
2835 3008 2974 3067 1566
3026 3023 3278 3070 numerat
3303 3051 3321 3078 ,
3350 3021 3408 3067 ct
3446 3013 3523 3068 ait
3551 3027 3676 3070 esse

354 3085 462 3164 tur.
512 3106 716 3167 Confer
762 3121 913 3163 num.
948 3103 1036 3160 65.
1092 3100 1243 3157 Finis
1273 3099 1396 3156 libri
1419 3114 1472 3153 tv
1512 3094 1805 3153 ascribitur
1838 3096 1960 3165 po'st
1986 3085 2034 3150 C
2064 3100 2121 3156 iu
2153 3102 2245 3159 18.
2293 3099 2410 3155 Nic.
2459 3100 2729 3157 Antonius
2759 3101 3010 3158 utebatur
3056 3103 3298 3162 editione
3326 3104 3676 3163 Torumsiana

358 3216 506 3258 vers.
534 3198 640 3257 405
684 3218 697 3254 :
749 3199 949 3255 Cuncta
979 3195 1266 3251 Pharisaais
1310 3209 1482 3248 rerum
1534 3187 1793 3244 miracula
1834 3205 1959 3241 nar-

354 3305 492 3350 rant.
524 3295 661 3351 Tutu
684 3295 955 3366 sequitur,
989 3290 1177 3351 Passio
1212 3288 1277 3343 D.
1316 3286 1390 3344 Ν.
1422 3286 1549 3342 Jesu
1578 3285 1771 3340 Christi
1802 3301 1835 3338 a
1863 3282 1964 3337 Ju—

359 3405 511 3444 ocnco
539 3388 835 3462 presbytero
862 3387 1070 3441 metrice
1096 3382 1406 3455 composita.
1461 3379 1570 3436 Sed
1604 3396 1727 3436 cum
1773 3390 1965 3433 versus

359 3478 465 3537 404
492 3495 587 3552 per
620 3479 938 3550 particulam
964 3494 1083 3553 ergo
1114 3484 1476 3532 connectatur
1496 3488 1618 3527 cum
1647 3468 1963 3543 prrr'ccdeno

364 3573 528 3638 tibus,
561 3571 744 3643 inepte
777 3570 900 3625 linis
931 3570 969 3625 l.
1017 3585 1071 3623 tv
1102 3578 1228 3623 ante
1254 3583 1380 3622 eum
1418 3564 1696 3621 statuitur.
1742 3561 1969 3618 Addun-

365 3674 455 3719 tur
505 3662 679 3734 elogia
726 3660 952 3721 Juvenci
983 3677 1054 3716 ex
1084 3658 1143 3716 S.
1202 3659 1575 3727 Hieronymo,
1637 3655 1964 3720 Tritbemio,

365 3755 578 3815 Joanne
599 3753 752 3824 Bapt.
781 3753 1074 3811 Mantuano
1101 3794 1114 3817 ,
1146 3760 1201 3808 et
1228 3750 1527 3806 Francisco
1551 3745 1872 3814 Petrarcha,
1915 3752 1973 3800 et

366 3846 635 3905 Lactantii
654 3862 876 3902 carmen
898 3846 965 3903 de
990 3845 1241 3916 passione
1267 3843 1505 3897 Domini.
1528 3840 1699 3896 Tituli
1722 3839 1974 3909 frequen-

372 3941 565 4007 tiores,
594 3948 650 3999 et
682 3939 962 3996 uberiores
1000 3947 1148 4001 sunt,
1178 3951 1340 4008 quam
1374 3935 1427 3990 in
1458 3933 1734 4006 pleri5qne
1776 3932 1971 3986 editio-

372 4036 555 4100 nihus,
585 4034 653 4090 ab
680 4034 921 4100 Editore,
956 4042 1015 4091 ut
1038 4031 1292 4103 conjicio,
1322 4027 1582 4102 appositi.

449 4127 536 4183 71.
558 4125 739 4185 Editio
766 4124 975 4181 decima
1008 4135 1198 4179 octava
1217 4138 1358 4178 anno
1375 4120 1566 4177 eodem
1587 4115 1724 4174 1545
1742 4116 1976 4187 \Basilea:

375 4224 433 4279 in
473 4222 554 4288 8°,
579 4238 701 4277 cum
746 4220 996 4286 Sedulio,
1032 4226 1087 4275 et
1112 4220 1367 4285 Aratore,
1399 4214 1598 4270 collata
1629 4226 1751 4267 cum
1788 4210 1978 4266 codice

374 4313 823 4384 Rottendornhii,
848 4320 903 4369 et
923 4311 1044 4367 aliis
1073 4324 1282 4365 mss.ex
1314 4304 1582 4372 Fabricio,
1602 4313 1657 4360 et
1678 4300 1974 4359 Reuschio.

450 4407 537 4466 75.
572 4407 753 4461 Editio
794 4404 1005 4459 decima
1038 4416 1178 4457 nona
1209 4415 1351 4454 anno
1384 4398 1516 4453 1551
1564 4414 1576 4450 :
1621 4394 1837 4450 Juvenci
1880 4391 1980 4446 Hi-

2065 3192 2195 3248 anni
2225 3190 2389 3258 1564,
2419 3193 2472 3251 in
2500 3191 2593 3262 24,
2628 3210 2791 3267 quam
2827 3194 3100 3251 diversam
3134 3197 3203 3251 ab
3233 3196 3342 3265 his,
3373 3213 3508 3269 quas
3538 3198 3679 3266 dixi,

2068 3301 2174 3341 non
2205 3285 2480 3342 existimo.
3334 3342 3348 3353 ς

2137 3376 2251 3450 38
2273 3376 2361 3432 79.
2394 3376 2576 3438 Editio
2602 3379 2862 3450 vigesima
2894 3380 3059 3436 tertia
3090 3396 3238 3439 anno
3267 3382 3409 3441 1569
3440 3401 3454 3439 :
3482 3383 3676 3441 Juveno

2069 3471 2138 3536 ci,
2173 3480 2223 3525 et
2252 3468 2492 3525 Aratoris
2520 3488 2670 3526 sacra
2699 3473 2886 3543 poesis.
2917 3471 3206 3529 Mediolani
3228 3476 3548 3547 imprimebat
3572 3475 3684 3532 Pa-

2070 3564 2252 3634 ciﬁcas
2296 3562 2517 3619 Pontius
2563 3583 2786 3623 unum.
2839 3567 2896 3623 lu
2927 3568 3008 3624 8°.
3062 3569 3120 3626 lu
3156 3569 3261 3627 line
3293 3581 3473 3626 exstat
3494 3569 3679 3628 Jacobi

2074 3659 2391 3715 Sannazarii
2413 3661 2477 3715 de
2500 3672 2661 3715 morte
2675 3662 2868 3717 Christi
2888 3662 3099 3717 Domini
3121 3667 3193 3721 ad
3213 3666 3456 3719 mortales
3484 3667 3684 3721 lamen-

2073 3752 2221 3805 tatio.
2270 3750 2590 3806 lndicantur
2618 3752 2737 3807 loca
2769 3752 3210 3825 Evangeliorum,
3257 3755 3353 3811 sed
3385 3757 3531 3814 tituli
3573 3773 3683 3817 non

2074 3844 2456 3914 esplanantur.
2502 3845 2560 3901 In
2606 3845 2713 3905 ilne
2757 3848 3010 3905 laudatur
3038 3848 3313 3912 Iuvencus
3341 3868 3369 3909 a
3397 3851 3454 3913 S.
3492 3852 3683 3911 Hiero-

2077 3954 2265 4011 nymo,
2299 3938 2625 4006 Tritbemio,
2651 3940 2816 3997 Petro
2838 3942 3070 4014 Crinito,
3105 3944 3317 4002 Joanne
3350 3946 3503 4021 Bapt.
3537 3947 3687 4005 Nan-

2079 4040 2273 4099 tuauo,
2301 4039 2359 4088 et
2381 4026 2676 4089 Francisco
2700 4032 2996 4091 Petrarcba
3024 4076 3040 4103 ,
3086 4046 3146 4093 ut
3190 4036 3245 4093 in
3288 4039 3529 4097 editione
3555 4040 3691 4099 Tor-

2081 4122 2343 4191 naesiana,
2394 4124 2461 4183 ad
2515 4142 2676 4198 quam
2723 4126 3062 4185 conformata
3105 4131 3221 4187 haec
3262 4132 3689 4193 Mediolanensis

2081 4215 2254 4272 editio
2309 4215 2442 4275 mihi
2485 4217 2795 4277 conferenti
2822 4222 2938 4279 visa
2967 4233 3070 4281 est.
3118 4226 3445 4283 Asservatur
3499 4225 3693 4286 Roma:

2083 4313 2136 4366 in
2159 4311 2364 4368 celebri
2393 4311 2724 4372 bibliotheca
2770 4314 3089 4383 Barberina,
3114 4327 3169 4375 et
3187 4317 3410 4391 Collegii
3436 4320 3689 4378 Romani.

2156 4402 2246 4458 80.
2282 4402 2462 4463 Editio
2494 4406 2752 4476 vigesima
2782 4419 2977 4478 quarta
3029 4425 3174 4467 anno
3226 4412 3367 4469 1575
3409 4430 3422 4468 :
3472 4413 3694 4472 Iuvenci

376 4500 527 4573 spani
554 4498 676 4554 libr.
707 4512 762 4553 tv
790 4496 1095 4567 evangelica:
1130 4492 1398 4547 Historias.
1430 4528 1442 4542 .
1479 4529 1493 4543 .
1527 4528 1539 4543 .
1573 4489 1749 4544 omnia
1795 4502 1970 4558 recog-
2004 4466 2062 4527 Β
2083 4496 2293 4566 hispani
2315 4466 2620 4570 evangelica:
2641 4466 2896 4556 Historia:
2916 4501 3037 4559 libri
3060 4518 3133 4558 Iv.
3154 4466 3303 4560 Caelii
3328 4466 3692 4575 Sedulii,_ete;

382 4594 525 4658 nita,
574 4603 622 4645 et
667 4591 818 4645 variis
865 4585 1170 4642 lectionihus
1200 4585 1465 4639 illustrata
1511 4580 1687 4636 studio
1720 4578 1984 4634 Theodori

384 4684 696 4742 Poelmanni
722 4679 1129 4749 Basilew1551,
1176 4681 1228 4736 in
1261 4679 1342 4745 8',
1383 4692 1506 4734 eum
1538 4677 1762 4735 Sedulio
1788 4722 1802 4743 ,
1846 4678 1985 4729 Ara-

386 4788 525 4843 tore,
576 4784 635 4833 et
679 4770 892 4830 duobus
921 4772 1135 4843 hymnis
1166 4768 1449 4825 Fortunati
1485 4783 1583 4838 per
1621 4764 1728 4840 37
1759 4764 1823 4822 G.
1855 4767 1986 4820 Cas-

384 4870 642 4927 sandrum
668 4868 955 4924 restitutis.
1008 4864 1086 4920 Ex
1115 4863 1378 4934 Catalogo
1410 4861 1767 4917 Bibliotheca:
1803 4859 1986 4928 Regia:

387 4966 734 5021 Parisiensis.
794 4966 1019 5021 \‘idetnr
1063 4964 1180 5019 lucc
1233 4964 1402 5017 editio
1448 4961 1680 5031 repetita
1717 4974 1782 5015 ex
1817 4960 1988 5030 prima

2088 4588 2282 4647 Omnia
2325 4608 2417 4662 per
2463 4590 2797 4648 Theodorum
2833 4593 3212 4651 Poelmannum
3256 4595 3697 4675 Crauenburgett-

2085 4702 2191 4739 seu
2242 4685 2507 4757 recagnita
2535 4685 2713 4740 Calari
2736 4703 3002 4744 unum".
3050 4684 3356 4747 Excudebat
3393 4691 3698 4751 Vincentius

2090 4779 2432 4837 Sembeninus
2480 4780 2805 4837 Salodiensis
2833 4783 3116 4856 impressor
3147 4783 3212 4841 ll.
3249 4783 3314 4840 ο.
3351 4785 3564 4843 Nicolai
3593 4788 3697 4845 Ca-

2089 4873 2304 4946 nyeltes.
2346 4872 2463 4929 Vic.
2496 4871 2686 4937 Gener,
2734 4874 2873 4935 Sede
2896 4886 3129 4933 vacante.
3175 4874 3237 4937 In
3261 4880 3341 4935 8°.
3397 4880 3696 4940 Bautlinius

2094 4967 2147 5020 in
2174 4964 2433 5041 Catalogo
2457 4982 2588 5026 mss.
2621 4967 2965 5025 bibliotheca-
2992 4969 3265 5031 Medicae:
3293 4973 3488 5041 innuit,
3520 4975 3698 5037 Theo-

388 5054 1774 5124 editlonePoelmanniauareccmitanmn.70,qua:
1794 5051 1993 5122 prodiit
2095 5058 2291 5113 dorum
2326 5059 2716 5115 Poelmannnm
2764 5075 2987 5119 curasse
3038 5061 3177 5122 hanc
3217 5064 3699 5127 θάῑιῑςωουιςιιια.

390 5152 512 5208 sine
536 5154 661 5207 anni
695 5161 844 5219 nota,
881 5165 937 5205 ιιι
965 5162 1093 5206 tunc
1122 5148 1254 5211 divi.
1288 5148 1392 5204 nisi
1440 5149 1483 5202 si
1534 5147 1673 5202 forte
1718 5147 1772 5201 in
1809 5154 1993 5201 exem-

394 5243 533 5315 plari
560 5243 905 5300 bibliothecae
950 5244 1133 5314 Regia;
1158 5241 1484 5297 Parisiensis
1518 5240 1799 5311 appositus
1832 5237 1996 5292 frterit

393 5353 561 5394 verus
583 5352 759 5393 annus
786 5337 1045 5394 editionis
1087 5336 1273 5407 primm
1304 5350 1468 5393 manu
1497 5332 1725 5403 alicujus
1751 5375 1765 5396 ,
1820 5334 1908 5403 qui
1941 5328 1995 5409 id

398 5432 632 5487 noverit.
676 5430 929 5487 Barthius
965 5430 1091 5486 libr.
1129 5445 1252 5485 atth
1289 5427 1547 5491 Advers.,
1579 5442 1701 5495 cap.
1733 5428 1788 5489 5,
1814 5425 2000 5480 laudat

399 5524 695 5582 editionem
728 5522 1143 5596 Lugdtttlt'nSem
1193 5523 1320 5576 anui
1371 5519 1550 5590 1551,
1595 5536 1716 5590 quae
1747 5528 2001 5574 auctores

402 5624 513 5671 tres
541 5616 848 5683 Aratorem,
898 5615 1201 5683 Sedulium,
1254 5610 1559 5676 Juvencum
1589 5625 1811 5682 prorsus
1844 5626 2003 5668 reno-

402 5715 557 5765 vatos
584 5705 651 5764 ad
679 5707 969 5766 lectionem
1002 5720 1136 5764 mss.
1163 5720 1277 5779 prae
1307 5721 1367 5764 se
1393 5705 1516 5764 fert.
1548 5704 1700 5762 Haud
1727 5705 1842 5763 scio
1872 5716 2005 5763 sane

2096 5153 2328 5207 ritanam
2366 5169 2381 5206 :
2407 5151 2552 5225 quod
2582 5150 2655 5211 ita
2685 5154 2979 5227 intelligas,
3023 5164 3084 5211 ut
3110 5156 3477 5219 Poelmannus
3496 5159 3697 5220 editio-

2100 5259 2225 5299 nem
2251 5240 2619 5301 Basileensem
2649 5242 2879 5301 relatam
2909 5263 3061 5307 num.
3090 5248 3159 5307 70
3186 5252 3479 5319 curaverit,
3508 5252 3577 5311 ad
3603 5268 3700 5311 cu-

2104 5337 2191 5405 jus
2231 5348 2481 5393 normam
2517 5337 2634 5397 hmc
2678 5338 2846 5397 editio
2890 5340 3207 5412 Calai-itaita
3238 5343 3490 5403 confecta
3531 5349 3702 5408 fuerit

2107 5443 2370 5503 expresso
2415 5430 2577 5485 etiam
2629 5432 2803 5503 primo
2854 5434 3011 5491 titulo
3055 5436 3256 5505 aperis.
3296 5437 3445 5497 Satis
3479 5442 3702 5517 quidem

2109 5530 2361 5579 correcta
2402 5531 2486 5575 est
2535 5522 2649 5578 haec
2690 5523 2857 5581 editio
2900 5526 3247 5593 Galaritaua.
3292 5546 3414 5605 quae.
3439 5547 3618 5596 exstat
3651 5539 3708 5596 iu

2112 5608 2439 5673 bibliotheca
2469 5611 2785 5687 Sapientiae,
2814 5625 2867 5670 et
2886 5614 3161 5691 Angelius
3188 5618 3397 5683 Roma.

2185 5703 2276 5763 81.
2305 5702 2486 5769 Editio
2511 5706 2770 5783 vigesima
2801 5709 2988 5782 quinta
3020 5725 3179 5783 anno
3214 5715 3354 5778 1575
3404 5720 3458 5779 in
3505 5722 3707 5788 Biblim
