4176 6180
542 220 612 278 so
1190 210 1201 218 '
1366 188 1367 191 γ
1539 220 1607 281 c.
1648 220 1950 281 vernus
1989 217 2365 292 AQUILINUS
2402 220 2779 281 JUVENCUS.
3764 216 3837 272 to

538 337 695 395 theca
724 340 943 394 Patrum
973 336 1287 407 Parisiensi,
1315 338 1545 409 repetita
1576 339 1631 394 in
1661 340 1781 395 aliis
1806 339 2139 396 editionibus
2163 341 2224 403 Δ
2246 340 2448 396 labores
2478 341 2699 398 ineditos
2729 339 2785 395 id
2811 337 2941 394 mihi
2963 337 3109 412 juris
3136 320 3342 393 sumere
3360 335 3526 402 nolui,
3559 342 3618 390 ut
3637 331 3840 406 aliquid

534 431 884 488 bibliotheca:
911 432 1155 498 Patrum,
1188 440 1248 485 ut
1272 431 1499 488 Parisiis
1529 431 1691 497 1589,
1715 430 2137 499 Coloniaa1618,

536 521 763 580 Parisiis
792 524 952 593 1624,
981 522 1144 592 16M,
1176 533 1232 580 et
1257 524 1419 590 1651,
1446 524 1695 596 Lugduni
1724 526 1888 581 1677.
1933 526 2017 582 An
2045 541 2138 580 au-

534 626 644 674 tem
670 618 754 674 hac
787 632 981 675 omnes
1011 617 1279 674 editiones
1300 617 1654 675 Bibliotheca:
1683 618 1899 674 Patrum
1946 632 2140 689 reapse

533 712 676 770 inter
712 728 773 769 se
810 713 1083 769 distinctae
1112 713 1224 769 sint
1251 758 1267 781 ,
1322 712 1566 770 dubitavi
1618 715 1670 770 in
1710 715 2023 787 Prolegom.
2069 714 2137 771 ad

533 807 887 865 Dracontium
918 825 1068 865 num.
1097 808 1187 875 60,
1237 823 1413 881 neque
1443 808 1623 866 adhuc
1652 824 1840 866 verum
1892 810 2140 866 invenire

418 892 427 907 '
534 900 707 972 potui.
742 899 1079 956 Bibliotheca
1103 899 1322 955 Patrum
1344 899 1486 956 edita
1508 914 1652 956 anno
1678 899 1818 957 1589
1866 899 1921 954 in
1954 898 2140 955 Indice

534 992 920 1063 eXput-gatorio
948 990 1404 1048 Brasichellensis
1432 993 1730 1060 recensita,
1758 1000 1814 1049 et
1839 1002 2139 1063 expurgata

533 1098 639 1156 est,
687 1088 783 1144 sed
817 1087 1039 1145 intactis
1065 1086 1293 1144 Juvenci
1342 1088 1696 1144 carminibus.
1724 1087 1894 1143 .Inter
1932 1086 2141 1142 Biblio-

537 1179 726 1237 tltecas
756 1180 978 1236 Patrum
1026 1181 1216 1252 reponi
1262 1188 1444 1251 potest
1490 1195 1657 1250 opus.
1705 1180 1852 1252 quod
1899 1179 2140 1236 Thomas

535 1272 747 1343 lttigius
771 1281 1023 1329 recenset
1058 1272 1115 1328 in
1145 1273 1284 1329 libro
1315 1273 1394 1330 De
1425 1273 1798 1343 Bibliothecis,
1831 1280 1889 1328 et
1918 1272 2139 1328 Catenis

533 1365 783 1422 Patrum:
816 1365 1066 1423 Diuorum
1097 1366 1343 1435 Patrum,
1374 1377 1424 1424 et
1456 1367 1740 1423 Doctorum
1762 1367 2031 1434 Ecclesite,
2050 1368 2139 1439 qui

2245 451 2309 490 ea:
2327 436 2390 490 iis
2408 435 2683 505 demerem,
2708 442 2799 490 aut
2824 441 3101 488 mutarent.
3128 428 3246 485 Hoc
3266 430 3402 485 enim
3426 430 3472 485 si
3499 428 3627 484 mihi
3649 428 3837 498 permi-

2241 527 2442 597 sissent,
2468 535 2666 581 mutata
2688 540 2967 598 parumper
2983 523 3120 596 facie
3133 519 3397 577 Iuvencus
3419 520 3717 590 prodiisset.
3731 517 3841 593 ω

2246 618 2542 675 ()misissem
2569 616 2823 692 quasdam
2857 618 3091 673 locorum
3116 612 3470 670 communium
3505 611 3838 666 deductiones

2242 714 2517 784 omniaque
2534 728 2616 779 ea,
2648 726 2764 783 quae
2785 709 2992 783 longius
3022 708 3183 782 petita
3211 706 3375 762 videri
3405 711 3633 775 possent.
3650 701 3833 768 Addit,

2241 804 2539 860 Omeisium
2566 804 2623 859 in
2653 801 3027 874 espendendis
3062 799 3230 856 variis
3261 797 3594 854 lectionibus
3625 795 3841 868 parcio-

2240 912 2357 953 rem
2372 896 2557 964 fuisse,
2575 906 2629 951 ct
2649 904 2823 951 morte
2840 904 3176 964 praeventum
3196 890 3471 948 secundas
3492 904 3656 947 curas
3671 888 3835 945 adhi-

2239 988 2372 1045 bere
2401 1004 2510 1045 non
2538 992 2803 1060 potuisse.
2832 986 2955 1044 Non
2978 995 3086 1043 tam
3117 1001 3177 1042 se
3198 985 3550 1056 conjecturas
3579 983 3840 1040 attulisse

2242 1083 2319 1138 ait
2350 1082 2680 1149 Reuschius,
2724 1098 2886 1153 quam
2921 1081 3109 1152 potius
3158 1079 3448 1146 lectiones,
3479 1078 3532 1132 in
3560 1076 3838 1133 codicibus

2243 1184 2512 1245 repertas,
2536 1174 2735 1246 judicii
2763 1175 2915 1230 lance
2949 1171 3311 1245 ponderasse.
3344 1169 3717 1226 PauciSsimas
3739 1184 3834 1225 ve-

2243 1285 2305 1324 ro
2336 1269 2598 1325 lectiones
2623 1268 2807 1325 varias
2841 1268 2895 1322 in
2946 1266 3093 1322 notis
3130 1263 3411 1334 ascripsit,
3452 1263 3576 1333 quia
3618 1261 3834 1318 animus

2242 1363 2318 1418 illi
2345 1372 2486 1431 erat,
2516 1364 2757 1420 libellum
2779 1378 2965 1420 earum
2986 1359 3324 1419 abilmeisio
3353 1354 3666 1428 collectum,
3692 1359 3838 1415 notis

531 1459 694 1533 ligata
713 1463 948 1517 oratione
967 1463 1311 1528 scripserunt,
1344 1461 1718 1532 paraphrases,
1761 1469 1810 1516 et
1838 1460 2138 1516 meditatio-
2241 1457 2550 1528 subjicere:
2597 1458 2716 1523 sed,
2752 1454 3170 1511 imminentibus
3199 1451 3485 1520 nundinis,
3513 1452 3664 1507 illum
3695 1450 3839 1523 typis

532 1570 623 1611 nes
661 1557 717 1610 in
749 1555 1037 1627 Evangelia
1077 1555 1418 1610 dominicalia
1460 1555 1688 1610 collectiv
1733 1572 1766 1609 a
1815 1553 1892 1609 Μ.
1932 1552 2139 1608 Joanne
2240 1550 2511 1605 excudere
2535 1564 2638 1604 non
2656 1549 2852 1620 potuit.
2879 1547 3349 1618 Cogitabatetiam
3374 1546 3705 1616 peculiarem
3729 1546 3839 1601 Dis.

531 1645 769 1703 Zelmero
800 1647 957 1703 1602.
992 1645 1202 1720 Lipsiae.
1254 1647 1374 1714 Quo
1418 1646 1473 1702 in
1515 1657 1809 1719 systemate
1837 1647 2135 1701 carminum
2169 1717 2203 1720 _
2242 1641 2597 1697 sertationem
2638 1640 2706 1696 de
2739 1651 3018 1711 poetarum
3042 1637 3481 1695 Christianorum
3514 1636 3837 1694 charactere

530 1752 815 1795 sacrorum
838 1717 1114 1795 Iuvencus
1134 1738 1245 1810 39
1266 1739 1504 1794 insertus
1530 1717 1635 1801 est,
1658 1747 1750 1794 aut
1768 1737 1972 1808 aliquid
1994 1738 2130 1808 ejus.
2168 1717 2216 1778 Β
2240 1733 2405 1789 edere
2428 1772 2444 1799 ,
2504 1749 2610 1804 qua
2652 1734 3021 1804 prtestantiam
3067 1730 3298 1788 Juvenci
3354 1740 3836 1787 commonstraret.

533 1830 742 1888 Eodem
774 1831 1035 1901 pertinet,
1088 1832 1232 1900 quod
1264 1831 1515 1887 Andreas
1541 1829 1779 1886 Wilkins
1825 1846 1969 1885 anno
2000 1831 2138 1887 1610
2314 1827 2406 1883 85.
2441 1825 2711 1883 Omeisius
2740 1828 2794 1881 in
2817 1826 3135 1897 praefatione
3159 1840 3255 1880 sua
3287 1825 3476 1892 refert,
3506 1823 3834 1880 avunculum

532 1922 705 1979 edidit
746 1922 1229 1994 Heortographiam
1271 1923 1323 1978 in
1351 1922 1431 1991 8°,
1476 1924 1530 1979 in
1560 1924 1713 1995 cujus
1758 1925 1942 1994 priore
1986 1933 2137 1994 parte
2239 1936 2395 1977 suum
2411 1922 2570 1978 Joan.
2594 1920 2924 1977 Saubertum
2953 1919 3244 1977 consilium
3262 1919 3331 1975 de
3361 1917 3836 1975 edendoluvenco

532 2016 733 2088 legitur
783 2015 1019 2087 hymnus
1060 2015 1286 2072 Juvenci
1327 2016 1406 2070 De
1450 2018 1885 2073 Annunciatione.
1937 2016 2139 2073 Confer
2242 2018 2413 2073 multo
2429 2027 2557 2073 ante
2576 2017 2789 2087 cepisse
2814 2032 2881 2072 ex
2912 2017 3111 2087 optima
3145 2014 3486 2081 membrana,
3517 2011 3838 2085 editionum-

530 2127 682 2168 num.
717 2112 804 2167 16.
862 2110 1073 2167 Prodiit
1118 2112 1284 2168 etiam
1320 2110 1589 2167 Dominici
1629 2111 1857 2167 Schratn
1902 2109 2135 2167 Benedi-
2177 2184 2186 2191 .
2239 2127 2348 2182 quc
2390 2112 2717 2178 collatione,
2749 2121 2805 2167 ut
2833 2110 3132 2167 declaravit
3172 2109 3226 2165 in
3249 2108 3417 2164 variis
3437 2110 3553 2164 suis
3585 2091 3835 2164 lectioni-

530 2204 665 2260 CIini
713 2203 971 2278 Aualysis
1019 2219 1251 2275 operum
1299 2203 1398 2261 SS.
1439 2204 1663 2260 Patrum
1704 2215 1760 2260 et
1795 2204 2134 2273 Scriptorum
2239 2206 2341 2262 bus
2368 2206 2421 2262 in
2462 2206 2770 2263 Matthazum
2813 2222 2935 2277 pag.
2977 2205 3107 2273 259,
3131 2213 3189 2261 et
3225 2205 3326 2262 sub
3377 2203 3590 2260 initium
3637 2202 3836 2273 praefa-

531 2298 1033 2356 ecclesiasticorum
1083 2297 1139 2352 in
1189 2296 1268 2366 8°,
1318 2297 1575 2369 Augusta:
1599 2296 2006 2352 Vindelicorum
2034 2338 2050 2363 ,
2081 2306 2140 2352 et
2240 2300 2403 2356 tionis
2431 2301 2498 2356 ad
2543 2301 2803 2358 lectorem
2855 2301 3120 2370 palaestrae
3149 2315 3265 2355 sua:
3312 2298 3832 2370 theologica-philo-

476 2441 486 2450 ,
534 2401 687 2448 tomc
714 2390 805 2459 1X,
842 2406 987 2447 anno
1016 2389 1195 2458 1786,
1246 2391 1484 2463 analysis
1535 2405 1760 2460 operum
1793 2389 2021 2446 Juvenci
2068 2405 2135 2444 ex
2238 2395 2397 2466 soph.
2431 2393 2512 2451 Ex
2542 2394 2702 2466 hujus
2741 2393 3121 2465 suppellectile
3167 2393 3389 2449 libraria
3416 2392 3687 2450 Otneisius
3729 2389 3833 2445 sibi

529 2485 801 2543 Gallandii
829 2485 1095 2541 editione.
1127 2484 1420 2541 Schramus
1443 2485 1691 2556 quaedam
1716 2483 2020 2540 reformare
2041 2499 2135 2539 vo-

528 2579 651 2649 luit,
680 2580 942 2651 pleraque
968 2579 1187 2634 vitiose.

525 2672 690 2743 ιξῑεε.
720 2671 899 2727 Editio
928 2670 1190 2742 vigesima
1220 2680 1372 2725 sexta
1415 2684 1560 2725 anno
1592 2668 1763 2725 1588:
1794 2670 1854 2726 C.
1887 2668 2132 2738 Iuvenci,

529 2761 675 2821 Catii
703 2762 931 2830 Sedulii,
988 2761 1224 2817 Aratoris
1261 2777 1412 2816 sacra
1462 2761 1651 2832 poesis.
1707 2760 1968 2816 Lactantii
2012 2760 2136 2815 Fir-

531 2858 695 2913 ntiani
724 2873 933 2911 carmen
971 2856 1036 2910 de
1066 2854 1329 2926 beneﬁciis
1357 2853 1593 2909 Christi:
1622 2854 1797 2908 omnia
1831 2855 2095 2925 recognita
2119 2895 2133 2921 ,

537 2961 587 3008 et
612 2951 805 3007 collata
834 2966 952 3004 cum
995 2948 1154 3002 variis
1188 2945 1520 3014 editionibus,
1551 2955 1599 3000 et
1646 2962 1772 3001 mss.
1822 2945 2105 3001 codicibus.

531 3045 797 3101 Accedunt
845 3041 1032 3098 Probte
1071 3038 1345 3095 Falconite
1389 3039 1642 3096 Centones
1681 3041 1735 3095 in
1767 3042 2005 3112 quadam
2042 3040 2130 3094 hi—

529 3138 705 3193 storice
725 3150 886 3190 sacrae
914 3134 1101 3206 capita.
1131 3132 1377 3205 Lugduni
1401 3131 1630 3189 Joannes
1645 3132 1939 3189 Torntesius
1963 3133 2124 3192 1588.

534 3234 592 3290 lu
631 3232 718 3289 16.
753 3232 832 3286 Ex
874 3228 1134 3313 Catalogo
1174 3228 1519 3285 bibliotheca:
1550 3229 1736 3300 Regia;
1772 3228 2126 3293 Parisiensis,

532 3332 591 3383 et
613 3340 683 3381 ex
715 3321 1017 3385 Ceillierio,
1064 3322 1193 3390 qui,
1252 3324 1468 3391 Opinor,
1512 3320 1651 3377 hanc
1684 3319 1955 3391 intelligit,
2004 3335 2127 3374 cum

528 3418 716 3477 laudat
758 3418 1055 3475 editionem
1085 3415 1508 3487 Lugdunensem
1544 3415 1671 3470 anni
1717 3414 1859 3471 1588
1885 3458 1900 3483 ,
1930 3414 1984 3468 in
2029 3412 2086 3468 8°
2111 3454 2127 3479 ,

529 3528 709 3584 neque
747 3512 981 3567 fortasse
1020 3509 1239 3566 diversa
1280 3509 1452 3565 editio
1496 3524 1559 3565 ea
1612 3517 1695 3564 est
1720 3549 1736 3573 ,
1780 3523 1941 3577 quam
1984 3506 2130 3561 Reu-

530 3604 718 3663 sehius
762 3605 929 3661 refert
953 3602 1194 3660 Genava:
1217 3601 1382 3670 1588,
1421 3603 1474 3657 in
1511 3602 1614 3656 12:
1657 3601 1938 3672 conjungit
1981 3599 2127 3656 enim

529 3701 673 3759 hanc
709 3716 836 3758 cum
869 3699 994 3755 aliis
1023 3696 1423 3757 Torntesianis.
1454 3695 1601 3753 Idem
1634 3696 1797 3752 aliam
1829 3693 2127 3752 editionem

527 3795 793 3853 Venetam
824 3797 879 3852 in
911 3794 1001 3863 12,
1030 3793 1150 3851 sine
1178 3808 1323 3850 anno
1359 3800 1648 3850 recenset:
1691 3808 1855 3864 quam
1897 3792 1951 3847 in
1985 3790 2130 3848 hunc

526 3901 745 3960 quoque
770 3886 949 3941 locum
970 3885 1244 3955 c0njicere
1274 3885 1448 3940 visum
1470 3893 1575 3940 est.

597 3980 689 4038 85.
731 3978 913 4036 Εᾶίιίο
940 3976 1200 4050 vigesima
1231 3977 1461 4047 septima
1492 3991 1634 4031 anno
1662 3976 1802 4032 1605
1821 4017 1838 4045 ,
1897 3976 1950 4031 in
1994 3976 2128 4032 Cor-

521 4090 660 4150 pore
688 4074 1009 4133 Latinorum
1050 4081 1334 4144 poetarum
1365 4068 1618 4141 Lugduni
1649 4069 1702 4124 in
1728 4069 1806 4125 4⁸.
1854 4069 1974 4138 Quo
2003 4084 2129 4139 Spe-

524 4180 674 4229 ctant
696 4169 817 4226 alite
838 4166 1111 4225 editiones
1130 4164 1357 4221 Juvenci
1376 4164 1430 4219 in
1451 4161 1719 4234 Corpore,
1741 4171 1796 4218 et
1822 4161 2002 4217 Choro
2026 4161 2128 4217 La-

524 4263 764 4319 tinorum
803 4269 1089 4332 poetarum
1115 4298 1131 4324 ,
1184 4264 1246 4311 ut
1281 4257 1517 4314 Genevze
1572 4256 1709 4311 1611
1744 4255 1799 4310 in
1843 4255 1922 4320 4⁸.
1980 4254 2127 4327 Lug-

524 4354 655 4412 duni
690 4351 830 4408 1616
876 4352 930 4407 in
954 4349 1260 4417 4,Geuev1e
1290 4349 1429 4404 1627
1458 4357 1512 4405 et
1544 4346 1686 4404 1640
1713 4348 1767 4402 in
1790 4347 1865 4409 4⁸,
1895 4346 2127 4402 Londini

2237 2488 2577 2559 comparavit
2614 2488 2912 2543 editionem
2956 2495 3223 2562 vetustam
3253 2484 3486 2543 Juvenci
3513 2484 3687 2541 forma
3716 2498 3831 2539 ma-

2234 2581 2357 2651 jore
2382 2590 2595 2646 octava,
2628 2580 2746 2637 sine
2770 2581 2890 2635 loco
2944 2591 2999 2636 et
3027 2595 3172 2635 anno
3218 2577 3615 2647 impressionis,
3665 2591 3830 2646 quam

2237 2672 2357 2743 ipse
2404 2671 2728 2743 conjiciebat
2768 2671 3011 2727 Coloniae
3053 2680 3183 2726 ante
3228 2670 3391 2727 linem
3429 2670 3615 2726 saeculi
3656 2669 3831 2741 quinti

2235 2765 2434 2823 decimi
2476 2775 2771 2835 peractam.
2802 2765 2976 2836 Hujus
3005 2766 3267 2822 editionis
3292 2764 3526 2837 margini
3558 2765 3694 2820 satis
3713 2780 3830 2822 am-

2239 2860 2329 2928 plo
2372 2859 2675 2913 Saubertus
2729 2861 3006 2913 variarum
3050 2859 3343 2914 lectionum
3398 2859 3830 2929 quamplurimas

2238 2965 2303 3005 cx
2335 2949 2538 3021 optima
2564 2950 2656 3004 illa
2702 2948 3023 3004 membrana
3076 2948 3294 3022 inclyta:
3317 2948 3480 3004 Julia:
3528 2950 3827 3020 adjecerat,

2236 3044 2433 3114 quibus
2463 3058 2572 3099 nou
2612 3057 2812 3113 paucas
2842 3043 3122 3113 subjunxit
3141 3042 3280 3098 alias
3308 3058 3375 3097 ex
3392 3042 3706 3098 lladamarii
3735 3058 3831 3115 po-

2239 3136 2510 3191 tissitnum
2552 3135 2815 3192 editione.
2865 3134 3172 3205 Koeuigius,
3222 3145 3530 3207 praeceptor
3576 3134 3827 3202 Otueisii,

2232 3231 2480 3287 Altdorlii
2510 3232 2726 3303 publice
2755 3230 3056 3287 Juvencum
3087 3230 3428 3301 prtelegerat,
3446 3241 3501 3287 et
3522 3230 3826 3287 eruditasin

2231 3326 2407 3392 illum,
2459 3339 2662 3395 easque
2715 3323 3058 3395 potissimum
3110 3323 3496 3395 philologicas,
3533 3324 3829 3381 dictaverat

2230 3416 2750 3478 animadversiones.
2775 3430 2909 3486 quas
2955 3430 3078 3471 cum
3106 3414 3347 3472 Omeisio
3389 3416 3823 3471 communicavit.

2230 3509 2501 3566 Omeisius
2542 3523 2689 3564 anno
2729 3508 2870 3565 1705
2897 3508 2949 3563 in
2976 3507 3417 3578 praelectionibus
3445 3508 3559 3564 suis
3601 3508 3830 3580 poeticis

2229 3604 2529 3661 Juvencum
2599 3603 2946 3672 interpretari
2994 3603 3161 3673 cmpit
3189 3643 3205 3670 ,
3252 3616 3488 3673 eumque
3537 3611 3647 3658 tum
3686 3601 3829 3659 sele-

2229 3698 2489 3755 ctiorihus
2536 3695 2783 3752 Ascensii
2829 3694 3097 3762 Fabricii,
3149 3703 3205 3751 et
3243 3695 3413 3751 Andr.
3462 3695 3683 3761 Wilkii,
3737 3694 3829 3767 qui

2232 3801 2372 3863 part.
2416 3807 2433 3846 l
2483 3788 2931 3859 lleortograpltia:
2963 3802 3081 3859 pag.
3117 3787 3243 3852 197,
3295 3787 3494 3859 Lipsiae
3524 3789 3682 3853 1676,
3740 3788 3824 3844 hi-

2230 3889 2453 3944 storiam
2475 3885 2545 3942 de
2570 3882 3012 3941 Annunciatione
3040 3880 3101 3937 Β.
3141 3880 3327 3937 Mariae
3367 3897 3399 3936 a
3450 3882 3699 3939 Juvenco
3728 3883 3827 3938 de-

2231 3983 2490 4051 scriptam
2523 3984 2668 4035 notis
2698 3977 3042 4050 philologicis
3079 3976 3391 4045 exornavit,
3440 3985 3551 4033 tum
3595 3974 3827 4049 Remigii

2230 4073 2488 4145 integris,
2524 4075 2750 4144 suisque
2774 4073 2945 4127 multo
2975 4072 3371 4140 cepiosioribus
3404 4073 3829 4129 animadversio-

2230 4165 2392 4221 nibus
2422 4164 2719 4219 illustrare.
2752 4160 3040 4218 Consuluit
3062 4163 3465 4233 etiam,pra2ter
3484 4163 3643 4230 alios,
3664 4163 3827 4219 Joan-

2229 4260 2316 4318 nis
2343 4259 2532 4316 ἱ)τίθωί
2555 4254 3006 4313 commentarium
3036 4253 3089 4309 in
3112 4256 3293 4310 varios
3310 4255 3377 4309 Ν.
3398 4255 3463 4311 Τ.
3488 4256 3658 4313 libros
3681 4258 3826 4313 Lon-

2230 4353 2344 4411 dini
2369 4350 2529 4413 1660.

521 4447 665 4505 1715
690 4448 744 4502 in
776 4445 896 4509 fol.,
930 4443 1143 4538 Pisauri
1177 4442 1395 4538 1766Δί1)
1428 4442 1515 4538 4°,
1548 4440 1754 4497 lom.V.
1816 4440 2127 4538 Ceillierius
2153 4474 2210 4538 Β
2304 4450 2396 4507 86,
2439 4451 2514 4506 De
2543 4450 2827 4508 codicibus
2850 4465 2983 4507 mss,
3012 4493 3027 4518 ,
3070 4464 3324 4520 quorum,
3374 4455 3577 4519 male.»
3608 4443 3823 4499 Helms.

523 4548 776 4597 recenset
795 4538 1092 4595 editionem
1116 4535 1341 4592 Juvenei
1371 4535 1790 4606 Lugdunensem
1816 4536 1942 4590 anni
1970 4535 2125 4601 1616,

524 4634 583 4691 in
613 4634 697 4704 4°,
730 4633 827 4690 sed
861 4648 966 4688 non
993 4641 1143 4702 puto,
1187 4630 1457 4686 diversam
1488 4643 1606 4684 eam
1643 4644 1765 4685 esse
1796 4628 1865 4683 ab
1890 4629 2132 4685 editione

523 4726 691 4785 Chori
726 4734 1010 4797 poetarum
1065 4723 1390 4780 Latinorum
1431 4736 1498 4778 eo
1543 4737 1688 4776 anno
1716 4723 1785 4775 ab
1817 4722 2132 4779 Alexandro

524 4818 802 4888 Fichetto,
835 4834 936 4875 suo
966 4831 1266 4890 suppresso
1295 4816 1546 4881 nomine,
1579 4823 1886 4887 procurata.

597 4910 690 4968 84.
735 4908 919 4966 Editio
949 4908 1418 4979 duodetrigesima
1465 4906 1775 4963 anno1710
1814 4925 1827 4961 :
1879 4905 1939 4962 C.
1992 4904 2128 4961 Vetti

525 5004 761 5079 Aquilini
786 5002 1004 5059 Iuvenci
1021 5045 1036 5069 ,
1066 5000 1289 5075 Hispani
1309 5000 1616 5074 presbyteri,
1636 4998 1884 5055 Historiae
1911 5016 2127 5074 evange-

521 5098 638 5154 lica:
665 5097 784 5154 libri
815 5113 891 5161 tv,
925 5113 1046 5153 cum
1071 5096 1209 5151 notis
1240 5094 1452 5166 integris
1480 5092 1694 5166 Georgii
1736 5091 1973 5149 Matthiae
2002 5093 2129 5149 Koe-

522 5193 672 5266 nigii,
720 5190 905 5266 Magni
939 5188 1179 5244 Danielis
1207 5186 1445 5256 Omeisii,
1493 5198 1541 5243 et
1572 5184 1859 5242 Christiani
1902 5185 2125 5242 Scitant-

523 5285 700 5358 genii;
725 5285 951 5356 itemque
969 5282 1161 5338 Jodoci
1191 5279 1351 5335 Budii
1379 5281 1637 5349 Ascensii,
1681 5278 1893 5351 Georgii
1927 5276 2123 5333 Fabri-

522 5377 609 5445 cii,
632 5377 960 5448 aliorumque
988 5371 1368 5431 selectioribus.
1406 5370 1685 5426 Erhardus
1715 5370 1919 5427 Reusch
1948 5388 2120 5427 recen-

521 5469 647 5537 suit,
680 5479 730 5526 et
749 5471 1059 5526 memoriam
1105 5465 1463 5522 Omeisianam
1486 5480 1603 5519 cum
1631 5463 1833 5519 duobus
1861 5464 2122 5520 indicibus

518 5566 731 5639 adiecit.
758 5563 974 5620 Prostat
999 5559 1373 5634 Francofurti,
1402 5568 1451 5613 et
1480 5557 1677 5631 Lipsia:
1702 5558 1845 5630 apud
1869 5556 2123 5629 Wolgan-

520 5673 647 5731 gum
710 5654 1034 5712 Michaetles.
1086 5655 1304 5728 bibliop.
1363 5652 1569 5709 Norim.
1624 5665 1888 5708 etataccx.
1935 5651 1992 5706 1n
2039 5648 2120 5706 8°.

518 5748 821 5813 Beuschius
861 5749 914 5805 in
960 5747 1282 5821 prwfatione
1329 5745 1445 5802 ait:
1493 5742 1562 5799 In
1607 5752 1866 5800 tantorum
1895 5745 2125 5801 virorum

2235 4543 2563 4611 tadiensem,
2587 4561 2696 4613 quo
2724 4544 2937 4600 scilicet
2952 4543 3253 4600 Saubertus
3276 4556 3405 4596 usus
3427 4542 3624 4607 fuerat,
3656 4539 3708 4593 in
3736 4554 3827 4593 va-

2232 4637 2333 4693 riis
2363 4637 2692 4693 lectionibus
2736 4636 2845 4711 ἀι
2884 4636 3114 4692 Otneisii
3149 4637 3208 4692 fit
3235 4634 3468 4698 mentio,
3522 4636 3569 4689 is
3598 4643 3824 4702 narrat,

2231 4746 2293 4786 se
2339 4731 2649 4799 exemplum
2695 4729 2921 4785 Juvenci
2955 4729 3236 4798 accepisse
3267 4743 3298 4784 a
3332 4729 3466 4783 Dan.
3512 4726 3639 4784 Gul.
3688 4726 3824 4783 110l—

2233 4821 2373 4885 lero.
2405 4824 2550 4893 quod
2580 4820 2902 4877 Trenchinii
2935 4822 2988 4877 in
3006 4820 3144 4876 urbe
3173 4819 3465 4892 Hungarize
3493 4834 3561 4874 ex
3600 4820 3826 4891 antiquo

2234 4930 2540 4988 papyraceo
2573 4929 2676 4970 ms.
2725 4914 2938 4979 codice,
2974 4924 3227 4971 exstante
3271 4916 3326 4969 in
3364 4912 3694 4968 bibliotheca
3735 4911 3824 4969 Jo.

2231 5007 2465 5077 Hadikii,
2512 5007 2743 5077 ipsemet
2780 5007 3036 5062 Mullerus
3075 5022 3236 5061 manu
3278 5020 3373 5061 sua
3435 5020 3573 5077 pure
3619 5005 3827 5061 descri-

2231 5110 2437 5173 pserat.
2468 5100 2745 5156 Praeterea
2773 5099 3119 5156 Godofredus
3149 5097 3502 5164 Thomasius,
3534 5114 3599 5153 ex
3631 5097 3827 5156 biblio-

2232 5195 2386 5250 theca
2418 5190 2991 5264 Schleusingensium,
3019 5192 3238 5263 Corpus
3268 5202 3553 5262 poetarum
3573 5190 3824 5246 christia-

2230 5301 2424 5342 norum
2452 5285 2697 5341 Omeisio
2718 5293 3132 5356 procuraverat,
3153 5284 3310 5355 cujus
3331 5299 3443 5338 ora:
3463 5281 3654 5338 Joach.
3686 5282 3826 5337 Zeb-

2233 5393 2399 5433 nerus
2424 5392 2493 5433 ex
2520 5375 2709 5432 codice
2741 5376 3024 5443 Fuldensi,
3050 5387 3105 5432 et
3134 5391 3241 5431 una
3262 5376 3550 5445 alteraque
3585 5375 3825 5431 editione

2229 5469 2503 5525 variantes
2536 5469 2802 5525 lectiones
2839 5468 3191 5538 ascripserat.
3215 5467 3302 5524 ιο.
3341 5467 3604 5524 Albertus
3631 5467 3825 5523 Fabri-

2232 5565 2350 5623 cius
2378 5564 2729 5621 collationem
2776 5577 2900 5619 cum
2948 5562 3163 5619 duobus
3203 5563 3487 5621 codicibus
3536 5562 3823 5618 Cantabri-

2232 5657 2513 5732 giensibus
2562 5658 2630 5712 ab
2681 5655 2842 5713 Erice
2896 5655 3156 5712 Bcnzelio
3207 5664 3468 5712 accurate
3520 5654 3824 5710 institutam

2233 5750 2632 5810 transmiserat.
2673 5747 2955 5808 Fabricius
2986 5751 3101 5822 ipse
3146 5749 3203 5807 in
3251 5746 3510 5805 Biblioth.
3543 5758 3652 5806 vet.
3698 5746 3818 5805 Lat.
