4176 6180
340 224 411 289 tt
821 189 826 193 ’
1716 234 2257 294 PBOLEGOMENA.
3584 245 3657 305 ts

340 338 508 411 paulo
528 339 695 395 aliter
723 341 777 396 id
804 350 1009 399 narrat.
1036 342 1092 398 In
1116 343 1300 400 animo
1327 343 1597 403 habuerat
1620 364 1813 403 novam
1842 351 1937 406 Iu-
1965 353 2014 414 Α
2043 351 2281 406 siasticis
2324 362 2379 407 et
2422 353 2753 425 apocryphls
2778 395 2791 416 ,
2848 354 2990 425 quod
3033 357 3135 411 sub
3185 356 3495 414 Hormisda:
3547 378 3650 418 no-

340 434 500 488 vettci
531 432 858 501 editionem,
890 434 955 489 ad
981 451 1116 493 mss.
1139 438 1388 502 codices,
1412 449 1466 495 et
1496 441 1562 494 ad
1596 450 1810 497 veteres
1827 443 1937 497 edi.

341 523 524 579 tiones
557 526 900 593 castigatam,
932 527 1191 584 stttd.osis
1221 529 1439 586 nll‘erre.
1477 532 1672 588 Postea
1703 533 1941 590 Omeisio

337 617 669 673 collationes
689 618 900 675 codicis
930 620 1409 690 lleltnstadiensis,
1439 641 1573 692 quas
1598 642 1627 680 a
1661 642 1775 683 rev.
1810 627 1934 684 ahh.

336 705 551 764 Joanne
571 707 824 766 Fabricio
834 724 1141 783 acceperat,
1157 716 1430 773 etcodicis
1445 719 1936 790 Cantabrigiensis,

336 816 477 874 quas
507 800 575 856 ab
604 803 766 860 Erico
796 805 1054 863 Benzelio
1085 810 1371 877 habuerat,
1413 811 1684 869 exhibuit.
1719 814 1938 885 Episto-

339 894 449 950 lam
493 895 720 953 Otneisii
751 898 820 954 ad
846 900 979 957 abb.
1018 902 1287 960 Joannem
1330 903 1668 973 Fabricium,
1720 924 1824 978 qua
1871 910 1942 967 dc

336 990 457 1045 suis
480 994 891 1049 commentariis
939 997 1006 1051 ad
1063 998 1366 1057 Iuvencum
1419 1001 1684 1071 loquitur,
1732 1005 1937 1060 editam

336 1080 527 1149 fuisse,
544 1081 828 1141 Fabricius
848 1100 1263 1147 commemorat.
1289 1094 1560 1151 Omeisius
1584 1096 1824 1151 moriens
1844 1113 1940 1152 cu—

335 1189 458 1230 ram
481 1175 674 1232 edendi
691 1178 919 1234 Iuvenci
945 1180 1219 1238 Reuscbio
1247 1188 1544 1250 commisit,
1564 1187 1656 1255 qtti
1681 1186 1940 1243 Schoett-

336 1271 485 1339 genii
518 1279 695 1345 notas,
754 1271 825 1326 ab
852 1272 1096 1330 OlllelaIO
1143 1293 1250 1331 non
1298 1280 1463 1343 visas,
1515 1281 1737 1349 adjecit,
1780 1290 1941 1352 atque

338 1361 581 1432 elogium
636 1363 808 1432 ipsius
828 1367 1058 1422 Omt-isii
1110 1371 1390 1426 attexuit:
1431 1388 1495 1427 ex
1526 1389 1635 1442 quo
1666 1382 1938 1431 annotare

337 1471 448 1510 non
484 1455 681 1523 pigeat,
712 1458 1015 1515 Otneisitnn
1051 1462 1104 1516 in
1147 1465 1250 1518 tori
1297 1469 1744 1523 communionem
1800 1470 1941 1524 asci-

336 1548 485 1605 visse
513 1549 741 1606 Mariam
775 1554 1109 1610 liorotlteant
1145 1557 1413 1623 liosliam,
1445 1561 1500 1615 in
1553 1560 1761 1616 celebri
1817 1562 1941 1617 llis~

342 1645 516 1714 patria!
544 1648 796 1715 emporio
837 1649 898 1705 S.
941 1649 1115 1705 Lucar
1148 1653 1314 1709 hodie
1340 1656 1640 1725 appellato,
1672 1673 1702 1711 a
1735 1659 1840 1729 piis
1880 1670 1939 1715 et

2044 445 2188 500 mine
2232 462 2299 499 ex
2356 447 2590 517 quodam
2640 448 2833 502 codice
2869 463 2899 501 a
2943 448 3238 505 Francisco
3291 450 3485 508 Inreto
3532 455 3651 510 edi-

2044 549 2154 592 ttttn
2180 548 2286 607 est,
2341 538 2421 594 sic
2450 539 2520 594 de
2543 538 2788 595 Iuvenco
2815 557 2827 594 :
2893 539 3024 596 Item
3067 541 3283 598 Iuvenci
3311 546 3650 603 nihilominus

2045 630 2361 687 laboriosum
2397 650 2524 706 opus
2572 652 2676 688 non
2703 636 2997 706 spernimus
3024 678 3037 701 ,
3084 639 3177 692 sed
3201 641 3475 695 miramur.
3525 639 3653 697 Col-

2041 722 2209 779 latum
2262 734 2347 781 est
2395 726 2500 782 hoc
2555 727 2836 782 decretum
2891 742 3015 783 cum
3072 730 3260 786 codice
3310 731 3569 788 Vaticano
3618 752 3650 789 a

2042 817 2351 873 Fontanino
2388 818 2441 874 in
2472 819 2719 890 Append.
2753 821 2823 875 ad
2861 821 3132 893 Antiquit.
3171 823 3375 892 Ποῖ-ιω,
3410 833 3468 880 et
3503 836 3650 895 post-

2039 922 2104 964 ea
2158 910 2477 965 accuratius
2529 925 2559 964 a
2615 910 2860 982 Iosepho
2913 912 3240 968 Blanchiuio
3292 916 3345 969 in
3408 917 3648 984 quodam

2039 1002 2338 1072 exemplari
2418 1002 2711 1059 Fontanini
2769 1017 2939 1073 penes
3006 1005 3080 1059 cl.
3135 1004 3435 1062 Pracsulem
3502 1008 3649 1080 Reg-

2038 1094 2210 1164 giutn,
2243 1094 2335 1148 cui
2382 1108 2546 1149 manu
2592 1095 2774 1149 varias
2825 1096 3093 1151 lectiones
3151 1097 3452 1165 adjecerat,
3507 1116 3648 1172 quas

2042 1186 2207 1241 etiam
2231 1187 2466 1242 inseruit
2499 1187 2553 1241 itt
2579 1187 2800 1258 Proleg.
2827 1196 2963 1244 tom.
3011 1188 3078 1245 IV
3132 1190 3450 1247 Attaalztsii:
3508 1193 3649 1250 nihil

2042 1286 2221 1332 tamen
2255 1278 2310 1333 in
2342 1279 2427 1332 his
2448 1278 2632 1334 verbis
2665 1289 2839 1345 notat,
2870 1281 2973 1335 nisi
3006 1280 3324 1335 lavoriosum
3359 1297 3459 1352 pro
3498 1283 3646 1339 labo-

2042 1371 2237 1424 riosum
2264 1387 2336 1425 ex
2364 1370 2556 1427 codice
2603 1371 2949 1427 Florentino.
3004 1372 3063 1427 In
3116 1373 3343 1429 decreto
3397 1374 3647 1432 Gratiani

2039 1462 2148 1536 ω
2179 1479 2302 1534 cap.
2337 1463 2538 1519 Sancta
2568 1465 2805 1518 Romana
2832 1463 3092 1529 Ecclesia,
3124 1467 3359 1521 distinct.
3397 1468 3489 1538 15,
3517 1468 3646 1524 olim

2041 1558 2110 1612 ita
2158 1559 2474 1629 legebantur
2528 1559 2644 1613 haec
2693 1560 2915 1613 verba:
2971 1555 3105 1612 Item
3173 1557 3427 1613 Vincentii
3490 1559 3646 1615 labos

2041 1651 2239 1704 riosum
2263 1665 2395 1719 opus
2426 1667 2533 1704 non
2583 1651 2900 1722 spernimus,
2948 1652 3039 1704 sed
3069 1651 3360 1706 imitamur.
3411 1652 3648 1718 Paoilla,

337 1738 590 1795 honestis
622 1744 947 1811 parentibus
968 1746 1198 1811 editam,
1254 1762 1305 1805 et
1330 1746 1570 1808 Conradi
1613 1753 1931 1818 Pilnhuberi
1966 1740 2014 1800 Β
2043 1746 2095 1798 in
2129 1745 2329 1798 "iSlor-
2364 1745 2564 1799 eccles.
2614 1743 2794 1812 llisp.,
2822 1752 2971 1799 cent.
3004 1741 3062 1806 4.
3106 1758 3227 1813 Cap.
3254 1743 3361 1806 45.
3405 1744 3652 1802 εςρτιδοχὶι

337 1832 584 1899 viduam,
617 1836 920 1891 virtutibus
943 1853 1007 1894 ac
1040 1839 1215 1895 forma
1241 1845 1544 1914 egregiam.

408 1925 500 1982 8'I.
544 1928 1176 2002 Etlitioundetrigesima
1208 1937 1260 1989 in
1280 1936 1625 1995 Bibliotheca
1685 1941 1933 2011 Patrum,

338 2020 613 2078 Gallaudii
648 2039 781 2080 cura
809 2037 863 2079 et
892 2027 1101 2094 studio,
1137 2028 1367 2085 Venitiis
1390 2033 1459 2085 ab
1491 2048 1642 2087 anno
1690 2035 1831 2091 1765
1882 2043 1939 2090 et

337 2130 527 2185 seqq.,
563 2127 713 2173 tomo
753 2118 820 2174 IV
854 2119 907 2174 in
942 2120 1385 2192 Prolegontenis,
1427 2141 1553 2196 cap.
1588 2127 1679 2190 15,
1713 2128 1826 2199 agit
1867 2128 1936 2183 de

334 2207 596 2266 Iuvenca.
632 2211 854 2268 Profert
874 2230 1097 2270 carmen
1128 2215 1183 2270 in
1214 2217 1477 2282 Genesin,
1515 2232 1789 2290 tamquam
1815 2237 1935 2277 cer-

334 2308 446 2357 tutn
461 2302 697 2360 Iuvenci
717 2320 856 2376 opus
876 2349 892 2371 ,
916 2323 984 2363 ex
1003 2308 1274 2365 Martenio
1295 2327 1420 2366 cum
1444 2312 1606 2382 huius
1631 2315 1798 2370 notis.
1822 2314 1937 2370 Ad-

333 2396 412 2452 dit
432 2396 487 2452 in
505 2399 853 2458 lineIuvenci
870 2403 1210 2475 epigramma
1224 2405 1292 2460 de
1311 2414 1546 2475 quatuor
1561 2408 1935 2481 Evangelistis

332 2507 396 2547 ex
436 2492 644 2563 Georg.
676 2494 956 2565 Fabricio,
990 2509 1044 2554 et
1094 2499 1343 2555 Barthio.
1397 2502 1652 2558 Historia:
1696 2519 1934 2576 evange-

330 2585 450 2644 lica:
480 2589 711 2646 Iuvenci
739 2591 936 2649 breves
980 2605 1139 2649 notas
1162 2595 1466 2668 subjuugit.
1503 2597 1622 2653 Etsi
1652 2614 1785 2670 ergo
1809 2602 1931 2656 alia:

332 2680 612 2738 editiOnes
639 2684 865 2741 Iuvenci
900 2687 958 2741 in
991 2687 1350 2745 Bibliothecis
1387 2689 1612 2746 Patrum
1653 2692 1818 2747 simul
1876 2699 1930 2748 in

332 2788 504 2828 unum
536 2775 710 2831 locum
727 2792 921 2834 omnes
949 2794 979 2833 a
1011 2780 1170 2836 nobis
1192 2782 1464 2851 conjecta:
1488 2782 1717 2849 t‘ncrint,
1750 2795 1930 2841 tamen

334 2863 698 2924 Gsllandiana
730 2870 926 2939 editio,
961 2874 1223 2942 peculiari
1280 2876 1463 2931 studio
1494 2888 1549 2933 et
1602 2891 1740 2934 cura
1770 2878 1935 2935 ador-

330 2970 477 3028 nata,
506 2962 827 3021 distinctum
853 2968 1033 3023 locum
1061 2968 1250 3024 debuit
1275 2969 1551 3027 obtinere.

863 3103 973 3177 42
1011 3104 1239 3163 cspur
1278 3106 1370 3163 tv.

2040 1838 2257 1892 Iuvenci
2304 1854 2403 1908 pro
2442 1836 2724 1903 Vincentii,
2757 1850 2810 1893 et
2847 1839 3107 1901 advertit,
3161 1838 3303 1895 ntale
3352 1842 3650 1898 nonnullos

2042 1933 2094 1987 id
2120 1931 2454 2002 explicuisse
2484 1931 2554 1987 de
2584 1931 2828 2001 Speculo
2870 1931 3079 1986 lictor.
3134 1931 3407 1987 Vincentii
3460 1933 3648 1991 Bello-

2038 2027 2311 2094 varensis,
2340 2026 2433 2096 qui
2462 2027 2666 2079 saeculo
2691 2041 2787 2079 snt
2816 2022 3023 2080 ﬂoruit.
3060 2024 3307 2096 Reliquit
3334 2041 3517 2083 autem
3541 2027 3646 2083 Pa-

2038 2115 2167 2172 dilla
2195 2118 2456 2171 intactum
2484 2117 2709 2172 verbum
2755 2118 3041 2171 imitamur.
3094 2116 3290 2171 Veram
3351 2119 3647 2176 leCIiOuent

2037 2220 2331 2277 aperuerat
2354 2209 2466 2279 jam
2500 2209 2769 2265 Antonius
2802 2210 3164 2280 Augustinus.
3217 2218 3275 2264 et
3321 2224 3450 2267 ante
3501 2212 3647 2270 hunc

2037 2303 2422 2369 Cavarruvias,
2444 2304 2570 2358 libr.
2593 2319 2646 2358 tv
2670 2302 2801 2358 Var.
2822 2301 3031 2368 Resol.,
3056 2318 3178 2372 cap.
3210 2301 3295 2368 l6,
3324 2319 3444 2373 quae
3476 2308 3644 2362 etiam

2035 2404 2216 2452 exstat
2243 2396 2385 2467 apud
2419 2395 2795 2450 Burchardutn
2818 2403 2876 2449 et
2908 2394 3160 2454 Ivouem.
3198 2395 3248 2449 in
3302 2396 3496 2450 eodem
3547 2396 3646 2451 de-

2035 2500 2187 2547 creto
2236 2487 2464 2556 Gelasii,
2510 2498 2571 2544 et
2619 2488 2981 2555 Cltil‘lletiutn,
3030 2489 3098 2542 ad
3146 2488 3399 2558 \igiliutn
3451 2491 3644 2561 'I'aps.,

2038 2602 2092 2656 p.
2130 2583 2252 2640 149.

2105 2678 2197 2734 9|.
2243 2676 2542 2733 Venantius
2571 2675 2927 2742 Fortunatus,
2985 2674 3081 2731 lib.
3115 2690 3131 2730 t
3164 2674 3236 2732 de
3261 2675 3385 2733 Vita
3415 2676 3475 2733 S.
3502 2675 3617 2734 Mar

2036 2770 2155 2841 tini,
2220 2770 2378 2825 initio
2403 2786 2418 2824 :

2156 2926 2355 2978 Primus
2377 2925 2507 2973 enim
2530 2924 2672 2975 docili
2698 2924 3010 2988 distinguens
3026 2923 3204 2988 ordine
3222 2937 3424 2976 carmen

2156 2989 2425 3051 Maiestatis
2442 3000 2568 3051 Opus
2589 2988 2735 3038 metri
2756 2987 3014 3051 ranitarte
3032 2987 3306 3051 Iuvencus.

2156 3049 2284 3101 Hinc
2307 3049 2507 3114 quoque
2530 3050 2778 3112 conspicui
2801 3050 3007 3100 radiavit
3035 3051 3206 3114 lingua
3229 3049 3423 3102 Seduli.

334 3214 527 3290 Elegia
552 3215 770 3273 Iuvenci
801 3236 869 3275 ea:
912 3221 1166 3276 veteribus
1205 3223 1568 3295 scriptoribus,
1613 3241 1675 3278 ac
1711 3226 1930 3280 nonnut-
2034 3220 2374 3276 Fortunatus
2400 3234 2512 3275 nott
2535 3221 2714 3274 solum
2746 3219 2825 3274 ait
2875 3218 3178 3275 Iuvencum
3234 3221 3476 3290 primttm
3520 3237 3640 3278 om-

813 3314 876 3368 lis
902 3315 1210 3373 recentibus.
1238 3319 1419 3389 petita.

404 3425 493 3482 88.
534 3425 777 3495 Laudes,
830 3428 1029 3497 quibus
1081 3429 1140 3486 S.
1207 3430 1574 3501 Hieronymus
1623 3430 1927 3489 Iuvencum

330 3518 706 3589 prosequitur,
749 3521 928 3590 cap.t
986 3533 1433 3577 commentor-aue
1482 3535 1629 3578 sunt.
1664 3523 1771 3581 Sed
1819 3540 1927 3580 non

330 3611 694 3666 omittendum
723 3612 828 3667 Itoc
860 3614 1003 3680 loc»,
1037 3615 1182 3684 quod
1221 3616 1293 3669 ait
1318 3625 1617 3672 comment.
1645 3617 1699 3671 itt
1736 3617 1925 3672 Matth.

327 3704 458 3761 libr.
493 3720 534 3770 ι,
571 3721 691 3777 cap.
727 3722 791 3775 tt,
824 3706 911 3769 11,
960 3718 1090 3761 tom.
1143 3707 1253 3773 VII,
1276 3709 1383 3779 col,
1433 3709 1531 3764 M:
1567 3708 1930 3767 Pulcherrinte

325 3819 600 3858 munerum
654 3817 987 3860 sacramenta
1015 3803 1276 3861 Iuvencus
1297 3807 1563 3880 presbywr
1607 3826 1711 3864 uno
1763 3810 1926 3865 versi-

325 3896 449 3951 culo
472 3896 904 3964 comprehendit:

391 4009 766 4083 Ibusuaurum,
791 4014 1033 4077 myrrham
1054 4017 1293 4081 regique,
1315 4016 1620 4083 hominique,
1641 4017 1853 4083 Deoque

393 4071 534 4123 Dona
551 4073 731 4125 ferunt.

403 4178 495 4234 89.
524 4178 782 4249 Prosper,
826 4181 879 4237 in
912 4180 1213 4252 Chronico,
1245 4183 1313 4240 ad
1346 4200 1477 4241 ann.
1508 4185 1638 4253 53l,
1670 4187 1927 4241 citatura

324 4272 632 4340 nonnullis,
669 4284 944 4344 tamquam
973 4276 1273 4332 laudaVerit
1304 4278 1627 4335 Iuvencum.
1658 4279 1716 4335 In
1747 4278 1927 4337 Chro-

325 4364 457 4418 nico
508 4364 761 4435 Pro-peri
810 4367 942 4422 ttiltil
1002 4369 1565 4426 invenio.‘Fortasse
1615 4372 1931 4440 intelligunt

323 4457 795 4514 continuationem
828 4459 1085 4517 Cltronici
1123 4464 1441 4532 Eusebiaui,
1478 4475 1702 4521 auctore
1728 4465 1929 4521 Hiero-

327 4565 515 4622 nymo,
544 4552 702 4620 cujus
730 4555 895 4607 verba
944 4554 1126 4617 attuli,
1162 4573 1311 4610 nttnt.
1353 4556 1446 4614 2i.
1491 4556 1710 4612 Falsutn
1760 4559 1929 4614 etiam

327 4654 483 4714 pato,
515 4646 657 4714 quod
689 4646 913 4702 Vasmtts
944 4650 996 4702 itt
1027 4648 1296 4704 Chronico
1324 4651 1514 4717 tradit,
1559 4650 1868 4707 Iuvencum
1894 4667 1923 4706 a

320 4734 531 4790 Severo
559 4735 803 4801 Sulpicio
834 4740 1173 4794 celebratum
1207 4740 1397 4797 fuisse.
1425 4741 1509 4798 Ab
1557 4746 1791 4799 Aratore
1830 4743 1926 4799 Iu-

321 4840 557 4881 vencum
586 4841 638 4883 et
672 4829 1226 4887 Seduliumlaudatos
1253 4832 1448 4899 fuisse,
1484 4836 1730 4891 nonnulli
1764 4836 1922 4891 colli-

320 4926 461 4989 gunt
490 4934 561 4973 es
596 4918 721 4974 Abii
752 4923 1043 4991 relatione,
1087 4926 1181 4994 qui
1215 4924 1267 4979 itt
1312 4924 1430 4981 Vita
1482 4927 1735 4984 Aratoris
1783 4943 1928 4998 pra:—

323 5010 491 5065 missa
547 5010 867 5069 Collectioni
924 5026 1206 5083 poetarum
1238 5016 1663 5074 Christianorum
1695 5024 1774 5075 sic
1807 5021 1881 5075 ait
1917 5038 1930 5074 :

325 5098 628 5157 Contulisse
656 5116 830 5159 autem
850 5123 903 5160 sc.
933 5106 1003 5160 ad
1030 5108 1326 5163 scribendos
1363 5110 1523 5165 Actus
1562 5096 1933 5182 Apostolorum

325 5195 524 5250 idcirco
552 5197 784 5252 versibus
834 5199 1024 5254 Arator
1063 5201 1275 5270 dicitur,
1297 5203 1437 5274 quod
1461 5205 1644 5275 fecisse
1693 5205 1832 5259 idem
1880 5206 1934 5260 in

326 5286 615 5360 Evangelia
635 5288 928 5346 Iuvencum
953 5310 1016 5348 ac
1062 5294 1339 5351 St-dttlium
1369 5298 1603 5352 vidisset.
1635 5296 1704 5351 Id
1733 5315 1850 5353 vero
1878 5299 1934 5353 in

326 5394 393 5432 eo
428 5380 639 5437 Aratore
667 5384 787 5437 licet
815 5385 989 5440 ridere
1012 5428 1026 5451 ,
1067 5388 1156 5455 qui
1184 5386 1418 5442 Venetiis
1447 5400 1494 5442 et
1525 5390 1579 5442 in
1613 5387 1681 5442 D.
1727 5387 1939 5463 Georgii

330 5486 674 5542 cognomento
700 5475 928 5545 Majoris
969 5491 1017 5533 et
1062 5477 1308 5553 Deiparw
1347 5480 1554 5553 semper
1597 5480 1830 5554 Virginis
1881 5484 1936 5537 in

326 5564 520 5623 Hortis
542 5568 851 5625 bibliotheca
884 5573 1131 5646 alligatus
1160 5584 1255 5629 est.

408 5659 501 5717 90.
541 5661 800 5720 Gelasius
839 5665 1006 5738 Papa,
1066 5668 1120 5722 in
1173 5667 1383 5724 celebri
1432 5667 1658 5725 decreto
1687 5668 1832 5741 quod
1889 5669 1941 5725 in

329 5756 570 5812 concilio
620 5758 875 5815 Romano
926 5761 1102 5818 edidit
1123 5763 1192 5819 de
1222 5764 1377 5821 libris
1406 5764 1711 5834 canonicis,
1760 5765 1933 5823 eccle-

704 5854 984 5915 ΡΑτκοι..
1034 5854 1215 5917 XIX.

2032 3313 2180 3368 nium
2205 3313 2581 3383 evangelicatn
2614 3311 2957 3381 maiestatem
2986 3314 3142 3367 metri
3169 3312 3385 3385 legibus
3413 3316 3641 3372 conclu—

2030 3406 2196 3475 sisse,
2248 3420 2439 3461 verum
2493 3404 2678 3460 innuit
2727 3405 2933 3471 etiam,
2987 3405 3273 3461 Sedultutn
3324 3406 3640 3465 imitatione

2029 3497 2254 3554 Iuvenci
2277 3515 2413 3569 opus
2445 3497 2702 3568 paschale
2732 3501 3134 3564 concinnasse;
3165 3514 3274 3570 quo
3306 3501 3484 3572 magis
3532 3504 3637 3558 nti-

2030 3593 2258 3647 rantlutn
2273 3603 2352 3646 est
2382 3590 2685 3658 Sedulium,
2716 3593 2766 3645 itt
2794 3590 3117 3661 przel‘atinne
3146 3594 3213 3646 ad
3241 3592 3637 3663 MacedOnium,

2029 3683 2435 3754 quodammodo
2457 3682 2852 3742 dissimulasse.
2887 3680 2993 3735 sibi
3025 3690 3214 3737 notum
3242 3684 3409 3738 fuisse
3431 3684 3641 3740 Iuven-

2030 3790 2177 3844 cum,
2210 3792 2333 3849 rutn
2363 3785 2543 3829 tamen
2568 3789 2628 3829 se
2660 3782 2936 3828 versatum
2965 3775 3017 3828 in
3041 3772 3103 3829 S.
3150 3774 3512 3848 Hieronymo,
3548 3781 3641 3849 qui

2030 3847 2330 3925 Iuvencum
2382 3883 2528 3939 sa-pe
2572 3868 2829 3933 laudavit,
2888 3868 3166 3923 ostendat.
3217 3847 3411 3937 Aldus,
3439 3873 3493 3927 in
3521 3847 3641 3929 Vita

2030 3963 2280 4019 Aratoris
2319 3964 2603 4032 praemissa
2644 3960 2972 4017 Collectioni
3027 3973 3238 4033 poetar.
3271 3963 3498 4032 christ.,
3548 3969 3640 4024 ubi

2029 4058 2278 4129 quaedam
2306 4056 2555 4128 adjnngit
2583 4056 2651 4111 de
2680 4055 2925 4124 Sedulio,
2973 4056 3053 4111 sic
3080 4054 3224 4111 hanc
3263 4058 3638 4128 conjecturam

2032 4150 2261 4221 exponit
2285 4167 2298 4203 :
2328 4149 2648 4222 Conjicimus
2674 4158 2849 4205 tamen
2868 4165 2935 4204 ea:
2964 4152 3078 4220 ejus
3106 4149 3331 4215 cpistola
3355 4152 3426 4205 ad
3459 4151 3641 4207 Mace-

2032 4244 2251 4298 donium
2272 4241 2648 4311 presbyterum,
2680 4238 2899 4294 Iuvenci
2938 4238 3097 4294 libros
3125 4241 3190 4293 de
3219 4238 3445 4295 historia
3487 4258 3642 4299 evan-

2033 4335 2197 4409 gelica
2223 4353 2325 4390 non
2357 4334 2547 4390 uidisse
2571 4333 2870 4390 Sedulium.
2909 4331 3046 4387 Nam
3074 4349 3189 4387 cum
3219 4333 3272 4386 in
3312 4351 3372 4388 ea
3411 4337 3637 4405 epistola

2033 4444 2246 4484 causam
2270 4428 2461 4495 reddit,
2484 4443 2577 4480 cur
2600 4428 2828 4481 versibus
2852 4423 3195 4495 Evangelium
3218 4428 3507 4499 scripserit,
3532 4430 3638 4486 Iu-

1957 4521 2010 4582 D
2035 4522 2199 4588 veraci,
2242 4519 2330 4588 qui
2376 4518 2510 4573 idem
2541 4518 2751 4588 fecerat.
2786 4517 3195 4588 haudquaquam
3225 4520 3481 4575 meminit.
3515 4520 3635 4579 Non

2031 4614 2167 4669 enim
2215 4611 2379 4684 culpa
2417 4619 2645 4680 racaret,
2690 4612 2735 4665 si
2780 4611 2833 4664 id
2874 4614 3041 4665 sciens
3091 4613 3506 4677 prtetertnisisset
3538 4631 3559 4670 :
3590 4625 3643 4672 et

2034 4724 2093 4762 eo
2116 4707 2282 4778 magis
2304 4722 2421 4760 cum
2445 4708 2590 4759 locus
2628 4705 2738 4777 ip~e
2764 4706 3007 4775 exigeret,
3041 4714 3097 4758 ut
3124 4702 3434 4776 Iuvencum,
3486 4725 3640 4780 quem

2033 4802 2343 4862 imitaretur,
2393 4798 2582 4853 habere
2602 4815 2656 4853 se
2683 4800 2895 4853 diceret.
2947 4797 3113 4852 Certe
3134 4800 3393 4852 nonnulla
3424 4803 3642 4859 occasio

2033 4892 2259 4949 Sedulin
2288 4891 2472 4947 oblata
2499 4901 2607 4958 est,
2636 4888 3012 4945 utInvcncum
3030 4889 3288 4945 distincte
3310 4891 3637 4961 nominaret,

2035 5001 2158 5040 cunt
2187 4984 2364 5039 distt:
2400 4984 2562 5049 Raro,
2590 4992 2739 5055 pater
2779 4983 2993 5055 optime,
3042 4984 3176 5037 sicut
3221 4994 3390 5037 vestra
3437 5001 3643 5055 quoque

2033 5079 2221 5150 peritia
2246 5078 2483 5131 lectionis
2508 5076 2816 5131 assiduitate
2842 5075 3126 5146 cognoscit,
3183 5075 3371 5129 divina:
3413 5091 3635 5130 munera

2035 5173 2241 5245 pietatis
2266 5172 2401 5243 stylo
2420 5172 2693 5244 quisquam
2729 5168 2887 5243 hujus
2938 5168 3309 5223 modulationis
3335 5169 3564 5239 aptavit;
3592 5177 3642 5223 et

2035 5266 2188 5320 multi
2219 5274 2362 5334 sunt,
2394 5282 2524 5337 quos
2566 5264 2859 5319 studiorum
2886 5264 3217 5319 saecularium
3244 5262 3523 5332 disciplina
3552 5280 3645 5333 per

2043 5360 2270 5429 poeticas
2316 5358 2480 5431 magis
2526 5355 2769 5423 delicias,
2800 5364 2847 5407 et
2875 5356 3167 5409 carminum
3195 5356 3484 5420 voluptates
3516 5354 3649 5409 oble-

2042 5461 2168 5506 ctat.
2201 5451 2467 5506 Dubitare
2495 5450 2689 5518 aliquis
2719 5449 2942 5517 poterit,
2976 5463 3046 5501 an
3071 5445 3237 5499 etiam
3263 5443 3530 5498 Orentins
3556 5445 3651 5501 In-

2043 5559 2272 5599 vencunt
2303 5543 2590 5597 simulatus
2611 5542 2769 5596 fuerit
2801 5555 2871 5596 ex
2899 5538 3173 5594 sententia
3202 5535 3514 5607 Fortunati,
3538 5537 3651 5613 44

2045 5640 2139 5711 qui
2166 5638 2401 5694 subinde
2445 5635 2596 5692 addit
2622 5651 2636 5687 :

2173 5773 2430 5837 Paucaque
2456 5770 2746 5837 perstrinxit
2768 5769 2979 5820 ﬂorente
3000 5766 3243 5818 Orentius
3265 5779 3371 5817 ore.

3160 5852 3200 5912 2
