4176 6180
409 303 480 362 ιτ
1428 293 1491 352 C.
1536 291 1837 355 VETTIUS
1876 292 2251 364 AQUILINUS
2290 293 2676 357 JUVENCUS.

3649 295 3723 351 ‘8

411 413 600 481 capite.
663 408 773 465 Nec
818 408 1106 465 deterreant
1152 423 1246 462 nos
1294 408 1562 463 hominum
1604 409 2010 462 umbratieorum
2040 410 2090 472 Α
2116 412 2436 481 Ceillierius,
2466 412 2536 467 de
2568 411 2776 482 Script.
2810 409 3014 466 eccles.
3046 420 3084 464 t.
3121 407 3212 478 IV,
3244 405 3492 464 Juvenco
3546 407 3722 477 objici

412 505 618 566 deliria,
650 504 735 572 qui
756 501 853 556 hoc
873 519 1027 571 genus
1049 510 1321 554 auctorum
1352 501 1465 556 ideo
1487 500 1756 560 damnant,
1783 500 1927 570 quod
1953 501 2029 554 de‘

413 599 562 653 rebus
593 596 779 650 divinis
822 611 927 650 non
957 611 1074 649 cum
1132 593 1348 648 Marone
1387 605 1475 647 aut
1502 591 1707 656 Ovidio,
1733 594 1808 647 vel
1839 603 1885 648 et
1921 591 2026 646 Lu-

417 708 550 747 cano
579 691 748 759 potius
778 689 1078 759 loquuntur,
1110 704 1263 758 quam
1293 685 1485 751 Paulo,
1511 684 1653 740 Isaia
1679 697 1724 740 et
1751 684 2022 740 Matt/nea:

415 785 610 842 scilicet
659 794 714 838 ut
769 799 876 838 sese
919 797 1154 851 proceres
1200 780 1448 836 Romanae
1485 781 1791 850 eloquentia:
1817 797 1874 834 eo
1903 795 2026 832 con-

419 888 616 946 temptu
642 877 853 946 faciant.
879 873 931 928 Ii
959 875 1091 928 enim
1121 871 1353 928 homines
1385 874 1729 942 imaginosum
1751 873 2024 943 patiuntur

418 988 536 1025 cum
564 974 726 1025 tribus
754 968 1091 1039 scriptoribus
1123 969 1209 1021 vix
1236 969 1434 1022 tertiam
1464 978 1660 1029 partem
1693 967 1855 1028 lectis,
1870 965 2024 1038 judi-

415 1067 552 1120 cium
576 1065 668 1118 sibi
692 1065 755 1117 de
777 1061 1014 1116 omnibus
1046 1062 1306 1116 vindicant
1335 1070 1423 1115 :et
1448 1077 1576 1115 vera:
1606 1060 1810 1129 pietatis
1864 1061 2029 1129 stglus

415 1161 574 1214 etiam
602 1159 658 1212 in
688 1155 950 1210 cathedris
977 1155 1274 1209 Tulliorum
1306 1173 1455 1209 suam
1477 1154 1859 1225 simplicitatem
1899 1168 2028 1221 pro-

421 1253 528 1309 bat.
562 1250 640 1306 De
669 1260 774 1322 qua
804 1268 858 1304 re
881 1250 989 1323 50
1015 1251 1394 1318 disputabimus
1423 1251 1493 1303 ita
1521 1249 1668 1312 alibi,
1701 1258 1755 1301 ut
1787 1263 2031 1320 magnam

419 1356 621 1419 partem
648 1344 914 1416 supercilii
945 1345 1030 1400 sui
1059 1353 1257 1416 pudore
1280 1344 1543 1414 fatuitatis
1568 1343 1827 1396 suieultro
1853 1343 2032 1394 remis-

424 1439 537 1493 suri
566 1437 689 1499 sint,
721 1437 928 1504 Opinor,
958 1438 1036 1491 illi
1082 1437 1303 1490 censorii
1359 1434 1596 1489 lemures.
1652 1435 1819 1488 Laudi
1868 1439 2031 1488 etiam

423 1528 654 1586 Juvenci
716 1530 852 1584 verti
893 1529 1073 1592 debet,
1131 1529 1276 1596 quod
1327 1544 1434 1581 non
1467 1528 1642 1582 solum
1675 1526 1950 1590 Barthius,
1979 1535 2034 1581 et

422 1624 692 1681 Swartius
722 1625 884 1678 mmlo
916 1623 1200 1678 memorati
1231 1623 1389 1691 plura
1420 1621 1540 1691 ejus
1570 1622 1688 1675 loca
1720 1621 2030 1674 illustrave-

425 1722 557 1786 rint,
592 1718 977 1784 tthrunet‘ns,
1003 1717 1356 1779 Arntzenius,
1398 1713 1694 1780 Voncltius,
1735 1725 1842 1768 etc.
1890 1712 2034 1767 Non-

429 1814 567 1869 nulli
600 1813 762 1868 etiam
787 1813 1082 1868 editionem
1115 1809 1340 1865 Juvenci
1368 1818 1668 1870 tentarunt,
1717 1824 1817 1862 nec
1849 1817 2028 1862 tamen
2064 1793 2109 1852 Β

428 1907 801 1978 perlecerunt,
837 1912 898 1958 ut
918 1902 1158 1958 Joannes
1177 1900 1469 1966 Weitzius,
1492 1899 1561 1955 de
1591 1915 1696 1970 quo
1710 1900 1832 1955 vide
1851 1908 2032 1954 notam

429 1999 497 2055 ad
523 2016 577 2054 v.
607 1999 694 2062 l5,
730 1998 854 2051 libr.
888 2012 926 2050 ι.

445 2086 451 2092 ’
504 2094 631 2150 111.
678 2092 840 2147 Plura
865 2089 1176 2145 testimonia
1205 2097 1262 2141 ut
1293 2087 1450 2141 facile
1479 2084 1802 2148 estaddere,
1837 2085 1906 2138 ita
1939 2085 2038 2139 mi-

439 2188 586 2244 nime
617 2196 701 2242 est
731 2185 1126 2240 necessarium.
1169 2181 1427 2249 Quaedam
1457 2181 1558 2234 alia
1595 2179 1839 2233 indicare
1890 2177 2039 2233 snt‘li-

431 2281 543 2336 ciat
584 2297 596 2333 :
645 2278 855 2333 Platina
887 2277 941 2330 in
977 2275 1094 2329 Vita
1127 2274 1291 2329 Marci
1337 2273 1354 2327 l
1415 2271 1718 2342 pontiﬁcis;
1751 2270 1854 2326 Lil.
1905 2271 2040 2326 Gre-

432 2377 620 2446 gorius
644 2371 936 2444 Gyraldus,
972 2369 1172 2424 Histor.
1204 2367 1361 2422 Poet.
1395 2367 1526 2420 dial.
1561 2367 1630 2431 5;
1663 2365 1905 2421 Joannes
1941 2365 2040 2421 Pe-

433 2477 550 2522 trus
581 2463 1166 2530 Lottchitte,Biltliotlt.
1212 2459 1417 2515 Poetic.
1473 2469 1614 2526 part.
1671 2475 1708 2527 ι,
1761 2474 1883 2528 pag.
1939 2458 2037 2522 76;

429 2558 680 2616 Andreas
749 2554 1004 2622 Wilkins,
1050 2553 1334 2622 lleorlogr.
1412 2561 1551 2620 part.
1605 2551 1677 2617 1,
1725 2565 1844 2620 pag.
1900 2549 2036 2613 2m;

432 2649 711 2710 Getardus
765 2647 1009 2702 Joannes
1070 2645 1315 2706 V'os.~ius,
1341 2643 1409 2698 de
1452 2642 1607 2697 Poet.
1655 2642 1774 2696 Lat.
1820 2641 2038 2710 capJ;

433 2742 675 2800 Joannes
729 2737 1070 2794 Gottelridus
1117 2736 1385 2800 ()learius,
1420 2735 1472 2788 in
1529 2735 1714 2806 Ahath
1769 2733 2039 2802 Patrolog.

438 2833 728 2906 pag.283;
779 2832 944 2886 Olaus
990 2828 1322 2889 Borrichius,
1378 2827 1602 2881 di~sert.
1659 2825 1918 2880 Academ.
1963 2825 2044 2879 'de

437 2929 640 3001 poetis,
676 2941 802 2996 pag.
833 2923 918 2979 (i9.
962 2923 1053 2977 llis
1091 2923 1231 2974 adde
1259 2919 1698 2983 Volaterrannm,
1738 2916 2045 2986 Eisetigrci-

440 3023 617 3086 nium,
655 3021 1102 3086 Ilergotnensem,
1131 3013 1358 3084 Xystum
1405 3011 1726 3073 Senenscm,
1756 3010 2044 3064 Centuria-

442 3123 619 3178 tores,
654 3110 971 3173 Baronium,
1004 3107 1366 3177 Scaligernm,
1393 3105 1768 3169 Possevinum,
1798 3101 2046 3158 innume-

2128 504 2387 560 humilem
2419 505 2640 575 stt-lum.
2667 504 2976 576 neglectum
3009 513 3234 557 ornatus
3263 499 3727 572 poetici,pcccata

2127 599 2285 653 metri
2319 609 2374 653 et
2402 597 2703 652 Iatinitatis.

2198 691 2320 746 115.
2364 690 2675 746 Po~tnlaret
2717 691 2805 745 hic
2853 690 3026 758 locus,
3076 697 3132 743 ut
3176 688 3246 744 de
3275 687 3534 758 prosodia
3565 695 3624 743 et
3651 686 3730 742 la-

2128 785 2340 840 tinitate
2364 783 2588 839 iuvenci
2621 785 2976 839 dissererem.
3005 781 3111 838 Sed
3141 782 3440 837 universim
3481 780 3550 835 de
3587 779 3732 851 style

2129 886 2186 932 et
2233 875 2383 948 poesi
2431 876 2852 930 Christianorum
2901 882 3183 946 poetarum
3239 890 3342 928 non
3399 886 3570 944 pauca
3617 871 3732 927 dixi

2131 969 2184 1024 in
2229 969 2648 1036 Prolegomenis
2695 968 2761 1022 ad
2798 966 3168 1032 Dracontium,
3217 967 3384 1023 nimis
3414 966 3578 1021 etiam
3626 964 3726 1021 for-

2132 1069 2275 1117 tasse
2324 1063 2490 1116 inulta
2543 1062 2594 1116 in
2642 1061 3054 1128 Prolegomenis
3105 1059 3171 1114 ad
3227 1059 3602 1114 Prudentium.
3653 1057 3733 1112 Eo

2131 1165 2316 1210 autem
2359 1155 2616 1210 libentius
2662 1157 2714 1210 in
2765 1156 3052 1224 praesentia
3097 1155 3165 1208 ab
3214 1153 3318 1210 hac
3365 1151 3734 1223 disputatione

2133 1248 2440 1310 abstinebo,
2488 1249 2612 1317 quia
2660 1247 2752 1302 illa
2799 1248 2940 1316 ipsa,
2985 1262 3109 1317 quae
3143 1246 3299 1301 metri
3345 1253 3402 1300 et
3451 1243 3734 1299 latinitatis

2136 1354 2354 1414 peccata
2385 1342 2454 1397 ab
2479 1342 2706 1412 ignaris,
2741 1341 2884 1406 sive,
2918 1339 3062 1412 quod
3098 1338 3324 1410 perinde
3350 1348 3456 1408 est,
3482 1355 3509 1390 a
3550 1337 3737 1393 sciolis

2130 1436 2468 1506 jUdlCillllllI',
2522 1435 2680 1502 longe
2727 1433 2935 1489 rariora
2983 1443 3109 1489 sunt
3156 1433 3210 1488 in
3254 1432 3516 1498 Juvenco,
3569 1445 3732 1503 quam

2135 1541 2230 1586 aut
2277 1532 2328 1585 in
2379 1531 2693 1596 Ilracontio,
2723 1539 2818 1585 aut
2849 1530 2904 1585 in
2949 1530 3265 1598 Prudentia,
3313 1538 3406 1586 aut
3445 1529 3496 1585 in
3540 1527 3734 1600 quovis

2135 1626 2244 1682 alio
2277 1635 2435 1698 poeta
2467 1625 2790 1682 christiano.

2773 1738 3004 1798 CAPUT
3024 1699 3111 1796 v.’

2142 1854 2380 1911 Matthtei
2407 1857 2551 1912 locus
2583 1872 2699 1928 cap.
2725 1871 2821 1924 xx,
2846 1871 2895 1909 v.
2923 1854 3018 1922 9.8,
3051 1853 3203 1910 aliter
3233 1872 3264 1909 a
3293 1853 3522 1909 Juvenco
3551 1853 3735 1921 lectus,

2541 1966 2601 2004 ac
2631 1965 2765 2002 nunc
2793 1951 2847 2002 in
2884 1947 3111 2020 Vulgata
3130 1948 3338 2021 legitur.

2217 2089 2339 2145 114.
2381 2088 2627 2143 Latinam
2677 2102 2958 2142 sacrarum
3007 2087 3416 2158 Scripturarum
3469 2087 3740 2157 interpre-

2143 2181 2423 2244 tatiOnem,
2454 2181 2650 2236 Italam
2679 2189 3066 2250 nuncupatam,
3100 2191 3224 2236 ante
3255 2185 3310 2235 S.
3345 2181 3740 2253 Hieronymum

2143 2273 2448 2338 exstitisse,
2503 2274 2734 2329 fortasse
2785 2275 2853 2326 ab
2905 2274 3036 2342 ipsis
3089 2272 3477 2340 Apostolorum
3536 2283 3744 2342 tempo-

2143 2365 2294 2418 ribus
2343 2365 2662 2432 proiectam,
2707 2375 2897 2418 contra
2951 2364 3297 2436 Bentleyum,
3355 2373 3407 2431 et
3451 2363 3741 2436 Cnsleynm

2146 2456 2342 2512 Petrus
2403 2457 2654 2512 Sabatier
2702 2458 2913 2512 erudite
2959 2467 3016 2512 et
3069 2473 3304 2514 nervose
3354 2457 3644 2515 conﬁrmat
3689 2456 3746 2512 in

2148 2549 2359 2620 pru'l'at.
2396 2559 2527 2604 tom.
2574 2550 2637 2605 Ill
2682 2550 2954 2606 vers-iouis
3001 2551 3204 2606 veteris
3243 2551 3445 2606 Italica:
3489 2566 3557 2606 ex
3610 2565 3723 2605 mss

2147 2642 2385 2712 antiquis
2443 2643 2801 2712 deproinptat.
2861 2643 3161 2708 .lnvencus,
3221 2654 3279 2698 ut
3333 2644 3506 2699 iusius
3556 2655 3748 2715 postea

2148 2735 2345 2802 dicam,
2408 2735 2546 2790 hanc
2592 2736 2904 2791 versionem
2967 2735 3214 2791 Latinam
3269 2749 3510 2792 veterem
3570 2740 3751 2806 potius

2148 2829 2518 2898 sequebatur,
2549 2844 2710 2899 quam
2745 2829 2932 2887 Graeca
2981 2832 3316 2900 exemplaria
3361 2831 3426 2886 N.
3463 2831 3530 2886 Τ.
3563 2849 3577 2884 :
3625 2847 3750 2887 cum

2150 2921 2242 2976 illa
2282 2933 2431 2976 certe
2467 2938 2612 2989 Saepe
2653 2924 2932 2979 Convenit.
2978 2923 3212 2991 Insignis
3256 2925 3410 2980 locus
3440 2933 3548 2988 est,
3590 2940 3753 2996 quem

2149 3029 2292 3069 nunc
2317 3013 2570 3080 referam,
2597 3031 2662 3068 ex
2693 3016 2929 3072 lllatthtei
2956 3032 3077 3086 cap.
3111 3032 3204 3078 xx,
3233 3017 3326 3074 27.
3347 3017 3442 3084 28,
3476 3016 3569 3073 29.

2225 3107 2350 3162 115.
2394 3105 2620 3177 Vulgata
2653 3107 2729 3162 sic
2777 3109 2978 3164 habet:
3029 3108 3096 3163 Et
3135 3110 3223 3180 qui
3257 3110 3476 3164 voluerit
3504 3111 3640 3164 inter
3667 3127 3756 3167 vos

442 3223 649 3276 rosque
671 3205 827 3260 alios.
863 3203 1050 3272 Neque
1081 3205 1300 3259 OlltlllaS
1341 3216 1460 3265 eos,
1490 3217 1724 3272 quorum
1781 3200 1944 3254 verba
1997 3201 2048 3254 in
2079 3185 2124 3248 C
2156 3201 2353 3273 primus
2392 3218 2522 3264 esse,
2563 3203 2658 3256 erit
2702 3215 2866 3258 vester
2911 3220 3108 3258 servus.
3156 3203 3305 3259 Sicut
3343 3203 3488 3273 ﬁlius
3535 3205 3758 3259 hominis

445 3299 672 3356 Juvenci
711 3298 927 3352 laudem
960 3295 1286 3366 opportunis
1337 3296 1390 3348 in
1450 3294 1582 3348 locis
1609 3310 1639 3347 a
1683 3293 1838 3347 nobis
1892 3292 2051 3346 allata

447 3401 576 3449 sunt
610 3408 622 3449 :
659 3389 967 3454 Barthium,
1027 3404 1178 3442 num.
1225 3386 1292 3441 12
1342 3387 1608 3457 Proleg.:
1659 3383 2009 3441 Gallandium
2039 3426 2054 3450 ,

451 3503 600 3542 nttm.
638 3485 740 3550 16;
773 3480 1411 3550 Feliciutn,Ferrarium,
1445 3479 1844 3551 Maurolycum,
1875 3479 2011 3534 n.3l
2038 3493 2052 3543 ;

449 3580 622 3650 episc.
649 3576 984 3646 Equilinum,
1021 3590 1077 3628 n.
1111 3573 1214 3638 52;
1266 3571 1543 3636 Taral'am,
1598 3588 1746 3626 num.
1773 3571 1871 3636 56;
1919 3571 2055 3624 Bus-

445 3671 656 3740 chium,
689 3686 838 3725 num.
875 3667 978 3730 55;
1016 3666 1302 3732 Faustum,
1331 3682 1480 3720 num.
1513 3665 1614 3725 56:
1658 3664 1957 3732 liarthium,
1990 3663 2059 3719 ad

445 3764 486 3819 l.
520 3779 559 3827 ι.
590 3781 643 3817 v.
676 3762 732 3826 9,
766 3761 895 3829 245,
927 3757 1056 3824 399,
1081 3758 1222 3822 683;
1252 3757 1288 3824 Ι.
1319 3774 1379 3825 ιι,
1413 3774 1464 3813 v.
1499 3757 1556 3823 ‘2,
1585 3758 1649 3812 61
1679 3772 1693 3822 ;
1720 3756 1757 3811 l.
1783 3772 1854 3825 tv,
1882 3771 1934 3810 v.
1967 3755 2059 3823 62,

455 3857 556 3921 9'5;
595 3854 846 3917 Badium,
895 3851 963 3906 ad
993 3853 1032 3905 l.
1066 3866 1107 3916 ι,
1133 3869 1189 3908 v.
1223 3851 1279 3918 9,
1310 3860 1415 3905 etc.

528 3945 650 4001 “2.
699 3944 891 3998 Parum
925 3942 1090 4010 igitur
1141 3942 1301 3994 nobis
1324 3941 1523 3996 obesse
1542 3939 1724 4001 debet,
1753 3940 1896 4009 quod
1925 3956 2061 3996 non-

454 4037 588 4095 nulli
621 4036 690 4091 de
713 4035 858 4107 style
898 4031 1128 4088 iuvenci
1161 4033 1341 4087 minus
1368 4044 1513 4086 recte
1529 4031 1731 4086 sentire
1762 4030 2065 4098 iniciatur,

458 4148 584 4188 cum
609 4131 692 4186 vel
711 4130 762 4182 In
784 4129 884 4183 insi
907 4127 1217 4185 utilitatem,
1241 4142 1360 4196 quae
1383 4141 1447 4180 ex
1467 4127 1582 4191 ejus
1604 4126 1839 4180 lectione
1863 4124 2066 4194 percipi

455 4235 658 4295 potest,
688 4219 911 4275 titininte
937 4227 1157 4289 negent.
1186 4217 1272 4273 J0.
1306 4217 1613 4273 Ludovicus
1640 4217 1822 4284 Vives,
1852 4218 1890 4272 |.
1923 4234 1979 4272 ιιι
2002 4217 2069 4272 de

458 4314 710 4371 tradenti.
730 4312 944 4381 discipl.
978 4328 991 4364 :
1017 4310 1299 4372 Iuvencus,
1329 4310 1597 4376 Sedulius,
1619 4309 1871 4379 Prosper,
1892 4311 2072 4366 Pauli-

455 4425 552 4463 nus
574 4404 846 4460 lutulenta:
861 4415 908 4458 et
928 4405 1243 4474 perturbata:
1264 4414 1387 4457 sunt
1413 4422 1562 4474 aqua’
1577 4446 1592 4470 ,
1616 4408 1850 4459 salubres
1874 4417 2067 4469 tamen,

458 4509 518 4554 ut
548 4488 612 4552 de
634 4497 943 4570 quibusdam
974 4497 1279 4567 fluminibus
1309 4499 1502 4565 ferunt.
1540 4495 1814 4567 Philippus
1839 4497 2070 4551 Brietius

2158 3313 2261 3349 non
2293 3297 2428 3349 venit
2459 3296 2766 3359 ministrari,
2809 3297 2898 3350 sed
2938 3298 3259 3362 ministrare,
3291 3306 3340 3351 et
3371 3298 3500 3352 dare
3525 3299 3760 3352 animam

2160 3406 2308 3444 suam
2338 3391 2744 3460 redemptionem
2777 3392 2884 3464 52
2910 3407 3006 3463 pro
3032 3391 3234 3445 multis.
3267 3389 3334 3444 Et
3380 3391 3760 3463 egredientibus

2162 3482 2267 3536 illis
2288 3482 2351 3536 ab
2376 3480 2612 3546 Iericho,
2633 3494 2807 3538 sec-uta
2831 3495 2902 3537 est
2925 3499 3042 3538 eum
3065 3483 3212 3537 turba
3234 3482 3419 3539 multa.
3441 3484 3606 3542 Vetus
3627 3483 3759 3539 Itala

2163 3574 2344 3628 versio
2386 3589 2453 3627 ex
2504 3589 2608 3627 ms.
2642 3571 2887 3629 Colbert.
2923 3589 2936 3626 :
2973 3573 3043 3628 Et
3087 3576 3178 3646 qui
3209 3574 3450 3630 voluerit.
3497 3617 3512 3632 .
3560 3618 3572 3632 .
3618 3617 3631 3630 .
3665 3592 3762 3646 pro

2164 3667 2365 3720 multis.
2396 3665 2500 3720 Vos
2544 3678 2717 3720 autem
2741 3669 2972 3739 quaeritis
3022 3669 3086 3722 de
3111 3669 3307 3742 pusillo
3333 3687 3580 3738 crescere,
3624 3682 3671 3727 et
3699 3671 3766 3728 de

2166 3761 2364 3830 majore
2412 3759 2634 3812 minores
2681 3775 2810 3813 esse.
2860 3758 3126 3815 latrantes
3171 3771 3366 3824 autem,
3396 3775 3445 3816 et
3473 3765 3646 3833 rogati
3694 3763 3764 3818 ad

2167 3871 2364 3909 cmnam
2403 3855 2564 3908 nolite
2608 3856 2904 3910 recumbere
2934 3857 2986 3910 in
3019 3856 3148 3910 locis
3196 3856 3650 3920 eminentioribus,
3701 3874 3768 3914 ne

2171 3947 2305 4014 forte
2341 3946 2536 4000 clarior
2597 3957 2644 4002 te
2689 3947 3015 4018 superveniat
3077 3965 3095 4002 :
3151 3959 3198 4004 et
3256 3949 3500 4004 accedens
3563 3951 3654 4019 qui
3699 3951 3769 4005 ad

2171 4053 2367 4090 cwnattt
2394 4041 2588 4093 vocavit
2623 4051 2692 4105 te,
2722 4038 2863 4094 dicat
2903 4041 2995 4093 tibi
3023 4056 3041 4094 :
3065 4039 3251 4096 Adhuc
3277 4042 3516 4096 deorsum
3547 4043 3769 4110 accede;

2171 4141 2220 4185 et
2251 4131 2613 4201 confundaris.
2648 4132 2709 4189 Si
2739 4142 2912 4188 autem
2943 4133 3240 4188 recubueris
3269 4137 3322 4188 in
3353 4137 3467 4190 loco
3509 4138 3769 4207 inferiori,

2174 4234 2220 4278 et
2259 4227 2611 4298 supervenerit
2649 4225 2900 4281 humilior
2923 4237 2992 4289 te,
3035 4229 3176 4281 dicat
3209 4227 3323 4294 tibi,
3357 4231 3448 4300 qui
3475 4230 3546 4283 ad
3575 4247 3774 4286 caenam

2176 4318 2409 4371 vocavit:
2440 4318 2640 4372 Accede
2668 4317 2841 4372 adltuc
2870 4321 3132 4392 superius,
3156 4329 3203 4374 et
3226 4321 3322 4374 erit
3353 4321 3446 4374 tibi
3469 4320 3670 4376 utilius.
3705 4322 3775 4377 Et

2175 4409 2554 4480 egredientibus
2566 4413 2638 4464 eis
2651 4411 2752 4464 abl
2761 4410 2932 4464 ericho
2944 4421 3132 4466 secuta:
3143 4420 3259 4465 sunt
3274 4429 3334 4466 eu
3343 4413 3562 4468 mturst
3574 4413 3770 4469 multis.

2253 4504 2377 4558 116.
2417 4503 2712 4574 iuvencus,
2766 4515 2825 4560 ut
2873 4515 3060 4560 notum
3100 4515 3203 4573 est,
3253 4506 3564 4562 Mattha-um
3603 4509 3775 4580 potis-

452 4593 561 4648 l.tv
584 4593 651 4646 de
682 4591 831 4646 Poet.
864 4591 980 4646 Lat.
999 4589 1316 4644 delttveuco
1343 4591 1570 4659 ejusque
1593 4593 1738 4662 stylo
1761 4610 1772 4642 :
1799 4589 2070 4644 ιιιυηίιὶοτ
2099 4579 2148 4640 Ι)
2175 4595 2370 4650 stutum
2412 4597 2678 4668 sequitur.
2715 4597 2920 4670 Accipe
2963 4598 3131 4670 igitur
3156 4599 3278 4671 ejus
3325 4616 3516 4657 versus
3562 4579 3657 4658 lib.
3691 4617 3773 4670 ιιι,

462 4699 558 4748 est,
585 4691 709 4741 dum
741 4686 1009 4756 Evangelii
1041 4701 1110 4740 vei
1128 4686 1204 4738 bis
1234 4685 1386 4738 nimis
1412 4685 1740 4750 adhaerescit,
1777 4695 1826 4738 et
1850 4685 2077 4739 veritatis

460 4796 618 4850 quam
685 4795 895 4846 poeseos
947 4777 1476 4847 auantior:quique
1529 4777 1684 4832 nimis
1737 4778 1999 4852 restringit
2022 4794 2075 4832 se

458 4873 690 4926 carmine
715 4871 878 4944 magis
905 4873 1014 4942 pio,
1042 4887 1197 4937 quam
1223 4872 1462 4941 eleganti.
1499 4871 1814 4940 Alphousus
1848 4873 2072 4926 (iarsias

462 4968 814 5030 llatamoroe,
874 4966 942 5018 de
993 4965 1271 5024 academ.,
1305 4977 1356 5018 et
1381 4965 1527 5021 doct.
1554 4972 1654 5018 vir.
1691 4966 1842 5035 Hisp.
1881 4985 1892 5020 :
1927 4965 2070 5019 Pru-

459 5063 666 5118 dentius
687 5077 821 5125 vero,
855 5069 901 5114 et
929 5057 1209 5120 Iuvencus,
1237 5059 1280 5111 si
1306 5059 1442 5129 quod
1468 5060 1593 5113 mihi
1623 5070 1695 5113 est
1721 5059 1825 5131 51
1877 5059 1930 5112 in
1971 5058 2070 5114 hac

445 5163 516 5208 “re
557 5169 673 5207 cum
734 5152 966 5205 libirtate
1001 5151 1289 5222 judicium,
1368 5153 1602 5206 meliores
1677 5152 2070 5222 versi/iratores,

459 5257 800 5317 qttampoetm
849 5244 1103 5298 videntur.
1161 5243 1448 5312 Dttpinitts,
1499 5246 1549 5298 in
1607 5244 1749 5298 Nova
1811 5245 2069 5300 liib’iOIlt.

456 5349 594 5393 tom.
630 5338 666 5400 l,
695 5339 996 5392 .Iuvenciuu
1026 5343 1184 5389 vocat
1221 5347 1434 5398 poetam
1465 5337 1642 5404 magni
1669 5337 1853 5405 pretii.
1883 5349 1935 5391 et
1971 5337 2076 5405 pri-

460 5447 608 5485 mum
664 5432 1117 5486 christiauorum.
1153 5427 1388 5494 Spiritus
1433 5429 1678 5492 poeticos
1712 5430 1764 5482 in
1797 5429 1918 5495 ejus
1949 5444 2074 5482 car-

458 5523 608 5578 mine
666 5535 936 5591 aguosctt,
970 5537 1366 5590 numerumque
1411 5537 1664 5575 versuum
1706 5521 1932 5575 laudat:
1976 5521 2072 5577 sed

459 5631 629 5672 voces
659 5631 764 5669 non
790 5632 1008 5686 semper
1029 5631 1150 5671 esse
1167 5615 1432 5687 poeticas,
1476 5615 1768 5686 aliquando
1803 5632 1899 5670 nec
1929 5614 2073 5670 Lati-

451 5727 553 5769 nas
595 5711 745 5766 dicit.
782 5710 946 5764 Addit
977 5720 1179 5780 tamen,
1212 5713 1297 5765 vix
1325 5711 1436 5766 fieri
1473 5713 1736 5780 potuisse,
1785 5722 1840 5764 ut
1869 5711 2067 5766 melius

453 5815 510 5867 et
541 5802 756 5860 lldetius
787 5802 949 5858 verba
983 5804 1290 5873 evangelica
1315 5805 1565 5859 versibus
1579 5805 2057 5861 concluderentur.

2177 4708 2229 4746 ν.
2260 4690 2366 4746 608
2394 4709 2407 4745 :

2298 4805 2404 4870 ljec
2431 4808 2616 4867 primus
2636 4809 2908 4870 quisquam.
2932 4810 3025 4858 nisi
3050 4812 3239 4860 cunctis
3261 4811 3460 4866 serviat,
3482 4823 3609 4862 unus

2298 4869 2420 4920 Esse
2443 4879 2622 4931 potest.
2649 4870 2870 4920 Houniui<
2891 4881 3032 4920 nat-ts
3055 4875 3125 4921 sic
3154 4880 3315 4922 vi-stra
3339 4876 3562 4922 minister

2303 4932 2553 4995 Obsequio
2576 4931 2709 4981 Solus
2737 4936 2931 4995 proprio
2956 4942 3031 4994 pia
3059 4949 3262 4982 munera
3289 4943 3470 4993 gestat,

2303 4995 2399 5061 l_’ro
2421 4993 2924 5061 multisqueanimam
2953 4993 3168 5056 pretioso
3185 5000 3426 5061 sanguine
3451 5000 3602 5061 ponit.

2302 5058 2365 5123 At
2392 5070 2475 5123 vos
2499 5071 2558 5106 ex
2589 5059 2989 5123 minitmsopibtts
3010 5058 3363 5109 transcendere
3383 5058 3548 5123 vultis,

2301 5117 2362 5182 Et
2380 5122 2451 5166 sic
2478 5133 2506 5168 e
2525 5122 2729 5168 summis
2751 5117 2870 5181 lapsi
2889 5123 3242 5182 compremlitis
3263 5123 3400 5170 itnos.

2299 5181 2349 5244 S_i
2379 5194 2464 5228 vos
2485 5184 2696 5243 quisque
2723 5191 2860 5230 vocnt
2883 5181 3040 5231 ciente
3064 5185 3281 5232 convivia
3307 5195 3514 5244 intuens,

2301 5242 2541 5306 Cornibus
2560 5245 2606 5292 in
2619 5242 2831 5292 summis
2845 5247 3036 5295 devitet
3054 5258 3240 5306 ponere
3261 5242 3502 5306 membra,

2303 5305 2525 5366 Quisque
2547 5308 2693 5368 sapit,
2719 5313 2818 5356 etc.

2180 5428 2256 5484 Ex
2284 5428 2528 5485 Juvenro
2558 5439 2726 5500 patet,
2762 5445 2825 5484 ea
2857 5429 3050 5496 verba,
3086 5443 3206 5500 qua:
3230 5430 3282 5483 in
3307 5428 3537 5500 Vulgata
3561 5428 3782 5485 deside-

2178 5533 2387 5585 rantur,
2422 5523 2698 5578 ex~titisse
2743 5522 2876 5577 olim
2927 5523 2983 5577 in
3014 5521 3165 5576 itala.
3210 5522 3324 5578 lloc
3370 5523 3546 5594 ipsum
3577 5521 3780 5578 coniic-

2176 5626 2327 5670 mant
2351 5616 2503 5670 tnulti
2534 5615 2626 5670 alii
2658 5614 2880 5669 codices
2904 5613 3181 5668 versionis
3214 5614 3477 5684 antiquae.

2244 5710 2368 5766 117.
2440 5709 2745 5764 Discrimen
2800 5717 2984 5763 autem
3045 5709 3369 5764 nonnullam
3439 5717 3525 5762 est
3577 5706 3631 5762 in
3695 5705 3785 5762 his

2167 5801 2383 5859 verbis:
2426 5799 2528 5858 Vos
2557 5811 2734 5857 autem
2761 5800 2998 5871 quieritis
3032 5801 3095 5855 dc
3127 5800 3319 5872 pusillo
3360 5815 3607 5870 crescere,
3646 5809 3696 5855 et
3723 5798 3790 5855 de
