4176 6180
445 234 514 291 49
857 195 861 198 ’
1811 243 2348 304 ΡιιοιεαοιίεΝΑ.
3673 254 3747 310 so

441 352 636 421 majore
667 352 893 407 minores
916 371 1038 409 esse.
1078 355 1150 410 Ita
1183 357 1380 428 legitur
1403 359 1454 413 in
1487 373 1590 414 ms.
1629 359 1900 429 Colbert.,
1933 362 2037 416 nisi
2067 368 2123 427 Α
2147 380 2206 418 ea
2238 366 2353 434 ipsa
2383 366 2487 420 labi
2516 368 2770 437 quaeritis,
2805 379 2855 422 et
2883 370 2949 424 de
2976 374 3174 442 majore
3200 373 3424 426 minores
3453 372 3590 441 ﬁeri.
3623 368 3716 426 Vel
3736 411 3753 436 ,

435 441 581 512 quod
613 444 874 499 mendum
919 447 1087 501 minor
1140 466 1248 504 esse
1294 450 1611 508 Sabatierus
1655 457 1896 510 correxit
1941 472 2044 527 per

435 536 658 590 minores
684 555 831 594 esse:
859 553 975 595 erat
1003 543 1174 610 enim,
1207 555 1262 598 ut
1307 547 1402 610 ait,
1437 545 1621 616 lapsus
1665 551 1858 605 calami
1903 553 2043 606 satis

435 638 678 697 apert-is.
699 630 888 688 Codex
905 635 1235 694 Corbciens.
1258 639 1289 693 ἓ
1305 649 1361 695 et
1386 639 1726 699 Claroniont.
1751 645 1821 700 ita
1855 647 2042 715 plane:

445 721 549 777 Vos
577 736 751 780 autem
797 731 1029 792 quwritis
1067 731 1131 786 de
1159 733 1352 803 pusillo
1379 751 1626 800 crescere,
1656 751 1701 791 et
1747 739 1813 792 de
1839 741 2045 809 majore

435 817 657 872 minores
697 835 828 874 esse.
861 820 1028 876 Corb.
1075 825 1100 878 1
1139 826 1318 880 Solum
1355 829 1605 884 immutat
1653 832 1895 901 qnccretis
1947 847 2046 902 pro

439 911 698 978 quteritis,
749 921 806 966 et
847 913 910 966 de
954 918 1154 987 majore
1182 920 1408 972 minores
1449 921 1564 989 ﬁeri
1597 939 1694 991 pro
1742 940 1866 976 esse.
1901 923 2042 978 Cau-

443 1005 610 1058 tabr.:
651 1004 757 1059 Vos
787 1018 954 1062 autem
982 1012 1215 1079 queritis
1243 1015 1306 1065 de
1352 1015 1564 1068 minimo
1605 1033 1847 1082 crescere,
1892 1028 1938 1071 et
1981 1019 2044 1073 de

443 1114 638 1166 magno
673 1103 862 1168 minui,
890 1107 1032 1167 quod
1062 1103 1114 1158 in
1149 1105 1290 1160 idem
1322 1108 1536 1162 recidit.
1579 1110 1791 1165 Clarior
1835 1114 2052 1168 videtur

438 1191 710 1245 sententia
759 1195 812 1246 in
842 1193 964 1248 cod.
1001 1195 1286 1264 Sangcrm.
1323 1201 1344 1252 Ι
1391 1217 1403 1252 :
1443 1199 1550 1253 Vos
1594 1211 1768 1256 autem
1813 1207 2048 1273 qira'ritis

441 1283 506 1338 de
533 1285 722 1355 pusillo
750 1303 1002 1354 crescere,
1037 1299 1085 1343 et
1110 1290 1174 1344 de
1217 1293 1418 1346 minore
1448 1310 1668 1363 majores
1695 1296 1828 1364 ﬁeri,
1855 1298 1960 1370 53
1992 1309 2050 1355 et

442 1375 497 1430 iu
527 1377 704 1433 indice
729 1383 1115 1448 capitulorum,
1149 1388 1307 1440 artic.
1346 1385 1416 1440 3,8
1451 1404 1464 1440 :
1522 1385 1600 1440 De
1626 1389 1751 1459 ﬁliis
1778 1389 2050 1446 Zibidwi:

441 1481 496 1526 et
521 1471 583 1525 de
609 1473 821 1528 minimo
840 1479 1062 1548 majores
1083 1478 1200 1547 ﬁeri
1223 1495 1240 1532 :
1264 1489 1320 1534 et
1345 1480 1408 1533 de
1446 1481 1646 1535 duobus
1674 1485 1842 1538 ca’cis.
1872 1485 2042 1542 Favet

440 1578 541 1617 ms.
572 1565 744 1620 codex
781 1569 1101 1624 monasterii
1128 1570 1188 1626 S.
1218 1571 1458 1627 Andreae
1487 1589 1645 1629 secus
1671 1579 2046 1633 Avenionem:

450 1654 556 1712 Vos
579 1668 750 1712 autent
787 1663 1014 1729 gumitis
1041 1665 1104 1724 de
1131 1665 1326 1735 pusillo
1365 1683 1610 1732 crescere,
1661 1680 1706 1723 et
1733 1670 1798 1723 de
1844 1672 2051 1742 magnis

446 1753 671 1822 majores
701 1768 828 1805 esse.

516 1845 637 1900 HS.
680 1847 738 1901 S.
789 1846 897 1902 Leo
946 1859 1177 1920 utroque
1229 1851 1392 1906 modo
1447 1852 1662 1910 videtur
1710 1855 1929 1923 legisse.
1989 1858 2046 1911 In

442 1939 604 2008 epist.
662 1939 752 2004 18,
802 1941 867 1995 ad
926 1941 1128 1998 Dorum
1182 1944 1631 2002 Beneventanum
1675 1950 1872 2020 episc.,
1926 1966 2048 2005 cum

446 2032 814 2103 presbyteros,
853 2035 964 2102 juri
1011 2050 1111 2089 suo
1155 2049 1208 2092 et
1258 2037 1456 2093 honori
1508 2050 1716 2096 temere
1765 2042 2048 2109 cedentes,

445 2126 822 2196 redargueret,
865 2132 943 2183 sic
968 2131 1080 2184 ait:
1120 2130 1303 2198 Neque
1344 2134 1480 2187 enim
1530 2135 1827 2202 ignorabas.
1858 2138 2053 2192 dixisse

445 2216 752 2283 Dominum,
798 2226 954 2291 quod,
990 2223 1094 2291 Qui
1123 2242 1175 2278 se
1216 2225 1484 2293 humiliat,
1533 2228 1880 2296 exultabitur;
1909 2248 2054 2284 eum-

443 2313 657 2378 demque
695 2313 890 2368 dixisse
926 2333 944 2368 :
1004 2315 1107 2380 Qui
1157 2333 1270 2372 vero
1319 2335 1374 2373 se
1415 2320 1629 2384 exultat,
1661 2322 2047 2377 humiliabitur.

454 2404 555 2460 Vos
592 2417 765 2461 autem
793 2411 1026 2479 quwritis
1073 2411 1135 2464 de
1163 2412 1357 2481 pusillo
1397 2430 1642 2477 crescere,
1683 2429 1731 2469 et
1763 2416 1826 2469 de
1856 2420 2054 2490 majore

448 2500 679 2554 minores
704 2517 835 2556 esse.
878 2501 1161 2572 Utrumque
1190 2506 1324 2558 enim
1355 2505 1738 2570 inordinatum,
1781 2518 2053 2577 utrumque

440 2602 821 2664 pra’poslerum
849 2603 946 2648 est.
980 2593 1072 2650 Sic
1100 2595 1252 2666 legit,
1285 2608 1336 2649 et
1371 2597 1510 2651 hunc
1542 2597 1835 2652 lectionem
1871 2608 2052 2654 tuetur

442 2685 780 2755 Quesiiellus
819 2696 1010 2742 contra
1042 2688 1198 2753 alios,
1251 2691 1340 2758 qui
1382 2690 1667 2744 ediderant
1709 2709 1721 2744 :
1755 2692 1820 2744 de
1861 2693 2051 2761 pusillo

444 2794 694 2849 crescere,
723 2790 772 2834 et
798 2781 864 2834 de
902 2780 1099 2835 honore
1126 2784 1346 2854 majores
1393 2801 1521 2838 esse.
1555 2784 1698 2839 Idem
1726 2784 1785 2839 S.
1811 2785 1948 2850 Leo,
1997 2788 2048 2842 in

443 2872 610 2942 epist.
643 2872 736 2941 79,
766 2873 831 2928 ad
865 2873 1233 2937 Pulcln-riam,
1277 2890 1328 2929 c.
1373 2875 1407 2928 2
1441 2893 1454 2928 :
1489 2875 1619 2930 Htcc
1645 2877 1752 2931 illis
1773 2887 1894 2931 tunc
1919 2880 2050 2933 insi-

443 2965 763 3031 nuabantur,
787 2967 875 3036 qui
904 2966 970 3020 de
1004 2967 1195 3038 pusillo
1221 2967 1454 3022 volebant
1486 2985 1736 3033 crescere,
1763 2981 1808 3022 et
1840 2971 1905 3023 de
1931 2971 2054 3039 inli-

444 3061 545 3113 mis
569 3059 638 3112 ad
669 3077 871 3113 summa
893 3061 1133 3114 transire.
1165 3061 1494 3128 Quemellus
1518 3072 1702 3132 negat,
1734 3064 1848 3118 lucc
1882 3068 2050 3118 verba

2154 457 2269 525 Quo
2316 459 2428 529 ipso
2458 476 2545 513 ros
2574 461 2808 531 gureritis
2839 463 2902 515 de
2923 463 3119 533 pusillo
3149 480 3402 528 crescere,
3433 465 3486 517 in
3532 481 3593 519 eo
3636 465 3754 534 ipso

2146 549 2406 615 labimini,
2439 563 2488 605 et
2532 552 2597 605 de
2629 557 2828 626 majore
2873 555 3099 608 minores
3128 556 3270 610 estis.
3306 556 3433 611 llaec
3477 556 3753 626 interpre-

2149 644 2284 697 tatio
2309 647 2666 700 conﬁrmatur
2693 649 2944 726 exemplo
2967 649 3221 718 subjecto
3253 651 3372 718 ejus
3399 650 3491 720 qui
3525 659 3754 705 vocatus

2147 736 2212 789 ad
2259 752 2470 792 uenam
2529 738 2762 808 prinqu
2814 740 2993 796 iuCllﬂl
3046 752 3299 812 Occupat,
3355 759 3420 797 ex
3461 757 3570 811 quo
3612 741 3753 813 deji-

2149 833 2311 882 citur.

2224 923 2346 977 120.
2391 922 2577 995 Neque
2609 925 2676 978 al)
2708 925 2809 979 hac
2837 928 3108 983 sententia
3142 929 3301 997 longe
3332 927 3540 983 abludit
3568 929 3751 983 versio

2152 1017 2628 1086 Auglo-Saxouiea
2683 1018 2920 1073 Matlbzni
2998 1021 3050 1073 in
3101 1032 3335 1087 quatuor
3389 1037 3546 1087 mss,
3604 1021 3751 1088 apud

2149 1109 2414 1164 Tli0mam
2445 1111 2820 1165 Marescallum
2865 1131 2876 1164 :
2910 1111 2974 1165 In
2998 1114 3148 1166 rebus
3177 1115 3384 1182 exiguis
3413 1130 3641 1167 crescere
3666 1130 3753 1169 ros

2152 1203 2367 1272 cupitis,
2409 1213 2458 1257 et
2489 1205 2539 1256 in
2588 1205 2833 1258 maximis
2862 1207 3016 1259 rebus
3045 1208 3228 1258 minui.
3279 1205 3335 1260 In
3373 1206 3560 1260 Bibtiis
3588 1212 3754 1260 etiam

2155 1296 2472 1366 pulyglullis‘
2523 1297 2982 1357 [ιοηὼιιιθιιείὒυε.
3029 1308 3161 1351 tom.
3200 1298 3286 1365 Vl,
3338 1296 3564 1351 intidem
3613 1311 3754 1368 pene

2153 1389 2336 1443 verbis
2381 1405 2441 1444 ac
2488 1389 2540 1444 in
2575 1406 2676 1445 ms.
2710 1389 3052 1455 Colbcrtino,
3090 1391 3282 1446 Graece
3313 1407 3378 1446 ex
3416 1392 3590 1445 tribus
3631 1407 3760 1460 apo-

2153 1483 2374 1551 grapliis
2408 1483 2520 1535 luet:
2569 1484 2680 1551 ipso
2719 1483 3078 1549 proferuntur
3109 1501 3121 1536 :
3172 1481 3270 1537 Vos
3307 1496 3474 1537 autem
3500 1484 3753 1555 qua‘ritis,

2154 1584 2262 1628 etc.
2318 1573 2516 1643 JoSepli
2574 1575 2952 1638 Blaucliiuius,
3011 1575 3064 1629 in
3120 1575 3363 1646 Evax'gel
3445 1575 3758 1644 Quadrupl.

2155 1680 2274 1720 cum
2319 1685 2420 1719 ms.
2453 1667 2694 1721 Cnlbert.
2726 1681 2778 1722 et
2821 1667 3062 1723 Juveuco
3096 1669 3303 1736 pariter
3347 1670 3474 1738 legit
3519 1685 3583 1723 ex
3620 1685 3752 1723 mss.

2077 1763 2125 1822 Β
2160 1759 2457 1815 Veroneusi
2508 1770 2565 1815 et
2608 1761 2982 1816 Vercellensi:
3046 1761 3150 1814 Vos
3195 1773 3368 1815 autem
3415 1764 3649 1833 qua'ritis
3695 1764 3761 1817 de

2156 1851 2348 1922 pusillo
2405 1869 2648 1917 crescere,
2703 1863 2750 1906 et
2799 1858 2860 1907 de
2899 1855 3094 1908 minore
3138 1858 3362 1927 majores
3407 1871 3516 1908 esse
3542 1871 3561 1908 :
3595 1854 3761 1922 idque

2157 1957 2370 2000 exstare
2413 1948 2463 2000 in
2515 1948 2728 2001 duobus
2780 1963 2912 2002 mss.
2973 1948 3250 2003 Bodleian.
3305 1947 3562 2009 al'lirmat,
3611 1946 3758 2013 quod

2158 2039 2248 2092 alii
2283 2055 2498 2107 quoque
2533 2041 2774 2094 tradunt.
2811 2040 2993 2095 Codex
3043 2041 3431 2099 Vcrcelleusis,
3465 2041 3554 2111 qui
3591 2055 3758 2094 manu

2157 2131 2218 2187 S.
2254 2133 2470 2186 Eusebii
2519 2145 2775 2188 exoratus
2819 2134 3042 2195 dicitur.
3092 2134 3325 2187 collatus
3357 2133 3520 2188 etiam
3568 2142 3654 2186 est
3694 2133 3763 2188 ab

2157 2226 2374 2279 Audrea
2408 2224 2586 2290 Iricio,
2620 2225 2710 2295 qui
2749 2226 2800 2278 in
2851 2225 3172 2294 praefatione
3205 2237 3258 2280 et
3290 2227 3341 2279 in
3388 2226 3530 2279 uotis
3561 2224 3627 2279 de
3659 2225 3765 2280 boc

2158 2319 2278 2386 ipso
2308 2317 2679 2372 additamento
2706 2319 2970 2388 disputat.

2232 2410 2356 2464 121.
2401 2411 2555 2476 Quod
2586 2413 2836 2479 sequitur
2869 2412 2920 2465 in
2953 2412 3203 2466 versione
3225 2411 3358 2466 itala
3396 2412 3619 2482 antiqua
3654 2426 3759 2468 ms.

2156 2501 2450 2558 Colbertini
2488 2521 2502 2554 :
2546 2501 2813 2556 latrantes
2861 2513 3056 2569 autem,
3113 2513 3164 2557 et
3219 2504 3391 2576 rogati
3430 2505 3498 2557 ad
3541 2520 3759 2569 comam,

2156 2601 2292 2658 etc.,
2325 2594 2530 2662 pariter
2561 2610 2586 2644 a
2618 2593 2867 2648 .luvenco
2897 2609 3217 2664 expressum
3251 2606 3336 2650 est
3365 2613 3377 2648 :
3411 2596 3472 2650 Si
3499 2613 3585 2650 ros
3615 2597 3764 2667 quis-

2156 2702 2255 2756 que
2284 2697 2450 2752 vocat,
2503 2696 2610 2741 etc.
2664 2685 2781 2741 Etsi
2829 2687 2972 2741 enim
3004 2687 3147 2758 apud
3199 2687 3423 2754 Lucam,
3477 2704 3528 2743 c.
3580 2705 3694 2755 xiv,
3726 2691 3762 2744 8

2157 2794 2312 2850 seqq.
2343 2779 2548 2834 similia
2572 2782 2841 2850 legantur,
2869 2793 3050 2838 tamen
3073 2782 3380 2838 .Invencum
3404 2801 3468 2837 es
3505 2784 3763 2841 ilattlizeo

2158 2872 2211 2926 id
2248 2873 2547 2943 somp.~isse
2595 2875 2790 2943 probat
2825 2872 3193 2930 Sabatierius.
3243 2875 3522 2944 Siquidem
3553 2876 3768 2932 duobus

2158 2968 2433 3034 versibus,
2467 2968 2662 3037 quibus
2698 2969 2846 3036 prius
2877 2969 3309 3024 additamentum
3339 2973 3633 3040 expressit,
3667 2971 3764 3026 ad-

2151 3060 2338 3130 junxit
2371 3061 2652 3126 proxime:
2686 3061 2748 3114 Si
2769 3078 2856 3115 vos
2884 3063 3102 3131 quisque
3123 3080 3168 3116 υς
3189 3073 3291 3127 cat,
3327 3076 3436 3118 ctc.
3470 3066 3534 3118 lit
3561 3065 3766 3119 relictis

442 3154 508 3208 de
557 3155 750 3218 inﬁmis
795 3155 866 3208 ad
917 3171 1120 3210 summa
1177 3158 1400 3210 transire
1447 3172 1569 3213 e~sc
1619 3158 2044 3229 explicationem
2075 3155 2121 3218 C
2154 3155 2512 3223 sequentibus
2559 3155 2758 3224 capitis
2801 3171 2866 3208 xx
2913 3156 3154 3210 Mattluei
3213 3158 3526 3225 versiculis,
3569 3160 3768 3228 quibus

443 3245 665 3301 illorum
718 3248 784 3300 de
811 3249 1010 3302 minore
1060 3252 1286 3322 majores
1315 3267 1442 3304 esse.
1488 3250 1710 3306 Certum
1758 3256 1941 3321 potius
1973 3255 2050 3309 vi-

443 3339 626 3403 detur,
660 3339 864 3410 inquit,
903 3342 1033 3396 nihil
1089 3345 1233 3398 aliud
1277 3360 1426 3412 esse,
1471 3362 1632 3416 quam
1687 3350 1928 3417 priorum
1965 3368 2051 3406 re-

448 3431 796 3503 petitionem,
826 3435 946 3491 aliis
979 3437 1163 3492 verbis
1195 3451 1517 3509 Conceptam
1566 3457 1580 3494 :
1628 3442 1770 3512 quod
1803 3459 1869 3496 ex
1907 3443 2052 3498 serie

442 3535 501 3582 et
548 3537 805 3582 cnnlextu
859 3531 1104 3601 epistolae
1159 3532 1396 3602 probare
1442 3546 1698 3588 conatur.
1747 3535 2052 3590 liiehardus

443 3621 745 3685 Simonius,
775 3623 826 3676 in
856 3621 1143 3678 Observat.
1173 3625 1238 3678 ad
1275 3634 1478 3680 textum
1513 3635 1569 3681 et
1593 3627 1880 3683 versiones
1926 3632 2050 3683 novi

448 3713 813 3777 Testamenti,
862 3731 982 3788 cap.
1013 3718 1106 3779 ‘21,
1139 3735 1165 3768 a
1200 3717 1499 3785 Quesuello
1528 3719 1808 3776 dissentit.
1842 3721 2055 3776 Consu-

448 3803 607 3862 lenda
637 3818 722 3863 est
761 3811 923 3865 etiam
955 3810 1272 3864 di~sertalio
1312 3813 1499 3866 critica
1545 3812 1802 3875 Simonii.
1843 3814 1896 3868 in
1948 3815 2053 3869 line

447 3903 695 3968 ejusdem
724 3905 934 3972 operis,
961 3920 1066 3972 qua
1099 3905 1522 3959 difficultatibus
1569 3908 1788 3961 Antonii
1830 3907 2053 3962 Arualdi

449 3995 519 4051 de
555 3996 744 4051 c-idire
784 3995 1590 4064 Cantabrigiensi.respondet.
1637 3997 1839 4057 Contra
1875 4001 2054 4058 Simo-

453 4091 600 4143 nium
634 4104 767 4144 vero
809 4091 1010 4158 prodiit
1059 4089 1403 4145 Dissertation
1452 4095 1668 4165 critique
1712 4097 1958 4150 touchant
1983 4098 2053 4152 les

452 4184 787 4254 exemplaires
816 4201 981 4254 grecs,
1014 4201 1103 4238 sur
1133 4185 1351 4249 lesquels
1382 4185 1458 4240 Μ.
1495 4187 1680 4242 Simon
1710 4193 1929 4261 pretend
1953 4210 2054 4265 que.

454 4276 742 4332 l’ancienne
789 4277 1011 4348 angate
1039 4297 1068 4331 a
1095 4283 1174 4334 ἑτέ
1201 4281 1349 4347 faite,
1382 4291 1429 4334 et
1455 4298 1546 4334 sur
1581 4283 1628 4336 le
1645 4284 1914 4354 jngement
1959 4304 2056 4350 que

455 4371 554 4423 l‘on
585 4371 694 4424 doit
725 4372 858 4442 fa're
898 4374 970 4425 du
994 4372 1209 4442 fumeus:
1257 4373 1541 4428 manuscrit
1586 4376 1650 4429 de
1691 4375 1842 4430 Béze.
1876 4379 1918 4431 Α
1959 4379 2058 4433 Co-

455 4463 625 4536 logne,
646 4465 801 4520 1691.

2160 3248 2374 3300 Curatio
2401 3249 2631 3301 duorum
2666 3263 2937 3302 czccorum
2967 3262 3277 3317 etiarratm',
3311 3256 3573 3307 Continuo
3617 3253 3768 3307 venit

2157 3341 2223 3394 ad
2267 3351 2428 3408 caput
2458 3357 2547 3396 XXI
2584 3341 2841 3405 Matthxi,
2876 3343 3020 3411 quod
3053 3344 3351 3412 l‘espttlldt‘l.
3385 3345 3545 3399 Luca:
3593 3345 3766 3414 Capiti

2163 3434 2252 3500 19,
2289 3451 2394 3488 non
2429 3449 2556 3488 vero
2587 3434 2670 3488 his
2699 3451 2820 3505 quae
2851 3447 3154 3505 sequuntur
3177 3437 3320 3505 apud
3365 3437 3591 3502 Lucam,
3632 3451 3762 3507 Cap.

2159 3545 2275 3596 xiv,
2304 3531 2392 3584 ubi
2423 3530 2493 3585 de
2524 3530 2696 3599 primo
2726 3545 2805 3582 am
2827 3530 2978 3584 ubitu
3010 3531 3061 3585 in
3095 3546 3247 3586 omna
3282 3532 3480 3602 agitur.

2236 3622 2358 3676 129..
2410 3622 2598 3676 Cotlici
2643 3621 2968 3676 Colberliuo
3028 3623 3311 3677 adlttcreut
3369 3625 3479 3676 duo
3538 3623 3764 3680 codices

2157 3715 2542 3774 Corbcienses.
2591 3715 2764 3767 codea~
2818 3714 3141 3769 Monasterii
3202 3715 3262 3769 S.
3318 3716 3548 3769 Andreae
3601 3731 3764 3772 secus

2162 3808 2528 3866 Avcniouem.
2569 3805 3032 3861 Clammoutanus
3081 3820 3135 3864 et
3179 3807 3666 3879 Cautabrigiensis.
3722 3811 3765 3866 E

2160 3896 2443 3952 codicibus
2475 3897 3048 3968 Sangermaneusibus
3073 3901 3266 3970 major,
3301 3917 3450 3956 utzm.
3483 3903 3571 3967 l5,
3605 3902 3771 3958 habet

2158 3991 2314 4060 prius
2363 4002 2737 4046 assumeutum
2774 4010 2787 4047 :
2835 3993 2939 4048 Vos
2979 4005 3148 4050 autem
3194 3996 3448 4065 quwritis,
3495 4005 3622 4062 etc.;
3657 3995 3764 4068 55

2162 4099 2269 4139 non
2315 4101 2445 4140 vero
2483 4085 2585 4140 huc
2633 4088 2959 4155 secundum,
3011 4086 3277 4142 latrantes
3327 4099 3532 4152 autem,
3580 4100 3628 4142 et
3676 4105 3768 4142 ro-

2161 4181 2290 4252 gati,
2354 4188 2458 4234 etc.
2529 4180 2730 4234 Contra
2790 4181 2960 4236 codex
3023 4182 3518 4251 Sangermanensis
3584 4181 3764 4236 minor

2161 4273 2367 4341 absque
2417 4274 2692 4326 uumcriea
2729 4283 2853 4328 nota
2899 4273 3062 4328 refert
3112 4275 3410 4330 secundum
3460 4276 3561 4330 hoc
3609 4276 3764 4331 addi-

2163 4373 2484 4428 tamentum,
2531 4365 2796 4421 Intrantes
2823 4378 3012 4426 autem.
3047 4370 3268 4424 secluso
3294 4371 3494 4441 priori.
3533 4369 3636 4425 Vos
3666 4387 3766 4426 au-

2164 4467 2264 4512 tem
2292 4459 2548 4530 quieriris.
2595 4461 2800 4514 Omnes
2851 4474 3035 4514 autent
3081 4461 3135 4515 hi
3180 4463 3401 4516 Codices
3427 4462 3480 4517 in
3525 4462 3770 4518 secundo

530 4559 653 4615 “9.
695 4559 969 4616 jm-encug
1018 4561 1238 4632 quidem
1290 4562 1620 4632 scripturam
1671 4564 1876 4621 codicis
1929 4567 2055 4622 θοι-
2083 4545 2132 4605 1)
2159 4551 2535 4606 additamenta
2563 4551 2745 4606 verbis
2772 4553 3084 4620 dumtaxat,
3119 4563 3216 4608 aut
3262 4571 3450 4609 eorum
3498 4556 3694 4610 ordine
3734 4570 3764 4610 ει

459 4654 656 4710 bertini
683 4665 833 4711 tenet
859 4666 913 4711 et
943 4657 1214 4726 explicat:

580 4758 647 4806 At
667 4769 756 4806 vos
775 4770 837 4806 ex
863 4758 1074 4808 minimis
1095 4759 1270 4822 Opibus
1287 4760 1642 4811 transcendere
1673 4761 1832 4812 vultis.

459 4866 571 4924 Hoc
602 4879 685 4924 est
715 4887 727 4922 :
765 4867 866 4924 Vos
894 4879 1066 4925 autent
1087 4871 1319 4937 atlwritis
1351 4871 1412 4925 de
1444 4873 1635 4940 pusillo
1663 4889 1909 4928 crescere.

582 4981 645 5033 Et
662 4983 732 5032 sic
756 4995 786 5032 e
808 4985 1011 5032 summis
1034 4982 1154 5044 lapsi
1181 4983 1531 5045 comprenditis
1554 4985 1710 5032 imos:

462 5115 726 5172 Nimirum
770 5133 782 5167 :
819 5111 885 5167 Et
927 5115 991 5168 de
1017 5117 1216 5186 majore
1267 5114 1493 5166 minores
1537 5129 1666 5166 esse.
1719 5111 2058 5167 Sabatierius

464 5213 541 5268 sic
565 5219 997 5267 commentatur:
1027 5208 1132 5262 Hic
1159 5225 1332 5262 uersus
1359 5219 1535 5278 aperte
1558 5209 1727 5263 reddit
1753 5211 2058 5263 sententiam

463 5325 558 5365 ms.
592 5306 754 5360 nostri
799 5303 1124 5360 Colbertini:
1173 5302 1236 5357 Et
1281 5305 1344 5357 de
1388 5306 1584 5374 majore
1644 5307 1870 5358 minores
1908 5321 2058 5370 esse;

401 5418 404 5420 '
465 5401 620 5454 immo
665 5409 712 5453 et
756 5397 1043 5467 p'aniorem
1092 5397 1238 5465 facit.
1289 5395 1397 5469 54
1431 5395 1555 5451 llwc
1608 5399 1746 5451 enim
1795 5399 1840 5450 si
1891 5400 2060 5465 prima

464 5493 631 5561 specie
655 5491 979 5558 aliquantum
1008 5488 1336 5542 obscuritatis
1364 5487 1514 5540 habet
1543 5489 1599 5540 in
1627 5488 1804 5540 codice
1835 5489 2021 5542 Latino
2043 5533 2058 5555 ,

464 5597 519 5642 ut
545 5587 700 5640 modo
739 5585 1049 5648 exprimitur
1077 5600 1108 5636 a
1135 5580 1384 5650 Iuvenca,
1420 5581 1550 5634 nihil
1601 5581 1753 5647 offert
1780 5585 1919 5655 quod
1947 5601 2067 5639 seu-

467 5692 578 5735 sum
623 5677 892 5744 impediat.
930 5675 1136 5745 Quippe
1177 5677 1248 5728 ita
1277 5675 1501 5744 intelligi
1532 5684 1719 5742 potest.
1749 5694 1810 5730 ac
1857 5680 1903 5733 si
1927 5679 2067 5732 dice‘

468 5767 641 5826 retur!
677 5763 794 5831 una
821 5756 1100 5822 ambitione
1129 5769 1211 5820 est
1239 5761 1467 5836 nauseat:
1498 5763 1560 5818 ita
1587 5760 1778 5822 Bruttio
1817 5763 2062 5830 Humi.

2161 4659 2264 4700 ms.
2298 4644 2620 4700 Coltiertiuo
2651 4647 2932 4706 dilTeruut:
2965 4662 3048 4713 re,
3093 4657 3147 4702 et
3187 4663 3351 4703 Sensu
3385 4665 3508 4702 cum
3537 4664 3605 4704 eo
3634 4664 3769 4704 con-

2162 4739 2424 4792 sentiunt.
2453 4737 2576 4790 "mc
2600 4738 2713 4805 ipsa
2750 4739 3009 4805 parabola
3039 4740 3144 4793 loc.
3171 4741 3267 4794 cit.
3299 4740 3537 4796 Mattluei
3568 4741 3764 4812 legitur

2165 4830 2218 4884 in
2255 4839 2400 4885 textu
2433 4830 2624 4885 Crmco
2655 4831 2880 4884 Bililior.
2930 4830 3290 4903 Polyglollor.
3319 4832 3581 4900 LOudin.,
3625 4844 3761 4888 tum.

2169 4923 2256 4988 Vl,
2309 4936 2364 4977 et
2414 4925 2466 4978 in
2500 4927 2756 4980 versione
2789 4926 3284 4993 Anglo-Sammica,
3325 4927 3627 4996 interprete
3653 4928 3765 4982 Ma-

2168 5016 2425 5071 rescallo.
2461 5015 2722 5070 Eamdem
2758 5018 2999 5071 indicant
3030 5027 3140 5073 tres
3161 5019 3526 5088 capitulorum
3559 5019 3765 5074 indices

2165 5110 2374 5178 przelixi
2431 5109 2726 5178 Evangelia
2757 5110 3000 5166 Maitltaei
3045 5112 3096 5164 in
3130 5127 3264 5165 mss.
3313 5111 3650 5178 (Iolbertino,
3709 5123 3767 5168 et

2167 5202 2382 5257 duobus
2425 5199 2876 5256 Cor-beiensibns.
2912 5203 3151 5258 llilarius
3178 5205 3341 5258 etiam
3388 5213 3683 5260 comment.
3718 5206 3772 5260 in

2167 5296 2381 5357 ΜτιιῑΙι..
2433 5298 2680 5366 quamvis
2733 5298 2885 5366 prius
2937 5299 3386 5362 additamentum,
3447 5297 3548 5352 Vos
3595 5309 3772 5356 autem

2162 5390 2416 5461 qureritis,
2452 5399 2756 5459 praetereat,
2790 5402 2972 5447 tamen
3015 5392 3119 5446 hoc
3159 5393 3392 5445 alterum
3422 5391 3632 5447 diserte
3671 5409 3768 5450 ex-

2173 5483 2320 5555 ponit
2353 5502 2363 5536 :
2399 5493 2452 5538 et
2498 5486 2547 5538 in
2594 5485 2848 5554 capitulis
2874 5485 3269 5540 commentario
3313 5484 3500 5539 llilarii
3551 5487 3602 5540 in
3637 5487 3770 5544 Mat-

2174 5578 2373 5632 thirum
2401 5579 2656 5646 pra-lixis,
2687 5596 2834 5632 num.
2861 5579 2953 5640 20,
2988 5579 3215 5646 legitur:
3247 5572 3325 5631 De
3354 5575 3478 5646 [iliis
3503 5565 3773 5648 Zebeda'i,3

2174 5673 2238 5726 de
2271 5673 2435 5739 primo
2462 5672 2742 5742 accubitu;
2771 5673 2834 5724 de
2863 5667 3064 5724 duobus
3087 5672 3260 5725 ca'cis.
3297 5661 3414 5726 Duo
3443 5683 3661 5728 veli-res
3679 5689 3771 5729 co-

2175 5756 2349 5824 dices.
2385 5761 2581 5832 quibus
2627 5767 2758 5817 ustis
2803 5753 2886 5818 est
2917 5747 3270 5819 unanimum
3314 5757 3368 5818 lii
3421 5746 3778 5837 Erahgslloil
