4176 6180
437 267 500 327 δι
1564 266 1626 324 c.
1674 256 1898 324 verro
1936 252 2240 337 AQUILINI
2279 267 2572 325 JUVENCI
3669 263 3741 320 se

434 378 753 458 quadrupl..
784 401 907 442 cum
943 380 1116 456 priori
1144 396 1463 444 assumento
1488 378 1591 442 lioc
1616 388 1847 443 alterum
1872 386 2033 444 exbi—
2059 378 2109 449 Ᾱ
2137 400 2378 446 veterem
2410 390 2639 461 margini
2675 388 3118 445 membranarum
3164 387 3489 460 ascripsisse
3519 389 3743 445 dedecus
3840 438 3845 444 .

436 474 602 566 irent:
630 480 892 538 latrantes
922 493 1121 551 autem,
1160 494 1208 538 et
1238 486 1409 558 regali
1437 485 1506 541 ad
1537 502 1753 554 cunmm,
1787 495 1895 542 etc.
1923 484 2032 541 Co-

2136 497 2418 554 oppresue,
2448 481 2655 537 addidit
2705 496 2720 535 :
2766 480 2882 535 Hoc
2913 481 3056 535 enim
3086 480 3303 536 lectione
3331 480 3409 535 vis
3436 480 3590 535 illata
3619 478 3744 535 Vir-

436 573 648 632 lnerent
667 575 776 632 duo
793 573 882 632 alii
907 568 1129 634 codices
1149 567 1327 634 Latini
1346 579 1704 637 Bibliotheca:
1725 581 2036 638 Bodleiano:
2135 574 2266 646 gini.
2299 585 2355 630 ut
2379 576 2584 646 quidem
2614 574 2881 628 videbatur
2908 574 3041 628 bona
3060 571 3142 629 illi
3167 572 3426 644 Iosephi).
3441 571 3741 630 iudicatur:

429 672 465 724 ’a
516 664 841 725 Blancliluio
891 662 1122 725 laudati.
1175 664 1231 726 In
1287 664 1627 729 Bibliotheca
1677 675 2036 730 sacratissimi

436 762 704 835 principis
729 756 788 819 Ι).
815 763 878 819 Ν.
904 764 984 819 Pii
1011 760 1101 829 Vl,
1131 767 1272 821 raris
1300 782 1364 821 ac
1384 767 1606 822 selectis
1629 766 1785 822 libris
1811 766 2036 835 referta,

436 856 684 912 consului
729 871 925 912 novum
954 857 1369 913 Testamentum
1400 858 1651 915 Graecum
1679 874 1802 915 cum
1852 860 2043 916 lectio-

438 948 597 1013 nibus
641 946 984 1004 variantibus
1026 957 1083 1005 et
1128 952 1527 1006 commentario
1573 950 1804 1008 Joannis
1850 951 2043 1009 Jacobi

443 1034 1139 1098 WetsteniiAmsselodami
1170 1044 1330 1110 1754;
1358 1053 1468 1100 tum
1492 1047 1737 1112 Quatuor
1754 1048 2042 1118 Evangelia

438 1132 632 1191 Graece
678 1151 804 1190 cum
855 1136 1198 1192 variantibus
1240 1152 1268 1188 a
1325 1147 1474 1193 textu
1525 1138 1852 1194 lectionibus
1908 1155 2040 1195 mss.

440 1224 691 1285 codicum
725 1224 972 1284 ﬂavniae
1016 1220 1177 1295 l788,
1203 1244 1368 1301 opera
1396 1231 1629 1288 Andreas
1667 1233 1859 1300 Bircb;
1904 1250 2047 1303 prcc-

440 1329 589 1376 terca
631 1337 830 1377 novum
857 1315 1270 1378 Testamentum
1297 1322 1488 1379 Graece
1516 1334 1574 1380 et
1600 1325 1789 1381 Latine
1810 1342 1875 1382 ex
1907 1341 2039 1382 mss.

440 1429 717 1484 nunquam
751 1426 915 1469 antea
952 1408 1280 1471 examinatis
1328 1417 1619 1472 maximam
1666 1428 1875 1488 partem
1906 1419 2047 1474 Mos-

435 1504 769 1575 queusibus,
828 1518 1059 1563 curante
1105 1505 1418 1565 Christiano
1475 1508 1758 1565 Friderico
1805 1510 2044 1567 Mattlnei

436 1596 612 1669 Rigm,
650 1596 819 1657 ine8°.
852 1589 1089 1671 Tomos,
1126 1617 1232 1672 quo
1266 1601 1620 1674 Evangelium
1652 1603 1885 1658 Mattba‘i
1916 1619 2047 1660 cou-

438 1693 662 1763 tinetur,
713 1694 916 1765 prodiit
955 1710 1107 1750 anno
1150 1695 1310 1752 1788.
1357 1693 1584 1752 Codices
1625 1696 1772 1751 Frid.
1806 1695 2046 1754 Mattbwi

2138 665 2275 736 quod
2301 668 2446 736 apud
2466 667 2697 720 animum
2721 667 2834 739 ejus
2860 673 3115 721 errantem
3136 682 3170 719 a
3197 665 3273 720 rei
3293 666 3530 733 veritate,
3552 665 3608 720 in
3624 664 3744 737 ipsa

2139 765 2309 811 tamen
2339 774 2540 830 quoque
2568 759 2795 831 falsitate
2832 757 3261 814 excusabiliorem
3286 756 3516 829 faciebat
3575 755 3747 830 Virgi-

2141 867 2256 904 nem
2286 866 2551 921 sponsam.
2599 849 2667 905 Et
2697 850 2795 905 hoc
2821 866 2981 922 genus
3021 851 3318 904 uariantur»
3366 848 3649 905 lectionum
3679 851 3745 907 ob

2142 941 2270 997 talia
2283 942 2387 1016 57
2413 944 2707 998 accuratius
2721 942 2941 1015 expendi
2954 942 3116 1009 decet,
3134 958 3291 1012 quant
3309 945 3351 997 si
3383 940 3548 997 alim
3567 958 3747 1014 quem-

2142 1036 2283 1108 piam
2327 1037 2632 1108 scriptorem
2679 1046 2890 1102 troctes,
2948 1037 3002 1090 in
3051 1032 3242 1092 talibus
3292 1036 3501 1108 quidem
3549 1037 3746 1094 sanctis

2144 1130 2347 1200 mystis.
2374 1130 2621 1206 Accedit,
2651 1131 2849 1185 multos
2873 1130 3153 1197 librarios,
3184 1130 3462 1200 primusve
3478 1128 3743 1197 editores,

2146 1221 2369 1278 lectioni
2403 1221 2645 1293 Vulgata:
2686 1232 2889 1278 nostra:
2937 1236 3214 1290 assuetos,
3249 1237 3397 1292 sape.
3436 1222 3608 1277 verba
3651 1220 3747 1278 Ju-

2146 1309 2324 1382 venc‘l,
2349 1329 2417 1371 eo
2444 1315 2707 1380 traxisse,
2739 1324 2798 1369 ut
2826 1331 2948 1370 cum
2981 1328 3046 1370 ea
3079 1314 3637 1379 consentirent;cum
3666 1322 3747 1371 ta-

2148 1424 2272 1463 men
2305 1409 2424 1477 ipse
2473 1419 2710 1465 veterem
2741 1409 2932 1463 Italam
2980 1419 3200 1463 secutus
3230 1407 3421 1474 fuerit,
3440 1415 3603 1479 atque
3639 1407 3748 1463 alia

2148 1494 2331 1558 omnia
2365 1499 2637 1556 interdum
2684 1501 2902 1563 dixerit.
2957 1515 3117 1570 quam
3149 1515 3268 1572 qua:
3298 1498 3350 1555 in
3394 1499 3557 1555 editis
3602 1514 3749 1557 nunc

2147 1602 2436 1666 apparent,
2464 1604 2521 1649 ut
2546 1593 2727 1648 multis
2753 1595 2803 1647 in
2838 1593 2969 1649 locis
2996 1608 3060 1648 ex
3091 1607 3223 1648 mss.
3251 1592 3667 1650 demonstrabo.

2224 1676 2348 1743 Hii.
2376 1684 2667 1741 Afﬁrmant
2695 1686 2962 1752 nonnulli,
2996 1685 3300 1741 istiusmodi
3337 1685 3503 1742 variis
3545 1685 3744 1742 lectio-

442 1796 500 1842 ει
522 1784 721 1842 [tn-cmi
758 1786 1003 1859 Vulgata:
1049 1791 1437 1845 r0usentiunt:
1482 1805 1546 1845 ac
1585 1791 1761 1845 solum
1796 1790 2044 1846 Birchios
2073 1770 2122 1835 Β
2150 1780 2309 1835 nibus
2340 1778 2663 1834 annotandis
2691 1780 2872 1836 omnia
2898 1778 3104 1835 incerta
3135 1778 3320 1847 reddi,
3352 1788 3408 1835 et
3447 1777 3750 1850 susquede-

442 1881 648 1936 indicat
678 1899 741 1936 ex
774 1882 1017 1953 margine
1046 1883 1168 1939 cod.
1200 1883 1505 1940 Asseinanii
1544 1884 1571 1939 1
1603 1884 1871 1939 versionis
1891 1886 2042 1954 Syrte

441 1973 896 2029 Pbiloxenianze:
959 1973 1059 2029 Vos
1099 1986 1270 2029 autem
1315 1976 1549 2047 quaeritis
1595 1979 1658 2029 de
1688 1976 1903 2030 minimo
1948 1992 2043 2030 au-

441 2069 571 2138 geri,
633 2070 680 2121 el
728 2066 793 2122 de
832 2083 1020 2140 magno
1067 2068 1255 2133 minui,
1298 2082 1420 2122 cum
1469 2067 1727 2139 parabole
1773 2067 2042 2139 sequenti.

445 2154 776 2216 Wetsteuius
826 2160 1047 2229 reperit:
1108 2150 1210 2214 Vos
1252 2172 1420 2215 autem
1451 2161 1684 2233 quaeritis
1738 2160 1803 2216 de
1833 2163 2044 2217 minimo

442 2269 690 2321 crescere,
722 2264 768 2307 et
804 2256 865 2308 de
899 2256 1096 2320 maiore
1126 2254 1355 2309 minores
1378 2270 1513 2322 esse,
1560 2270 1683 2310 cum
1710 2254 1921 2326 reliquo
1951 2255 2047 2309 ad-

439 2347 743 2401 ditameuto
774 2348 829 2401 in
859 2347 1052 2403 (ιυιιίίοθ
1092 2350 1245 2418 regio
1274 2344 1439 2413 5935,
1472 2348 1788 2404 Colbertino
1823 2348 1958 2406 4051
1991 2358 2049 2405 et

443 2440 605 2505 l895,
655 2448 710 2494 et
751 2439 803 2493 in
843 2439 1034 2496 codice
1086 2440 1322 2512 Collegii
1369 2442 1629 2498 Ludovici
1676 2442 1884 2513 Magni,
1919 2454 2047 2500 tunc

439 2531 794 2587 Jesuitarum.

1005 2627 1114 2701 se
1140 2624 1367 2685 CAPUT
1414 2629 1499 2684 vr.

479 2758 688 2817 Utilitas
714 2760 1020 2831 conferendi
1050 2762 1254 2817 codices
1282 2769 1408 2817 nisi.
1450 2760 1691 2818 Iuvenci.
1731 2763 2011 2819 Met/tocius

1024 2856 1183 2926 hujus
1204 2855 1467 2911 editionis.

522 2984 645 3045 195.
688 2988 789 3056 Qui
823 3002 1037 3046 veteres
1077 2990 1374 3061 scriptores
1406 2993 1549 3066 typis
1579 2994 1736 3064 primi
1766 2996 2048 3052 commise-

444 3091 593 3145 runt,
629 3098 796 3136 unum
848 3084 927 3136 vel
957 3083 1191 3138 alterum
1223 3086 1509 3156 exemplar
1551 3103 1655 3141 ms.
1690 3090 1868 3153 nacti.
1901 3103 2045 3161 sa'pe

2148 1888 2255 1943 que
2286 1873 2447 1927 verti.
2474 1871 2669 1940 Quian
2705 1872 2836 1926 satis
2870 1870 3192 1940 intelligant,
3219 1887 3338 1941 quae
3384 1871 3616 1940 dicunt,
3664 1873 3744 1928 in-

2146 1976 2355 2021 certum
2385 1964 2518 2020 mihi
2551 1975 2657 2021 est.
2687 1964 2824 2033 Quid
2850 1964 3033 2021 enim?
3075 1962 3210 2020 Cum
3262 1972 3606 2035 compertum
3643 1965 3747 2036 sit,

2146 2067 2392 2114 veterum
2423 2058 2628 2128 scripta
2653 2056 2981 2129 ignorantia,
3013 2057 3242 2121 incuria.
3272 2068 3364 2112 aut
3387 2057 3751 2127 perversitate

2148 2149 2567 2221 csseriptorum,
2613 2150 2875 2220 temporis
2895 2150 3056 2204 etiam
3109 2149 3301 2221 injuria
3347 2149 3530 2204 multis
3569 2150 3623 2204 in
3671 2150 3750 2205 lo-

2147 2243 2225 2299 cis
2251 2252 2505 2314 corrupta
2545 2257 2689 2310 csse,
2741 2257 2923 2298 nonne
2977 2241 3147 2296 satius
3195 2251 3279 2297 est
3324 2258 3451 2297 vera
3481 2258 3510 2293 a
3555 2240 3744 2309 falsis,

2150 2348 2298 2391 certa
2338 2337 2407 2390 ab
2446 2333 2688 2404 incertis,
2731 2334 3030 2406 probabilia
3076 2336 3145 2389 ab
3175 2333 3446 2401 absurdis,
3479 2344 3742 2406 quantum

2148 2429 2368 2501 quidem
2394 2428 2511 2484 ﬁeri
2541 2439 2747 2499 potest,
2810 2443 3119 2494 secernere,
3173 2445 3336 2499 quam
3391 2430 3572 2483 omnia
3627 2432 3748 2486 sine

2157 2518 2272 2578 ullo
2299 2523 2552 2578 examine
2586 2521 2870 2591 recipere?
2902 2520 3013 2576 Nec
3058 2531 3351 2591 propterea
3404 2522 3741 2592 negaverim,

2155 2616 2260 2672 hoc
2294 2617 2456 2672 etiam
2485 2616 2536 2670 in
2567 2616 2747 2671 studio
2798 2615 3008 2686 peccari
3042 2631 3221 2684 posse.
3269 2615 3741 2672 Contemnendum

2153 2710 2376 2764 minime
2405 2720 2488 2765 est
2523 2709 2790 2779 judicium
2830 2706 3062 2772 Bartbii,
3110 2708 3147 2763 Ι.
3208 2724 3380 2763 xxxvi
3430 2708 3660 2765 Advers.
3693 2724 3745 2764 c.

2151 2798 2246 2865 20,
2280 2801 2389 2859 col.
2427 2802 2567 2858 1669
2597 2819 2610 2857 :
2641 2800 2711 2854 Et
2746 2818 2872 2855 sane
2897 2800 2995 2854 ltoc
3017 2800 3185 2854 dicunt
3213 2803 3391 2867 semel,
3437 2798 3655 2856 nimium
3685 2800 3753 2857 li-

2151 2895 2256 2951 bris
2283 2894 2393 2948 illis
2416 2894 2576 2948 cascis
2599 2912 2629 2945 a
2661 2892 2937 2964 plerisque,
2955 2890 3064 2948 llt‘BC
3093 2892 3264 2945 studia
3293 2892 3603 2958 colentibus,
3660 2893 3754 2948 tri-

2152 2991 2346 3045 buitur.
2380 2988 2501 3042 Non
2527 2987 2791 3058 culpanda
2811 2970 3015 3054 quidem
3036 2986 3244 3058 judicia
3279 2985 3518 3040 existimo
3541 2986 3754 3041 varian-

2152 3084 2281 3137 tium
2312 3082 2611 3148 lectionum,
2649 3088 2738 3135 sed
2784 3097 2815 3134 a
2839 3076 3018 3150 quovis
3072 3078 3190 3133 illas
3239 3079 3489 3133 aestimari
3523 3095 3647 3133 sane
3678 3089 3756 3136 est

448 3173 792 3241 mendosum,
844 3176 1115 3230 interdum
1161 3154 1431 3244 mutilum.
1464 3179 1533 3235 ita
1566 3181 1670 3249 ipsi
1715 3196 1881 3249 Opera
1921 3154 2047 3237 co—r-
2072 3154 2119 3217 Ο
2151 3180 2294 3254 origo
2325 3176 2960 3248 inﬁnitaeincertitutlinis.
3000 3174 3060 3228 Et
3086 3177 3204 3249 jam
3233 3189 3294 3228 eo
3318 3183 3523 3228 ventum
3549 3181 3647 3239 est,
3695 3181 3755 3230 ut

447 3268 699 3341 rigebant
748 3282 802 3326 et
841 3273 1189 3341 supplebunt.
1245 3284 1302 3325 ιιι
1333 3277 1605 3329 sententia
1634 3289 1867 3343 pOscere
1897 3274 2049 3330 vide-

446 3360 633 3429 batur;
672 3364 804 3434 quin
838 3356 1077 3420 lectores
1129 3362 1438 3430 monerent,
1492 3367 1691 3438 quibus
1726 3369 1776 3420 in
1827 3366 1963 3423 locis
2015 3386 2045 3423 a

449 3471 583 3510 mss.
613 3448 895 3511 codicibus
922 3458 1302 3513 recessissent.
1337 3459 1526 3530 Digna,
1553 3479 1671 3529 mne
1700 3462 1933 3529 legatur,
1965 3470 2052 3517 est

449 3550 768 3604 dissertatio
795 3542 882 3603 .lo.
918 3540 1204 3605 Michaelis
1236 3546 1579 3622 Heusingeri,
1616 3561 1754 3622 part.
1791 3555 1815 3607 1
1861 3558 2047 3609 Actor.

447 3634 649 3696 Societ.
683 3639 860 3696 Latin.
879 3641 1091 3698 lenens.
1130 3659 1255 3716 pag.
1278 3644 1350 3700 40
1370 3663 1384 3699 :
1406 3641 1832 3715 Descriptoribns
1855 3645 2050 3703 Grtecis

447 3745 494 3788 et
538 3732 789 3791 Romanis
839 3730 1071 3792 nondum
1116 3738 1184 3793 ad
1213 3749 1437 3793 ceterum
1480 3741 1853 3808 exemplarium
1893 3743 2050 3810 fidem

446 3824 572 3881 satis
601 3826 908 3884 emendatis.
928 3826 1068 3895 Quid
1110 3830 1363 3887 Barthius
1393 3833 1446 3886 in
1482 3831 1583 3888 hoc
1610 3849 1818 3903 genere
1848 3836 1915 3890 de
1954 3836 2047 3890 Al-

449 3918 597 3974 dinis
637 3918 971 3975 cditiouibus
1017 3921 1319 3989 censuerit,
1366 3922 1601 3977 vidimus
1643 3942 1700 3978 n.
1729 3924 1818 3980 bl.
1848 3923 2050 3981 Contra

445 4009 868 4082 grammaticum
895 4008 1250 4081 supercilium
1278 4007 1501 4084 Georgii
1534 4013 1764 4069 Fabricii
1801 4017 1852 4069 in
1880 4017 2047 4072 eden-

451 4096 504 4159 di
582 4120 646 4160 ac
677 4121 774 4175 pro
814 4102 969 4159 libitu
999 4098 1343 4176 corrigendis
1388 4106 1562 4175 poetis
1592 4107 1904 4162 christianis
1940 4107 2052 4163 dis-

451 4206 605 4269 putat
646 4197 787 4255 idem
819 4194 1094 4264 Barthius,
1126 4215 1245 4271 pag.
1275 4199 1440 4269 2778,
1467 4215 1497 4255 a
1545 4200 1702 4257 nobis
1734 4202 2052 4258 referendos

448 4288 514 4344 ad
560 4287 598 4345 ι.
648 4306 686 4353 ι,
726 4306 780 4345 v.
836 4286 959 4347 179.
1010 4288 1231 4348 Scilicet
1281 4289 1346 4347 G.
1397 4288 1705 4348 Fabricium
1760 4294 1811 4348 in
1861 4293 2053 4350 alienis

452 4376 737 4455 operibus,
766 4400 889 4457 qum
914 4382 1133 4451 edebat,
1155 4385 1317 4442 nimis
1340 4388 1507 4443 luisse
1533 4386 1902 4458 ingeniosum,
1926 4404 2049 4444 cum

451 4476 663 4535 Joanne
689 4472 915 4535 Alberto
953 4474 1203 4534 Fabricio
1233 4490 1287 4533 et
1314 4477 1543 4535 Daumio
1582 4481 1787 4535 notavit
1818 4480 2048 4537 Arntze-

2152 3289 2303 3328 nemo
2323 3288 2387 3327 ea:
2406 3271 2670 3341 quibusvis
2701 3270 2810 3322 illis
2841 3285 2951 3322 esse
2982 3267 3137 3331 velit;
3177 3268 3308 3321 adeo
3336 3282 3511 3321 omnes
3554 3268 3606 3320 in
3631 3266 3757 3320 bici-

2148 3367 2246 3439 ptti
2278 3365 2369 3418 illo
2394 3376 2564 3417 monte
2584 3362 2870 3416 somniasse
2898 3361 3059 3414 videri
3088 3359 3288 3415 colunt.
3446 3355 3457 3369 ⁸

2227 3450 2350 3511 126.
2393 3453 2656 3523 Equidem
2701 3455 2752 3507 in
2800 3454 2965 3508 variis
2997 3453 3326 3508 lectionibus
3360 3463 3603 3508 veterum
3632 3452 3750 3508 edi-

2153 3550 2384 3613 tionum,
2416 3547 2724 3618 pra-sortito
2757 3562 2886 3602 vero
2912 3547 3165 3602 codicum
3198 3562 3362 3613 mss.,
3393 3562 3532 3617 quos
3563 3549 3757 3616 perln-

2151 3642 2348 3706 stravi,
2384 3638 2743 3704 amtotaudis,
2783 3639 3121 3710 diligentiam
3154 3639 3451 3694 maximam
3484 3640 3756 3697 adhibere

2151 3736 2435 3802 c0u3titui,
2467 3751 2588 3806 qua:
2631 3734 2866 3789 fortasse
2889 3734 3036 3787 aliud
3058 3734 3347 3803 agentibus
3372 3735 3536 3787 nimia
3573 3734 3747 3791 videri

2154 3831 2349 3900 possit,
2382 3827 2477 3883 sed
2524 3826 2731 3882 inutilis
2776 3826 3006 3880 minime
3036 3834 3154 3891 est,
3187 3834 3241 3878 ιιι
3276 3826 3375 3880 viri
3398 3825 3577 3881 critici
3602 3824 3752 3895 judi-

2150 3926 2296 3981 cium
2324 3925 2393 3980 de
2415 3940 2474 3978 re
2501 3934 2610 3978 tota
2644 3922 2840 3978 lerant.
2858 3921 3006 3977 lutcr
3026 3920 3410 3993 discrepantes
3434 3935 3568 3976 vero
3595 3919 3748 3977 Scri-

2154 4025 2360 4086 pturas,
2393 4015 2613 4071 collatis
2652 4030 2788 4070 mss.
2829 4015 3268 4083 exemplaribus,
3327 4030 3448 4069 eam
3498 4014 3749 4085 plerum-

2152 4124 2258 4180 que
2297 4107 2490 4178 seligo,
2560 4124 2679 4178 tum:
2746 4108 2812 4164 ad
2881 4116 3120 4163 veterem
3182 4107 3373 4164 Italam
3438 4110 3750 4166 versionem

2156 4200 2600 4266 Evangeliorom,
2633 4215 2738 4270 qua
2770 4200 3050 4255 Juvencus
3076 4199 3352 4268 utebatur,
3382 4204 3628 4269 proxime
3656 4216 3746 4258 ae-

2153 4291 2297 4349 cedit
2334 4310 2347 4347 :
2381 4304 2556 4361 neque
2584 4291 2639 4345 in
2676 4305 2741 4346 ea
2772 4290 3095 4360 explicanda
3125 4291 3409 4345 immorari
3445 4308 3534 4345 nte
3566 4293 3738 4361 piget.

2155 4380 2284 4441 'l‘am
2324 4383 2377 4440 in
2401 4385 2564 4438 variis
2607 4384 2955 4448 loetionibus,
2991 4399 3151 4454 quam
3186 4384 3240 4439 in
3275 4384 3421 4437 notis
3460 4384 3746 4455 subjectis,

2158 4490 2354 4548 praeter
2377 4493 2441 4534 ea
2488 4493 2613 4549 qua:
2640 4477 2706 4532 ad
2752 4477 3079 4531 latinitatem
3132 4475 3553 4548 prosodiamqoe
3608 4492 3735 4547 spe~

453 4577 579 4630 nios
627 4577 679 4630 in
728 4576 1049 4647 prmlatione
1079 4572 1144 4631 ad
1173 4575 1468 4632 editionem
1500 4577 1734 4643 Sedulii,
1783 4586 1838 4633 et
1878 4578 2046 4633 multo

2156 4581 2332 4638 ctant,
2372 4569 2712 4639 potissimum
2739 4567 3075 4623 enucleanda
3109 4566 3371 4636 suscipio,
3413 4583 3533 4638 quae
3581 4584 3745 4639 peco-

452 4674 579 4724 ante
630 4668 941 4725 Gretserns.
980 4665 1037 4724 1n
1083 4667 1326 4724 Jnvenco
1374 4667 1589 4725 edendo
1629 4669 1806 4725 Faber
1851 4669 2052 4738 Stapu-

451 4760 622 4818 lensis
666 4760 734 4819 de
773 4763 956 4834 seipso
1007 4765 1108 4817 hoc
1149 4763 1315 4819 etiam
1380 4760 1606 4825 fatetur.
1658 4775 1715 4818 ut
1757 4762 2056 4818 obserVaVi

452 4870 602 4910 num.
635 4848 707 4910 53
748 4870 761 4909 :
797 4850 927 4923 Qua:
952 4854 1085 4909 enim
1115 4861 1163 4909 et
1192 4854 1463 4908 immutata
1501 4862 1621 4909 sunt
1649 4855 1701 4908 in
1732 4870 1814 4920 eo,
1846 4862 1894 4909 et
1934 4870 2052 4923 ante

446 4946 517 5003 ad
546 4949 872 5020 imperfectos
909 4966 1083 5004 versus
1127 4958 1453 5004 accesserunt
1494 4959 1706 5018 propter
1734 4947 2053 5022 exemplaris

449 5036 890 5111 depravationem,
923 5054 1025 5094 non
1049 5038 1207 5110 facile
1233 5038 1475 5094 dixerim.
1505 5037 1780 5095 Iudicium
1810 5036 2050 5095 Groneri

450 5122 518 5186 de
566 5122 799 5188 iuvenci
855 5126 1093 5188 editione
1138 5146 1169 5185 a
1216 5126 1491 5187 Reuscbio
1545 5122 1805 5187 adornata
1865 5131 2049 5202 relege

452 5241 600 5278 num.
626 5220 719 5282 5|.

527 5310 651 5374 l2l.
693 5316 750 5375 Si
799 5317 920 5390 Quis
966 5326 1145 5373 autem
1194 5315 1330 5372 alios
1362 5316 1619 5388 scriptor,
1672 5316 1951 5372 iuvencus
1995 5316 2049 5373 in

449 5407 645 5480 primis
689 5423 938 5468 accurata
968 5408 1292 5469 recensione
1336 5408 1561 5482 indiget.
1595 5408 1755 5481 Stepe
1783 5410 1929 5465 enim
1978 5424 2046 5465 ex

453 5498 614 5556 unius
662 5504 811 5560 verbi
860 5502 1155 5563 mutatione
1203 5504 1419 5563 diversa
1461 5502 1641 5577 aliqua
1689 5503 1821 5558 oriri
1868 5513 2049 5574 potest

450 5604 622 5649 sacra:
656 5592 955 5669 Scriptum
1001 5601 1401 5672 interpretatio.
1460 5600 1551 5659 Sic
1600 5598 1858 5654 Barthius
1917 5615 2055 5656 (ηιηιΔ

446 5680 482 5739 l.
514 5683 584 5740 29
628 5682 861 5747 Advers.
907 5707 955 5745 c.
1008 5690 1064 5761 5,
1110 5686 1623 5765 animadvertisset,
1659 5690 1760 5747 lib.
1806 5708 1844 5756 ι,
1896 5706 2039 5746 vers.

444 5766 573 5845 ill,
628 5793 729 5849 pro
752 5781 969 5834 dedecus
1005 5800 1309 5855 oppressum
1358 5782 1645 5856 quemdam
1705 5782 2043 5857 philologum

2152 4666 2342 4720 liarem
2380 4663 2615 4731 aliquam
2642 4676 2811 4716 sacra:
2838 4662 3139 4731 Scriptura:
3179 4661 3679 4732 interpretationem
3702 4678 3734 4721 a

2155 4757 2401 4814 Juveuco
2447 4750 2746 4810 adhibitam
2798 4755 3106 4810 continent.
3164 4752 3393 4810 Plurimi
3434 4761 3580 4811 enim
3624 4758 3742 4813 lieri

2155 4849 2317 4906 debet
2343 4849 2462 4918 ejus
2481 4848 2783 4904 auctoritas
2815 4860 2937 4903 com
2972 4847 3025 4902 iu
3055 4862 3180 4904 vera
3211 4858 3385 4904 sacrae.
3425 4848 3535 4922 58
3585 4850 3739 4906 Scri-

2156 4954 2328 5013 ptorae
2369 4942 2609 4998 lectione
2645 4942 3053 5007 curastitoeuda,
3087 4951 3198 4998 tum
3233 4944 3288 4999 in
3327 4944 3607 4999 sententia
3646 4960 3745 5000 ex-

2153 5036 2423 5108 plicanda.
2475 5036 2605 5091 Nam
2640 5051 2709 5092 eo
2743 5048 2994 5107 tempore
3060 5036 3244 5105 lloruit
3297 5038 3597 5106 Iuvencus,
3638 5055 3750 5113 quo

2152 5130 2331 5183 minus
2351 5136 2608 5199 corrupta
2633 5140 2796 5184 erant
2826 5130 3168 5200 exemplaria
3192 5145 3367 5186 sacra:
3391 5130 3695 5202 Scriptum
3728 5148 3745 5199 ;

2153 5234 2208 5276 et
2252 5237 2374 5275 cum
2404 5218 2529 5276 data
2577 5237 2745 5289 opera
2798 5221 2865 5277 ad
2912 5221 3335 5291 Evangeliorum
3388 5224 3748 5282 concordiam

2153 5326 2443 5385 aggressus
2475 5310 2660 5373 fuerit,
2687 5327 2905 5384 tequmn
2930 5325 3016 5369 est
3042 5314 3290 5377 credere.
3320 5329 3444 5371 eum
3476 5316 3750 5383 probatis-

2154 5403 2291 5461 sima
2308 5404 2646 5474 exemplaria
2678 5420 2790 5474 pra:
2822 5405 3000 5460 oculis
3034 5404 3315 5475 habuisse,
3340 5421 3546 5476 easque
3574 5408 3747 5479 expli-

2151 5496 2399 5553 cationes
2430 5492 2748 5565 adoptasse,
2784 5512 2907 5566 qua;
2941 5505 3071 5553 tunc
3101 5497 3155 5551 in
3185 5497 3433 5555 Ecclesia
3458 5486 3600 5569 apud
3619 5516 3747 5557 san-

2148 5587 2426 5644 ctissimos
2492 5588 2611 5659 ejus
2667 5591 2908 5658 aequales
2970 5591 3118 5646 viros
3178 5593 3422 5648 maxime
3469 5584 3748 5657 vigebant.

2152 5672 2269 5739 Etsi
2300 5691 2480 5738 autem
2517 5681 2660 5737 inter
2683 5679 2911 5738 Graecos
2964 5682 3233 5741 Tatianus
3271 5686 3591 5753 haereticus,
3617 5689 3750 5755 Ant-

2149 5778 2370 5836 monius
2409 5774 2835 5845 Alexandrinus,
2870 5786 2926 5834 et
2971 5776 3312 5849 TlteOpbilus
3371 5778 3748 5839 Antiocbemts
