4176 6180
420 221 483 277 81
903 172 908 176 .
1504 219 1971 279 EVANGELICE
2013 218 2356 279 HISTOBIE
2394 218 2526 277 LIB.
2570 218 2612 274 Ι.
3646 217 3718 278 82

558 345 886 418 Audivitque
919 346 1013 401 Dei
1040 358 1206 416 super
1237 343 1458 402 horrida
1485 346 1702 403 somnia
1728 361 1915 403 vocem
1943 366 1954 401 :
2039 345 2095 404 Δ

558 438 671 511 89
725 438 929 510 Accipe
995 437 1311 510 coniugium
1374 439 1526 495 nullo
1583 454 1706 495 cum
1775 438 2010 496 crimine

1712 532 1932 606 tractae.

411 626 525 685 175
562 627 801 697 Spiritus
824 626 1077 698 implevit
1100 635 1294 684 sancto
1314 628 1405 682 cui
1438 626 1649 683 viscera
1679 625 1837 684 fietu.

558 720 710 777 Hanc
735 721 937 778 cecinit
962 728 1118 778 vates
1142 730 1429 778 venturam
1457 737 1524 778 ex
1543 722 1756 794 virgine
1769 721 2004 793 prolem;

2259 344 2533 401 NOBISCUI
2567 344 2709 401 Deus
2733 353 2820 401 est
2850 358 3051 401 nomen
3081 344 3193 401 cui.
3226 344 3485 401 Protinus
3525 342 3616 398 ille

2254 439 2384 510 9o.
2422 438 2548 495 Hinc
2586 446 2860 509 precepts
2900 451 3174 508 sequens,
3215 447 3401 495 servat
3440 433 3717 507 sponsalia

2645 519 2648 523 ’
3348 530 3363 597 l
3436 526 3640 602 [pacta.

2260 626 2368 684 Sed
2400 633 2510 681 tum
2542 626 2682 681 forte
2710 624 2837 680 novi
2874 623 3112 694 capitum
3136 621 3406 679 discussio
3428 635 3626 678 census

2117 719 2225 776 180
2261 718 2497 776 Caesaris
2526 719 2752 790 Augusti
2780 718 2953 790 jussis
2977 733 3075 789 per
3104 716 3339 788 plurima
3371 726 3533 773 terrae

1657 833 2045 893 LECTIONES
2085 833 2502 891 VARIANTES.

484 928 608 983 175.
645 928 884 997 Poelm.,
940 942 1040 999 pro
1081 927 1138 983 d.
1172 927 1479 999 s.,7Fabr.,
1517 928 1593 983 ita
1636 928 1822 998 legunt
1868 927 2013 986 hunc

408 1013 670 1056 versum:
736 998 865 1054 Mox
919 998 1184 1066 stertente,
1238 998 1336 1054 Dei
1381 1016 1481 1054 uox
1522 1010 1599 1055 est
1667 1001 1848 1054 audita
1900 1016 2012 1053 mu-

408 1073 577 1144 nentis
598 1113 615 1139 ,
666 1087 830 1143 quem
879 1073 1127 1144 spurium
1158 1087 1282 1127 esse
1336 1081 1484 1127 recte
1508 1071 1720 1143 judicat
1750 1070 2010 1127 Barthius

308 1170 323 1182 ι
413 1143 521 1199 loc.
546 1145 642 1201 cit.

481 1216 607 1271 174.
636 1214 831 1281 Torn.,
859 1221 1069 1284 pactum
1092 1231 1113 1281 ;
1136 1213 1253 1281 alii,
1287 1221 1473 1284 pactae.
1505 1212 1742 1277 Poelm.,
1767 1229 1868 1283 pro
1892 1214 2005 1269 div.

409 1302 456 1413 ξ.
478 1289 609 1413 ,uilta
647 1288 778 1358 legit
807 1303 824 1344 :
856 1285 933 1340 Tu
962 1302 1209 1357 sponsam
1238 1287 1449 1358 capias,
1478 1296 1624 1340 uacat
1655 1285 1796 1340 omni
1832 1286 2004 1358 pactio

434 1374 495 1412 ra
570 1375 621 1413 e.

434 1374 600 1414 ranae
608 1400 621 1414 .

409 1363 621 1485 fuit]?
645 1428 834 1486 Codex
868 1429 1074 1485 Barlbii
1112 1439 1355 1495 sanctus,
1394 1428 1537 1497 quod
1567 1427 1822 1483 Barthius
1863 1442 2003 1497 prm-

408 1500 514 1557 fert
554 1512 768 1566 sancto;
806 1501 971 1571 idque
999 1501 1069 1557 ab
1109 1500 1294 1555 sciolis
1328 1502 1735 1571 correctoribus
1768 1501 2005 1571 positum

406 1572 668 1639 afﬁrmat,
717 1573 811 1628 sed
846 1570 952 1627 nou
989 1572 1305 1627 conﬁrmat.
1346 1570 1513 1627 Favet
1545 1570 1660 1636 illi,
1691 1573 1832 1640 quod
1862 1570 2003 1639 apud

405 1643 719 1700 Mattbaeum
758 1645 972 1711 legitur,
1015 1643 1169 1711 Quod
1216 1644 1350 1696 enim
1386 1643 1440 1695 in
1476 1659 1538 1696 ea
1580 1652 1760 1696 natum
1789 1652 1891 1707 est,
1943 1643 2006 1695 de

406 1714 611 1786 Spiritu
625 1724 804 1769 sancto
825 1728 918 1769 est.
936 1715 1052 1769 Hoc
1074 1726 1256 1770 tamen
1281 1716 1457 1784 ipsum
1473 1714 1647 1768 innuit
1662 1722 1850 1768 nostra
1869 1714 2006 1769 scri-

403 1795 562 1856 ptura
595 1786 781 1842 verbis
807 1794 986 1841 sancto
1016 1790 1163 1855 (tetu.

476 1858 602 1914 177.
635 1858 792 1913 Rom.
825 1867 883 1914 et
911 1854 1046 1913 editi
1073 1871 1289 1922 omnes,
1320 1870 1457 1926 quos
1484 1855 1622 1920 vidi,
1652 1854 1996 1926 itarhabent:

404 1926 695 1984 Nobiscum
727 1929 867 1983 Deus
891 1938 966 1984 est
990 1930 1075 1983 cui
1098 1945 1307 1994 nomen,
1339 1925 1579 1998 protinus
1605 1926 1715 1982 ille.
1741 1925 1876 1998 Reg.
1899 1968 1913 1989 ,
1944 1937 2000 1982 et

403 2000 516 2056 Ott.
541 2019 554 2055 :
583 1999 870 2056 Nobiscum
902 2000 1038 2055 Deus
1053 2009 1130 2054 est
1156 2015 1343 2054 nomen
1371 1999 1456 2054 cui
1482 2000 1721 2071 protinus
1748 1999 1863 2063 ille,
1897 2007 1948 2053 et
1966 2012 1995 2071 ᾳ

405 2087 489 2143 pr.
522 2089 595 2126 nt.
631 2073 704 2127 ita
728 2075 942 2128 videtur
965 2086 1090 2127 esse
1114 2071 1376 2143 scriptum
1405 2110 1421 2135 ,
1456 2069 1517 2125 ut
1545 2069 1883 2143 intelligatur
1913 2070 1998 2122 cui

402 2141 835 2215 Scilicetuirgini,
853 2143 993 2199 seda
1011 2157 1121 2198 sec.
1150 2158 1225 2197 ut.
1254 2144 1308 2196 in
1338 2141 1473 2212 Reg.
1501 2141 1687 2197 addita
1711 2150 1796 2197 est
1820 2143 1994 2196 inter-

2118 930 2344 1000 punctio
2362 946 2545 984 nomen
2568 930 2659 1001 cui
2681 946 2698 983 :
2725 929 2967 1001 protinus
2986 971 3001 995 ,
3029 944 3153 984 cum
3176 928 3360 1001 glossa
3375 928 3712 999 cui—proli.

2190 1001 2316 1055 179.
2343 1001 2521 1067 Poel.,
2551 1000 2801 1067 Hadam.,
2853 1000 2961 1057 Sed
3004 1013 3113 1056 tum
3159 1000 3292 1072 forte
3337 1001 3454 1054 novi
3484 1001 3715 1072 capitum

2114 1071 2371 1154 discussio
2392 1088 2595 1154 census,
2624 1088 2746 1154 qua:
2776 1074 3064 1154 scriptura
3080 1069 3424 1154 approbatur.
3436 1086 3465 1124 a
3490 1069 3715 1154 Barthio

2112 1157 2181 1198 ex
2216 1145 2330 1197 suis
2358 1140 2697 1198 membranis
2719 1186 2734 1209 ,
2762 1153 2819 1198 et
2848 1140 3023 1198 eistat
3050 1140 3272 1210 iniOtt.,
3298 1143 3350 1197 iu
3382 1142 3552 1196 Toru.
3574 1182 3589 1205 ,
3623 1140 3717 1195 tibi

2111 1215 2372 1269 mendose
2400 1219 2558 1285 furte,
2582 1225 2637 1269 et
2659 1214 2912 1269 discussia
2935 1229 3215 1279 exaratur,
3248 1223 3304 1285 et
3329 1214 3382 1267 in
3414 1211 3701 1285 Aldo.‘qui_

2108 1301 2223 1338 cum
2262 1281 2425 1340 habet
2472 1300 2572 1355 pro
2605 1296 2735 1338 tum.
2784 1286 2923 1341 Aldo
2966 1286 3211 1341 adltzrret
3261 1284 3453 1355 Bouh,
3493 1281 3589 1337 sed
3640 1281 3711 1337 ad

2109 1371 2283 1426 marg.
2323 1373 2419 1424 pro
2454 1354 2685 1426 capitum
2719 1358 3016 1428 corrigitur
3052 1357 3277 1428 capitur.
3329 1354 3387 1408 ltt
3426 1354 3560 1423 Reg.
3597 1367 3707 1428 non

2109 1424 2529 1483 contemnenda
2567 1437 2651 1482 est
2701 1424 2940 1483 varietas
2995 1424 3127 1481 nouo
3170 1428 3396 1495 capitum
3453 1424 3707 1479 discussio

2108 1514 2283 1554 censu.
2319 1498 2562 1561 Fabric.,
2588 1498 2803 1567 Fau~t.,
2827 1516 3006 1561 nouus,
3030 1499 3263 1565 capitum
3289 1496 3563 1567 discussio,
3593 1511 3713 1549 cen-

2108 1586 2195 1623 sus
2221 1611 2236 1635 ,
2266 1571 2412 1641 quod
2440 1569 2767 1640 exprimitur
2804 1585 2832 1623 a
2864 1570 3097 1635 Poelm.,
3136 1585 3233 1641 pro
3255 1569 3312 1622 d.
3341 1583 3413 1628 ε..
3448 1566 3558 1641 Sed
3588 1582 3707 1619 cum

2108 1640 2241 1711 forte
2267 1638 2450 1705 novus,
2479 1638 2536 1711 et
2554 1655 2584 1694 a
2608 1641 2849 1703 Bartltio,
2878 1640 3003 1695 libr.
3032 1656 3085 1694 st
3108 1640 3335 1711 Advers.
3360 1638 3596 1711 cap.2(l.

2189 1713 2313 1768 180.
2336 1712 2470 1781 Reg.
2497 1709 2717 1766 Caesaris
2734 1710 2955 1783 Augusti
2968 1727 3032 1765 ea:
3039 1712 3226 1782 jussis.
3262 1708 3471 1774 Faust.,
3495 1707 3705 1783 Poelm.

2037 1759 2087 1819 Β
2116 1759 2485 1854 NJK-Sf”;
2502 1759 3712 1854 causa:insignes};suam

2113 1849 2308 1936 Scribi,
2340 1852 2483 1936 quod
2514 1855 2759 1936 spur-ium
2790 1849 3025 1909 videtur.
3064 1849 3707 1936 Pleriquectesmisduf

2101 1926 2242 1999 gusti
2262 1920 2441 1999 jussis
2457 1920 2557 1995 per
2576 1923 2804 1999 plurima
2834 1936 3021 1999 terrea,
3056 1939 3179 1999 qua:
3210 1931 3295 1977 est
3326 1920 3709 1999 interpretatio

2102 1992 2395 2051 verborum
2428 1992 2589 2050 Luem
2617 2011 2652 2049 ιι
2675 2036 2689 2059 ,
2731 1996 2758 2049 1
2791 2012 2804 2050 :
2833 1995 2903 2051 Ut
2928 1994 3297 2049 describeretur
3324 1992 3596 2047 urtiversus
3619 2005 3706 2044 or-

2100 2067 2197 2121 bis.
2226 2066 2511 2139 Fabricius
2530 2066 2700 2121 edidit
2721 2068 2880 2139 jussu
2902 2083 3000 2138 pro
3013 2066 3206 2139 jussis,
3230 2074 3560 2133 secutusque
3581 2077 3707 2118 eum

2099 2148 2186 2194 est
2214 2138 2577 2195 Sabatierius.

1942 2231 2179 2289 ΝΟΤιΕ.

475 2328 675 2399 173.1n
691 2328 896 2399 scripto
919 2328 1106 2384 codice
1124 2328 1328 2384 Barthii
1350 2329 1526 2399 glossa
1552 2327 1667 2382 lucc
1684 2336 1800 2382 erat
1819 2346 1831 2382 :
1852 2325 1998 2381 Hor-

401 2398 519 2471 rida
544 2402 747 2455 somnia
759 2398 969 2471 —¥-quod
991 2417 1171 2455 somno
1191 2398 1468 2455 dubietatis
1491 2401 1848 2467 premebatur:
1873 2413 1995 2467 quae

401 2470 640 2544 loquitur
666 2473 736 2527 de
765 2474 857 2527 illa
885 2472 1227 2544 suspicione,
1262 2487 1423 2544 quam
1453 2472 1520 2526 de
1546 2471 1735 2544 vitiata
1761 2470 1994 2538 conjuge

402 2541 634 2597 habebat
680 2544 881 2612 Joseph
908 2585 923 2608 ,
975 2541 1221 2611 adqune
1257 2544 1323 2597 ad
1363 2542 1506 2597 hunc
1545 2542 1722 2595 locum
1757 2556 1946 2612 parum
1974 2584 1988 2605 ,

399 2621 492 2667 aut
522 2614 651 2668 nihil
681 2617 863 2685 potius
884 2613 1013 2669 facit
1035 2656 1050 2679 ,
1082 2622 1139 2668 ut
1168 2613 1550 2669 animadvertit
1584 2612 1856 2666 Barthius.
1887 2611 1991 2665 Vo-

399 2698 517 2739 cem
540 2685 753 2741 Itorrida
785 2686 1051 2756 poeticam
1083 2685 1214 2739 dicit
1245 2685 1389 2741 idem
1421 2685 1707 2749 Barthius,
1739 2691 1797 2739 et
1833 2697 1990 2756 exre

355 2790 364 2803 .
400 2756 517 2823 ipsa
544 2766 759 2824 natam,
787 2753 942 2819 cuius
968 2758 1185 2826 quidam
1215 2756 1364 2810 velut
1394 2758 1591 2810 horror
1612 2769 1797 2810 ansam
1822 2753 1990 2826 dede—

398 2828 472 2882 rit
511 2830 823 2884 mutationi.
851 2824 1129 2883 iuvencus
1162 2830 1357 2882 iterum
1385 2827 1490 2882 hoc
1515 2827 1640 2880 libr.
1667 2841 1810 2880 vers.
1842 2824 1990 2891 286‘,

396 2897 467 2953 de
496 2899 685 2969 Magis,
707 2899 893 2955 Totam
916 2916 1036 2954 mox
1063 2899 1279 2953 horrida
1307 2898 1508 2952 somnia
1538 2906 1738 2969 noctem
1769 2926 1840 2969 1—
1860 2896 1994 2969 Sol-

2103 2335 2282 2400 nerat,
2319 2326 2454 2400 celat
2483 2326 2725 2393 silentio,
2762 2327 3263 2400 cujus_mysterium
3302 2326 3578 2400 nesciebat.
3609 2325 3709 2381 Hic

2102 2397 2428 2468 simpliciter
2465 2409 2624 2452 vocat
2655 2397 2871 2452 uxorem
2898 2397 3124 2453 Mariam
3152 2442 3166 2465 ,
3216 2414 3341 2452 cum
3374 2397 3540 2468 paulo
3574 2405 3708 2453 ante

2099 2470 2335 2539 futuram
2357 2483 2569 2522 uxorem
2593 2470 2948 2539 appellasset.
2993 2468 3189 2523 Nescio
3209 2484 3371 2530 vero,
3395 2485 3462 2521 an
3492 2468 3710 2537 probari

2099 2540 2271 2610 possit
2295 2580 2310 2604 ,
2342 2540 2565 2593 nmniue
2589 2539 2783 2608 futurae
2810 2540 2990 2593 uxoris
3016 2539 3086 2592 ab
3112 2539 3447 2610 Hieronymo
3471 2539 3705 2607 intelligi

2099 2609 2332 2682 futuram
2375 2622 2595 2682 matrem
2627 2620 2719 2663 aut
2759 2620 2974 2682 matrem
3016 2610 3246 2681 familias
3289 2609 3708 2682 :HierOttytuus

2096 2680 2241 2764 enim
2277 2684 2330 2736 in
2367 2681 2553 2764 futura
2582 2697 2744 2735 uxore
2786 2680 3054 2737 rationem
3099 2683 3279 2736 innuit
3346 2697 3447 2736 cur
3500 2680 3705 2751 .loseplt

2090 2767 2273 2807 Olllllla
2303 2764 2544 2807 SClVel'li.

2166 2825 2291 2879 177.
2341 2823 2627 2878 Mattltmus
2652 2865 2667 2890 ,
2706 2838 2755 2887 ι,
2784 2823 2857 2878 25
2889 2840 2903 2878 :
2954 2824 3022 2878 Et
3059 2823 3312 2894 vocabunt
3360 2838 3545 2894 nomen
3595 2824 3708 2894 ejus

2095 2893 2411 2950 Emmanuel
2420 2937 2432 2956 ,
2455 2895 2595 2965 quod
2614 2905 2688 2950 est
2708 2896 3128 2965 interpretatum,
3154 2893 3438 2965 Nobiscum
3458 2891 3628 2965 Deus:
3642 2894 3704 2948 lu

395 2960 618 3025 licitanl.
655 2960 840 3037 Adde,
874 2971 1166 3025 horrorem
1194 2970 1263 3024 de
1294 2978 1437 3023 metu
1470 2968 1728 3036 religioso
1763 2967 1905 3027 dici,
1938 2978 1996 3022 et
2094 2967 2287 3022 codice
2329 2960 2536 3021 Barthii
2584 2968 2765 3036 glossa
2815 2960 2935 3021 erat
2964 2960 3351 3037 ‘Homo-Deus.
3400 2964 3709 3037 Belativum

394 3055 543 3109 saepe
562 3057 685 3097 cum
703 3043 1057 3097 veneratione
1077 3040 1357 3111 conjungi.
1379 3040 1561 3095 Valer.
1584 3039 1833 3099 Flaccus.
1863 3037 1899 3091 Ι.
1932 3055 1993 3103 n,

392 3127 542 3182 vers.
557 3114 692 3168 432:
712 3113 965 3168 Threiciis
981 3129 1174 3166 arcana
1189 3113 1349 3166 sacris
1364 3128 1381 3164 :
1396 3112 1480 3165 hic
1496 3112 1725 3164 ituminis
1738 3111 1995 3182 ingens—-

395 3181 623 3239 Horror.
656 3186 854 3240 Confer
868 3184 1177 3239 Comment.
1196 3184 1261 3238 ad
1287 3183 1666 3247 Prudentium,
1685 3182 1720 3236 ι.
1738 3196 1754 3234 ι
1773 3181 1987 3236 contra.

394 3254 606 3326 Symnt.
636 3272 785 3312 vers.
820 3255 947 3311 1B9.

468 3326 592 3381 174.
625 3328 681 3382 In
714 3328 901 3382 codice
934 3342 1034 3381 ms.
1060 3326 1266 3381 Bartltii
1297 3328 1475 3396 glossa
1508 3333 1645 3391 erat,
1680 3323 1842 3380 Posse
1872 3326 1992 3379 hinc

391 3398 638 3453 concludi
680 3400 817 3453 inter
856 3414 1172 3467 consponsos
1203 3399 1397 3463 solum,
1424 3396 1633 3465 ﬁrmum
1664 3406 1836 3449 tamen
1884 3413 1995 3451 esse

390 3472 718 3542 conjugium.
754 3468 949 3525 Nescio
976 3484 1085 3542 quo
1115 3469 1230 3523 hsce
1262 3471 1597 3542 pertineant,
1625 3468 1729 3521 nisi
1763 3470 1992 3542 fortasse

391 3539 660 3608 inuuiiur,
694 3541 936 3595 nondum
969 3539 1138 3595 fuisse
1168 3539 1573 3594 matrimonium
1612 3552 1801 3593 verum
1848 3539 1992 3594 inter

388 3609 686 3681 Jusephum
707 3623 763 3668 et
788 3613 1033 3667 Mariam.
1058 3610 1311 3681 Plerique
1340 3621 1520 3665 tamen
1545 3613 1789 3664 sentiunt
1806 3649 1821 3672 ,
1867 3626 1989 3664 cum

389 3681 591 3754 JOSepb
614 3700 737 3739 eam
756 3685 941 3737 animo
967 3682 1220 3737 volvebat
1242 3682 1651 3751 cogitationem,
1678 3693 1993 3754 malumma-

390 3751 704 3810 trimouium
728 3756 841 3822 jam
870 3754 1036 3809 luisse
1060 3762 1427 3816 contractum,
1461 3755 1700 3807 et'verba
1724 3751 1987 3818 Mattbtei,

386 3825 637 3899 Accipere
665 3827 941 3899 conjugem
964 3836 1104 3899 tuam
1130 3826 1560 3899 interpretantur
1580 3825 1843 3899 retinere,
1879 3840 1987 3876 non

388 3897 703 3963 dimittere;
743 3895 797 3953 et
828 3895 1084 3960 quoniam
1115 3899 1298 3950 animo
1329 3895 1442 3964 jam
1474 3895 1808 3962 cogitaverat
1855 3908 1977 3948 eam

387 3965 701 4027 dimittere.
728 3967 957 4037 jubetur
986 3968 1055 4020 ab
1086 3965 1298 4036 Angela
1326 3981 1446 4019 eam
1474 3966 1865 4037 cogitationem
1897 3965 1992 4018 ab-

381 4038 577 4105 jicere.
613 4035 782 4094 Pacla
816 4039 1035 4107 proprie
1064 4035 1412 4107 eratpuella,
1443 4035 1660 4104 quando
1687 4035 1755 4089 de
1788 4036 1991 4103 unptiis

386 4121 534 4165 certa
568 4112 886 4165 conditione
917 4118 1251 4164 convenerat
1289 4124 1302 4160 :
1344 4124 1575 4176 sponsa,
1617 4122 1740 4160 eum
1788 4108 1991 4161 solem-

387 4195 488 4252 nes
515 4181 896 4252 stipulationes
916 4221 930 4244 ,
960 4196 1080 4252 (μω
1122 4179 1397 4247 sponsalia
1420 4177 1786 4252 dicebantur,
1834 4193 1994 4252 arce-

386 4249 611 4307 debaut.
642 4252 755 4307 Hoc
785 4262 967 4305 tamen
998 4251 1294 4305 discrimen
1339 4266 1368 4304 a
1419 4250 1578 4303 bouis
1624 4249 1989 4318 scriptoribus

386 4337 495 4376 non
525 4340 746 4393 semper
775 4322 1057 4379 observari
1083 4362 1099 4385 ,
1143 4323 1488 4393 demonstrat
1510 4320 1821 4393 lteuscbius
1847 4360 1863 4384 ,
1895 4321 1989 4388 qui

384 4395 552 4447 etiam
585 4391 768 4466 tenet,
796 4393 1097 4466 conjugium
1129 4400 1297 4463 pactte
1332 4391 1437 4445 dici
1470 4406 1568 4461 pro
1597 4392 1992 4466 conjugetnpa-

386 4472 521 4518 ctam
555 4482 706 4521 more
729 4460 1068 4519 Cratcorum.
1094 4460 1459 4533 Hieronymus
1495 4465 1596 4515 hac
1620 4460 1991 4533 in'reldubtus

385 4536 524 4590 mibi
573 4538 789 4591 videtur
827 4538 878 4589 in
930 4550 1051 4604 cap.
1096 4551 1111 4589 ι
1171 4533 1407 4589 Matthaci
1447 4551 1459 4585 :

383 4608 541 4660 etiam
559 4619 797 4679 quartam
824 4606 971 4679 addit
999 4622 1238 4679 causam,
1283 4621 1375 4658 cur
1403 4620 1437 4679 ᾳ
1472 4605 1801 4679 desponsata
1815 4619 2000 4679 conce-

381 4689 504 4747 plus
521 4674 617 4732 sil:
640 4677 708 4733 Ut
729 4689 928 4748 partus,
947 4678 1209 4748 inquiens,
1225 4679 1337 4748 ejus
1350 4674 1606 4730 celaretur
1628 4674 1856 4738 diabolo,
1874 4674 2000 4748 dum

382 4746 503 4801 eum
525 4759 698 4821 putat,
722 4746 827 4802 non
842 4749 908 4802 de
927 4746 1145 4820 virgine,
1169 4746 1260 4802 sed
1283 4747 1346 4800 de
1366 4763 1530 4821 uxore
1546 4756 1867 4821 generatum.
1900 4746 1998 4821 llic

385 4816 657 4875 astruitur
700 4816 1109 4874 matrimonium
1145 4828 1344 4873 t'atum.
1397 4818 1655 4871 Diaboms
1681 4816 1871 4880 eninr,
1903 4817 1994 4885 qui

383 4905 492 4945 non
525 4892 728 4962 ubique
756 4905 1000 4961 praesens
1040 4901 1145 4956 est,
1174 4900 1227 4944 et
1260 4893 1470 4962 ignorat
1496 4902 1557 4942 ea
1577 4902 1728 4956 qua),
1757 4886 1846 4940 ubi
1878 4887 1994 4955 ipse

382 4976 492 5015 non
543 4958 653 5027 est,
707 4958 966 5031 aguntur,
1023 4962 1236 5024 videns,
1297 4958 1806 5031 Mariatuguxorem
1868 4974 1993 5031 esse

380 5031 633 5101 Joseplti,
667 5028 861 5103 puiare
889 5033 1067 5097 notuit
1090 5072 1105 5096 ,
1142 5042 1354 5103 partum
1388 5045 1493 5084 non
1526 5028 1595 5083 de
1623 5028 1864 5103 virgine,
1892 5030 1991 5084 sed

381 5105 454 5158 de
484 5100 654 5159 uxore
669 5100 1046 5175 generatumn
1074 5102 1239 5175 Addit
1266 5100 1634 5175 Hieronymus
1660 5114 1675 5151 :
1698 5100 1996 5175 ‘Antﬁequant

381 5169 746 5242 conuenirenl,
796 5176 1002 5227 inrenta
1054 5182 1127 5227 est
1162 5174 1216 5226 in
1252 5180 1399 5226 utero
1442 5169 1637 5223 habens
1673 5171 1738 5222 de
1790 5169 1996 5238 Spiritu

381 5257 584 5301 sancto.
611 5245 737 5300 Non
766 5245 830 5299 ab
857 5242 964 5298 alio
986 5245 1196 5297 inventa
1220 5252 1293 5297 est
1318 5243 1418 5296 nisi
1446 5258 1477 5294 α
1504 5242 1726 5307 Joseplt,
1751 5243 1839 5307 qui
1870 5258 1999 5307 pene

382 5316 596 5370 licentia
624 5317 851 5371 maritali
881 5317 1073 5386 futura:
1096 5316 1271 5369 uxoris
1293 5315 1468 5367 omnia
1490 5324 1723 5365 noverat.
1746 5312 1996 5382 Intelligo

382 5386 598 5442 licentia
612 5405 737 5455 pene
757 5387 1010 5453 maritali,
1033 5392 1156 5451 quia
1179 5400 1413 5453 sponsus
1439 5391 1579 5451 erat,
1605 5398 1714 5436 non
1744 5386 1993 5455 maritus,

382 5459 528 5528 quod
562 5453 762 5514 clarius
800 5459 1126 5528 exprimitur
1152 5457 1330 5528 verbis
1372 5459 1565 5526 futurae
1605 5456 1803 5528 uxoris.
1833 5453 1981 5508 Non-

380 5525 511 5583 dum
535 5545 668 5600 ergo
695 5525 1027 5585 Maria'uxor
1053 5537 1193 5582 erat.
1221 5526 1418 5600 Postea
1453 5537 1632 5578 tamen
1658 5525 1937 5600 suhjtmgit
1962 5541 1975 5577 :

386 5595 662 5668 Quomodo
708 5600 927 5667 Joseph,
961 5614 1079 5651 cum
1110 5600 1301 5652 crimen
1337 5595 1523 5668 celaret
1558 5596 1758 5657 uxoris,
1798 5599 1978 5668 justus

378 5664 627 5725 scribitur
650 5672 669 5723 !
699 5672 806 5726 Sed
836 5664 933 5724 ltoc
962 5670 1313 5723 testimonium
1356 5666 1541 5721 Maria:
1562 5676 1668 5730 est,
1705 5664 1847 5737 quod
1882 5664 1980 5720 Jo-

378 5742 505 5802 ιρρή
537 5741 701 5796 sciens
734 5742 877 5797 illius
908 5740 1199 5796 castitatem
1220 5781 1235 5805 ,
1278 5750 1324 5792 et
1364 5737 1629 5791 admirans
1651 5779 1664 5803 ,
1696 5736 1836 5807 quod
1865 5753 1978 5792 eum

2096 3039 2181 3091 cui
2226 3040 2278 3093 in
2325 3039 2432 3093 line
2461 3039 2673 3104 periodi
2705 3052 2895 3091 rarum
2931 3048 3038 3104 est,
3062 3036 3159 3093 sed
3192 3036 3488 3105 aliquando
3519 3043 3703 3089 tamen

2100 3111 2395 3179 usitatum,
2438 3117 2498 3162 ut
2535 3124 2565 3161 a
2603 3107 2901 3163 Prudentio
2945 3111 3133 3179 hymn.
3180 3107 3216 3162 2
3269 3108 3468 3163 Perist.
3500 3121 3553 3160 v.
3578 3106 3710 3179 299:

2100 3177 2343 3235 Gemmas
2376 3180 2581 3234 corusci
2603 3180 2835 3242 luminis,
2857 3177 3169 3234 —0rnatur
3199 3179 3298 3233 hoc
3321 3179 3567 3247 templum
3590 3177 3710 3246 qui-

2099 3252 2190 3306 bus
2223 3271 2239 3307 :
2269 3268 2378 3321 quo
2404 3266 2564 3306 versu
2585 3251 2861 3305 clauditur
2882 3253 3127 3322 stropha.

2172 3319 2299 3396 178.
2314 3322 2600 3396 Sponsalia
2614 3333 2768 3396 pacta
2780 3337 2803 3396 _:
2819 3324 2862 3376 si
2888 3319 3285 3396 proprietatem
3311 3319 3604 3396 verborum
3631 3329 3713 3396 at-

2098 3395 2313 3458 tendas,
2348 3389 2540 3449 rursus
2570 3389 2824 3449 censebis
2878 3389 3182 3449 iuvencum
3212 3394 3266 3446 in
3296 3406 3359 3447 ea
3383 3389 3555 3446 fuisse
3585 3392 3701 3460 opi-

2099 3466 2286 3530 nione,
2315 3467 2376 3520 B.
2414 3464 2691 3535 Virginem
2724 3463 2966 3519 nondum
2999 3464 3240 3533 losepho
3270 3462 3544 3535 nupsisse.
3582 3477 3711 3535 cum

2100 3536 2145 3590 is
2164 3539 2285 3605 ejus
2310 3533 2579 3590 thalamos
2603 3549 2880 3601 recusare,
2904 3536 3044 3591 etab
3071 3533 3418 3605 sponsalibus
3442 3534 3708 3605 recedere

2097 3603 2393 3677 cogitabat.
2427 3606 2532 3660 Sed
2563 3622 2793 3661 necesse
2827 3622 2935 3660 non
2965 3616 3072 3668 est,
3098 3614 3157 3659 ut
3186 3603 3511 3677 ianuvenco
3536 3604 3709 3677 magis

2097 3674 2259 3746 quam
2290 3685 2343 3731 iu
2384 3677 2681 3745 Evattgelio
2716 3678 3109 3746 proprietatem
3143 3676 3437 3731 verborum
3462 3674 3700 3729 retinea-

2096 3745 2237 3802 mus.
2262 3747 2466 3802 Conl‘er
2492 3755 2701 3799 notam.
2730 3747 2795 3800 ad
2825 3761 2970 3800 vers.
3003 3745 3131 3802 174.

2170 3820 2295 3874 179.
2324 3816 2552 3872 CAPUT
2590 3816 2676 3871 Vl.
2731 3816 2975 3871 Edictum
3001 3816 3222 3888 Augusti
3270 3813 3514 3871 Ctesaris.
3549 3816 3711 3874 Luca}

2096 3905 2135 3944 tt
2152 3931 2166 3954 ,
2203 3890 2326 3951 1-7.,
2346 3888 2553 3942 Novum
2578 3903 2790 3942 censum
2832 3899 3011 3960 vocati
3028 3888 3307 3943 iuvencus
3331 3928 3345 3950 .
3390 3896 3450 3943 ut
3475 3890 3715 3960 extilicet

2096 3961 2262 4015 verba
2292 3960 2604 4032 Luczecap.
2636 3960 2759 4032 cit.,
2789 3975 2842 4013 v.
2868 3959 2904 4013 2
2927 3979 2939 4013 :
2961 3959 3091 4014 Haec
3113 3960 3369 4032 professio
3384 3959 3556 4030 prima
3575 3961 3715 4029 facta

2096 4042 2189 4094 est,
2221 4045 2328 4087 etc.
2351 4031 2427 4085 Ex
2459 4030 2544 4085 his
2574 4030 2843 4098 versibus,
2873 4040 2931 4085 ut
2955 4033 3029 4084 ait
3056 4030 3316 4086 Barthius
3343 4031 3382 4084 Ι.
3412 4046 3565 4098 uis,
3585 4047 3707 4100 cap.

2096 4101 2154 4166 5,
2187 4104 2493 4158 clarissime
2520 4101 2819 4164 docemur,
2852 4112 2907 4155 et
2938 4102 3065 4172 quid
3090 4102 3363 4157 discussio
3396 4102 3465 4172 sit
3500 4102 3553 4155 in
3585 4104 3709 4156 tali-

2094 4173 2199 4229 bus
2223 4174 2554 4243 scriptorum
2586 4173 2746 4236 locis,
2774 4181 2830 4226 et
2851 4170 2973 4241 quae
2999 4173 3087 4226 illa
3118 4172 3376 4227 recensio
3408 4170 3573 4243 fuerit
3604 4188 3707 4241 po-

2096 4241 2351 4313 pulorum
2391 4244 2493 4297 sub
2533 4245 2821 4312 Augusto:
2862 4243 3011 4312 quali
3053 4243 3145 4297 vix
3187 4242 3374 4297 multis
3411 4241 3707 4298 verborum

2097 4312 2338 4384 periodis
2366 4314 2762 4383 descripserint
2786 4313 2901 4367 alii.
2925 4314 3114 4382 Addit,
3144 4312 3552 4384 discnssiunem
3579 4315 3707 4368 novi

2095 4382 2294 4441 census
2330 4386 2435 4441 dici
2464 4427 2478 4450 ,
2509 4382 2635 4456 quia
2677 4399 2790 4456 non
2832 4384 2954 4437 talis
2984 4384 3258 4439 discussio
3284 4398 3484 4438 census
3532 4382 3710 4456 fuerat

2098 4473 2194 4523 per
2222 4467 2492 4511 terrarum
2518 4455 2704 4509 urbem
2727 4455 2829 4509 ulla
2861 4464 3167 4522 temporum
3201 4456 3464 4510 memoria
3495 4455 3703 4510 audita.

1514 4532 1719 4603 Martyr
1760 4530 1997 4601 Ignatius
2026 4545 2081 4606 ι)
2104 4528 2384 4606 lnvehitur
2418 4527 2618 4606 deinde
2644 4536 2837 4580 contra
2852 4524 3053 4606 Georg.
3087 4526 3423 4606 Fabricium.
3450 4527 3591 4595 quod
3609 4536 3706 4606 aut

2106 4601 2400 4654 mutaverit
2440 4599 2556 4666 ipse
2581 4612 2767 4651 verant
2795 4598 3122 4665 scripturam
3151 4638 3165 4661 ,
3196 4607 3289 4651 aut
3310 4598 3559 4651 vitiosam
3591 4599 3707 4667 pri-

2106 4687 2253 4726 scam
2279 4670 2579 4725 editionem
2611 4669 2765 4736 sequi
2789 4667 3044 4722 voluerit.
3079 4668 3257 4733 Certe,
3290 4667 3461 4736 inquit
3491 4707 3507 4734 ,
3540 4670 3711 4735 suspi-

2105 4759 2214 4802 cor.
2243 4741 2404 4795 nimia
2432 4739 2641 4794 licentia
2672 4740 2726 4791 in
2764 4749 2999 4792 auctores
3025 4780 3039 4805 ,
3073 4754 3201 4806 quos
3232 4736 3424 4792 schola:
3450 4754 3709 4793 commen-

2105 4813 2287 4875 dabat,
2318 4814 2488 4884 ipsum
2511 4808 2725 4864 illusum
2756 4827 2785 4860 a
2812 4806 3459 4884 scholasticasupercilio.
3489 4808 3583 4863 Cui
3614 4827 3707 4882 ge-

2103 4885 2215 4938 neri
2245 4881 2509 4937 hominum
2550 4896 2737 4950 paruut
2769 4881 2943 4946 abest,
2981 4881 3107 4950 quin
3141 4881 3396 4934 bonorum
3434 4881 3709 4934 auctorum

2102 4958 2333 5009 recensio
2370 4949 2569 5024 semper
2607 4953 2805 5018 aliquid
2844 4949 3408 5024 superbiqculpabilis
3444 4951 3706 5024 induerit.

2102 5024 2369 5080 Catholici
2413 5021 2742 5091 scriptores,
2765 5022 2856 5092 qui
2886 5021 2957 5075 ita
2988 5022 3057 5076 de
3088 5021 3338 5076 Fabricio
3361 5021 3700 5092 judicarunt,

2099 5096 2433 5150 auctoritate
2477 5093 2767 5149 acatholici
2808 5092 3047 5146 hominis
3089 5092 3293 5146 Barthii
3336 5091 3493 5145 facile
3536 5105 3696 5147 suum

2107 5167 2368 5236 judicium
2398 5167 2537 5219 tueri
2564 5172 2809 5236 possunt.
2838 5163 3106 5236 Discussio
3120 5172 3300 5218 autem
3324 5161 3572 5236 quidsit,
3601 5175 3699 5236 es-

2102 5231 2704 5308 plicatBarthitts—locis
2729 5233 2931 5289 citatis.
2964 5235 3093 5288 Erat
3118 5237 3261 5288 enim
3284 5231 3552 5308 qUoddam
3584 5231 3706 5286 olli-

2097 5306 2239 5365 cium
2265 5306 2611 5373 discussoris,
2651 5320 2848 5374 nempe
2887 5307 3239 5375 inspectoris,
3286 5307 3534 5375 censoris
3562 5344 3577 5368 ,
3604 5313 3703 5360 aut

2099 5378 2428 5451 quzestoris;
2462 5371 3063 5451 acpr‘oinde'discussio
3090 5383 3173 5451 est
3220 5371 3487 5451 insucatio
3515 5413 3531 5437 ,
3564 5389 3700 5451 cert-

2099 5443 2202 5515 sio,
2236 5464 2453 5514 census,
2496 5443 2811 5516 diligentior
2853 5449 3205 5516 examinatio,
3249 5446 3527 5516 scrutatio.
3564 5443 3703 5503 Vide

2093 5523 2131 5576 Ι.
2174 5512 2206 5575 i
2236 5520 2372 5575 Cod.
2406 5512 2539 5580 .Vtit.
2573 5512 2674 5583 3-0,
2706 5517 2817 5586 leg.
2844 5519 2897 5579 1,
2920 5524 3035 5586 etc.
3074 5512 3376 5586 Macrobius
3400 5558 3414 5581 ,
3447 5515 3697 5586 Symma-

2086 5592 2221 5648 cbus
2238 5633 2252 5656 ,
2283 5590 2457 5645 Julius
2480 5588 2747 5643 Firmicus
2771 5585 3097 5641 vocabulum
3125 5585 3376 5640 discussio
3398 5585 3502 5641 hac
3519 5588 3684 5659 signi-

2087 5664 2336 5719 ﬁcatione
2367 5667 2648 5728 usurpant.

2160 5732 2284 5788 180.
2342 5729 2585 5785 Plurima
2625 5737 2796 5796 terrm,
2829 5735 2890 5782 ut
2932 5736 3133 5782 ammna
3178 5738 3447 5797 locorum,
3503 5740 3687 5801 aspera
