4176 6180
440 215 509 273 87

471 327 599 385 210.
644 326 713 383 Et
750 324 915 383 simul
948 323 1032 379 his
1059 320 1225 378 dictis
1252 320 1376 377 cceli
1409 327 1621 376 secreta
1651 318 1924 375 revisunt.

590 418 853 475 Pastores
879 428 1119 488 propere
1162 411 1418 479 veniunt,
1466 423 1808 482 puerumque
1847 408 2037 479 jacen-

1836 499 1971 570 [tem

595 603 868 674 Praesepis
889 601 1099 673 gremio
1128 607 1401 656 cernunt:
1434 605 1563 669 post
1596 593 1725 651 inde
1750 602 2046 665 sequentes

599 697 932 768 Dispergunt
954 694 1065 751 late
1095 693 1293 749 celeris
1316 706 1452 764 vaga
1485 690 1693 746 semina
1722 690 1897 743 famae.

596 791 858 848 Mirantes
886 787 1132 855 laudant,
1163 784 1415 841 laetantes
1441 788 1903 853 constupuerunt,

1705 204 1769 260 C.
1815 204 1875 257 V.
1919 198 2150 271 AQUIL.
2191 196 2479 256 JUVENCI

2025 387 2032 394 ι
2066 321 2121 377 Α
2176 312 2308 370 215.
2348 309 2545 368 Omnia
2591 308 2874 366 nocturnis
2920 306 3147 364 monitis
3190 303 3508 377 quodvera
3552 317 3742 359 recur-

3672 188 3741 243 88

3503 393 3669 468 [rant.

2292 498 2406 571 96
2431 496 2659 553 Viderat
2687 503 2936 552 octavam
2969 494 3149 549 lucem
3176 506 3348 563 puer:
3377 504 3509 548 ecce
3540 487 3710 544 recidi

2296 594 2380 650 Ad
2404 607 2614 649 morem
2644 590 2807 662 legis,
2841 602 3151 658 nomenque
3171 597 3364 657 aptare
3379 597 3604 640 necesse
3628 590 3746 638 est:

2297 688 2732 759 lmpositumque
2759 686 2839 742 illi
2862 694 2968 752 est,
2999 682 3227 740 monitis
3258 677 3579 737 caelestibus
3615 675 3746 731 olim

2296 780 2452 851 Quod
2482 780 2670 837 Maria:
2699 794 2808 837 vox
2831 777 3001 835 missa
3024 777 3149 851 Deo
3176 772 3461 848 prtccepit,
3494 770 3665 828 Iesus.

1696 940 2084 1001 LECTIONES
2125 941 2550 1001 VARIAN'I'ES.

525 1066 656 1123 210.
697 1062 857 1129 Ald.,
890 1061 1093 1127 Rom.,
1138 1058 1249 1125 his;
1300 1058 1430 1122 alii.
1476 1058 1564 1113 iis.
1611 1055 1672 1114 In
1715 1056 1923 1126 Torn.,
1973 1057 2055 1113 bis

455 1139 646 1202 doctis,
674 1133 930 1191 mendum
960 1139 1113 1203 puto.

527 1200 656 1265 212.
701 1206 911 1261 Poelm.
940 1200 1039 1273 pro
1068 1201 1123 1256 d.
1142 1216 1230 1273 73.,
1257 1200 1381 1256 inde
1400 1210 1688 1273 sequentes.

529 1281 658 1335 215.
700 1277 906 1341 Torn.,
942 1270 1093 1338 Ὀιι..
1136 1272 1299 1343 Reg,
1342 1270 1518 1343 codex
1564 1271 1796 1339 Barthii,
1838 1270 2051 1337 celeris;

460 1351 710 1425 plerique
738 1337 1325 1425 editi,:ceiebris,:quod
1351 1343 1404 1425 in
1440 1342 1553 1398 Ott.
1584 1337 1799 1425 videtur
1824 1343 2000 1425 fuisse.
2021 1359 2050 1396 a

465 1412 549 1491 pr.
580 1412 678 1488 ni.,
704 1430 760 1475 et
784 1427 870 1473 est
890 1418 943 1471 in
976 1414 1151 1491 Rom._
1171 1412 1451 1491 Onieisius
1477 1412 1701 1491 praefert
1730 1413 1894 1468 etiam
1922 1412 2057 1469 cele-

465 1483 599 1555 bris,
629 1483 753 1563 quia
784 1504 889 1563 v_ox
917 1503 1050 1563 uaga
1069 1485 1412 1563 celeritatem
1430 1484 1547 1554 jam
1578 1483 1803 1540 indicat.

530 1555 662 1621 214:
702 1561 761 1617 In
790 1555 1053 1615 Ottobon.
1083 1555 1235 1627 prius
1263 1555 1483 1627 ponitur
1523 1570 1715 1611 versus
1754 1571 1900 1627 seq.,
1935 1555 2062 1612 0m-

2162 1058 2273 1132 nia,
2305 1058 2432 1132 deiit
2462 1057 2573 1132 hic,
2586 1055 2862 1132 Μίνᾳηιεε2
3124 1124 3137 1132 _
3164 1124 3196 1132 __
3519 1118 3533 1132 ,

2221 1123 2349 1185 216.
2393 1129 2597 1184 Barthii
2619 1128 2818 1187 codex.
2842 1123 3004 1193 'atque
3032 1124 3217 1191 recidi,
3242 1136 3404 1193 quam
3427 1123 3754 1193 scripturam

2154 1202 2319 1256 unice
2345 1202 2537 1267 probat
2582 1198 2861 1254 Barthius.
2903 1189 3175 1267 Plerique,
3204 1189 3349 1250 ecce
3392 1192 3574 1258 recidi,
3617 1189 3758 1259 quod

2161 1287 2321 1339 atque
2354 1280 2556 1327 bonum
2590 1280 2695 1325 est.

2231 1342 2357 1397 218.
2399 1342 2595 1410 Torn.,
2624 1341 2727 1403 illi.
2760 1340 3002 1406 monitis,
3034 1339 3157 1394 sine
3184 1346 3279 1393 est.

2233 1412 2362 1469 219.
2402 1404 2745 1484 lleg.,missa
2772 1428 2805 1465 a
2837 1411 2969 1478 Deo,
2990 1404 3191 1465 contra
3224 1419 3483 1476 metrum,
3515 1404 3764 1461 immisso

2165 1503 2198 1540 a
2229 1500 2294 1542 ex
2332 1485 2515 1556 aliqua
2546 1484 2728 1558 glossa
2761 1485 2815 1539 iu
2853 1492 3085 1540 textum.

1990 1688 2218 1747 NOTAE.

465 1813 635 1872 nullis
678 1820 886 1874 tamen,
931 1815 993 1862 ut
1040 1806 1097 1861 in
1149 1805 1405 1877 Vulgata,
1448 1813 1506 1860 et
1536 1804 1770 1877 iudltala
1812 1806 2067 1863 versione
2096 1810 2144 1871 B
2172 1818 2327 1864 munt
2377 1809 2552 1876 clare,
2600 1809 2981 1865 circumcisum
3037 1807 3209 1865 fuisse
3255 1821 3487 1877 puerum
3535 1806 3765 1862 Iesum:

472 1883 761 1941 hominibus
786 1881 932 1934 bona:
966 1874 1281 1944 uoluntatis,
1300 1874 1550 1948 εὐδοκίας.
1585 1875 1836 1948 vulgata:
1867 1892 2065 1948 magno

466 1968 742 2014 consensu
773 1950 1033 2006 accinunt
1057 1950 1263 2003 Patres.
1296 1946 1573 2003 Juvencus
1593 1946 1756 2019 etiam
1772 1950 1948 2019 justas
1966 1946 2069 2003 lto-

473 2028 636 2083 mines
663 2039 778 2078 cum
799 2021 948 2086 dicit,
977 2018 1232 2089 intelligit
1260 2019 1315 2073 in
1349 2028 1486 2072 terra
1512 2033 1618 2084 paa:
1638 2016 1951 2089 Ahom’inibus
1980 2020 2072 2074 bo-

472 2114 555 2154 na:
590 2094 898 2151 voluntatis.
932 2087 1252 2146 Menoehius
1298 2089 1377 2144 sic
1423 2096 1604 2144 textus
1633 2087 1813 2144 Latini
1846 2105 2069 2145 sensum

475 2166 745 2240 exponit:
804 2162 872 2240 In
924 2171 1221 2240 terrapaa‘:
1254 2159 1548 2240 hominibus
1593 2159 1742 2215 bonae
1787 2160 2072 2240 uoluntatis

478 2230 690 2298 dieinde.
736 2244 786 2289 et
832 2230 1140 2304 beneplacit'i
1166 2231 1353 2296 divini,
1387 2232 1443 2304 id
1480 2241 1579 2304 est,
1631 2247 1735 2304 pan:
1782 2230 2077 2304 horninibus

478 2328 607 2383 quos
634 2307 774 2383 Deus
803 2301 970 2383 amat,
995 2312 1042 2357 et
1055 2304 1170 2383 jam
1196 2301 1568 2383 gratosihabet,
1601 2301 1649 2383 et
1683 2302 1739 2356 in
1764 2303 1949 2383 quibus
1978 2305 2076 2357 sibi

482 2372 786 2446 complacet.
821 2372 1345 2446 Maldonatuside‘m
1379 2381 1654 2446 tenuerat,
1695 2374 1790 2443 qui
1832 2373 1900 2446 ad
1934 2389 2078 2445 pra:-

483 2443 787 2508 destinatos
837 2446 982 2502 hunc
1006 2445 1186 2500 locum
1212 2443 1400 2498 refert.
1449 2443 1553 2499 Alii
1600 2444 1748 2499 bona:
1792 2443 2077 2499 voluntatis

483 2523 718 2578 homines
754 2516 1057 2588 appellant,
1092 2515 1187 2580 qui
1213 2515 1409 2570 bonam
1441 2514 1682 2588 habeant
1705 2515 2070 2588 voluntatem,

482 2603 542 2650 et
577 2593 645 2648 ad
684 2585 1053 2655 recipiendam
1084 2600 1297 2656 pacem,
1322 2600 1442 2654 qua:
1458 2585 1885 2641 annuntialiatur
1906 2628 1921 2653 ,
1949 2603 2075 2655 pro-

487 2677 739 2735 pensam.
755 2659 1075 2735 wetsteniti
1085 2657 1437 2735 sscripturam
1469 2657 1524 2711 in
1545 2671 1678 2712 mss.
1703 2656 1910 2712 Crmcis
1926 2671 2078 2712 eom-

489 2725 708 2791 inunem
749 2734 951 2786 acriter
977 2725 1242 2784 defendit.

556 2804 684 2861 210.
729 2799 1372 2872 Vulgata,Discesserunt
1420 2798 1484 2852 ab
1532 2799 1604 2851 eis
1652 2799 1828 2872 angeli
1873 2802 1929 2855 in
1977 2815 2083 2854 cae-

489 2876 621 2930 lum.
665 2869 856 2932 Simili
877 2869 1041 2930 modo
1072 2880 1261 2926 textus
1289 2884 1520 2941 graecus.
1557 2872 1618 2941 At
1665 2869 1799 2926 Itala
1840 2881 1997 2941 vetus
2029 2872 2084 2925 in

490 2946 771 3003 nonnullis
808 2958 936 2998 mss.
988 2943 1040 3014 in
1066 2940 1349 3014 singulari,
1383 2940 1636 3014 Discessit
1676 2941 1911 3014 angelus.
1958 2940 2084 3014 Caeli

493 3028 728 3082 secreta;
753 3014 968 3084 phrasis
984 3013 1053 3069 ab
1072 3011 1194 3066 aliis
1214 3011 1376 3066 etiam
1400 3011 1576 3084 poetis
1601 3011 1881 3079 usurpata,
1901 3012 2085 3067 utdixi

496 3088 566 3144 ad
602 3081 951 3143 Dracontium
982 3084 1079 3138 lib.
1109 3099 1177 3149 ll,
1212 3098 1356 3139 vers.
1386 3081 1444 3146 4,
1480 3083 1608 3146 Quae
1638 3085 1752 3137 coeli
1782 3092 1976 3137 secreta
2006 3094 2083 3136 te-

533 3169 645 3213 unt.
668 3160 711 3213 A
736 3156 913 3224 poetis
929 3154 1086 3209 aliiid
1106 3160 1455 3224 acceperunt,
1486 3162 1543 3207 ut
1558 3152 1855 3224 Gregorius
1866 3153 2088 3224 Magnus

533 3177 645 3213 υηι.
668 3177 711 3213 Α
736 3177 913 3224 ροειιδ
929 3177 1022 3209 am
1037 3177 1086 3209 lu
1106 3177 1455 3220 acceperunt,
1487 3177 1543 3207 ΙΙΙ.
1558 3177 1855 3224 υτυδυτιυε
1866 3177 2088 3224 magnus

494 3177 593 3286 ἧι).
614 3245 653 3283 ιι
694 3228 907 3297 Dialog.
937 3240 1057 3294 cap.
1083 3227 1175 3297 33.
1210 3222 1337 3279 Caeli
1358 3235 1556 3297 secreta
1576 3234 1862 3297 penetrare.
1902 3228 2091 3297 Appo-

499 3301 605 3357 site
632 3302 795 3355 etiam
831 3294 1061 3352 revisunt
1108 3296 1313 3351 dictum
1365 3294 1435 3351 de
1491 3296 1721 3366 angelis,
1774 3299 1864 3363 qui
1913 3294 2096 3350 ad'lo-

501 3386 627 3427 cum
674 3385 855 3435 suum,
892 3366 1038 3439 unde
1065 3376 1357 3434 venerunt,
1390 3366 1642 3439 redeunt.
1672 3366 1930 3439 Virgilius
1985 3383 2095 3423 non

502 3444 674 3499 semel
707 3443 811 3497 hoc
846 3438 1015 3494 verbo
1042 3450 1173 3493 usus
1199 3449 1284 3493 est
1316 3439 1406 3492 tali
1464 3437 1796 3508 signiﬁcatu}

574 3513 702 3569 212.
746 3510 1012 3567 Gremium
1041 3509 1318 3580 eleganter
1349 3507 1696 3572 transfertur,
1743 3518 1799 3564 et
1826 3509 1896 3565 de
1937 3507 2100 3580 rebus

506 3584 761 3641 inanimis
806 3581 1030 3653 dicitur,
1062 3579 1145 3653 ut;
1161 3579 1413 3653 gremium
1443 3590 1611 3645 terrw,
1649 3579 2099 3653 gremiamiurliis,

504 3657 769 3729 gremium;
797 3652 1034 3710 Grazcite.
1065 3649 1365 3729 Siliu_s_lib._
1404 3666 1498 3729 vni
1518 3694 1533 3716 ,
1567 3649 1976 3729 y_ers._1_92,__de
2002 3649 2102 3706 llu-

504 3720 653 3784 inine
683 3746 697 3783 :
733 3726 907 3781 Donec
936 3739 1157 3777 arenosa
1195 3722 1291 3790 (sic
1338 3720 1502 3793 fama)
1558 3720 1834 3778 Numicius
1862 3724 2101 3777 illaut-—

507 3798 751 3867 Suscepit
785 3796 1015 3871 gremio,
1052 3795 1322 3871 uitreisque
1349 3793 1616 3847 abscondit
1643 3796 1698 3871 in
1722 3796 1910 3849 antris.
1956 3794 2012 3848 In
2045 3810 2103 3849 re

509 3863 723 3931 nostra,
748 3863 870 3924 cum
900 3879 1086 3921 sermo
1121 3863 1193 3918 sit
1220 3865 1291 3918 de
1331 3877 1521 3931 puero,
1551 3865 1815 3933 majorem
1848 3875 2103 3920 venusta-

508 3949 621 3996 tem
649 3939 814 3994 habet
838 3936 1092 4004 l’rtesepis
1120 3934 1317 4007 gremio
1343 3942 1570 4007 cerinunt
1583 3951 1803 4007 puerum
1814 3939 2101 4007 jacentem.

582 4011 711 4067 215.
750 4002 1025 4066 Iuvencus
1057 4002 1163 4061 vim
1205 4005 1355 4059 verbi
1400 4002 1593 4059 Graeci
1626 4002 1952 4071 complexus
1979 4018 2099 4061 est:

509 4097 638 4139 nam
662 4081 995 4157 dtcyvépteaai
1015 4077 1475 4157 ambiguum‘est,
1508 4085 1563 4157 et
1596 4076 1872 4157 significat
1914 4092 2106 4148 cogno-

510 4164 716 4222 uerunt,
741 4146 805 4208 ac
834 4146 998 4206 simul
1026 4159 1151 4222 nota
1170 4146 1290 4201 aliis
1325 4149 1592 4219 fecerunt;
1633 4146 1779 4218 quod
1814 4146 2106 4219 utrumque

515 4221 790 4282 JuvenCus
811 4221 1102 4293 expressit.

583 4294 713 4352 2M.
773 4289 1197 4363 Constupuerunt
1239 4303 1269 4343 a
1300 4297 1600 4363 conitupeo,
1652 4290 1804 4363 quod
1848 4289 2100 4356 verbum,

514 4367 725 4435 nescio,
754 4380 823 4420 an
845 4359 1008 4435 alium
1032 4370 1312 4435 auctorem
1335 4359 1532 4435 habeat
1561 4368 1757 4435 praeter
1778 4359 2102 4417 Juvencum.

515 4439 584 4494 Et
611 4431 801 4508 potuit,
829 4433 1047 4506 quidem
1103 4433 1149 4488 is
1199 4433 1381 4488 dicere
1411 4431 1645 4508 (tutantes
1684 4431 2057 4508 obstupuerunt
2089 4447 2108 4486 :

514 4503 1296 4576 md'maluitconstupuaunt,
1332 4503 1584 4558 ut‘simul
1615 4516 1808 4558 omnes
1831 4503 2107 4572 stupuisse

515 4579 841 4636 declararet.

586 4650 717 4706 215.
771 4649 1070 4718 Stupebant
1118 4654 1397 4717 pastores,
1459 4643 1614 4718 quod
1650 4644 1833 4699 omnia
1886 4645 2106 4700 monitis

519 4721 803 4778 nocturnis
845 4715 1289 4788 responderent;
1319 4730 1448 4788 vera
1480 4715 1741 4788 nimirum
1787 4725 1973 4771 essent
2017 4732 2102 4780 ea,

520 4794 589 4848 de
608 4792 804 4863 quibus
830 4786 1000 4863 noctu
1016 4787 1295 4863 admoniti
1318 4787 1552 4863 fuerant.
1582 4786 1679 4841 llic
1701 4795 1881 4863 autem
1913 4797 2106 4863 sttipnr

521 4855 733 4919 narrari
756 4862 972 4918 videtur
995 4860 1065 4915 de
1087 4859 1195 4926 die,
1221 4868 1313 4913 aut
1345 4858 1538 4914 diebus
1555 4857 1935 4927 sequentibus.
1966 4855 2103 4912 Cum

519 4935 666 4991 enim
693 4930 1249 5007 pasioresvidissent
1275 4944 1504 4999 puerum
1546 4928 1843 5007 iacentem,
1879 4939 2013 5007 post,
2049 4937 2107 5007 ut

520 5020 669 5063 vers.
694 4999 826 5059 ’212
868 5003 1085 5066 dicitur,
1119 5001 1471 5070 disperserunt
1504 5015 1636 5070 vaga
1678 5000 1874 5053 semina
1926 4999 2107 5054 celeris

522 5081 700 5149 fama.
733 5076 869 5149 Inde
890 5071 1156 5149 sequitur,
1188 5069 1445 5149 Lwtantes
1465 5070 1865 5149 obstupuerunt,
1888 5070 2111 5149 _——_Qm-

522 5142 613 5204 nia
633 5147 895 5203 nocturnis
918 5142 1127 5198 monitis
1147 5142 1286 5210 quod
1314 5158 1433 5197 vera
1465 5151 1759 5197 recurrant.
1790 5142 1941 5197 Ordo
1968 5142 2114 5197 idem

524 5219 807 5289 expositus
832 5231 956 5274 esse
982 5214 1201 5289 videtur:
1217 5214 1275 5289 in
1302 5212 1701 5289 saero‘codice,
1751 5212 1892 5289 γει-α
1929 5228 2112 5289 recur-

524 5282 666 5356 rant,
708 5300 766 5345 ιιι
795 5288 896 5344 lib.
925 5301 963 5341 ιι
991 5299 1136 5342 vers.
1170 5283 1301 5353 769,
1338 5283 1408 5339 Ut
1440 5284 1634 5339 dictum
1659 5282 1819 5339 Isaia:
1844 5284 2027 5340 merita
2054 5283 2119 5338 de

526 5360 673 5433 r1699
681 5368 941 5433 marist.-

594 5430 722 5488 216.
753 5428 986 5487 CAPUT
1021 5427 1156 5485 Vlll.
1189 5424 1530 5483 Circumcisio
1587 5423 1822 5481 Domini.
1866 5425 1999 5481 Luc.
2047 5439 2118 5496 ιι,

526 5500 730 5626 21217.
760 5571 992 5643 Exstant
1020 5571 1319 5643 peculiares
1348 5567 1774 5643 Dissertationes
1803 5567 1881 5623 De
1901 5569 2121 5643 cirgum-

532 5644 724 5712 cisione
748 5640 961 5696 Domini
988 5639 1438 5712 a'Guil.l.ysero,
1466 5641 1703 5696 Antonio
1722 5640 1941 5712 Bynzeo,
1975 5639 2115 5712 Dau.

528 5711 797 5773 Gerdesio
819 5713 1163 5783 conscriptae.
1193 5711 1371 5768 Verba
1412 5711 1775 5784 Evangelistze
1802 5726 1909 5766 non
1941 5711 2119 5779 expri-

2173 1879 2240 1934 Et
2268 1891 2535 1952 postquam
2563 1881 2905 1935 consummati
2933 1891 3047 1934 sunt
3076 1880 3186 1933 dies
3232 1889 3370 1952 περ,
3412 1887 3467 1932 ut
3492 1879 3768 1952 circumci—

2170 1947 2549 2019 deretur'puer,
2577 1961 2817 2006 uocatum
2843 1961 2919 2006 est
2945 1967 3132 2005 nomen
3156 1952 3268 2015 eius
3296 1947 3473 2004 Iesus.
3511 1949 3773 2017 Apertius

2172 2021 2521 2078 circumcisio
2550 2023 2821 2079 indicatur
2848 2023 2900 2076 in
2943 2032 3100 2077 textu
3130 2022 3347 2086 Grmco,
3378 2021 3469 2076 ubi
3500 2028 3621 2089 post
3649 2035 3775 2092 puer

2173 2101 2265 2165 est
2287 2094 2546 2165 particula
2576 2105 2645 2156 et,
2675 2110 2780 2165 qua
2817 2092 3220 2165 quodammodo
3239 2092 3511 2165 asseritur
3540 2093 3779 2146 circum-

2174 2164 2330 2229 cisio,
2357 2173 2412 2219 et
2440 2164 2660 2220 additur
2688 2162 2968 2229 impositio
3000 2164 3241 2219 nominis
3273 2182 3284 2217 :
3323 2162 3595 2218 .luvencus
3625 2171 3775 2217 certe

2174 2234 2668 2309 circumcisionem,
2698 2236 2929 2309 asti-uii;
2970 2251 3099 2309 qua:
3129 2234 3452 2309 tide_div_ina
3499 2232 3773 2309 credenda

2177 2314 2286 2370 est,
2318 2320 2442 2361 cum
2474 2305 2733 2361 universa
2767 2307 3017 2363 Ecclesia
3050 2307 3124 2360 ita
3155 2306 3323 2362 verba
3352 2305 3513 2360 Luem
3560 2305 3779 2360 intelle-

2177 2376 2340 2432 xerit.
2374 2376 2529 2445 Quod
2566 2389 2749 2434 autem
2795 2394 3000 2433 necesse
3040 2380 3218 2448 fuerit,
3259 2375 3535 2431 Christum
3568 2376 3632 2429 ad
3669 2390 3783 2448 ino-

2162 2463 2295 2511 ,rem
2328 2447 2465 2519 legis
2506 2449 2847 2518 circumcidi,
2882 2446 3169 2505 commoda
3202 2447 3554 2519 distinctione
3599 2446 3780 2519 expli-

2179 2517 2415 2574 candum
2447 2528 2551 2576 est.
2581 2519 2834 2576 Christus
2865 2522 3010 2575 enim
3043 2527 3322 2590 praecepto
3351 2517 3783 2590 circumcisionis

2180 2590 2463 2655 subiectus
2495 2608 2602 2644 non
2625 2602 2771 2655 erat,
2803 2587 3059 2658 adeoque
3084 2587 3344 2657 parentes
3376 2589 3497 2660 ejus
3524 2604 3630 2643 non
3665 2587 3784 2644 fue-

2183 2669 2312 2715 runt
2346 2661 2571 2731 obligati
2614 2662 2681 2715 ad
2727 2663 2878 2717 illum
2928 2660 3450 2717 circumcidendum.
3482 2660 3617 2715 Nam
3651 2674 3788 2731 pra}:

2187 2739 2437 2801 terquam
2467 2729 2609 2800 quod
2638 2732 2785 2788 Deus
2809 2744 2950 2801 erat,
2972 2748 3079 2786 non
3112 2732 3289 2787 luerat
3316 2748 3382 2787 ex
3410 2731 3618 2786 semine
3648 2729 3788 2784 virili

2223 2812 2499 2859 eneratus.
2550 2803 2916 2859 Nihilominus
2971 2804 3199 2859 Suarius
3240 2814 3371 2860 tum.
3412 2801 3594 2867 XVII,
3644 2802 3786 2871 disp.

2223 2872 2277 2937 5,
2305 2883 2442 2929 sect.
2477 2874 2526 2940 1,
2560 2875 2746 2942 docet,
2776 2876 3007 2940 quamvis
3029 2891 3120 2946 per
3147 2891 3202 2928 se
3228 2891 3329 2929 non
3362 2874 3519 2946 fuerit
3558 2889 3793 2927 necessa-

2186 2945 2322 3017 rium
2351 2948 2647 3010 parentibus
2687 2946 2880 3002 Clu-isti
2912 2945 3129 3017 puerum
3158 2945 3547 3017 circumCidere.
3579 2959 3789 3017 perac-

2188 3014 2363 3071 cidens
2394 3026 2566 3072 tamen
2603 3017 2672 3072 ad
2719 3014 2994 3072 vitandum
3048 3015 3354 3071 scandalum
3382 3014 3586 3070 merito
3608 3015 3787 3070 existi-

2189 3088 2325 3140 mari
2358 3087 2589 3155 potuisse
2620 3090 2985 3144 necessarium.
3012 3087 3287 3143 Praeterea
3329 3088 3563 3142 maxime
3588 3086 3791 3153 decuit,

2196 3157 2472 3212 Christum
2502 3158 2843 3216 circumcidi.
2889 3161 2948 3215 S.
2995 3160 3236 3214 Thomas
3284 3167 3425 3227 part.
3473 3173 3563 3222 ut,
3596 3166 3792 3227 quaest.

2117 3193 2163 3256 ο
2197 3193 2296 3301 ἕῖἶ
2312 3193 2472 3285 ’ἕὲἵῖῗ
2494 3193 2844 3301 Ϊὶίἰέἓξίἒῖξῆξεέ
2872 3193 2962 3285 iii;
2995 3193 3425 3301 ἑιὶζξὶῖξιῖεὶἔιῖὲῖ
3447 3193 3798 3298 ἅζεὲέυῒὲἑὶ

2201 3299 2403 3372 ingenii
2452 3299 2808 3372 perspicacia,
2840 3317 2947 3371 quo
2978 3315 3066 3357 res
3092 3299 3160 3356 ad
3194 3302 3375 3355 vivum
3424 3313 3798 3372 resecareiso-

2200 3367 2300 3434 let,
2333 3367 2541 3438 septem
2573 3367 2766 3428 causas
2786 3367 3039 3428 distincte
3068 3380 3358 3439 memorat,
3390 3372 3460 3425 ob
3481 3385 3617 3440 quas
3642 3367 3800 3425 Citri-

2202 3451 2323 3497 stus
2348 3440 2536 3497 debuit
2564 3441 2904 3498 circumcidi.
2931 3443 2987 3499 Id
3017 3451 3196 3497 autem
3222 3444 3355 3497 satis
3383 3449 3491 3509 est,
3524 3452 3581 3495 ut
3619 3442 3801 3511 aliquo

2203 3526 2372 3568 sensu
2402 3514 2773 3569 necessarium
2800 3514 2968 3570 fuisse
3008 3514 3241 3581 dicatur,
3279 3514 3557 3569 Christum
3586 3512 3652 3568 ad
3686 3527 3801 3568 mo—

2205 3599 2319 3639 rem
2360 3583 2519 3656 ilegis
2564 3583 2757 3640 recidi.
2803 3588 2995 3653 Aptare
3038 3601 3220 3639 nomen
3269 3585 3483 3640 videtur
3527 3592 3805 3656 mutuatus

2206 3654 2780 3724 pseudo-Cyprianus
2843 3657 2897 3712 in
2980 3665 3208 3720 tractatu
3298 3656 3368 3712 de
3433 3655 3805 3721 cardinalibus

2204 3725 2407 3781 Christi
2431 3726 2680 3795 Operib.,
2712 3742 2834 3797 cap.
2854 3728 2925 3783 de
2954 3729 3165 3784 ratione
3187 3727 3621 3797 circumcisinnis
3648 3744 3661 3781 :
3686 3724 3806 3779 Hoc

2206 3814 2323 3851 cum
2364 3808 2551 3879 .octava
2593 3798 2676 3879 die
2708 3795 2919 3869 jussum
2967 3799 3056 3867 sit,
3090 3795 3360 3866 celebrari,
3390 3806 3438 3853 et
3484 3813 3671 3852 nomen
3697 3799 3802 3850 cir-

2206 3870 2438 3923 cumciso
2468 3870 2663 3940 aptari,
2695 3879 2799 3926 etc.
3404 3939 3409 3940 ί
3802 3894 3807 3901 υ

2277 3940 2402 3996 218.
2448 3939 2777 4013 Impositum
2796 3940 2874 3996 illi
2902 3951 2987 3998 est
3015 3955 3240 4007 nomen,
3273 3939 3417 4013 quod
3446 3955 3550 3996 vox
3593 3954 3799 4010 praere-

2208 4011 2309 4081 pit,
2340 4020 2485 4081 etc.,l
2504 4014 2719 4067 scilicet
2741 4011 2915 4068 Jesus.

2280 4081 2410 4154 219.
2461 4076 2627 4137 Missa
2661 4082 2782 4154 _Deo
2828 4098 2925 4154 pro
2955 4100 2986 4136 a
3018 4081 3150 4154 Deo,
3180 4082 3395 4154 dativus
3418 4097 3519 4153 pro
3549 4080 3805 4154 ablatiVO.

2207 4151 2352 4222 quod
2379 4152 2627 4209 Juvenco
2650 4151 2919 4208 familiare
2941 4164 3031 4209 est
3059 4155 3114 4207 in
3141 4151 3448 4223 huiusmodi
3480 4152 3661 4208 verbis
3693 4167 3809 4220 llas-

2210 4224 2361 4277 sivis.
2395 4224 2470 4279 De
2500 4224 2603 4280 hac
2630 4240 2765 4280 γοοδ
2790 4226 2945 4279 missa
2968 4241 3001 4277 a
3032 4222 3140 4277 Deo
3173 4222 3296 4279 vide
3317 4240 3461 4280 vers.
3491 4224 3583 4279 98.
3608 4223 3806 4286 Lucas,

2209 4296 2299 4363 qui
2360 4293 2663 4367 hiStoriami
2694 4296 3218 4367 Magorumpenitus
3264 4295 3487 4367 omittit.
3536 4303 3659 4365 post
3704 4296 3816 4349 cir-

2210 4367 2600 4435 cumcisionem
2651 4365 2801 4421 illico
2845 4365 3276 4435 puriﬁcationem
3334 4365 3513 4420 Mariae
3560 4373 3804 4421 enarrat.

2220 4434 2471 4491 Vocatum
2512 4448 2585 4492 est
2626 4454 2809 4492 nomen
2833 4434 2949 4510 ejus
2994 4435 3173 4510 Jestts,
3197 4437 3335 4507 quod
3358 4445 3593 4510 vocatum
3618 4448 3716 4499 est,
3746 4436 3812 4490 ab

2210 4510 2394 4580 angelo
2435 4511 2732 4577 priusquam
2776 4510 2830 4562 in
2856 4505 3005 4580 utero
3030 4505 3401 4580 conciperetur.
3443 4505 3510 4580 Eg
3545 4517 3815 4578 postquam

2136 4582 2188 4643 D
2214 4577 2410 4652 impleti
2448 4592 2567 4652 sunt
2626 4579 2735 4633 dies
2775 4578 3095 4652 purgationis
3124 4582 3255 4652 _ejus
3312 4578 3622 4652 ρειξιιηιήιηιΔ
3650 4580 3813 4649 legem

2216 4646 2390 4719 Moysi
2420 4692 2434 4709 .
2483 4650 2708 4705 tulerunt
2775 4646 2946 4705 illum
3010 4650 3064 4703 in
3110 4646 3421 4719 Jerusalem,
3474 4659 3531 4704 ut
3579 4646 3814 4705 sisterent

2208 4734 2326 4792 eum
2386 4719 2633 4776 Domino.
2690 4724 2757 4776 At
2814 4721 3146 4789 Mattimus,
3219 4720 3311 4792 qui
3383 4721 3814 4792 puriﬁcationem

2209 4789 2397 4863 Marize
2416 4792 2634 4847 silentio
2672 4794 2957 4863 praeteriit,
3005 4793 3186 4846 statim
3238 4789 3584 4862 post’ortum
3625 4791 3818 4847 Salva-

2210 4860 2346 4915 toris
2376 4862 2588 4917 Domini
2633 4860 2912 4927 magorum
2966 4860 3261 4918 adventum
3303 4875 3717 4927 commemorat,
3762 4874 3819 4918 et

2210 4932 2440 5007 subinde
2470 4934 2663 5007 rogaui
2689 4932 2832 5007 illius
2871 4936 2921 4987 in
2961 4933 3289 5007 3Egyptum.
3335 4932 3463 5007 Cum
3503 4950 3624 5007 ergo
3668 4944 3818 4988 natus

2211 5014 2340 5057 esset
2368 5002 2599 5059 Iesus‘in
2621 5002 2923 5075 Bethlehem
2942 5004 2975 5058 ,Ι
2984 5002 3095 5057 πιάιί
3106 5002 3160 5058 in
3185 5004 3366 5059 diebus
3399 5002 3628 5059 Herodis
3653 5007 3815 5075 regis,

2220 5089 2335 5128 ecce
2361 5076 2497 5146 magi
2520 5076 2583 5129 ab
2614 5074 2827 5129 Oriente
2860 5085 3112 5147 venerant
3141 5075 3544 5147 Jerosolgntam.
3575 5088 3683 5131 etc.
3714 5074 3819 5144 Qui

2220 5160 2337 5199 cum
2378 5145 2745 5220 recessissent,
2802 5161 2919 5200 ecce
2962 5145 3177 5220 angelus
3221 5145 3435 5220 Domini
3480 5148 3725 5220 apparuit
3763 5149 3818 5201 in

2219 5218 2414 5271 somnis
2440 5215 2635 5289 Joseph
2685 5218 2861 5290 dicens
2892 5232 2915 5290 :_
2961 5215 3152 5290 Surge,
3185 5228 3231 5273 et
3278 5219 3459 5290 accipe
3500 5215 3738 5290 puerum,
3771 5228 3819 5272 et

2223 5295 2443 5361 matrem
2490 5287 2624 5361 ejus,
2672 5288 2864 5361 etfuge
2900 5288 2953 5341 in
2987 5287 3298 5360 zlfgyptum.
3343 5288 3647 5361 Difﬁcultas
3703 5289 3822 5345 haec

2220 5357 2445 5429 jamdiu
2480 5357 2696 5429 torquet
2720 5357 3048 5427 interpretes
3063 5357 3337 5429 ,‘fpriorne
3377 5360 3540 5414 fuerit
3567 5361 3823 5429 purifica-

2227 5428 2302 5485 tio
2320 5429 2561 5502 adventu
2588 5428 2872 5502 magorum
2891 5470 2906 5494 ,
2934 5444 3002 5502 an
3033 5428 3301 5485 adventus
3326 5428 3606 5500 magorum
3634 5433 3824 5502 put-ili-

2225 5501 2455 5558 eatione.
2488 5501 2544 5559 Si
2574 5500 2839 5573 dicamus,
2876 5501 3103 5573 primus
3132 5502 3345 5573 venisse
3399 5500 3821 5573 magosgquam

2226 5573 2474 5644 Christus
2515 5574 2566 5626 in
2603 5571 2808 5641 templo
2838 5571 3268 5644 oblatusil‘uerit,
3316 5588 3423 5627 non
3472 5571 3817 5644 intelligitur,

2224 5645 2314 5714 qui
2348 5642 2464 5699 ﬁeri
2493 5645 2747 5714 potuerit,
2778 5652 2836 5696 ut
2863 5652 2986 5714 post
3009 5642 3304 5699 adventum
3343 5658 3621 5714 magorum
3658 5642 3823 5714 Chri-

2223 5710 2342 5771 s'tus
2371 5710 2732 5785 praesentatus
2762 5710 2925 5774 tuerit
2962 5713 3019 5769 in
3062 5715 3289 5784 templo,
3318 5710 3528 5771 eunt'et
3574 5710 3821 5772 Herodes
