4176 6180
438 184 509 240 89
1004 196 1009 199 ·
1516 181 1985 243 EVANGELICE
2019 181 2369 243 HISTORIA}
2409 182 2537 240 LIB.
2582 182 2624 239 l.
3656 175 3728 237 90

430 298 660 373 22097
682 298 1004 370 Scripserat
1023 299 1264 372 antiquae
1280 300 1460 358 Moses
1470 299 1596 357 mod
1606 301 1850 357 eramina
1870 300 2032 372 legis,
2060 309 2117 371 Α

570 393 997 466 θθιιιιθιυιιιιιε,
1015 393 1221 465 primos
1241 394 1432 465 prisco
1444 392 1514 450 de
1532 393 1806 465 sanguine
1818 404 2020 460 vatum,

572 485 882 543 Observare
911 486 1098 551 dedit,
1133 488 1278 545 fetus
1307 487 1509 546 offerre
1536 486 1869 557 sacrandos,

572 580 977 652 lmplumesque
994 580 1159 637 simul
1179 582 1322 641 ferre
1334 582 1401 638 ad
1426 581 1653 638 delubra
1678 580 1990 637 columbas.

566 673 693 729 Παςο
708 673 800 729 ubi
826 689 924 743 per
944 674 1411 745 Mariam'templo
1433 681 1654 730 servata
1680 673 1955 738 feruntur,

422 764 530 823 225
564 766 708 824 Ecce
755 780 926 824 senex
979 766 1237 835 Simeon,
1287 766 1488 839 dignus
1532 766 1938 839 comprendere

1750 861 1951 935 [sensu

2280 298 2548 357 Ctelestes
2569 314 2731 356 voces
2747 341 2763 367 ,
2787 300 2875 356 cui
2900 298 3178 372 quondam
3200 299 3431 371 praescia
3454 314 3639 356 rerum

2280 392 2461 450 Virtus
2478 392 2814 463 prodiderat,
2836 393 2984 465 quod
3005 406 3234 449 carcere
3253 392 3512 463 corporis
3526 391 3658 463 aegri

2275 486 2550 560 Deposito,
2576 496 2813 543 mortem
2836 487 2996 553 liber,
3021 486 3384 558 requiemque
3412 485 3651 557 videret,

2269 579 2407 636 Cum
2429 581 2666 653 primum
2710 580 2834 637 (εωιί
2875 579 3113 647 laudem,
3134 587 3408 651 terrzeque
3424 580 3687 647 salutem,

2125 674 2235 732 250
2268 675 2382 748 99
2430 673 2627 731 Omnia
2676 688 2841 745 quem
2900 682 3084 729 vatum
3140 671 3417 744 spondent
3468 672 3724 739 oracula,

2826 776 2827 779 ‘
3347 765 3647 839 [Christum

2272 861 2514 918 Vidisset
2546 859 2750 932 templo
2780 858 3059 917 solemnes
3086 858 3237 917 ferre
3263 858 3575 931 palumbes.

1666 1014 2055 1079 LECTIONES
2093 1018 2513 1077 VABIANTES.

488 1129 614 1184 221.
640 1127 980 1185 Sabatierius
1005 1170 1020 1195 ,
1052 1128 1216 1201 Atque
1235 1130 1368 1185 inter
1398 1132 1593 1200 primos
1617 1173 1632 1197 ,
1664 1141 1722 1187 et
1752 1148 1852 1201 pro
1874 1133 1930 1189 d.
1963 1148 2011 1188 s.

419 1200 563 1273 Inter
589 1217 705 1271 qua:
727 1202 921 1273 primos
944 1243 960 1267 ,
991 1200 1137 1272 quod
1164 1218 1330 1257 unum
1360 1203 1413 1257 in
1446 1216 1578 1258 mss.
1597 1244 1613 1270 ,
1646 1213 1702 1258 et
1730 1200 1897 1260 editis
1923 1204 2013 1260 in-

413 1272 601 1330 venio.

484 1343 612 1398 225.
647 1342 775 1416 Ald.
803 1384 820 1410 ,
850 1342 1021 1416 Torn.
1044 1388 1058 1412 ,
1085 1343 1253 1416 Rom.
1273 1386 1289 1410 ,
1323 1344 1461 1416 Reg.
1491 1387 1504 1409 ,
1536 1345 1651 1402 Ott.
1674 1390 1689 1415 ,
1714 1346 1808 1403 sed
1837 1362 1868 1402 a
1899 1330 2012 1403 sec.

414 1431 517 1475 ιιι..
542 1426 600 1468 ιιι
627 1415 868 1478 videtur,
898 1414 1072 1471 codex
1109 1415 1320 1470 Barthii
1342 1456 1360 1483 ,
1392 1414 1447 1472 et
1481 1418 1572 1472 alii
1599 1434 1754 1473 sensu
1795 1448 1867 1460 -—
1902 1417 2015 1474 Cte-

410 1486 565 1541 lestes
598 1503 767 1541 voces.
813 1485 1113 1557 [ladaman
1142 1528 1157 1550 ,
1205 1487 1422 1545 Poelm.
1443 1532 1458 1556 ,
1491 1487 1684 1557 Fahr.,
1715 1505 1922 1545 sensum
1942 1522 2014 1531 —

414 1557 641 1614 Caelestis
666 1558 825 1614 vocis.
849 1556 1031 1615 Codex
1059 1557 1268 1614 Barthii
1300 1574 1403 1630 pro
1444 1556 1677 1616 caelestes
1696 1562 1890 1618 scribit
1914 1579 2015 1620 σω·-
2050 1626 2099 1687 Β

2120 1134 2291 1190 lesteis
2310 1172 2326 1196 ,
2355 1150 2425 1189 ex
2444 1149 2553 1205 quo
2580 1133 2816 1191 fortasse
2859 1143 3046 1190 natum
3093 1143 3177 1190 est
3207 1135 3424 1190 scelestis
3444 1135 3579 1190 vocis
3601 1176 3616 1201 ,
3664 1144 3723 1190 et

2119 1205 2705 1278 priusfactumgsensum
2731 1222 2797 1261 ex
2827 1223 3000 1278 sensu.
3021 1206 3236 1263 Poelm.
3259 1209 3424 1262 etiam
3445 1221 3542 1276 pro
3563 1206 3619 1259 d.
3642 1219 3720 1274 s.,

2119 1276 2277 1350 sensu
2300 1308 2370 1318 —
2392 1276 2650 1350 Calesteis
2674 1293 2841 1333 voces.
2886 1277 2941 1331 In
2972 1278 3082 1333 Ott.
3112 1280 3371 1334 mendum
3417 1287 3502 1332 est
3542 1278 3717 1350 dignis

2120 1364 2224 1422 pro
2244 1349 2469 1422 dignus,
2500 1348 2684 1422 uti_ibi
2708 1357 3018 1422 correctum
3053 1360 3297 1422 apparet.

2190 1417 2320 1476 23E
2363 1421 2524 1491 Reg.,
2579 1417 2763 1492 Bouh,
2813 1417 3098 1492 palumbes.
3126 1417 3285 1489 ’Ott.,
3317 1421 3511 1487 Torn.,
3554 1422 3703 1490 Ald.,

2120 1491 2329 1547 Poelm.
2356 1508 2455 1563 pro
2480 1492 2537 1547 d.
2562 1504 2635 1563 s_.,
2665 1490 2856 1559 Fabr.,
2884 1492 3173 1563 palumbos.
3208 1492 3419 1550 Peelm.
3450 1493 3507 1550 in
3536 1502 3711 1561 textu,

2125 1561 2378 1632 Hadam.,
2408 1561 2691 1620 columbas.

1939 1746 2176 1805 NOTAE.

408 1866 598 1922 illusus
623 1879 655 1920 a
685 1864 856 1934 magis
885 1863 1043 1919 illum
1073 1872 1351 1934 quareret
1380 1863 1446 1918 ad
1478 1863 1812 1933 perdendum
1838 1878 1962 1919 eum
1982 1907 1996 1931 ,

412 1947 469 1992 et
486 1936 712 2007 .losepb,
750 1946 1040 2006 postquam
1082 1945 1432 2007 recesserunt
1474 1936 1636 2005 magi,
1684 1935 2000 2007 admonitus

406 2008 569 2064 fuerit
590 2006 659 2062 ab
693 2007 887 2079 angelo
914 2006 1183 2079 fugerein
1206 2006 1522 2078 {Egyptmm
1557 2007 1826 2061 Prmterea
1856 2006 1998 2076 quod

410 2080 654 2136 Herodes
683 2075 869 2148 jussit,
897 2075 1070 2133 occidi
1100 2075 1566 2133 infaiites'omnes
1611 2093 1640 2131 a
1689 2075 1902 2141 bimatu,
1954 2086 1999 2132 et

404 2153 568 2221 infra,
596 2150 854 2215 ostendit,
881 2164 1067 2220 magos
1097 2164 1203 2202 non
1230 2150 1410 2204 statim
1454 2162 1518 2203 ac
1549 2163 1682 2216 puer
1714 2162 1869 2204 natus
1890 2160 1995 2214 εει,

404 2224 619 2278 venisse
659 2222 1102 2293 JerOSuIymam.
1140 2223 1340 2293 Contra
1392 2222 1437 2274 si
1492 2233 1823 2293 asseramns,
1872 2230 1998 2274 ante

406 2309 683 2363 magorum
716 2290 1007 2347 advt‘ntum
1044 2290 1246 2345 Christi
1293 2292 1785 2363 prtesentstionem,
1816 2299 1873 2346 et
1905 2308 1999 2361 pit-

406 2361 765 2421 riﬁcationem
792 2364 975 2419 Maria:
1005 2372 1298 2433 peractam,
1339 2361 1723 2433 explicandum
1754 2372 1858 2427 est,
1891 2377 1995 2431 qua

403 2440 619 2493 ratione
661 2435 939 2502 acciderit,
973 2434 1114 2504 quod
1156 2434 1296 2504 magi
1328 2433 1382 2488 in
1419 2433 1639 2489 civitate
1672 2433 1995 2504 Bethlehem

406 2508 664 2563 infantem
688 2506 874 2563 Jesum
900 2503 1266 2560 aduraverint.
1301 2506 1464 2560 Addit
1488 2506 1634 2559 enim
1665 2503 1840 2559 Lucas
1871 2512 1993 2574 post

401 2580 736 2635 oblationem
799 2578 852 2632 in
917 2577 1120 2642 templo
1181 2585 1662 2630 commemoratam
1730 2590 1851 2645 cap.
1921 2576 1992 2639 2,

400 2667 546 2705 vers.
591 2650 662 2706 39
696 2669 710 2705 :
746 2647 834 2714 Et,
882 2656 935 2702 ut
965 2648 1287 2720 perfecerunt
1322 2648 1496 2700 omnia
1530 2644 1811 2720 secundum
1832 2647 1995 2720 legem

400 2721 635 2785 Domini,
667 2722 854 2776 reversi
890 2716 1012 2775 sunt
1040 2716 1096 2772 in
1124 2716 1522 2789 ,Galilteamfin
1564 2719 1821 2771 civitatem
1849 2716 1995 2771 suam

402 2792 701 2847 Nazareth.
735 2792 845 2846 Hac
873 2790 1195 2845 difﬁcultate
1225 2806 1330 2843 non
1368 2790 1661 2844 deterritus
1691 2790 1990 2853 Jnvencns,

397 2869 630 2934 primum
662 2863 1137 2934 praisentationg-m
1172 2862 1223 2914 in
1259 2862 1472 2934 templo
1497 2864 1697 2934 rel‘ert,
1742 2870 1851 2934 tum
1900 2862 1996 2934 ad-

398 2931 620 2990 ventum
663 2931 983 3005 'magorum.
1034 2932 1246 3005 Reyera
1287 2947 1407 2988 cum
1461 2933 1642 2987 Mariae
1691 2931 1994 3005 purificatio

395 3002 815 3077 quadragesinm
840 3005 928 3059 die
970 3014 1092 3077 post
1119 3004 1307 3058 Jesum
1352 3012 1536 3077 natum
1566 3002 1862 3077 secundum
1915 3003 1993 3077 le-

368 3072 381 3080 ’
418 3072 514 3131 ἐιη
540 3072 804 3132 acciderit
826 3118 841 3139 ,
874 3072 1017 3146 quod
1059 3074 1229 3129 Lucas
1259 3084 1462 3138 narrat,
1488 3072 1752 3143 parentes
1774 3073 1901 3127 Jesn
1938 3075 1987 3126 in

393 3094 677 3205 Ealilmam
709 3151 999 3202 revertisse
1024 3191 1038 3205 .
1066 3157 1243 3205 poteSt
1267 3146 1485 3205 quidem
1516 3145 1570 3199 id
1604 3147 1674 3198 ita
1706 3147 1903 3205 accipi,
1935 3155 1987 3198 ut

444 3150 677 3231 alilzcam
709 3145 999 3238 revertisse
1024 3191 1038 3213 ,
1066 3157 1243 3238 potest
1267 3146 1485 3238 quidem
1516 3145 1570 3199 id
1604 3147 1674 3198 ita
1706 3147 1903 3212 accipi,
1935 3155 1991 3198 ut
2018 3175 2061 3238 C

392 3224 578 3275 statim
630 3218 980 3282 reverterint,
1032 3218 1126 3271 sed
1176 3225 1694 3287 postea,rverten:e
1722 3230 1888 3279 anno,
1920 3230 1986 3270 eo

393 3290 508 3347 fere
539 3300 812 3357 tempore,
855 3306 963 3358 quo
997 3298 1155 3343 natus
1178 3286 1372 3342 fuerat
1404 3286 1757 3358 Salvator,in
1795 3289 1984 3342 civita-

393 3371 501 3418 tem
530 3361 846 3418 Bethlehem
874 3357 1158 3423 redierint,
1201 3369 1257 3413 ut
1288 3358 1429 3414 idem
1465 3368 1648 3413 narrat
1672 3357 1847 3413 Lucas
1874 3360 1935 3412 41
1971 3377 1983 3409 :

393 3434 460 3488 Et
486 3435 631 3488 ibant
661 3442 902 3503 parentes
926 3435 1037 3505 eius
1077 3448 1179 3505 per,
1201 3446 1377 3505 omnes
1409 3445 1574 3505 annos
1615 3431 1679 3505 i_n_
1693 3428 1985 3505 Jerusalem

388 3506 445 3559 in
470 3508 553 3560 die
578 3500 801 3560 solemni
831 3500 1057 3569 pascha’.
1078 3500 1138 3557 S.
1173 3502 1526 3571 Epiphanius,
1553 3500 1648 3570 qui
1672 3502 1705 3555 Ι.
1733 3515 1750 3553 ι
1778 3501 1985 3557 Haeres.

388 3577 482 3642 30,
513 3593 661 3630 unm.
694 3575 787 3643 29,
819 3574 1070 3640 affirmat,
1098 3582 1289 3627 exacto
1311 3572 1529 3627 biennio
1558 3576 1775 3643 venisse
1800 3587 1985 3642 magos

387 3648 457 3701 ad
481 3649 761 3701 Christum
785 3646 1146 3707 adorandum,
1185 3644 1347 3697 tradit
1374 3644 1560 3707 etiam,
1584 3642 1906 3709 Jusephum,
1932 3653 1988 3698 et

388 3717 765 3789 Mariampum
796 3715 1001 3772 infante
1040 3715 1350 3783 quotannis,
1384 3716 1467 3769 vel
1495 3723 1646 3769 certe
1695 3715 1888 3779 primo,
1932 3724 1987 3769 et

387 3791 633 3844 secundo
669 3803 814 3845 anno
864 3802 931 3842 eo
982 3798 1244 3853 tempore.
1295 3801 1404 3854 quo
1453 3801 1588 3853 puer
1633 3792 1793 3839 natus
1840 3794 1981 3846 erat,

386 3860 801 3916 Bethlehemum
831 3859 1149 3913 accessisse.
1174 3857 1282 3912 Alii
1306 3869 1488 3911 autem
1524 3856 1698 3925 potius
1725 3856 1988 3909 arbitran-

388 3941 500 3998 tur,
526 3932 726 3986 Lucam
752 3940 881 4001 post
900 3940 1170 3984 narratam
1206 3927 1634 4001 purificationem
1664 3926 1814 3981 illico
1841 3937 1985 3981 retu-

388 4002 540 4069 lisse,
570 3998 822 4072 parentes
854 3999 982 4072 Jesu
1009 4016 1130 4054 cum
1160 4014 1333 4072 puero
1360 4004 1411 4053 in
1440 3998 1717 4054 Galilaeam
1751 4012 1986 4072 remeas-

388 4088 474 4141 se,
504 4069 629 4141 quia
651 4074 782 4129 nihil
814 4073 883 4127 de
907 4071 1029 4139 fuga
1057 4073 1109 4124 in
1137 4069 1425 4140 IEgyptum
1450 4071 1699 4124 dicturus
1721 4079 1839 4124 erat
1864 4087 1876 4122 :
1918 4071 1986 4124 de

388 4161 492 4215 qua
520 4147 572 4199 in
602 4144 814 4201 somnis
839 4142 1146 4197 admonitus
1175 4142 1274 4196 fuit
1310 4141 1525 4215 losepli
1544 4152 1665 4209 post
1692 4150 1986 4215 praesenta-

389 4213 592 4271 tionem
620 4216 675 4271 in
728 4215 951 4285 templo,
989 4223 1279 4284 antequam
1324 4214 1375 4267 iu
1409 4213 1688 4268 Gulilaaam
1733 4213 1988 4267 revertis-

387 4298 534 4343 sent.
579 4287 653 4341 lta
696 4287 943 4341 sentiunt
996 4286 1329 4350 AuguStinus
1381 4290 1450 4339 de
1504 4298 1760 4338 censeas.
1810 4286 1987 4338 Evan-

385 4359 569 4429 gelist.
597 4359 694 4412 lib.
736 4374 803 4424 ιι,
831 4353 1035 4429 rap.‘5.
1067 4355 1233 4429 Beda,
1265 4354 1553 4429 .lansenius
1576 4352 1980 4429 Gandavensis,

386 4425 704 4499 Caietanus,
737 4438 791 4484 et
816 4428 905 4482 alii
935 4426 1135 4496 plures.
1183 4426 1299 4480 Etsi
1340 4441 1471 4497 ergo
1504 4426 1747 4499 plerique
1792 4425 1983 4479 existi-

388 4497 561 4567 ment,
596 4500 969 4555 adorationem
1000 4512 1279 4566 magorum
1301 4506 1397 4551 aut
1428 4499 1515 4551 die
1557 4497 1623 4550 15
1655 4505 1776 4565 post
1802 4506 1982 4552 ortum

2106 1865 2487 1932 miniscuntur,
2519 1865 2850 1938 oblationem
2877 1864 3081 1922 Christi
3104 1867 3157 1921 in
3187 1865 3390 1937 templo
3409 1873 3539 1921 tunc
3565 1880 3697 1938 per-

2103 1946 2306 2008 actam,
2340 1952 2463 2008 cum
2510 1936 2623 2007 jam
2678 1939 2868 1992 trimus
2908 1947 3081 2006 esset,
3140 1953 3202 1993 ea
3252 1938 3363 1992 fere
3403 1936 3702 2008 mtate'qua

2104 2006 2258 2062 Anna
2301 2007 2469 2062 filium
2503 2006 2660 2062 Suum
2697 2008 3012 2064 Samueletn
3054 2008 3120 2063 ad
3163 2010 3423 2070 templum
3453 2006 3699 2064 adduxit.

2105 2080 2306 2149 Eorum
2370 2080 2867 2145 interpretationem
2925 2081 3041 2134 fuse
3092 2081 3345 2149 exponit,
3399 2089 3454 2133 et
3502 2079 3700 2135 refellit

2103 2148 2467 2222 Tromhellius
2494 2149 2979 2222 defvitalloiparm
3010 2150 3146 2222 t.lll
3173 2165 3226 2221 p.
3257 2150 3461 2222 t,7diss.
3493 2150 3584 2204 22.

2170 2219 2297 2277 220.
2325 2220 2556 2277 CAPUT
2580 2220 2671 2276 IX.
2700 2219 3011 2291 Puriﬁcatio
3052 2219 3255 2277 Moriar.
3299 2221 3410 2276 Luc
3448 2236 3507 2287 tt,
3531 2221 3692 2277 9-39.

2102 2290 2299 2347 Verior
2328 2301 2476 2348 esset
2501 2294 2787 2362 inscriptio
2812 2292 3154 2348 l’rtesentatio
3176 2291 3371 2348 Christi
3390 2294 3442 2346 in
3463 2294 3656 2360 templo
3680 2309 3700 2349 :

2101 2378 2226 2417 nam
2257 2363 2325 2418 de
2348 2363 2738 2433 purificatione
2770 2364 2953 2419 Marim
2986 2365 3074 2418 vix
3119 2365 3361 2433 loquitur
3390 2362 3689 2421 Juvencus.

2172 2433 2299 2488 22f.
2332 2432 2682 2488 Cons'tructio
2704 2434 2934 2489 obscura
2962 2477 2976 2498 ,
3008 2450 3107 2489 nec
3135 2432 3268 2489 satis
3289 2436 3439 2490 clara
3468 2446 3693 2491 senten-

2101 2505 2196 2559 tia.
2227 2505 2576 2569 Evangelista
2599 2510 2679 2560 sic
2701 2507 2865 2560 habet
2897 2523 2947 2558 ν.
2971 2506 3238 2561 25:8icut
3259 2506 3508 2573 scriptum
3537 2508 3688 2560 estin

2100 2577 2209 2647 lege
2241 2577 2443 2630 Domini
2472 2592 2490 2630 :
2520 2577 2642 2645 quia
2676 2593 2825 2630 omne
2853 2578 3192 2631 masculinum
3227 2578 3538 2647 adaperieus
3573 2576 3685 2631 vul-

2097 2663 2234 2714 vam,
2261 2656 2499 2701 sanctum
2522 2648 2742 2701 Domino
2765 2650 3045 2702 vocabitur.
3074 2648 3139 2702 Et
3156 2658 3209 2702 ut
3235 2649 3417 2701 darent
3435 2650 3684 2714 hostiam,

2095 2726 2374 2791 secundum
2385 2719 2523 2791 quod
2540 2718 2737 2772 dictum
2756 2729 2834 2791 est
2851 2720 2902 2773 in
2916 2720 3026 2790 lege
3042 2719 3275 2785 Domini,
3292 2734 3387 2791 par
3408 2729 3684 2785 turturum,

2094 2800 2185 2843 aut
2208 2790 2338 2844 duos
2371 2789 2541 2858 pullos
2573 2789 3195 2847 columbarumﬁSensus
3228 2789 3363 2857 ergo
3394 2792 3687 2846 verborum

2094 2859 2320 2916 Juvenci
2353 2861 2438 2915 hic
2468 2862 2585 2915 erui
2615 2871 2828 2930 potest;
2861 2864 3003 2916 inter
3031 2878 3154 2930 quae
3186 2863 3560 2917 moderamina
3582 2878 3684 2915 an.

2097 2930 2260 3000 liqua:
2290 2931 2423 2999 legis
2465 2932 2679 3003 Moyses
2699 2933 2886 2999 dedit,
2926 2944 2984 2987 ut
3013 2934 3065 2988 id
3097 2933 3461 2988 ohservarent
3486 2975 3500 2997 ,
3534 2933 3684 3003 quod

2096 3005 2300 3070 primos
2330 3005 2469 3059 fetus
2495 3004 2531 3058 ii
2561 3047 2574 3064 ,
2609 3005 2698 3072 qui
2725 3015 2850 3060 sunt
2880 3005 3061 3074 prisco
3084 3004 3154 3059 de
3181 3004 3391 3058 semine
3430 3005 3687 3059 sacerdo-

2097 3082 2207 3129 tum
2235 3075 2495 3129 olierrent
2525 3074 2639 3129 Deo
2677 3076 2999 3130 sacrandus.
3027 3076 3135 3130 Lex
3160 3078 3309 3129 enim
3342 3077 3454 3142 ipsa
3504 3074 3683 3130 Levit.

2094 3161 2171 3199 ιιι
2194 3188 2208 3211 ,
2240 3146 2302 3208 6,
2333 3147 2411 3199 sic
2439 3158 2710 3216 concepta
2737 3154 2849 3201 est:
2879 3143 3110 3210 Cumque
3132 3146 3320 3218 expleti
3354 3146 3545 3218 [uerint
3576 3145 3686 3200 dies

2095 3217 2476 3287 puiiﬁcationis
2502 3233 2641 3285 sua},
2662 3218 2769 3271 sive
2794 3234 2887 3286 pro
2916 3220 3049 3288 filio,
3073 3219 3174 3270 sive
3196 3216 3297 3286 ‘pro
3328 3216 3457 3285 ﬁlia,
3490 3218 3683 3286 deferet

2092 3303 2282 3357 agnum
2306 3288 2606 3342 anniculam
2630 3292 2683 3342 in
2708 3289 3083 3356 holocaustum,
3116 3298 3163 3343 et
3185 3290 3386 3355 pullum
3406 3288 3680 3353 columbae,

2090 3362 2196 3412 sire
2220 3368 2470 3414 turturem
2503 3376 2595 3431 pro
2617 3370 2827 3431 peccato
2864 3360 2935 3414 ad
2975 3362 3165 3431 ostium
3198 3359 3515 3414 tabernaculi
3544 3361 3684 3431 te_sti-

2090 3432 2272 3497 monii,
2318 3439 2366 3485 et
2394 3430 2563 3483 tradet
2593 3426 2870 3488 sacerdoti.
2903 3433 3007 3501 Qui
3028 3430 3207 3499 offeret
3236 3434 3330 3485 illa
3369 3448 3544 3485 coram
3565 3426 3679 3483 Do-

2092 3501 2251 3561 mino,
2281 3511 2327 3555 et
2354 3503 2518 3555 orabit
2543 3542 2558 3567 ,
2590 3512 2696 3557 etc.

2160 3572 2286 3627 222.
2312 3571 2596 3627 Observare
2623 3574 2787 3640 dedit,
2812 3573 3168 3638 Grazcismus,
3195 3582 3246 3626 ut
3280 3571 3442 3626 Ferre
3477 3572 3561 3626 sui
3592 3574 3683 3626 de-

2089 3643 2236 3698 derat
2281 3653 2691 3717 monumentum,
2724 3657 2784 3717 iet
2825 3645 3014 3717 p’gnus
3043 3642 3681 3717 amoristblaguunudat

2090 3717 2227 3783 ferre
2253 3714 2522 3768 talentum.
2550 3712 2847 3782 Virgilius,
2876 3712 2933 3769 et
2960 3716 3076 3770 alii.
3116 3712 3250 3770 Vide
3288 3712 3426 3767 infra
3464 3730 3514 3767 ν.
3550 3712 3679 3768 509.

2160 3786 2286 3840 224.
2317 3784 2708 3857 Quatnvisuec
2732 3785 2981 3841 Christus
3006 3791 3123 3856 iege
3153 3786 3592 3857 prirscntutionis
3630 3786 3682 3838 in

2093 3859 2314 3925 templo,
2351 3871 2525 3925 neque
2557 3855 2722 3911 Maria
2751 3858 2872 3927 lege
2903 3855 3298 3927 purificationis
3322 3859 3685 3927 comprehcn-

2089 3929 2334 3990 dcretnr,
2368 3939 2549 3981 tamen
2590 3931 2828 3982 maxime
2860 3930 3069 3995 decuit,
3105 3946 3225 3985 eam
3257 3929 3431 3997 legero
3459 3944 3489 3983 a
3520 3928 3682 3983 Maria

2090 4014 2191 4068 pro
2220 4000 2355 4063 filio,
2388 4008 2443 4052 et
2487 4015 2586 4069 pro
2617 4015 2677 4055 se
2715 4001 3035 4065 observari,
3068 4014 3125 4055 ut
3162 4003 3230 4056 de
3260 4000 3684 4054 circumcisiOue

2089 4072 2327 4125 diximus
2355 4072 2424 4123 ad
2452 4087 2509 4126 v.
2538 4073 2667 4126 2l7.
2701 4071 2880 4140 Agunt
2914 4074 3014 4127 hac
3059 4073 3129 4127 de
3173 4090 3233 4128 re
3278 4071 3514 4141 theologi
3545 4073 3597 4125 in
3627 4086 3682 4125 ιιι

2090 4153 2230 4213 part.
2265 4143 2325 4199 S.
2356 4141 2601 4212 Thutnce,
2628 4156 2803 4210 QUiI‘Sl
2832 4145 2918 4205 57,
2951 4155 3052 4198 art.
3085 4146 3121 4199 5
3149 4156 3202 4199 et
3230 4144 3284 4197 4.

2158 4212 2287 4267 225.
2347 4213 2559 4268 Simeon
2608 4215 2886 4282 significat
2930 4216 3261 4281 audientem,
3310 4215 3683 4270 obedientem:

2087 4285 2154 4339 ad
2186 4284 2327 4354 quod
2374 4295 2596 4355 etymon
2632 4286 2867 4341 fortasse
2908 4289 3126 4355 respicit
3177 4289 3459 4344 Juvencns
3487 4330 3503 4355 ,
3553 4288 3681 4341 dum

2089 4358 2165 4409 ait
2190 4396 2206 4420 ,
2253 4372 2376 4411 eum
2410 4357 2581 4411 fuisse
2609 4357 2829 4427 dignum
2869 4359 3243 4429 comprendere
3273 4376 3426 4414 sensu
3462 4359 3684 4414 (mlestes

2088 4442 2252 4480 voces.

2158 4498 2285 4553 227.
2317 4496 2586 4553 Carcerem
2615 4503 2852 4568 corporis
2882 4510 3040 4556 vocat
3073 4502 3256 4570 phrasi
3298 4501 3554 4556 familiari
3599 4516 3688 4555 sa-

386 4565 708 4636 Salva'toris,
769 4579 863 4625 aut
904 4565 1111 4624 saltem
1144 4579 1293 4642 ante
1314 4570 1791 4642 quadragesimum
1840 4569 1982 4623 diem
2015 4565 2066 4624 D
2089 4570 2203 4642 eris
2233 4581 2289 4624 et
2316 4565 2718 4626 ecclesiasticis
2754 4565 3120 4639 scriptoribus
3143 4615 3157 4636 ,
3209 4572 3279 4626 de
3307 4588 3415 4642 qua
3450 4576 3601 4641 plura
3631 4573 3685 4627 iti

386 4644 714 4714 contigisse,
734 4652 913 4696 tamen
936 4639 1329 4714 contemnenda
1353 4656 1460 4693 non
1488 4653 1571 4693 εει
1599 4640 1740 4714 ratio
1762 4655 1989 4714 concur-

385 4714 491 4769 dia:
520 4709 845 4775 u'Juvenco,
888 4709 1264 4782 antiquissimo
1296 4712 1614 4777 interprete,
1661 4711 1812 4782 inita.
1841 4711 1986 4765 Cun-

388 4786 518 4841 ferri
567 4786 621 4840 in
681 4785 820 4838 hanc
877 4797 989 4838 rem
1020 4780 1266 4850 possunt
1314 4781 1607 4835 llermanm
1662 4780 1987 4836 Romhaehii

386 4872 524 4923 opus
556 4873 569 4909 :
617 4854 873 4909 Primitiae
898 4854 1147 4922 gentium,
1180 4852 1284 4906 sive
1326 4853 1563 4923 historia,
1590 4861 1654 4923 et
1697 4852 1987 4905 encomium

388 4922 705 4983 Sanctorum
736 4927 893 4980 trium
929 4938 1236 4996 magorum;
1266 4922 1411 4996 Petri
1454 4926 1522 4977 de
1553 4922 1729 4976 Marca
1779 4924 1988 4977 Disser-

390 4998 526 5053 tatio
558 4998 637 5053 De
662 4998 885 5052 aduentu
924 4993 1194 5066 magorum
1225 4993 1294 5048 ad
1332 4993 1625 5066 Christum,
1637 5000 1712 5066 ‘et
1744 5010 1810 5047 an
1843 5010 1984 5066 reges

390 5071 621 5139 fuerint;
652 5066 972 5125 Florentinii
1012 5062 1350 5139 VEitercitatio
1376 5066 1445 5139 _5,
1482 5062 1559 5139 De
1597 5062 1874 5133 Magorum
1900 5062 1985 5118 'atl

389 5136 649 5196 Christum
697 5139 1010 5195 venientium
1071 5136 1309 5199 historia,
1368 5137 1663 5205 itinerisque
1725 5146 1985 5201 tempore;

389 5214 699 5279 Alphonsus
724 5211 792 5265 de
814 5210 1076 5280 Mendeza
1103 5205 1183 5260 De
1199 5222 1467 5280 magorum
1486 5206 1735 5280 historia;
1757 5206 1988 5277 Stepha-

388 5276 492 5338 nus
510 5283 742 5347 gSalazar
769 5280 849 5335 De
893 5279 1120 5333 aduentu
1181 5276 1485 5349 magorum;
1534 5276 1869 5349 Leichnerus
1915 5279 1988 5331 De

390 5363 619 5423 tempore
663 5366 962 5423 magorum;
992 5347 1328 5423 Augustinus
1362 5347 1589 5423 Culmei_
1617 5348 1692 5423 ἰιιΔ
1719 5348 1985 5423 Disserta-

389 5419 536 5480 tion'e
561 5424 637 5478 De
659 5419 857 5495 magis;
889 5422 1176 5495 Balthasar
1196 5419 1514 5495 _Stol_berg_;
1557 5419 1757 5495 Dan_i_el_
1797 5419 1988 5495 Baden

394 5495 467 5549 De
499 5496 683 5549 iisdem
719 5487 918 5563 magis;
952 5491 1280 5563 Lanrentius
1317 5487 1642 5545 Benedictus
1669 5490 1885 5563 'f‘riebel
1913 5487 1994 5544 De

392 5566 562 5636 Magis
584 5574 701 5637 post
724 5562 904 5637 Iesum
924 5565 981 5617 in
1021 5562 1213 5637 templo
1252 5569 1679 5637 reprwsentatum
1717 5562 1992 5637 advenien-

392 5631 522 5691 tibus
564 5631 619 5692 in
644 5651 788 5692 novo
813 5634 1097 5690 Thesauro
1126 5631 1830 5703 ’theolOgico-philulogico.
1887 5633 1988 5688 Pe—

389 5708 614 5766 collaris
636 5718 723 5765 est
741 5707 929 5779 opinio
959 5705 1241 5771 Harduini,
1279 5714 1335 5758 et
1361 5704 1692 5774 Berrnycrii;
1721 5705 1813 5774 qui
1835 5719 1990 5759 com-

2092 4640 2397 4714 Comment.
2427 4642 2493 4694 ad
2534 4642 2887 4697 Prudentium
2914 4660 2965 4697 ν.
2999 4646 3069 4699 Η
3099 4640 3348 4714 prooemii
3382 4640 3508 4714 pag.
3555 4644 3685 4698 255.

2164 4711 2289 4767 228.
2335 4710 2555 4766 Mortem
2598 4714 2793 4768 videret
2825 4729 2891 4769 ex
2918 4730 3071 4768 sacra
3099 4710 3324 4784 pagina,
3376 4710 3500 4769 Non
3546 4716 3689 4768 uisu-

2069 4799 2206 4837 .rnm
2230 4800 2283 4839 se
2312 4791 2546 4850 mortem,
2579 4784 2725 4852 quod
2777 4788 2971 4841 eodem
3002 4788 3166 4841 modo
3213 4788 3267 4839 in
3312 4796 3463 4841 textu
3492 4785 3688 4841 Graeco

2093 4853 2313 4927 dicitur.
2342 4853 2599 4927 Fortasse
2632 4855 2746 4908 inec
2788 4858 2991 4910 Ιοι·ιιιίυ
3026 4859 3089 4910 ad
3122 4858 3269 4912 illam
3313 4856 3534 4927 figuram
3563 4871 3687 4926 per-

2095 4925 2271 4988 tinet;
2320 4941 2424 4994 qua
2470 4926 2748 4981 interdum
2784 4943 2933 4982 unus
2973 4943 3202 4991 sensus,
3253 4925 3529 4984 vehactus
3568 4925 3690 4994 ejus

2095 4996 2333 5069 proialio
2377 4996 2617 5064 ponitur.
2664 4999 2914 5053 Sumitur
2957 5000 3128 5053 videre
3165 5015 3266 5069 pro
3311 4998 3601 5069 experiri,
3631 5006 3689 5051 ut

2095 5068 2293 5136 psalm.
2332 5082 2424 5135 xv,
2460 5082 2603 5122 vers.
2633 5069 2721 5133 10,
2756 5068 2866 5123 Nec
2897 5070 3044 5125 dabis
3088 5068 3322 5125 sanctum
3346 5079 3491 5123 tuum
3516 5068 3689 5122 ridere

2094 5138 2500 5205 corruptionem.

2165 5210 2293 5282 229.
2326 5208 2458 5282 Caeli
2489 5209 2697 5282 laudem
2718 5251 2734 5277 ,
2764 5211 3019 5282 nimirum
3051 5229 3216 5282 quem
3245 5213 3369 5267 caeli
3395 5208 3646 5265 laudant.

2166 5280 2292 5335 250,
2326 5279 2488 5344 Infra,
2517 5297 2567 5336 v.
2590 5280 2718 5347 272,
2752 5280 2942 5337 Omnia
2965 5279 3234 5339 venturum
3256 5283 3509 5352 spondent
3534 5297 3684 5352 queat

2098 5352 2314 5406 oracula
2358 5362 2552 5405 ratum.
2605 5353 2679 5406 lle
2734 5355 3189 5420 vaticinantibus,
3245 5364 3301 5408 et
3358 5352 3572 5407 Vatibus
3630 5352 3684 5408 id

2096 5424 2321 5494 verbum
2349 5424 2604 5494 spondere
2632 5438 2778 5492 saepe
2807 5426 2912 5479 dici
2944 5426 3101 5480 solet.

2166 5492 2294 5548 251.
2347 5492 2402 5547 In
2447 5493 2568 5563 lege
2609 5496 2870 5562 scriptum
2901 5506 3015 5549 erat
3043 5536 3058 5561 ,
3102 5494 3211 5548 Par
3261 5506 3553 5562 turturum,
3600 5504 3690 5551 aut

2095 5565 2227 5635 duos
2257 5572 2433 5635 pullos
2460 5564 2848 5628 columbarum;
2880 5577 2935 5619 et
2971 5569 3133 5635 paulo
3150 5575 3288 5620 ante
3309 5565 3689 5635 luvencusiait

2097 5633 2481 5706 Implumesque
2527 5635 2685 5688 simul
2734 5637 2870 5706 ferre
2916 5633 2985 5690 ad
3018 5636 3233 5691 delubra
3258 5638 3541 5692 columbas.
3572 5634 3681 5690 Cur

2095 5705 2226 5775 ergo
2252 5721 2396 5762 nunc
2416 5705 2554 5763 dicit
2579 5706 2883 5776 palumbes?
2900 5707 3128 5781 Opinor,
3151 5708 3275 5780 quia
3299 5719 3673 5781 paupertatem
