4176 6180
504 192 580 254 95
1773 199 1837 257 ϐ.
1880 198 1947 254 ν.
1987 198 2111 266 Αρι

2213 236 2221 254 .
2258 197 2546 257 JUVENCI
3735 192 3806 251 96

649 309 796 367 Gens
831 318 917 368 est
941 309 1194 376 ulterior,
1225 309 1481 383 surgenti
1506 311 1731 368 conscia
1754 311 1891 379 soli,

510 401 621 461 260
661 402 823 477 105
846 402 1135 460 Astrorum
1162 402 1342 460 solers
1367 412 1655 475 ortusque,
1686 403 1978 474 obitusque
2001 418 2102 460 no-

1899 504 2035 551 tare.

1899 504 1926 550 ιε

646 594 820 665 llujus
846 594 1120 666 primores
1150 609 1350 650 nomen
1371 603 1600 652 tenuere
1625 494 1926 666 Magoruu[i.

645 687 786 744 Hinc
822 687 952 745 lecti
979 702 1232 759 proceres
1269 687 1523 761 Solymos
1552 703 1650 759 per
1680 689 1841 760 longa
1900 687 2107 743 viarum

646 779 977 849 Deveniunt,
1000 796 1301 854 regemque
1326 781 1553 849 adeunt,
1584 792 1854 854 orantque
1896 781 2105 850 doceri,

2129 316 2187 378 Α

2348 310 2481 379 Quae
2512 310 2664 382 regio
2690 310 2920 382 imperio
2950 323 3186 383 puerum
3217 309 3406 366 Judaea
3439 319 3649 367 teneret

2210 404 2320 462 265
2357 403 2710 473 Progenitum
2740 417 2900 459 :sese
2926 403 3106 459 stella:
3136 402 3393 474 fulgentis
3419 403 3490 459 ab
3514 411 3641 460 ortu

2370 494 2526 569 105
2565 495 2892 552 Admonitos
2945 491 3162 552 veniisse
3191 495 3361 562 viam,
3402 510 3515 568 quo
3562 495 3813 569 supplice

3474 587 3703 662 [dextra

2359 682 2625 739 Exortum
2661 684 2830 740 terris
2860 681 3181 739 venerabile
3208 696 3410 738 numen
3436 682 3692 739 adorent.

2360 777 2612 834 Territus
2643 776 2888 834 Herodes
2918 775 3270 848 Solymorum
3299 774 3543 831 culmina
3572 783 3783 843 vatum,

1744 891 2132 951 LECTIONES
2170 889 2590 947 VABIANTES.

576 986 709 1044 259.
737 986 898 1057 Reg.,
927 987 1115 1052 Rom.,
1145 987 1285 1050 Ott.,
1326 986 1537 1043 Poelm.
1568 1002 1669 1057 pro
1712 987 1770 1042 d.
1801 1002 1875 1053 s.,
1904 987 2101 1047 Torn.,

505 1056 747 1142 Censest
774 1056 1016 1125 ulterior,
1047 1059 1279 1142 surgenti
1301 1060 1506 1142 conscia
1533 1056 1653 1141 soli.
1680 1058 1759 1142 lta
1782 1058 1990 1142 Aldus,
2010 1057 2105 1112 sed

507 1131 747 1199 proxima
774 1146 874 1199 pro
901 1129 1352 1196 conscia.'Fabr.,
1371 1130 1582 1187 Poelm.
1598 1130 1653 1184 in
1676 1137 1857 1194 textu,
1877 1129 2105 1184 Hadam.

511 1199 649 1282 (iens
674 1210 749 1257 est
768 1204 848 1282 eoi
870 1200 1064 1282 Plurbo
1084 1202 1193 1256 orio
1216 1202 1455 1271 proxima
1493 1202 1661 1273 regni.
1686 1199 1853 1256 Forte
1891 1216 2110 1273 surgen-

513 1272 583 1327 tis
604 1274 814 1329 conscia
837 1272 987 1328 solis.

581 1342 709 1398 26t.
761 1345 1053 1410 Barthius,
1104 1343 1229 1398 libr.
1284 1359 1389 1398 Lvtt
1429 1344 1657 1399 Advers.
1690 1358 1811 1413 cap.
1842 1342 1913 1407 2,
1942 1341 2114 1398 edidit

516 1413 749 1481 Quorum
792 1416 1065 1487 primores,
1096 1416 1303 1483 nescio,
1335 1431 1405 1471 an
1457 1430 1588 1470 casu
1645 1430 1745 1486 pro
1789 1414 1966 1480 Huius
2005 1414 2116 1484 pri-

520 1501 707 1541 mores.

582 1556 710 1613 262.
738 1557 946 1614 Poelm.
981 1573 1079 1627 pro
1107 1556 1163 1613 d.
1197 1571 1271 1621 s.,
1293 1555 1579 1623 Ottobon.,
1625 1557 1811 1624 Bom.,
1844 1556 2109 1627 Solymos.

512 1627 676 1701 Reg.,
705 1628 852 1684 Tunc
882 1629 937 1701 hi
964 1630 1148 1684 delecti
1172 1628 1436 1701 Solymos,
1459 1638 1517 1685 et
1537 1628 1688 1699 prius
1708 1628 1922 1684 videtur
1941 1627 2114 1683 fuisse

515 1699 710 1756 dilecti.
743 1701 873 1765 Alii,
900 1700 1164 1771 Solgmas.

582 1770 707 1828 265.
742 1770 1234 1840 ΗθᾱειηηΡοεΙω.
1282 1772 1335 1827 in
1382 1778 1534 1827 textu
1580 1770 1705 1826 lam
1750 1770 1978 1843 genitum
2010 1787 2029 1824 :
2063 1778 2111 1825 et

2211 1000 2341 1039 sese.
2387 983 2601 1055 Poelm.
2628 998 2728 1053 pro
2776 983 2831 1038 d.
2885 1000 2958 1050 5.,
3009 984 3171 1040 Fabr.
3201 983 3576 1055 Progenitunt;
3603 995 3651 1039 et
3678 1001 3812 1041 sese.

2212 1056 2528 1126 Elegantius
2560 1054 2730 1129 _Ald.,
2776 1055 2945 1129 Tom.
2969 1054 3524 1129 cum_Reg.,’etQtt.
3557 1055 3816 1129 Progeni-

2212 1135 2318 1180 tum
2349 1143 2368 1180 :
2394 1144 2502 1181 sese
2527 1127 2646 1181 sine
2674 1136 2741 1181 et.
2777 1126 2869 1181 Sic
2907 1127 3076 1182 etiam
3114 1126 3306 1193 Rom.,
3344 1136 3400 1183 et
3441 1127 3574 1183 Dav.
3614 1126 3813 1183 lterum

2211 1213 2267 1251 ν.
2463 1196 2715 1271 Progigni
2745 1206 2972 1252 maneat.

2286 1268 2416 1323 266.
2458 1268 2570 1322 Ott.
2592 1268 2730 1338 a'pr.
2761 1270 2985 1331 m.,via.
3007 1268 3221 1338 Melius,
3252 1271 3406 1324 riam.
3440 1270 3813 1325 'l'romhellius

2215 1338 2285 1394 de
2319 1340 2438 1394 Vita
2473 1340 2629 1406 Deip.
2660 1349 2794 1394 tom.
2821 1355 2903 1407 tit,
2934 1348 3079 1411 part.
3122 1356 3164 1406 ι,
3221 1341 3442 1395 dissert.
3472 1341 3567 1401 25.
3603 1343 3810 1410 nescio,

2219 1411 2364 1467 unde
2394 1410 2568 1465 edidit
2589 1413 2785 1465 venisse
2806 1412 2939 1465 diem
2970 1428 2990 1465 :
3021 1426 3120 1479 pro
3150 1412 3206 1465 d.
3242 1428 3288 1466 s.
3323 1413 3527 1468 indicat
3555 1414 3716 1466 riam.

2287 1482 2420 1537 268.
2450 1480 2658 1537 Poelm.
2690 1483 2744 1535 in
2778 1492 2955 1546 textu,
2984 1483 3137 1547 Ald.,
3164 1483 3417 1552 lladam.,
3465 1482 3652 1550 Fabr.,
3710 1482 3819 1550 με·

2214 1554 2366 1607 rodes
2394 1564 2589 1624 ratum,
2623 1554 2894 1624 legumque
2923 1555 3134 1624 peritos.
3191 1553 3358 1609 Torn.
3390 1595 3406 1619 ,
3460 1554 3670 1609 Poelm.
3712 1568 3815 1623 pro

2214 1624 2272 1681 d.
2305 1640 2381 1692 s.,
2405 1623 2541 1696 Reg.
2556 1668 2571 1692 ,
2589 1623 2776 1691 Roin.,
2799 1623 2941 1692 0tt.,
2969 1624 3204 1679 Herodes
3227 1625 3563 1696 Solymarum
3582 1626 3813 1680 culmina

2214 1703 2387 1749 vatum
2397 1734 2411 1750 .

2053 1858 2287 1918 NOTAE.

583 1957 715 2034 259.
766 1958 998 2034 CAPUT
1014 1960 1106 2034 _X.
1159 1961 1303 2034 Magi
1346 1979 1463 2017 cum
1528 1964 1822 2019 muneribus
1878 1964 2105 2018 veniunt.
2140 1965 2190 2025 B
2215 1961 2427 2034 ligitur,
2485 1976 2597 2034 non
2632 1960 2803 2017 fuisse
2858 1975 3051 2034 reges,
3082 1976 3263 2034 quam
3304 1961 3493 2017 luisse.
3525 1962 3572 2017 A
3602 1961 3819 2034 regibus

515 2027 707 2105 Matth.
738 2046 797 2098 tt,
832 2032 982 2087 l-l2.
1014 2027 1320 2105 Beuschiits
1351 2035 1404 2088 in
1434 2038 1572 2090 hanc
1600 2034 1901 2105 propendet
1943 2035 2113 2089 inter-

515 2102 896 2175 pretationem,
924 2104 1067 2175 quod
1094 2118 1229 2171 gens
1257 2105 1348 2160 illa
1372 2105 1584 2161 dicatur
1603 2102 1826 2162 conscia
1855 2106 1955 2160 soli
1987 2120 2112 2159 nas-

513 2174 679 2248 centi,
710 2173 834 2242 quia
882 2173 1001 2243 ejus
1041 2183 1219 2230 ortum
1276 2177 1529 2248 callebat.
1573 2178 1765 2248 Melius
1807 2186 1958 2248 puto,
1988 2177 2113 2246 quia

514 2243 679 2317 veluti
708 2249 1047 2317 contermina
1076 2255 1198 2301 erat
1219 2247 1320 2301 soli
1352 2249 1616 2304 nascenti.
1638 2243 1825 2305 Oratio
1851 2249 1918 2301 de
1946 2243 2113 2317 magis

515 2329 586 2370 ex
635 2313 863 2371 Oriente
906 2316 1087 2372 habita
1140 2333 1167 2369 a
1228 2319 1482 2375 Samuele
1524 2320 1736 2379 Durrio.
1793 2313 2114 2374 moderante

513 2383 777 2451 Omeisio,
808 2403 1013 2443 excusa
1034 2397 1117 2443 est
1144 2389 1395 2444 Altiordii
1427 2405 1573 2445 anno
1602 2390 1762 2446 1686.
1801 2393 1875 2445 lle
1919 2388 2110 2443 iisdem

515 2457 685 2529 Magis
710 2458 1047 2527 scripserunt
1074 2458 1263 2529 plures
1290 2473 1563 2524 auctores,
1591 2477 1730 2529 quos
1766 2461 2002 2515 iudicavi
2036 2462 2107 2514 ad

515 2472 685 2581 stagni
710 2472 1047 2527 scripserunt
1047 2472 1263 2584 (plures
1290 2473 1563 2524 auctores,
1591 2477 1730 2529 quos
1766 2472 2002 2515 iudicavi
2036 2472 2107 2514 au

512 2543 568 2602 γ.
637 2528 723 2602 20.
752 2530 1018 2602 Antonius
1093 2529 1293 2586 ollinns
1320 2531 1793 2602 impudentissime
1824 2531 2109 2585 veritatem

517 2597 758 2671 historia:
794 2599 1082 2671 Magorum
1140 2597 1413 2670 negavit;
1445 2620 1604 2669 quam
1652 2606 1706 2658 itt
1756 2603 2109 2668 Evangelintn

519 2668 756 2724 Matthtei
787 2668 1051 2725 intrusatn
1076 2668 1239 2727 fuisse
1262 2668 1494 2738 probare
1522 2686 1750 2729 conatus
1778 2684 1882 2728 est.
1917 2674 2114 2727 Intole-

516 2740 703 2795 rabilis
730 2740 818 2796 hic
869 2758 1044 2805 terror,
1077 2752 1135 2795 ut
1182 2743 1412 2797 aliorum
1461 2755 1707 2798 veterum
1742 2748 1978 2803 Patrum,
2033 2743 2113 2797 sic

514 2812 677 2883 etiam
709 2812 1031 2868 auctoritate
1058 2813 1279 2869 minime
1305 2825 1554 2883 suspecta
1575 2815 1798 2870 iuvenci
1825 2814 2108 2869 refellitur.

516 2881 697 2937 Adisis
743 2883 1010 2939 eruditam
1058 2881 1508 2940 Dissertatiotietn
1579 2884 1817 2941 Liberali
1868 2884 2112 2939 Fassonii

516 2951 597 3007 De
620 2954 894 3028 veritate
921 2963 1075 3025 atque
1102 2955 1368 3028 divinitate
1395 2958 1625 3011 historia:
1656 2956 1952 3028 Magorum,
1998 2974 2114 3026 qua:

515 3034 602 3097 est,
647 3025 789 3092 apud
836 3024 1163 3080 Matthteum.
1221 3027 1401 3081 Roma:
1449 3028 1605 3083 l758.
1665 3024 1847 3097 Magos
1893 3024 2112 3081 remotis

514 3095 749 3151 Orientis
797 3098 1040 3165 partibus
1078 3098 1293 3154 venisse
1336 3098 1611 3153 .lttvencus
1639 3095 1981 3163 sentit,-cum
2022 3113 2113 3153 eo-

516 3180 639 3239 rum
690 3180 907 3239 gcntem
965 3168 1260 3222 ulteriorem
1286 3169 1452 3228 dicat.
1503 3171 1826 3239 nascentique
1854 3170 1951 3223 soli
1990 3187 2113 3223 con.

513 3238 693 3293 sciam.
729 3237 896 3293 Paulo
925 3249 1044 3309 post
1075 3255 1125 3292 v.
1164 3239 1291 3302 276,
1319 3255 1415 3295 eos
1447 3240 1638 3296 Persas
1669 3237 1860 3296 vocat:
1884 3257 1991 3310 quo
2018 3256 2114 3295 no-

513 3310 665 3365 miue
710 3323 901 3364 omnes
927 3310 1224 3365 orientales
1274 3321 1425 3366 extra
1480 3311 1780 3367 Romanum
1822 3312 2108 3379 imperium

514 3381 766 3450 nationes
785 3379 1009 3435 iuvenci
1037 3391 1278 3450 tempore
1306 3383 1689 3448 censebantur,
1724 3394 1782 3437 ut
1835 3383 2110 3437 existimat

514 3449 770 3505 Barthius
793 3452 829 3505 Ι.
854 3467 1003 3516 Lvut,
1027 3449 1228 3519 cap.2.
1257 3458 1325 3507 At
1353 3453 1653 3509 iuvencum
1682 3470 1778 3520 pro
1807 3454 1953 3508 veris
1988 3456 2113 3507 Per-

516 3521 595 3577 sis
620 3537 719 3577 eos
747 3520 1000 3579 habuisse
1026 3522 1188 3578 facile
1216 3524 1565 3579 crediderim.
1593 3524 1918 3592 Quinetiam
1968 3524 2109 3579 Pru-

516 3592 755 3663 dentium
828 3606 958 3663 puto
1029 3595 1332 3651 imitatione
1402 3595 1624 3651 Juvenci
1692 3596 1771 3651 sic
1845 3595 2112 3650 cecinisse

515 3662 704 3736 hymn.
738 3662 1043 3736 12.77Calh.,
1076 3681 1129 3720 ν.
1163 3667 1236 3721 25
1268 3685 1280 3720 :
1311 3665 1395 3721 En
1445 3665 1651 3721 Persici
1696 3683 1759 3722 ea:
1800 3666 1938 3720 orbis
1966 3668 2109 3731 sinu,

509 3735 583 3777 -4
613 3736 709 3791 Sol
736 3735 875 3791 unde
904 3738 1060 3791 suntit
1107 3739 1349 3806 januam,
1371 3767 1444 3778 --
1471 3736 1696 3791 Cernunt
1745 3738 1897 3804 periti
1950 3738 2112 3792 inter-

512 3818 678 3877 pretes
700 3806 979 3879 -—_Regale
992 3808 1246 3879 pexillum
1271 3808 1435 3879 Magi.
1455 3808 1657 3864 Confer
1679 3818 1927 3863 nostrum
1948 3810 2112 3864 Com-

517 3888 685 3932 ment.
716 3877 782 3931 ad
817 3879 958 3932 hunc
988 3878 1266 3933 Prudentii
1299 3877 1503 3934 locum.

579 3946 707 4005 260.
725 3946 903 4004 Solers
924 3958 1122 4003 notare.
1147 3948 1401 4005 Horatius
1424 3952 1547 4004 libr.
1566 3965 1641 4015 tv,
1664 3950 1755 4004 od.
1783 3949 1837 4015 8,
1863 3966 2011 4006 vers.
2053 3953 2103 4006 7.

521 4018 624 4073 llic
648 4034 801 4084 saxo,
830 4019 1045 4090 liquidis
1072 4020 1161 4090 ille
1189 4020 1444 4090 coloribus
1472 4050 1541 4060 -—
1569 4019 1747 4075 Solers
1774 4037 1909 4074 nunc
1945 4021 2111 4075 homi-

512 4107 628 4145 nem
659 4089 1040 4152 ponere,nunc
1068 4089 1250 4145 Deum.
1283 4089 1370 4145 Sic
1399 4090 1645 4157 Ovidius,
1676 4091 1865 4157 Silius,
1911 4092 2111 4161 aliique

512 4172 685 4233 poeta:
734 4162 898 4218 locuti
945 4174 1091 4216 sunt.
1127 4161 1474 4217 Diversarum
1524 4163 1766 4233 gentium
1809 4163 2109 4233 sapientes,

511 4233 603 4304 qui
632 4233 807 4305 sacris
849 4242 1142 4305 prtererant,
1183 4240 1650 4305 egi-remoniasque
1698 4233 2024 4303 dirigebant,
2054 4250 2109 4289 et.

511 4302 808 4375 reconditis
834 4303 1138 4374 disciplinis
1162 4302 1365 4375 addiCIi
1392 4302 1577 4368 erant,
1596 4305 1733 4375 Magi
1764 4302 2112 4372 appellaban-

484 4383 615 4429 -tur.
668 4374 941 4430 Juvencus
991 4374 1383 4442 astrouoniam,
1417 4386 1472 4430 et
1520 4374 1932 4431 mathematicas
1974 4391 2108 4431 con-

510 4446 891 4517 templationes
936 4445 1048 4500 illis
1091 4447 1364 4510 attribuit,
1409 4447 1661 4517 idemque
1710 4445 2106 4511 'l‘ertullianus,

512 4517 571 4573 S.
627 4516 757 4583 Leo,
810 4516 1067 4573 Sicardus
1121 4516 1881 4582 Cremonensis,’Arnoldus
1928 4519 2110 4581 Abbas

511 4588 853 4651 Bonazvallis,
884 4597 1046 4659 atque
1071 4587 1129 4645 S.
1161 4588 1419 4653 Thomas,
1448 4590 1534 4643 cui
1581 4588 1897 4644 scholastici
1942 4591 2107 4658 pleri-

511 4676 615 4727 que
646 4659 947 4726 adhaerent,
975 4669 1285 4715 senserunt.
1313 4659 1640 4715 Prudentius
1664 4660 1862 4728 Apoth.
1898 4676 1945 4714 v.
1977 4660 2103 4724 617,

512 4729 581 4785 de
609 4729 776 4799 Magis
811 4749 823 4784 :
862 4730 1093 4802 Diriguit
1127 4730 1395 4799 trepidans
1420 4730 1738 4802 chaldteain
1768 4730 1953 4802 vertice
1990 4748 2109 4802 per-
2135 4742 2186 4802 ι)

510 4816 618 4855 noa:
644 4830 715 4842 --
740 4799 1039 4871 Astrologns
1064 4818 1083 4856 :
1106 4818 1266 4869 quem
1299 4803 1365 4856 ad
1399 4804 1576 4857 locum
1610 4799 1876 4857 Weitzius
1900 4800 2108 4871 profert

511 4873 885 4947 versiculum:
922 4872 1204 4947 lllepenes
1232 4871 1421 4947 Persas
1446 4874 1883 4947 magns_est_,_qui
1930 4872 2107 4928 sidera

509 4945 666 4999 norit.
702 4943 969 5017 Mugicum
998 4945 1126 4999 olim
1180 4945 1493 5008 vocabatur,
1525 4943 1789 5017 quidquid
1839 4959 2104 5017 arcanum

508 5026 647 5086 crat,
681 5024 735 5070 et
763 5013 977 5086 a'vulgi
1010 5026 1169 5084 captu
1217 5026 1510 5086 remotum.
1539 5013 1627 5086 Sic
1676 5013 1949 5080 Lucanus,
1981 5015 2015 5068 Ι.
2051 5031 2107 5068 ttt

511 5085 827 5152 Pharsalim,
887 5084 1327 5159 hieroglyphicas
1363 5084 2110 5159 [Egyptiorumnsculpturas

511 5168 668 5214 vocat
695 5159 920 5232 tttagicas
943 5156 1152 5232 linguas
1178 5174 1196 5211 :
1230 5160 1296 5211 ita
1321 5156 1569 5232 enittt'ait
1595 5173 1647 5232 γ.
1677 5157 1786 5213 22⁸5
1813 5174 1826 5210 :
1855 5156 1919 5210 Et
1967 5161 2109 5232 saxis

509 5239 709 5304 tantum
731 5227 1079 5304 volucresque,
1114 5229 1356 5304 ferreque,
1387 5258 1458 5269 —-
1489 5227 1809 5300 Sculptaque
1836 5228 2106 5282 serrabant

511 5303 738 5373 magicas
763 5299 1267 5373 animalialinguas.

580 5369 707 5428 261.
743 5372 915 5428 Etiam
946 5372 998 5428 id
1021 5372 1073 5427 in
1106 5369 1535 5427 controversiam
1564 5380 1809 5437 vocatur,
1837 5369 2109 5424 luerintne

509 5457 670 5513 reges
700 5444 859 5516 Magi.
892 5444 964 5498 Ita
991 5445 1153 5514 vulgo
1179 5443 1460 5516 creditur:
1492 5443 1587 5497 sed
1612 5441 1728 5516 haec
1748 5441 1933 5516 opinio
1956 5450 2105 5516 vete-

508 5511 629 5570 ruin
654 5511 813 5571 certa
828 5511 1151 5571 auctoritate
1172 5523 1344 5570 caret.
1371 5514 1646 5569 iuvencus
1676 5512 1939 5568 Primores
1963 5511 2108 5567 illius

507 5586 688 5655 gentis
736 5595 910 5651 vocat,
937 5604 965 5640 a
1007 5587 1379 5651 veneratione,
1408 5588 1487 5641 ait
1509 5585 1765 5641 Barthius
1790 5590 1892 5640 col.
1940 5582 2105 5655 2722,

509 5653 815 5736 studiorum
862 5658 1190 5736 sapientiae,
1229 5657 1428 5736 quibus
1480 5657 1615 5736 Magi
1682 5664 1839 5712 erant
1874 5653 2109 5736 populis

510 5728 868 5785 orientalibus
892 5725 1121 5798 accepti.
1157 5725 1407 5787 Profecto
1436 5746 1497 5785 cx
1521 5725 1765 5787 iuvenco
1796 5725 1972 5799 potius
1992 5725 2105 5780 col-

2217 2032 2517 2106 proximam
2548 2032 2863 2102 dignitatem
2893 2033 3076 2103 Magos
3102 2032 3383 2106 habuisse,
3417 2043 3606 2088 censet
3627 2033 3822 2089 Fabri-

2216 2102 2333 2161 cius
2362 2103 2417 2157 in
2444 2102 2813 2158 Commentar.
2845 2102 3054 2173 poetar.
3090 2102 3455 2159 Christianor.

2287 2174 2415 2251 262.
2447 2173 2625 2251 [tinuit
2652 2174 2955 2251 iuvencus,
2981 2190 3168 2251 magos
3216 2184 3486 2251 tamquam
3517 2174 3757 2251 legatos,
3783 2193 3816 2233 a

2287 2192 2415 2229 τοι.
2447 2192 2625 2228 utnutt
2652 2192 2955 2240 Juvencus,
2981 2192 3168 2243 magos
3216 2192 3319 2230 tam
3364 2192 3486 2230 nam
3517 2192 3757 2246 legatos,
3783 2193 3816 2233 a

2216 2247 2331 2301 suis
2354 2246 2606 2316 gentibus
2634 2243 2903 2309 delectos,
2937 2247 3173 2312 venisse,
3209 2259 3266 2300 ut
3292 2192 3569 2301 C(hristttm
3621 2246 3817 2302 adora-

2217 2325 2359 2374 rent.
2417 2316 2756 2372 Gaudentius
2825 2317 3116 2371 Brixianus
3169 2317 3238 2371 ad
3308 2317 3533 2372 Paulum
3587 2316 3814 2374 fratrem

2216 2403 2385 2445 serm.
2418 2390 2518 2444 l9:
2557 2386 2790 2442 Herodes
2823 2390 3145 2456 persequitur
3200 2389 3477 2459 parvulum
3506 2405 3525 2441 :
3556 2389 3647 2444 sed
3694 2391 3819 2444 stel-

2216 2461 2282 2531 la:
2321 2460 2644 2531 obsequentis
2703 2460 2875 2531 fulgor
2903 2476 3148 2531 magnum
3193 2457 3419 2514 declarat
3441 2457 3815 2530 Deum;un

2215 2530 2373 2602 legati
2397 2530 2750 2602 universarum
2778 2532 3006 2600 gentium
3036 2530 3181 2601 Magi
3209 2532 3514 2602 suppliciter
3536 2530 3814 2586 adorantes

2215 2600 2405 2656 caelesti
2434 2602 2541 2669 regi
2568 2600 2791 2656 debitam
2835 2600 3301 2670 honoriﬁcentiam,
3333 2602 3591 2656 oblatione
3634 2604 3815 2671 mysti-

2216 2689 2394 2727 corum
2443 2688 2733 2738 munerum,
2787 2672 3104 2742 deferebant.
3162 2672 3277 2727 Hoc
3307 2674 3470 2728 etiam
3519 2672 3813 2728 obscurum

2214 2754 2299 2799 est
2327 2763 2341 2799 :
2376 2758 2552 2808 neque
2573 2745 2719 2797 enim
2748 2743 2817 2796 ab
2860 2744 3132 2799 universis
3156 2744 3408 2813 gentibus
3435 2743 3610 2813 reipsa
3660 2745 3814 2799 missi

2216 2826 2341 2869 sunt
2369 2813 2522 2884 Magi.
2559 2814 2653 2867 His
2678 2822 2857 2868 tamen
2884 2825 3075 2882 gentes
3098 2813 3493 2884 signiﬁcantur.
3531 2814 3633 2868 Per
3659 2815 3815 2884 longs

2214 2887 2415 2940 viarum
2442 2925 2477 2957 ,ν
2505 2892 2563 2938 ut
2604 2901 2769 2957 supra
2801 2885 3011 2957 $34180,
3045 2884 3149 2939 Per
3174 2885 3401 2957 plurima
3440 2895 3609 2941 tcrrte.
3643 2885 3817 2941 Palae-

2215 2960 2372 3011 Stinze
2403 2956 2531 3011 urbs
2562 2956 2814 3025 princeps
2844 2955 3182 3011 Hierusalem
3209 2956 3492 3011 dicebatur
3513 2957 3679 3012 etiam
3709 2957 3815 3012 So-

2215 3027 2376 3098 lyma.
2413 3026 2764 3098 Solymarum.
2798 3028 2986 3092 Populi
3014 3028 3316 3098 Paltestintn
3346 3027 3549 3098 Solymi
3572 3028 3813 3097 appella-

2215 3097 2432 3169 bantur.
2467 3097 2685 3153 Tacitus
2717 3098 2753 3152 Ι.
2785 3114 2816 3151 ν
2848 3098 2986 3152 Hist.
3020 3114 3141 3168 cap.
3167 3099 3203 3153 2
3229 3116 3241 3150 :
3274 3097 3536 3169 Solymos,
3561 3100 3814 3152 carmini-

2216 3168 2307 3241 bus
2345 3168 2553 3224 Homeri
2582 3169 2887 3223 celebratam
2909 3180 3136 3241 gentem,
3166 3168 3391 3241 condita:
3419 3170 3534 3223 urbi
3562 3169 3815 3241 Hieroso-

2213 3238 2405 3311 lymam
2434 3257 2615 3311 nomen
2645 3256 2672 3293 e
2691 3256 2787 3311 suo
2813 3238 3011 3311 fecisse.
3046 3240 3181 3311 Hinc
3228 3240 3476 3311 Solymus
3524 3240 3813 3311 adjective.

2250 3310 2495 3366 uveualis
2538 3322 2644 3366 sat.
2678 3310 2735 3376 6,
2765 3326 2819 3365 v.
2865 3311 3009 3367 545:
3038 3310 3306 3382 lnterpres
3330 3310 3521 3382 legum
3562 3310 3814 3382 Solyma-

2216 3398 2353 3437 rum.

2284 3451 2413 3508 264.
2437 3451 2853 3523 Schoettgenius
2875 3453 3138 3522 explicat,
3165 3453 3294 3520 Qua:
3312 3452 3526 3517 Judtra,
3550 3470 3670 3521 qua:
3688 3469 3815 3523 pars

2213 3524 2661 3598 Jttdacm,_teneret
2693 3541 2907 3598 puerum
2935 3525 3090 3598 regia
3103 3525 3324 3598 imperio
3355 3541 3373 3579 :
3398 3526 3609 3581 scilicet
3631 3526 3815 3580 invitis

2218 3596 2410 3667 musis.
2445 3594 2692 3665 Expone.
2727 3595 2859 3667 Qum
2883 3594 3027 3667 regie
3052 3594 3262 3662 Iudico,
3300 3604 3405 3651 etc.

2285 3664 2412 3719 265.
2433 3664 2629 3738 ρηίιίο
2658 3668 2723 3720 de
2754 3666 2921 3721 Stella
2942 3664 3231 3738 "Magorum
3256 3668 3385 3720 duce
3414 3668 3600 3724 habita
3625 3682 3655 3721 a
3678 3666 3813 3721 Gui-

2214 3735 2399 3809 lielmo
2430 3736 2628 3803 Frizio,
2681 3737 2998 3794 moderante
3039 3735 3303 3802 Omeisio,
3339 3744 3481 3809 typis
3527 3739 3677 3793 edita
3708 3738 3814 3793 fuit

2216 3806 2471 3862 Altlm‘tlii
2501 3824 2642 3864 anno
2666 3809 2824 3863 1685.

2286 3879 2411 3934 266.
2453 3879 2667 3933 Venissc
2690 3881 2846 3949 viam,
2871 3890 2928 3934 ut
2956 3881 3031 3934 ire
3048 3881 3170 3950 iter,
3205 3880 3372 3933 vivere
3395 3882 3581 3945 vitam,
3605 3882 3810 3936 servire

2214 3951 2525 4022 servitutem.
2552 3952 2746 4006 Cicero
2775 3951 3014 4022 Philipp.
3056 3968 3115 4009 ll.
3159 3967 3281 4019 cap.
3305 3952 3415 4006 25:
3475 3951 3684 4007 Venisse
3736 3963 3811 4006 tot

2214 4019 2413 4074 dierum
2444 4025 2600 4074 vium.
2634 4024 2837 4077 lievera
2863 4019 3172 4092 elegantius
3208 4022 3261 4077 id
3292 4037 3322 4077 a
3351 4023 3616 4077 Cicerone
3666 4023 3807 4078 dici-

2216 4098 2324 4163 tur,
2349 4093 2475 4160 quia
2511 4092 2730 4163 additur
2760 4103 2831 4147 tot
2861 4092 3086 4159 dierum,
3124 4102 3184 4148 ιιι
3248 4093 3552 4163 elegantius
3598 4095 3805 4149 dicitur

2215 4161 2326 4234 uiuo
2354 4164 2509 4216 vitam
2532 4162 2814 4234 infelicem,
2845 4179 3008 4233 quam
3035 4161 3362 4224 simpliciter
3386 4166 3495 4219 rivo
3517 4168 3674 4219 vitam
3690 4182 3710 4231 ;
3756 4175 3810 4221 et

2215 4230 2360 4309 infra
2374 4230 2648 4288 iuvencus
2667 4230 2881 4309 Gaudia
2897 4252 3085 4309 magna
3110 4230 3697 4309 Magiigaudentmuod
3718 4253 3811 4289 ve-

2216 4305 2434 4380 n_u5tiu_s_
2460 4316 2751 4380 est._qua_m
2783 4307 2829 4360 si
2852 4306 3086 4380 dixisset
3129 4305 3345 4380 Gaudia
3379 4307 3541 4380 ‘Magi
3581 4309 3810 4380 gaudent

2213 4374 2333 4429 sine
2362 4376 2474 4429 ullo
2515 4374 2815 4444 adjectivo,
2835 4377 2978 4444 quod
2997 4379 3169 4433 vicem
3203 4377 3449 4433 adverbii
3477 4374 3654 4443 gerat.

2285 4445 2411 4500 267.
2453 4446 2658 4499 Numen
2678 4448 2918 4503 adorent.
2950 4448 3041 4503 Sic
3069 4465 3121 4503 ν.
3149 4449 3275 4513 277,
3314 4448 3607 4503 Monstrare
3636 4450 3811 4502 colen-

2214 4516 2371 4590 dum;
2394 4527 2531 4590 et_v.
2562 4518 2693 4590 285,
2716 4516 2965 4589 Regique,
2991 4518 3309 4590 hominique,
3334 4517 3546 4590 Deoque
3562 4549 3634 4560 —
3658 4518 3811 4574 Dona

2214 4587 2428 4660 dabant.
2462 4588 2537 4660 ita
2564 4587 2869 4653 iuvencus,
2896 4589 2970 4644 ita
2999 4590 3092 4644 alii
3145 4587 3333 4646 Patres
3387 4587 3468 4643 in'
3498 4590 3810 4660 Evangelio

2215 4658 2421 4731 Legum,
2448 4658 2723 4713 Christum
2748 4674 2776 4712 a
2798 4660 2966 4730 Magis
2991 4662 3277 4716 adoratum
3303 4675 3576 4731 tamquam
3614 4658 3805 4716 Deum.

2214 4728 2405 4802 [lecte
2440 4731 2607 4802 igitur
2634 4728 3003 4802 ἰωριιάθιιῖειιι
3083 4728 3450 4786 temeritatem
3510 4732 3757 4802 Basnagii
3786 4774 3800 4796 ,

2210 4797 2517 4874 Clerici,_et
2550 4797 2805 4874 Biclta’rdi
2834 4801 3071 4874 Simonis
3108 4814 3435 4874 coarguunt,
3464 4815 3517 4858 et
3549 4797 3810 4859 refellunt

2208 4869 2412 4945 ._l_oanu.
2437 4872 2770 4945 Franciscus
2795 4873 3054 4927 Buddeus
3094 4869 3280 4928 Medii.
3312 4888 3455 4945 sacr.
3515 4890 3635 4945 pag.
3682 4874 3754 4929 56
3779 4917 3793 4940 ,

2211 4940 2524 4996 Honoratus
2559 4960 2587 4994 a
2618 4943 2676 5000 S.
2724 4943 2893 4998 Maria
2930 4955 3062 4998 tom.
3088 4960 3123 4999 ll
3165 4940 3546 5000 Animadverti.
3580 4940 3630 4999 in
3685 4960 3801 5013 εἰς.

2210 5013 2335 5087 erit.
2358 5014 2394 5068 Ι.
2422 5030 2500 5078 ιιι,
2531 5013 2749 5087 dissert.
2773 5020 2823 5087 4,
2855 5025 2960 5087 art.
2988 5015 3041 5080 5,
3060 5024 3117 5087 et
3144 5014 3437 5087 Fassonius
3459 5016 3513 5070 iu
3543 5017 3805 5087 peculiari

2211 5083 2597 5156 dissertatione
2627 5085 2691 5139 de
2711 5085 2864 5140 Cultu
2892 5084 3019 5140 Jesu
3050 5086 3252 5142 Christo
3280 5105 3313 5141 a
3348 5085 3520 5156 Magis
3543 5083 3799 5153 adhibito,

2214 5155 2396 5210 Roma:
2420 5155 2577 5215 1756.
2613 5166 2670 5209 ιιι
2695 5157 2830 5213 alios
2854 5164 3122 5212 omittam.

2283 5224 2411 5281 268.
2440 5226 2767 5283 Sacerdotes
2795 5228 3136 5282 ethnicorum
3167 5238 3321 5284 vates
3349 5270 3363 5293 ,
3421 5239 3476 5284 et
3519 5228 3804 5297 propheta:

2215 5296 2560 5351 dicebantur.
2598 5298 2906 5353 Macrobius
2932 5299 2970 5352 l.
3014 5315 3087 5353 vn
3130 5301 3348 5357 Saturn.
3392 5315 3442 5355 c.
3468 5296 3575 5355 13:
3620 5296 3761 5355 Adeo
3787 5342 3803 5366 ,

2211 5368 2400 5438 inquit,
2429 5366 2628 5431 Disori,
2655 5386 2832 5423 verum
2862 5370 2935 5422 ita
2975 5379 3029 5422 ttt
3062 5372 3191 5424 dicis
3243 5369 3524 5442 .Eggptios
3572 5374 3801 5441 opinari,

2212 5448 2268 5513 ut
2288 5455 2387 5513 ego
2408 5442 2695 5513 sacerdotes
2721 5456 2917 5505 eorum,
2970 5456 3099 5510 quos
3125 5443 3417 5513 prophetas
3452 5453 3652 5508 uocant,
3686 5459 3802 5513 cum

2211 5511 2474 5575 vidissem,
2505 5522 2613 5565 etc.
2639 5510 2775 5565 Cum
2796 5523 2979 5565 autem
3006 5528 3057 5565 v.
3090 5510 3198 5568 279
3228 5510 3359 5567 dicit
3389 5511 3663 5569 Juvenctts
3692 5512 3803 5566 lm-

2211 5583 2351 5652 perio
2371 5583 2589 5656 accitos,
2616 5593 2790 5656 mutat
2813 5597 3013 5656 genus,
3046 5586 3171 5652 quia
3204 5585 3283 5656 ad_
3303 5600 3525 5656 sensum
3550 5587 3796 5656 respicit,

2212 5665 2323 5706 non
2362 5655 2431 5707 ad
2451 5654 2639 5707 verba.
2662 5652 2798 5708 Vide
2824 5653 3133 5710 Comment.
3160 5655 3225 5709 ad
3260 5654 3423 5709 Prud.
3455 5654 3495 5710 I.
3517 5671 3573 5719 tt,
3605 5652 3802 5711 contra

2213 5722 2421 5794 Symut.
2448 5742 2497 5775 ν.
2524 5723 2650 5791 ἰοί,
2677 5733 2733 5779 et
2760 5736 2876 5782 not.
2914 5725 2981 5780 atl
3009 5725 3358 5782 Dracontium
3396 5726 3553 5797 Eleg.
3582 5741 3634 5781 v.
3673 5724 3799 5781 155.
