4176 6180
319 248 388 307 97
1396 249 1865 312 EVANGELICE
1906 253 2261 314 HISTORIA}
2300 253 2435 315 LIB.
2475 255 2519 316 Ι.
3528 261 3626 322 ’98

457 365 671 436 Quique
692 367 1081 438 protihetarum
1097 375 1342 425 veterum
1360 370 1624 440 praedicta
1638 383 1929 430 recensent
1956 389 2007 449 Α

315 458 422 516 270
455 459 695 528 Imperio
725 459 933 515 accitos
971 460 1134 530 jubet
1162 461 1343 517 omnia
1375 477 1628 534 quaerere
1650 463 1809 535 legis,

459 552 630 620 Queis
652 561 856 622 pateat,
880 568 1005 625 quae
1036 554 1150 610 sint
1168 553 1428 627 genitalia
1456 554 1657 612 muenia
1677 555 1919 623 Christo;

456 644 651 701 Omnia
673 655 971 701 venturum
994 645 1447 717 Spondentquem
1469 647 1688 703 oracula
1713 658 1919 704 vatum.

462 737 622 810 106
644 737 802 795 'l'unc
841 737 1577 807 manifestatur,Bethlehem
1605 739 1753 812 quod
1780 756 1920 799 ma:-

1465 832 1653 907 [nibus
1691 835 1843 891 illum

459 927 716 1000 Progigni
748 936 991 995 maneat,
1032 928 1123 985 cui
1158 941 1369 984 sacram
1401 928 1609 985 ducere
1627 928 1844 1000 plebem

310 1024 423 1081 275
462 1024 835 1081 lsraelitarum
879 1025 1069 1079 sancta
1091 1021 1302 1081 virtute
1333 1038 1559 1081 necesse
1588 1033 1694 1081 est.

459 1117 614 1174 Tunc
638 1116 802 1188 jubet
827 1115 1093 1185 Herodes,
1129 1116 1331 1173 Persas
1380 1117 1708 1188 pertendere
1764 1132 1917 1189 gres-

1660 1209 1802 1285 [ειιηι
1826 1254 1841 1278 .

461 1304 854 1377 lnventumque
874 1303 982 1361 sibi
1012 1318 1245 1377 puerum
1270 1312 1579 1361 monstrare
1600 1303 1913 1361 colendum.
1950 1370 1957 1385 ι

2180 374 2325 430 Ecce
2352 374 2514 439 ituris
2543 374 2729 434 medio
2758 375 2975 433 stellam
3008 388 3347 446 praecurrere
3373 387 3627 435 cernunt.

2174 463 2490 522 Sulcantem
2519 465 2760 522 ﬂammis
2779 482 2965 534 auras,
2998 482 3121 538 qua:
3153 467 3393 524 culmine
3417 483 3631 526 summo

2027 557 2136 616 280
2171 558 2417 626 Restitit,
2458 570 2513 616 et
2540 561 2696 631 pueri
2723 560 2957 617 lustrata
2992 559 3301 615 habitacula
3338 569 3629 618 monstrat.

2172 652 2381 710 Gaudia
2408 668 2601 724 magna
2624 652 2766 725 Magi
2789 652 3052 725 gaudent,
3070 648 3335 724 sidusque
3351 654 3627 711 salutant:

2177 749 2331 821 107
2373 749 2443 805 Et
2470 757 2760 822 postquam
2812 764 3038 821 puerum
3067 748 3259 806 videre
3319 748 3421 806 sub
3464 750 3631 808 ubere

3311 840 3546 918 [matris,

2178 934 2381 1005 Dejecti
2415 949 2586 1004 prono
2617 944 2867 992 texerunt
2894 944 3129 1006 corpore
3157 945 3385 992 terram.

2177 1026 2575 1100 Summissique
2638 1028 2801 1084 simul
2855 1036 3110 1100 quaesunt
3166 1045 3182 1083 :
3241 1038 3353 1086 tum
3405 1045 3630 1088 munera

3361 1120 3551 1195 [trina,

2021 1210 2131 1268 285
2168 1210 2344 1278 Thus,
2377 1224 2593 1280 aurum,
2646 1209 2926 1283 myrrham
2968 1211 3192 1284 regique
3217 1251 3234 1280 ,
3285 1211 3627 1285 hominique,

3312 1304 3556 1378 [Deoque

1538 1441 1927 1500 LECTIONES
1963 1440 2382 1498 VARIANTES.

386 1555 517 1615 269.
536 1554 828 1628 Ald.,rcum
853 1553 999 1620 aliis,
1019 1556 1276 1628 prmsagia
1292 1562 1528 1609 noscunt.
1546 1552 1709 1627 Reg.,
1724 1554 1913 1625 Rom.,

311 1628 432 1685 Ott.
464 1642 587 1681 cum
612 1626 758 1690 aliis,
786 1627 1033 1697 praedicta
1054 1626 1339 1680 recensent.

386 1698 515 1753 270.
545 1697 799 1765 Hadam.,
826 1697 1036 1752 Poelm.
1095 1698 1271 1750 omnia
1322 1699 1607 1767 acquirere,
1643 1697 1792 1765 quod
1826 1698 1911 1754 lex

307 1772 479 1827 metri
509 1770 737 1839 respuit.
783 1768 1124 1825 Sabatierius
1156 1783 1258 1839 pro
1298 1768 1353 1823 d.
1386 1784 1433 1822 s.
1484 1770 1694 1825 notavit
1745 1770 1914 1825 etiam

309 1843 492 1898 omnia
514 1838 795 1909 acquirere.
826 1839 932 1896 Pro
961 1840 1136 1893 omnia
1162 1838 1358 1907 eunjici
1381 1840 1511 1894 licet
1540 1843 1737 1896 omina.

390 1914 519 1967 271.
563 1912 717 1978 Ald.,
747 1910 941 1982 Tom,
980 1927 1080 1982 quo
1111 1919 1304 1982 pateat.
1349 1910 1538 1976 Fabr.,
1586 1929 1689 1981 qua
1720 1922 1914 1982 pateat.

309 1983 574 2047 Hadnnn,
617 1983 853 2055 Poelm.,
874 1981 1019 2055 ,Ot_t.,
1052 1981 1215 2055 Reg.,_
1248 1981 1436 2048 Rom.,
1464 1984 1634 2055 queis,
1687 1981 1775 2038 vel
1801 1986 1919 2055 quis

308 2066 492 2128 pateat
516 2070 640 2110 cum
669 2054 855 2128 glossa
870 2054 922 2107 in
938 2053 1090 2128 Reg._
1102 2052 1288 2128 quibus
1314 2052 1663 2128 sacerdotibus
1685 2052 1919 2128 comper-

314 2124 433 2181 lum
458 2128 559 2192 sit;
591 2125 687 2198 sed
731 2125 932 2198 melius
961 2124 1324 2195 intelligetur,
1378 2124 1564 2196 quibus
1618 2126 1915 2198 prtesagt'is,

313 2200 411 2254 vel
442 2196 733 2269 prop/retiis
761 2194 905 2269 legis.

393 2269 521 2324 272.
557 2268 695 2338 Ott.,
726 2267 1014 2338 mendose,
1048 2267 1403 2338 spondentque
1421 2269 1656 2338 oracula.

396 2341 524 2395 275.
561 2336 721 2410 Reg.,
744 2338 897 2410 Ald_..
922 2336 1108 2392 Ottob.
1147 2336 1395 2394 scribunt
1422 2336 1729 2405 Bethleem;
1780 2338 1915 2405 alii,

314 2411 592 2475 Bethlem;
618 2408 802 2477 Korn.,
832 2408 1143 2463 Betheleem.

393 2484 519 2538 275.
555 2481 878 2546 Hadamar.,
937 2480 1154 2537 Poelm.
1198 2481 1253 2535 in
1308 2489 1481 2547 textu,
1514 2478 1685 2535 Fabr.
1724 2496 1875 2535 sacra
1900 2497 1920 2535 :

316 2554 461 2621 Ott.,
496 2554 647 2619 Ald.,
678 2553 869 2618 Torn.,
894 2551 1079 2619 Rom.,
1110 2552 1265 2619 Dav.,
1294 2559 1517 2618 sancta;
1547 2552 1711 2623 Reg.,
1742 2567 1920 2624 prom-

318 2637 415 2697 pta
439 2627 650 2697 virtute.

394 2697 522 2753 276.
557 2696 709 2761 Ald.,
764 2695 922 2765 Reg.,
978 2693 1185 2765 Poelm.
1239 2710 1336 2762 pro
1362 2693 1519 2756 d.s.,
1577 2693 1726 2765 [una
1744 2695 1916 2765 jubet.

320 2769 513 2833 Rom.,
547 2769 684 2835 Ott.,
706 2778 764 2823 et
798 2767 917 2836 alii,
951 2764 1090 2819 Hinc
1121 2766 1290 2836 jubet.
1343 2765 1559 2836 hlallem
1591 2764 1711 2820 Huc
1740 2764 1914 2836 jubet.

319 2841 497 2898 Sacer
524 2848 704 2895 textus
728 2859 742 2892 :
773 2837 844 2893 Et
871 2839 1079 2891 mittens
1108 2835 1229 2891 illos
1258 2838 1311 2890 in
1333 2835 1653 2892 Bethlehem.

395 2913 526 2967 277.
562 2912 769 2966 l’oelm.
805 2925 906 2979 pro
933 2908 1084 2973 d.s.,
1110 2908 1440 2972 videndum;
1498 2908 1769 2979 plerique,
1833 2925 1920 2963 co-

321 2984 565 3046 lendum,
603 2982 748 3052 quod
768 2996 838 3037 ex
860 2981 981 3051 ipso
1009 2979 1308 3052 Evangelia
1333 2980 1558 3052 petitum
1595 2988 1701 3052 est.

393 3055 523 3109 278.
558 3049 762 3109 Poelm.
797 3049 897 3121 pro
928 3052 983 3105 d.
1009 3064 1091 3121 su
1114 3049 1268 3121 Ald.,
1302 3066 1416 3104 ecce
1455 3051 1571 3104 rite.
1608 3050 1768 3120 Reg.,
1802 3050 1915 3106 Ott.

319 3143 449 3185 cum
481 3125 608 3179 aliis
638 3140 750 3179 ecce
773 3124 937 3177 iteris.
971 3121 1028 3176 ln
1053 3120 1440 3178 Westhemero
1498 3122 1683 3175 iterum
1730 3137 1826 3192 pro
1858 3122 1913 3175 d.

320 3214 373 3253 s.
399 3198 635 3253 fortasse
660 3195 915 3251 mendum
953 3200 1039 3248 est
1072 3206 1174 3262 pro
1224 3192 1402 3247 iteris:
1457 3193 1510 3247 in
1549 3201 1701 3247 textu
1750 3193 1916 3249 habet

1948 1877 1997 1938 B

2024 1556 2218 1622 deant;
2248 1556 2371 1625 lege
2411 1568 2534 1629 cum
2562 1554 2753 1629 Rom.,
2805 1553 2965 1626 Reg.,
3014 1555 3150 1625 Ott.,
3183 1557 3333 1629 Ald.,
3367 1559 3537 1618 Torn.
3570 1571 3627 1618 et

2023 1629 2168 1699 aliis,
2200 1643 2390 1699 magna
2420 1625 2569 1699 Magi
2592 1627 2842 1699 gauderg.

2244 1696 2422 1822 fteg,
2473 1696 2607 1753 0tt.‘
2629 1712 2751 1753 cum
2781 1696 2977 1766 Torn.,
3021 1697 3091 1753 Et
3132 1709 3428 1773 postquam.
3457 1703 3620 1762 Rom.

2102 1786 2128 1823 a
2159 1786 2214 1824 ιι.
2317 1812 2330 1824 .

2023 1779 2081 1825 et
2102 1771 2214 1833 alii,
2244 1771 2330 1824 At.

2093 1840 2401 1914 284._Ald.,
2457 1839 2651 1914 '_l‘orn.,_
2710 1838 3035 1914 Hadamar.,
3090 1841 3246 1910 Dav.,
3302 1844 3536 1914 Poeltn.,
3567 1847 3619 1903 in

2024 1919 2195 1979 textu,
2223 1911 2415 1985 Fabr.,
2444 1910 2825 1985 Summissique
2846 1912 3006 1965 simul
3025 1928 3148 1985 mox
3168 1917 3386 1985 mystica
3406 1910 3624 1973 munera

2023 1993 2286 2055 promunt.
2338 1982 2572 2048 Poelm.,
2628 1997 2728 2051 pro
2778 1983 2839 2058 _d.
2883 1997 2981 2058 s._:
3036 1982 3421 2058 §ummissique
3467 1990 3624 2046 simul

2021 2052 2262 2128 quaerunt
2291 2063 2415 2108 tunc
2444 2070 2664 2108 munera
2720 2054 2878 2128 trina.
2936 2052 3009 2128 lla
3040 2054 3202 2123 Reg.,
3243 2052 3430 2123 Ralm,
3482 2058 3620 2128 Ott.,

2023 2126 2117 2180 sed
2140 2135 2376 2204 qutesunt
2404 2140 2503 2195 pro
2529 2134 2770 2204 quierunt
2798 2140 2816 2178 :
2851 2124 3043 2204 ἰηρινιἶ
3067 2129 3217 2195 prius
3240 2124 3626 2204 l'uit_simulque

2019 2207 2161 2262 sunt,
2186 2195 2284 2251 sed
2309 2194 2619 2267 correctum
2649 2196 2746 2249 fuit
2770 2210 2867 2264 per
2884 2194 3043 2249 simul
3065 2194 3322 2267 quiesunt.
3345 2201 3470 2256 Haec
3491 2194 3621 2259 vera

2021 2270 2292 2334 scriptura
2349 2266 2567 2324 videtur
2607 2283 2622 2319 :
2661 2267 2879 2342 ponitur
2907 2277 3146 2342 quresunt
3196 2285 3295 2339 pro
3334 2282 3515 2342 orant,
3563 2282 3625 2329 tit

2021 2354 2226 2414 quanio1
2240 2354 2563 2414 quaesumus,
2596 2338 2779 2408 qutest't
2808 2339 2953 2408 apud
2996 2337 3337 2408 Lucretium,
3390 2337 3618 2414 quiesere

2021 2411 2162 2480 apud
2197 2409 2468 2480 Plautum.

2092 2481 2220 2536 285.
2268 2479 2504 2546 Poelm.,
2537 2480 2592 2534 in
2638 2488 2808 2545 textu,
2858 2479 3113 2546 lladam.,
3164 2480 3357 2548 Torn.,
3404 2484 3619 2542 Fabr.:

2022 2550 2244 2628 Aurum,
2276 2549 2416 2628 thus,
2473 2549 2738 2628 myrrham
2778 2550 3017 2628 regique,
3049 2551 3281 2628 patique,
3304 2554 3617 2628 hominique,

2021 2625 2167 2693 quod
2197 2625 2401 2695 _ap_tius
2454 2621 2671 2677 videtur
2696 2621 2920 2695 Labbeo
2948 2623 3019 2678 de
3047 2622 3253 2694 Script.
3280 2621 3624 2695 eccles.,'ubi

2021 2692 2134 2764 agit
2180 2693 2249 2748 de
2275 2692 2546 2758 iuvenco,
2597 2700 2658 2748 ut
2685 2693 2893 2763 singula
2942 2692 3187 2749 membra
3227 2697 3330 2752 sibi
3381 2692 3618 2756 invicem

2022 2764 2412 2839 respondeant.
2432 2764 2600 2839 _Ald.
2651 2764 2910 2819 Daventr.
2972 2779 3094 2839 cum
3146 2769 3348 2839 nostris
3388 2768 3621 2839 Ottob.,

2022 2834 2207 2909 Romi.
2232 2836 2392 2905 Reg.,
2420 2834 2599 2909 _Thu_s,_
2625 2851 2829 2902 aurum,
2852 2838 3137 2909 myrrham
3147 2838 3374 2909 regique,
3395 2834 3622 2898 homini;

2021 2924 2140 2978 que,
2163 2905 2392 2981 Deoque.
2420 2905 2501 2961 lta
2527 2906 2630 2981 fuit
2661 2909 2714 2961 in
2737 2905 3073 2981 membranis
3113 2905 3341 2981 Barthii,
3361 2905 3472 2981 qui
3493 2913 3621 2970 libr.

2022 2994 2171 3042 LVIII,
2195 2994 2314 3047 cap.
2355 2978 2414 3045 2,
2444 2978 2643 3033 melius
2664 2993 2893 3049 versum
2920 2979 3297 3035 collocandum
3327 2978 3427 3049 ait,
3467 2985 3514 3039 si
3540 2987 3624 3041 le-

2058 3060 2180 3126 atur
2221 3051 2452 3126 Aurum,
2509 3048 2793 3120 myrrham,
2840 3052 2973 3126 thus
3004 3050 3248 3123 regique,
3309 3048 3627 3126 hominique,

2077 3137 2252 3191 eoque.
2285 3120 2353 3196 _S.,
2377 3119 2765 3196 Hieronymus,
2818 3120 2911 3196 qui
2960 3119 3380 3196 hutic'versum
3415 3119 3623 3196 laudat,

2025 3193 2097 3247 ita
2128 3207 2252 3247 eum
2288 3190 2442 3257 legit,
2472 3204 2532 3246 ut
2577 3190 2630 3245 in
2673 3192 2878 3245 nostris
2910 3192 3196 3248 codicibus
3223 3204 3426 3250 exstat.
3456 3190 3631 3254 Isido;

322 3271 443 3325 vite.
481 3268 537 3323 In
561 3267 718 3321 Rom.
746 3268 913 3321 etiam
942 3275 1027 3319 est
1076 3267 1265 3319 iterum
1306 3278 1325 3317 :
1361 3263 1563 3318 ibidem
1620 3280 1919 3333 percurrere
1947 3270 1993 3334 ο
2024 3278 2139 3331 rus,
2173 3263 2209 3317 Ι.
2241 3279 2256 3317 ι
2288 3263 2615 3334 Οτίςηεθρ.
2648 3263 2736 3331 ll,
2774 3272 3049 3331 pnstretna
3082 3265 3246 3319 verba
3292 3269 3373 3322 sic
3414 3268 3625 3325 refert:

320 3357 425 3412 pro
448 3353 785 3412 praecurrere.
813 3334 1152 3412 Sabatierius
1182 3334 1346 3412 etiam
1379 3334 1552 3389 edidit
1574 3351 1874 3403 percurrere
1899 3351 1917 3388 :

320 3406 421 3469 'sed
450 3406 755 3470 Evangelio
783 3408 956 3476 magis
978 3406 1233 3477 congruit
1269 3422 1606 3477 praecurrere.

396 3482 522 3539 179.
549 3481 780 3546 Puelm.,
814 3478 1065 3543 “udam”
1096 3476 1302 3531 auram.
1329 3476 1487 3546 Reg,
1506 3476 1648 3543 Ott.,
1689 3476 1841 3545 Ald.,
1867 3487 1924 3533 et

322 3555 417 3610 alii
441 3570 622 3607 auras.
656 3551 814 3620 Reg.,
839 3557 916 3615 et,
943 3557 1002 3604 ut
1035 3548 1273 3613 videtur,
1294 3547 1505 3616 0ttob.,
1535 3564 1653 3620 qua:
1670 3550 1917 3617 culmine,

322 3625 497 3688 Editi,
529 3638 671 3691 quos
700 3621 835 3687 vidi,
860 3636 975 3692 qua:
994 3621 1048 3675 in
1092 3620 1335 3692 culmine.

396 3697 527 3753 281.
552 3693 761 3750 Poelm.
798 3694 851 3749 in
874 3691 1068 3761 textu,
1116 3691 1372 3757 Hadam.,
1406 3706 1595 3762 magna
1637 3691 1811 3763 Magis
1840 3708 1923 3746 re-

2025 3332 2403 3408 Subjunctivm
2437 3332 2685 3408 dicuntur
2717 3373 2757 3408 ,_
2783 3334 2906 3403 quia
2926 3406 2934 3408 Α
2957 3334 3363 3408 subjunguntur,
3424 3352 3582 3408 utque
3610 3356 3630 3397 :

2025 3403 2245 3459 dicimus
2268 3405 2427 3469 enim,
2460 3404 2715 3475 Regique,
2736 3403 3058 3473 hominique,
3081 3403 3290 3474 Deoque
3313 3424 3333 3462 :
3348 3403 3467 3464 non
3495 3403 3631 3466 dici-

2023 3493 2156 3541 mus,
2177 3493 2273 3547 que
2291 3477 2422 3547 regi,
2440 3493 2541 3547 que
2553 3475 2774 3539 homini,
2796 3492 2894 3547 q_ue
2912 3476 3039 3531 Deo.
3063 3478 3344 3543 Alcninus,
3372 3480 3441 3537 de
3456 3482 3627 3539 divin.

2023 3544 2207 3627 Ollic.,
2240 3544 2363 3616 cap.
2452 3544 2464 3601 Ξ
2490 3546 2781 3627 ῌιετᾹάοηα
2806 3544 3070 3627 Iuvencus
3090 3550 3357 3627 presbyter
3382 3554 3510 3627 mire
3530 3555 3628 3627 (al.

2022 3620 2206 3696 metro)
2267 3618 2574 3696 conclusit:
2603 3618 2829 3696 Aurum,
2879 3618 3026 3696 titus,
3083 3618 3352 3690 myrrham
3399 3618 3624 3696 regique,

2028 3688 2261 3762 Deoque,
2314 3690 2613 3759 hominique
2631 3717 2703 3730 —-
2724 3688 2874 3743 Dona
2903 3689 3097 3758 ferum.

1868 3828 2104 3887 NOTAE.

397 3931 527 3989 269.
558 3930 752 3988 Cicero
773 3947 811 3988 ll
840 3931 909 3987 de
935 3930 1063 4002 Leg.
1084 3946 1133 3987 c.
1178 3929 1250 3986 8:
1284 3928 1628 4000 Interpretari
1672 3926 1919 3997 fatidico-

324 4020 464 4067 rum,
496 4016 547 4059 et
569 4013 744 4075 patum
764 4003 922 4071 effata
946 4004 1229 4075 incognita.

398 4075 526 4129 270.
551 4074 739 4147 Omnia
761 4070 886 4147 legis
911 4090 1011 4143 pro
1040 4070 1241 4129 omnem
1273 4074 1457 4145 legem,
1486 4070 1583 4147 vel
1622 4085 1801 4147 omnes
1823 4071 1924 4147 _le-

325 4164 438 4220 ges,
462 4155 521 4201 ut
562 4163 616 4201 v.
666 4140 991 4218 262,'lon'ga
1024 4149 1255 4212 viarum,
1291 4140 1347 4201 et
1380 4162 1433 4197 γ.
1486 4142 1592 4197 180
1618 4187 1631 4213 ,
1694 4140 1924 4213 plurima

325 4229 498 4273 Ιατω.

399 4287 786 4372 274εμιξηεαι,
819 4290 987 4345 ﬁxum
1009 4288 1100 4344 sit.
1129 4287 1327 4372 Cicero
1358 4302 1464 4372 non
1492 4283 1688 4372 semel,
1714 4282 1926 4339 Maneat

327 4378 473 4434 ergo.
501 4358 652 4414 Illud
683 4369 924 4427 maneat;
964 4376 1124 4429 quem
1176 4360 1270 4413 alii
1302 4358 1612 4413 imitantur.

397 4432 529 4487 276.
563 4429 882 4486 Pertendere
899 4448 1155 4503 gressum,
1194 4437 1257 4486 ut
1276 4431 1484 4485 tendere
1538 4428 1661 4492 iter,
1718 4426 1926 4481 tendere

329 4519 557 4559 cursum.

398 4575 529 4631 278.
564 4571 720 4628 lteris
748 4588 848 4644 pro
874 4574 1099 4640 itineris,
1132 4574 1278 4645 qttod
1327 4571 1582 4645 usitatius
1630 4577 1737 4645 est.
1772 4569 1927 4645 Obli-

328 4648 457 4714 quis
486 4645 656 4707 iteris,
678 4639 811 4715 etc.,
842 4646 928 4700 usi
959 4639 1091 4701 sunt
1108 4639 1418 4707 Lucretius,
1448 4640 1799 4715 Propertius,
1823 4639 1929 4696 Ac-

324 4711 469 4777 cius.
507 4717 707 4781 Varro,
734 4711 979 4784 Naevius,
1005 4716 1182 4772 Julius
1216 4716 1479 4786 Hyginus.
1507 4713 1583 4769 De
1612 4711 1791 4786 Stella,
1811 4726 1931 4786 quae

330 4733 469 4777 eius.
514 4731 707 4781 varro,
734 4731 979 4784 manus,
1005 4731 1182 4772 JUIIUS
1216 4731 1254 4770 η
1298 4731 1479 4786 gntus.
1507 4731 1583 4769 ue
1612 4731 1791 4773 stena,
1811 4731 1931 4779 quae

330 4789 499 4855 Magis
525 4786 805 4856 apparuit,
831 4787 1082 4842 videnda:
1106 4796 1239 4843 sunt
1260 4731 1931 4856 Bissertationesdoannis

334 4854 615 4915 Friderici
642 4856 897 4922 Frenzel,
928 4858 1063 4914 Elite
1099 4857 1419 4922 Bertrandi,
1463 4867 1512 4910 et
1556 4854 1932 4911 Jac.Elsneri.

400 4931 533 4986 279.
566 4929 869 4984 Sulcantem
907 4947 1084 4992 auras,
1113 4931 1342 5000 elegans
1372 4926 1719 5000 metaphora.
1755 4924 1934 5000 Virgi-

329 5002 434 5058 lius
473 5004 508 5056 l.
553 5016 591 5055 tt
619 4999 838 5055 Eneid.
872 5016 1017 5055 vers.
1066 5000 1172 5056 694
1203 4997 1361 5070 seqq.
1390 4997 1611 5070 :gStella
1638 4997 1806 5070 facem
1832 4997 1930 5070 du-

331 5091 449 5127 cens
471 5074 639 5127 multa
677 5088 795 5125 cum
824 5071 938 5125 luce
966 5068 1367 5128 cucurrit.......
1401 5068 1531 5124 Tum
1579 5068 1733 5136 longo
1770 5068 1936 5121 limite

328 5144 507 5198 sulcus
529 5173 603 5184 -—
622 5141 726 5195 Dat
746 5144 933 5196 lucem.
966 5143 1181 5199 Similia
1215 5142 1493 5205 Lucanus,
1520 5138 1645 5194 Val.
1671 5138 1928 5205 Flaccus,

326 5215 679 5273 Prudentius,
709 5213 916 5282 aliique
944 5214 1070 5269 boni
1105 5224 1284 5284 poeta:
1310 5213 1533 5267 habent.

401 5286 531 5343 280.
563 5279 838 5353 Lustrale,
857 5299 1058 5354 nempe
1107 5279 1178 5340 ab
1222 5285 1339 5353 ipsa
1394 5284 1552 5338 stella
1589 5279 1760 5334 veluti
1808 5279 1930 5354 illu-

327 5366 526 5413 strata.
556 5356 717 5427 Saepe
741 5352 894 5411 enim
930 5352 1158 5411 verbum
1192 5352 1434 5427 simplex
1480 5367 1581 5422 pro
1615 5352 1937 5427 composito

327 5431 581 5499 ponitur,
602 5423 664 5482 nt
685 5435 823 5481 verto
846 5441 946 5497 pro
969 5437 1152 5482 everto.
1180 5423 1558 5499 Neqneialiatn
1583 5423 1939 5499 signilic:n_io-

325 5492 460 5558 item
498 5492 669 5554 verbo
691 5492 862 5553 lustro
880 5500 1090 5564 tribuo,
1116 5513 1241 5553 cum
1270 5492 1347 5553 ait
1367 5492 1695 5567 Virgilius].
1723 5509 1781 5567 Διν
1804 5492 1935 5548 ἐΕη.

328 5586 387 5625 v.
410 5571 548 5627 607:
573 5569 693 5630 Sol.
710 5569 799 5639 qui
820 5580 1077 5641 terrarum
1098 5569 1324 5641 ﬂammis
1348 5564 1504 5636 Opera
1525 5565 1701 5641 omnia
1713 5564 1938 5641 lustras;

2030 3922 2396 3979 animadverti
2430 3923 2497 3979 ad
2518 3937 2667 3979 vers.
2696 3920 2827 3979 266.
2862 3922 3007 3980 Inter
3044 3924 3305 3994 epistolas
3333 3928 3632 3990 familiares

2023 3995 2307 4051 Ciceronis
2346 3995 2385 4066 li.
2432 4011 2547 4062 vm,
2577 3994 2817 4065 epist.2,
2865 4011 2987 4066 quae
3038 3996 3196 4053 Caelii
3246 4010 3332 4056 est
3376 4003 3443 4057 ad
3473 4000 3628 4061 Cice-

2027 4083 2218 4123 ronem
2252 4111 2267 4135 ,
2331 4065 2400 4123 Ut
2431 4083 2584 4139 suum
2626 4065 2895 4139 gaudium
2925 4069 3283 4139 gauderemus.
3338 4072 3631 4131 Terentius

2028 4139 2202 4194 Andr.
2244 4153 2398 4194 scen.
2421 4138 2474 4204 5,
2511 4137 2708 4205 act.‘v,
2735 4138 2787 4192 in
2815 4137 2967 4193 line:
3003 4138 3145 4193 Nam
3184 4142 3322 4194 hunc
3362 4145 3469 4197 scio
3516 4161 3632 4200 mea

2030 4211 2194 4264 solide
2215 4208 2386 4281 solum
2409 4211 2717 4281 gavisurum
2744 4208 2956 4278 gaudia.
2993 4209 3151 4266 Adde
3179 4212 3242 4265 A.
3274 4211 3532 4280 Gellium,
3586 4216 3628 4272 l.

2029 4297 2105 4347 1x,
2131 4296 2181 4335 c.
2207 4280 2241 4336 9
2275 4298 2289 4335 :
2321 4279 2587 4335 Gaudium
2608 4281 2832 4349 gaudeat
2846 4281 3131 4349 genuinum
3149 4292 3199 4336 et
3219 4282 3483 4339 intimum.

2101 4351 2230 4407 282.
2275 4349 2461 4406 Videre
2505 4349 2730 4406 verbum
2785 4355 3107 4407 notandum.
3150 4352 3267 4409 Etsi
3307 4355 3451 4411 enim
3495 4357 3628 4414 Vul-

1953 4450 2007 4511 D
2029 4424 2377 4511 gatahaheat
2404 4423 2729 4511 inuenerunt,
2761 4424 3226 4511 tamjet‘tnviderunt
3273 4429 3545 4511 reperitur
3576 4431 3629 4485 in

2035 4492 2306 4567 plerisque
2330 4508 2460 4567 mss.
2502 4493 2714 4567 graecis
2741 4493 2883 4563 apud
2916 4492 3302 4558 Wetstenium,
3327 4492 3627 4567 Birchium,

2031 4562 2087 4620 et
2118 4562 2470 4621 Matthaaium.
2504 4562 2961 4636 Yetustissimnm,
2984 4567 3267 4636 exemplar
3309 4562 3628 4626 Vaticanum

2036 4637 2176 4694 1209
2208 4638 2412 4707 pariter
2438 4635 2658 4707 exhibet
2686 4635 2955 4703 viderunt,
3008 4638 3085 4691 uti
3116 4635 3283 4692 etiam
3313 4642 3495 4696 versio
3530 4643 3632 4697 La-

2034 4707 2376 4834 tiitthi'apltliqni
2393 4706 2598 4763 codicis
2618 4706 2901 4775 Cantabn,
2928 4714 2984 4763 et
3000 4710 3204 4763 Auctor
3222 4707 3391 4781 Oper.
3415 4713 3633 4784 imperi.

2034 4796 2086 4834 In
2169 4800 2193 4830 ει
2265 4795 2304 4831 ι.

2032 4780 2086 4835 in
2116 4780 2304 4834 Mulli).

2104 4851 2234 4906 285.
2265 4847 2399 4905 Cum
2431 4865 2711 4923 munera_a
2737 4850 3377 4923 magisgoblatagmystice
3407 4854 3634 4912 innuant

2035 4921 2231 4998 Deum:
2264 4936 2471 4998 regem,
2524 4919 3087 4998 inominem,’tiiinime
3114 4919 3338 4979 dubium
3366 4936 3469 4998 est,
3501 4930 3630 4998 quin

2038 4994 2163 5047 thus
2191 4991 2360 5046 Deum
2405 4991 2695 5062 signiﬁcet,
2726 5008 2921 5067 aurum
2943 5008 3177 5067 “regem,
3211 4995 3433 5067 myrrha
3461 4991 3634 5052 homi-

2038 5078 2183 5127 nem,
2216 5077 2557 5134 quocumque
2614 5065 2828 5119 tandem
2860 5064 3054 5120 ordine
3106 5079 3170 5119 ea
3209 5064 3349 5120 dona
3393 5083 3635 5124 comme-

2038 5141 2339 5206 morentur.
2366 5134 2661 5206 ‘AEaindem
2692 5135 3147 5206 signiﬁcationem
3191 5135 3273 5191 liis
3318 5138 3633 5194 muneribus

2041 5206 2228 5260 tribuit
2263 5204 2586 5275 Prudentius
2616 5206 2669 5261 in
2717 5204 3047 5275 Dittnchazo,
3076 5222 3251 5272 neque
3284 5218 3462 5262 tamen
3487 5209 3636 5265 ordi-

2039 5293 2165 5352 nem
2211 5287 2399 5352 servat
2427 5294 2440 5330 :
2476 5274 2579 5330 Hic
2635 5278 2864 5348 pretiosa
2910 5278 3051 5352 magi
3096 5278 3189 5352 sub
3230 5275 3453 5349 Virginis
3477 5278 3637 5352 ubere

2041 5345 2335 5420 Cliristo—
2358 5346 2511 5420 Dona
2555 5345 2729 5417 [erant
2764 5364 2945 5418 puero.
2979 5345 3405 5420 n'tgrrhcequefet
3446 5350 3635 5419 thuris,

2041 5430 2089 5473 et
2119 5419 2259 5483 auri,
2291 5418 2619 5492 —-‘Miratur
2641 5420 2864 5492 genitrix
2889 5430 2961 5492 tot
3013 5418 3144 5492 casti
3170 5420 3360 5473 ventris
3385 5418 3638 5489 honores,
3666 5456 3669 5463 -

2042 5519 2114 5530 —-
2143 5490 2310 5559 Seque
2358 5488 2522 5564 [leum
2576 5488 2835 5561 genuisse,
2889 5489 3189 5564 hominem,
3221 5505 3395 5564 regem
3439 5509 3643 5564 quoque

2043 5576 2322 5616 summum.
2378 5560 2457 5616 De
2509 5560 2955 5632 bacimunerum
3021 5560 3304 5632 oblatione
3347 5560 3499 5632 plura
3530 5560 3643 5623 dixi

335 5644 456 5698 etl.
490 5657 587 5706 vn,
635 5630 787 5697 vers.
833 5640 979 5696 N8:
1037 5630 1256 5697 Postera
1304 5630 1422 5694 cum
1468 5638 1637 5710 prima
1683 5636 1942 5691 lustrabat
2047 5633 2101 5687 in
2146 5631 2457 5710 Comment.
2503 5630 2572 5686 ad
2631 5631 2988 5687 Prudentium
3018 5672 3033 5698 ,
3105 5631 3295 5702 hyntn.
3350 5630 3642 5708 l2j70ath.

339 5714 777 5784 lampadeiterras
799 5743 870 5754 —
894 5711 1026 5767 Orta
1044 5713 1173 5769 dies.

409 5779 515 5841 281
530 5826 545 5842 .
570 5783 785 5841 Gaudia
800 5801 989 5857 magna
1009 5785 1258 5855 gaudent,
1279 5783 1561 5856 eleganter
1603 5779 1829 5848 dictum,
1880 5787 1939 5836 ιιι

2047 5718 2192 5761 vers.
2226 5702 2317 5759 69.
