4176 6180
503 219 608 280 105

1756 211 1820 266 C.
1860 208 1923 265 V.
1968 205 2197 280 AQUIL.
2237 203 2523 265 JUVENCI

3695 201 3800 260 1οι

653 333 809 405 112
822 329 954 385 Cum
979 341 1112 390 puer
1132 327 1186 384 in
1207 323 1410 399 popqu
1430 323 1648 380 comitis
1663 323 1888 394 vestigia
1911 323 2096 377 matris
2123 324 2174 385 Α
2203 319 2310 376 550
2351 319 2426 375 De
2459 318 2612 385 pueri
2642 317 2826 374 verbis
2856 318 3084 377 senibus
3115 319 3233 375 fuit.
3267 319 3338 377 At
3367 321 3452 391 pia
3493 325 3686 380 mater,

649 423 914 488 Deseruit,
947 420 1245 490 templique
1280 417 1458 473 libens
1481 425 1690 472 secreta
1721 415 1930 485 petivit.

646 515 800 571 Illum
833 529 929 584 per
958 514 1109 568 vicos
1140 512 1316 580 urbis,
1342 525 1546 582 perque
1572 509 1757 566 abdita
1785 518 1947 574 tecta,

506 607 612 667 3‘25
649 607 863 678 Perque
892 605 1046 661 iteris
1076 612 1300 672 stratas,
1327 618 1425 674 per
1447 613 1628 668 notos,
1654 617 1855 673 perque
1876 603 2099 672 pr0pin-

1856 692 2024 766 [quos

650 791 943 862 Quaerebat
965 788 1230 861 genitrix:
1263 788 1356 845 sed
1388 788 1479 844 lux
1508 787 1599 844 ubi
1628 788 1792 844 tertia
1813 788 1998 854 venit,

657 884 814 958 113
839 882 917 938 Ad
945 881 1206 952 templum
1239 895 1473 952 propere
1506 889 1748 946 remeat;
1797 891 2096 951 vatumque

1779 971 2028 1044 [choreis

651 1072 858 1129 Invenit
881 1072 1176 1138 insertum,
1207 1069 1496 1139 legumque
1533 1065 1764 1122 obscura
1794 1065 1954 1120 senili

648 1165 1000 1221 Tractantem
1023 1171 1190 1220 ctetu.
1223 1159 1328 1217 Vix
1355 1159 1648 1216 admiratio
1683 1157 1846 1228 digna

2342 415 2504 481 Nate,
2539 414 2635 481 ait,
2669 415 2929 470 amissum
2961 415 3218 487 lacrymis
3257 424 3311 471 te
3342 429 3530 485 quaero
3560 411 3798 484 profusis

2346 508 2520 564 Anxia
2549 523 2673 564 cum
2702 509 2953 579 genitore
2978 523 3204 580 gemens
3229 526 3242 561 :
3268 524 3388 579 quae
3413 523 3576 564 causa
3611 521 3801 576 paren-

3569 598 3586 670 [
3611 609 3722 652 tum

2345 695 2600 752 Secernit
2626 708 2841 766 gressu,
2876 693 3172 766 templique
3205 694 3259 748 in
3288 693 3419 750 sede
3446 679 3728 748 retentat?

2344 788 2442 845 Ille
2486 798 2667 844 autem
2709 788 2894 856 :Quid
2939 804 3027 844 me
3067 795 3298 853 tantum,
3343 785 3474 858 quid
3520 783 3800 856 quaeritis?

3486 876 3722 950 [inquit.

2203 976 2308 1032 555
2346 977 2428 1032 An
2459 976 2701 1033 nondum
2730 976 2925 1044 sentis,
2953 976 3210 1047 genitrix,
3243 973 3386 1045 quod
3413 971 3536 1043 jure
3559 971 3798 1041 paternis

2347 1067 2603 1136 Sedibus,
2645 1076 2701 1124 et
2729 1067 2984 1124 domibus
3015 1076 3204 1123 natum
3237 1065 3547 1122 inhabitare
3574 1076 3799 1118 necesse

3579 1153 3731 1228 [esti

1735 1275 2118 1335 LECTIONES
2161 1279 2572 1339 VARIANTES.

579 1376 702 1433 522.
737 1375 981 1439 Poelm.,
1010 1372 1196 1444 proid.
1229 1387 1275 1427 s.
1298 1413 1312 1439 ,
1339 1372 1474 1443 Reg.
1500 1413 1516 1439 ,
1545 1371 1691 1437 Ott.,
1725 1369 1908 1435 Rom.,
1963 1368 2094 1425 Cum

510 1449 836 1521 puer_._Ald.,
865 1455 923 1502 et
950 1443 1061 1512 alii,
1095 1443 1231 1521 D_um
1252 1461 1402 1521 puer.

580 1519 714 1577 324:
749 1513 906 1588 εδδ..
944 1533 1034 1587 per
1081 1513 1446 1580 uicos.‘urbes,
1487 1522 1544 1588 et
1580 1514 1785 1588 glossa,
1828 1520 1878 1568 et
1919 1513 2093 1568 urbes.

506 1591 643 1657 Ott.,
692 1586 852 1654 Ald,
882 1586 1075 1652 Torn.,
1125 1588 1308 1654 Rom.,
1359 1602 1450 1654 per
1487 1587 1624 1639 vicos
1672 1586 1836 1657 urbis,
1867 1600 2092 1657 perque.

507 1655 737 1727 Poelm.,
760 1661 952 1724 Fabr.,
973 1675 1062 1729 per
1087 1659 1247 1721 vicos,
1264 1659 1504 1729 urbisque
1529 1672 1620 1724 per
1639 1656 1836 1710 abdita.
1865 1655 2093 1729 Hadatn.

506 1746 695 1789 contra
756 1727 1026 1797 metrum,
1079 1745 1170 1794 per
1221 1731 1358 1783 vicos
1407 1728 1650 1798 urbisque
1699 1743 1889 1798 perque
1924 1727 2100 1781 abdita

510 1815 663 1858 tecta.

575 1875 702 1931 5‘25.
744 1873 868 1928 Ald.
905 1887 1090 1942 perque
1136 1871 1264 1926 vite:
1292 1871 1408 1941 lege
1440 1887 1624 1940 perque
1654 1869 1796 1942 ilet'is
1829 1883 1953 1942 cum
1985 1869 2101 1937 plc-

507 1946 708 2018 risque.
758 1943 817 2000 In
867 1939 1274 2018 Westhemero,
1303 1939 1510 2018 _perque
1542 1939 1747 2018 itineris
1775 1939 1865 2018 _ad
1925 1955 2098 2018 marg.

507 2011 762 2074 mendum
793 2023 874 2070 est
897 2057 911 2081 ,
938 2023 1032 2068 aut
1062 2016 1267 2082 glossa.
1299 2013 1640 2069 Sabatierius
1674 2027 1742 2066 ex
1775 2011 2015 2080 ingenio,
2043 2019 2102 2066 ut

509 2099 660 2160 puto,
681 2087 1222 2160 Perquettias_stratas
1245 2100 1262 2137 :
1287 2083 1823 2160 quodnecessariuut
1859 2095 1965 2136 non
1994 2092 2096 2146 est;

506 2153 806 2216 itam'versl
840 2157 944 2213 550
970 2158 1110 2211 idem
1143 2158 1262 2210 sine
1286 2157 1392 2210 vias
1429 2153 1561 2224 legit
1591 2163 1800 2208 stratas.

582 2231 707 2286 527.
751 2228 936 2290 Fabr.,
966 2227 1195 2287 Poelm.,
1225 2243 1324 2295 pro
1352 2226 1407 2282 d.
1453 2241 1521 2290 s.,
1566 2235 1842 2296 vatumque
1867 2239 2092 2292 coromc,

505 2302 649 2368 quod
679 2301 973 2372 prml'erunt
997 2298 1279 2367 Kmnigius
1308 2308 1363 2354 et
1393 2296 1820 2368 Schtettgenius,
1851 2296 1984 2366 quia
2006 2313 2093 2350 co-

507 2391 637 2428 rona
663 2381 862 2429 coetum
885 2373 1130 2426 denotat.

575 2445 698 2500 551.
743 2443 1174 2507 Westhemerus,
1232 2454 1327 2508 pro
1368 2438 1478 2494 div.
1532 2439 1753 2508 script.,
1803 2447 1850 2492 te
1896 2454 2094 2506 quwso,

503 2516 648 2640 (mod
695 2514 978 2640 ιὲἑῗιιιιιιιιι
1007 2511 1235 2567 verbum
1284 2520 1370 2566 est
1400 2524 1499 2581 pro
1530 2526 1730 2580 quwro,
1787 2519 1844 2564 ut
1891 2509 2095 2565 dictum

505 2604 556 2640 at
616 2602 668 2640 ν.
815 2626 829 2638 .

505 2587 570 2641 ad
616 2602 668 2640 v.
700 2587 829 2642 284.

573 2658 700 2713 555.
742 2656 912 2710 Torn.
963 2654 1194 2717 secrevit,
1237 2651 1381 2722 quod
1430 2652 1655 2707 invenio
1701 2653 1752 2706 in
1800 2652 1938 2722 Reg.
1972 2667 2096 2708 cum

503 2731 688 2800 glossa
721 2727 977 2800 separauit
1007 2741 1026 2780 :
1056 2724 1150 2800 sed
1175 2722 1541 2800 fortassejuit
1565 2738 1596 2777 a
1624 2737 1709 2794 pr.
1744 2739 1818 2778 m.
1847 2725 2095 2792 secernit,

501 2793 646 2872 quod
677 2793 880 2856 habent
904 2797 1044 2866 Ott.,
1071 2796 1254 2863 Rom.,
1282 2803 1339 2850 et
1367 2793 1486 2848 alii.

2273 1375 2400 1432 556.
2445 1376 2594 1442 Ald.,
2623 1374 2818 1442 Torn.,
2852 1374 3108 1443 Iladam.,
3145 1374 3303 1440 Dav.,
3330 1383 3387 1428 et
3407 1371 3524 1438 alii,
3556 1369 3800 1440 Sedibus,

2202 1457 2250 1500 et
2277 1446 2516 1502 domibus
2547 1456 2728 1501 natum
2766 1457 2839 1502 est
2871 1447 3110 1501 habitare
3145 1461 3367 1500 necesse.
3401 1443 3562 1514 Reg.,
3593 1451 3650 1514 et
3687 1444 3800 1514 Ott.

2203 1529 2417 1573 veteres
2447 1534 2580 1573 mss.
2606 1533 2727 1572 cum
2753 1517 3051 1573 recentiori
3083 1517 3272 1572 codice
3301 1514 3535 1570 Romani
3564 1513 3803 1582 collegii:

2207 1588 2452 1654 Sedibus,
2496 1600 2542 1643 et
2583 1588 2818 1643 domibus
2844 1599 3025 1644 natum
3054 1589 3346 1642 inhabitare
3368 1602 3573 1640 necesse
3595 1595 3688 1639 est.
3719 1586 3797 1640 lta

2207 1659 2380 1714 edidit
2409 1659 2710 1718 Fabricius.
2745 1661 2851 1713 nisi
2879 1660 3024 1729 quod
3061 1660 3221 1713 initio
3251 1658 3382 1727 legit
3411 1656 3628 1729 uadibus.
3655 1666 3806 1729 atque

2208 1729 2384 1786 domo.
2417 1732 2607 1787 Melius
2656 1740 2740 1786 est
2771 1728 3020 1797 Sedibus,
3054 1747 3176 1783 nam
3218 1729 3478 1796 templum
3511 1728 3671 1783 sedes
3701 1728 3807 1781 Do-

2135 1790 2182 1849 B
2213 1803 2341 1856 mini
2372 1803 2703 1872 appellatur,
2736 1812 2790 1857 ει
2838 1790 3018 1870 paulo
3045 1813 3172 1856 ante
3203 1790 3404 1872 dicitur
3435 1800 3709 1870 templique
3729 1799 3806 1872 _itt

2209 1874 2348 1927 sede.
2382 1869 2526 1928 Idem
2563 1869 2867 1938 Fabricius,
2905 1873 2960 1926 in
2992 1873 3194 1938 indice,
3226 1871 3342 1926 sive
3382 1869 3802 1933 commentario,

2209 1946 2380 1997 verbo
2427 1944 2739 2010 inhabitare,
2791 1952 2964 2003 notat.
3018 1944 3248 2012 primam
3301 1942 3443 2012 apud
3495 1941 3801 1996 Iuvencum

2210 2029 2330 2070 esse
2362 2015 2602 2085 longam,
2639 2016 2714 2070 uti
2745 2014 2884 2085 apud
2916 2014 3301 2080 Fortunatum,
3335 2014 3400 2066 de
3432 2013 3648 2081 gaudiis
3679 2012 3806 2085 vita:

2209 2096 2429 2160 aeterna;
2458 2083 2477 2140 Ξ
2509 2083 2811 2160 Virgineam
2834 2088 3069 2160 gaudens
3095 2084 3387 2160 inhabitare
3418 2085 3648 2160 dominii.
3677 2083 3806 2138 Bar-

2213 2157 2379 2224 thius,
2414 2158 2538 2214 libr.
2574 2155 2686 2218 xiii.
2720 2155 2852 2226 cap.‘
2880 2157 2964 2221 l7,
3015 2156 3285 2211 similibus
3314 2155 3582 2224 exemplis
3626 2157 3803 2226 Auso-

2209 2229 2306 2295 nii,
2339 2229 2621 2290 Altltelmi.
2650 2225 2803 2284 Jouaé
2833 2228 3039 2282 Aurelii
3081 2226 3347 2290 ostendit,
3376 2225 3517 2294 apud
3561 2225 3802 2291 soriplo-

2202 2314 2316 2363 res,
2376 2301 2675 2370 przesertim
2740 2299 2988 2354 cadentis
3044 2298 3331 2370 latinitatis
3374 2296 3498 2370 hin
3550 2297 3806 2370 versibus

2205 2370 2443 2426 valuisse
2476 2371 2740 2435 litteram,
2769 2386 2833 2425 ac
2867 2370 3099 2440 juvisse,
3143 2379 3203 2424 ut
3233 2369 3443 2440 syllaba
3477 2369 3806 2440 producere-

2205 2452 2335 2495 tur:
2373 2442 2661 2512 laudatque
2712 2439 3071 2504 huncipsum
3103 2439 3330 2512 Iuvenci
3382 2455 3621 2512 versum.
3674 2439 3805 2512 Bec-

2204 2527 2416 2584 manus,
2463 2509 2591 2584 cap:
2631 2515 2688 2578 4,
2734 2513 3053 2584 lllanuduct.
3103 2513 3157 2566 in
3209 2511 3338 2581 ling.
3391 2510 3538 2574 Lat.,
3588 2509 3801 2584 probat,

2205 2583 2478 2639 immerito
2501 2581 2721 2639 h'eximi
2753 2600 2784 2639 e
2823 2599 2991 2640 sensu
3023 2582 3351 2650 litterarum,
3393 2597 3518 2636 cum
3549 2582 3623 2635 ob
3667 2581 3805 2634 alias

2204 2655 2472 2726 rationes,
2507 2665 2618 2710 tum
2650 2655 2778 2726 quia
2809 2670 2957 2726 saepe
2985 2654 3316 2726 positionem
3347 2651 3541 2726 efﬁcit,
3573 2660 3634 2706 ut
3662 2651 3804 2726 apud

2204 2724 2512 2794 Virgilium,
2544 2723 2718 2796 eclog.
2752 2725 2806 2793 6,
2839 2723 3080 2782 vers.’5'5
3105 2743 3117 2780 :
3143 2725 3248 2780 Ille
3271 2727 3406 2779 tatus
3428 2725 3638 2778 niveum
3659 2723 3805 2777 molli

2206 2797 2370 2866 fultus
2400 2797 2705 2868 hyacintho.

2014 2907 2247 2965 NOTAE.

574 3013 698 3069 εει.
745 3009 812 3066 In
841 3008 1057 3081 papula,
1109 3006 1164 3081 in
1204 3003 1587 3081 multitudine,
1627 3004 1687 3081 in.
1713 3003 1890 3058 turba.
1943 3002 2093 3081 Hanc
2121 3002 2164 3064 C
2199 3005 2400 3081 sinsin
2447 3009 2572 3081 cod.
2613 3007 2856 3081 iTheodq
2892 3007 3078 3081 Victor
3129 3009 3389 3078 Vitcnsis,
3436 3006 3720 3073 Alcuinus,
3749 3016 3805 3066 ct

503 3087 643 3145 cnim
671 3073 1119 3153 signiﬁcationem
1145 3077 1308 3153 habet
1324 3077 1494 3153 etiam
1527 3073 1774 3153 populus,
1798 3084 1861 3153 ut
1877 3074 2093 3153 ostendi

501 3160 568 3214 ad
599 3145 854 3210 Prudent.
891 3155 1073 3223 hymn.
1107 3165 1175 3223 _xr
1209 3149 1523 3223 _Peristeph.
1556 3145 1700 3223 vers.
1736 3151 1802 3223 5._
1825 3145 2098 3223 qmeisius

502 3235 681 3286 minus
715 3235 841 3292 apte
868 3217 983 3277 h:éc
1012 3221 1174 3275 verba
1201 3221 1254 3274 iu
1286 3217 1477 3292 popqu
1520 3218 1690 3292 refert
1737 3217 1817 3292 ad_
1854 3219 2097 3289 Evange-

503 3303 644 3358 Iistae
691 3288 852 3351 verba
907 3295 962 3346 in
1015 3288 1291 3346 comitatu.
1325 3289 1744 3360 Schoettgenius
1792 3288 2095 3344 Iuvencum

501 3369 799 3439 redarguit,
830 3363 977 3436 quod
1005 3370 1230 3429 Statuzit,
1261 3360 1536 3439 C_l_)_ristum
1571 3361 1676 3426 iam
1712 3360 1878 3415 fuisse
1912 3361 1965 3439 i_n
1989 3361 2090 3424 via,

501 3454 556 3499 ει
586 3431 794 3496 deinde
817 3431 1101 3491 reversum
1130 3449 1256 3488 esse
1288 3431 1721 3504 Hierosolymam
1747 3449 1760 3485 :
1801 3432 1943 3501 quod
1971 3448 2096 3487 cum

501 3511 844 3581 Evangelista
896 3514 1126 3581 pugnat,
1179 3506 1378 3581 quippe
1435 3501 1557 3581 qui'
1599 3501 1807 3581 diserte
1859 3504 2092 3581 _asscrit,

499 3572 775 3641 Christum
797 3572 1057 3634 stat—im'in
1080 3572 1289 3647 templo
1315 3572 1601 3647 mansisse.
1621 3572 1692 3628 At
1713 3572 2096 3647 vereJuvenco

499 3672 622 3713 cum
647 3651 994 3723 Evangelista
1023 3645 1226 3717 optime
1253 3645 1596 3723 convenire_,_
1625 3645 1881 3723 perlectis
1912 3647 2092 3700 Evan-

498 3727 624 3798 gelii
652 3715 853 3798 verbis,
904 3715 1092 3791 aperte
1134 3718 1500 3798 convincitur.
1543 3717 1634 3773 Sic
1682 3716 1756 3770 ait
1802 3715 1978 3798 [ducas
2026 3732 2093 3784 ll,

498 3789 570 3857 λδ
613 3813 734 3866 seq.
763 3812 774 3846 :
810 3789 1291 3866 Consummatisque
1337 3789 1539 3866 diebus,
1583 3805 1698 3842 cum
1731 3790 1977 3853 redirent,
2010 3806 2094 3842 re-

498 3860 847 3933 mansit-puer
875 3863 1032 3933 Iesus
1075 3861 1130 3933 in
1172 3860 1489 3926 Jerusalem,
1530 3869 1722 3933 etnon
1749 3870 2096 3933 cognoverunt

497 3931 734 4011 parentes
765 3937 897 4007 ejus.
929 3932 1298 4011 Existimant“
1328 3931 1693 4011 autemniltum
1717 3947 1826 4011 esse
1856 3932 1907 3984 in
1936 3933 2098 4011 comi-

498 4000 628 4078 iatu,
656 4000 898 4063 venerunt
923 4005 1022 4078 iter
1046 4003 1168 4078 diei.
1194 4001 1474 4078 Iuvencus
1497 4000 1598 4078 ait,
1623 4000 1768 4078 quod
1789 4017 1914 4071 puer
1940 4003 2100 4056 comi-

497 4083 562 4136 tis
591 4072 806 4144 vestigia
846 4075 1026 4130 matris
1073 4073 1335 4140 deseruit,
1389 4072 1666 4144 templique
1709 4072 1870 4144 libens
1901 4082 2098 4127 secreta

497 4097 562 4136 ιιε
591 4097 715 4136 vestr
755 4097 806 4131 la
846 4097 1026 4130 matris
1073 4097 1335 4140 uescruu,
1389 4097 1665 4144 scmpuquc
1709 4097 1869 4125 uacus
1901 4097 2098 4127 secreta

497 4154 695 4226 petivit.
719 4097 786 4206 {id
814 4147 930 4226 ﬁeri
955 4145 1150 4218 potuit.
1174 4145 1289 4200 sive
1301 4158 1457 4226 puer
1476 4146 1528 4197 in
1563 4142 1769 4226 templo
1795 4143 2098 4226 deseruerit

495 4214 722 4295 'vestigia
757 4214 980 4282 matris,
1012 4232 1085 4295 _ac
1113 4219 1412 4295 secretiora
1445 4215 1631 4295 templi
1658 4214 1779 4270 loca
1807 4215 2059 4295 petiverit
2081 4256 2094 4280 ,

497 4297 613 4352 sive
641 4287 802 4349 cura
857 4289 1120 4358 templum
1154 4289 1209 4342 in
1243 4287 1375 4342 urbe
1405 4303 1431 4340 a
1465 4293 1640 4341 matre
1670 4287 1987 4351 recesserit,
2034 4301 2097 4342 ac

497 4366 700 4423 sesein
734 4362 992 4431 templum
1026 4359 1336 4431 receperit:
1371 4358 1512 4431 quod
1548 4366 1880 4424 postremum
1916 4359 2095 4411 Evan-

533 4440 688 4492 elista
737 4443 792 4489 et
835 4428 1110 4488 Iuvencus
1153 4428 1404 4485 innuunt.
1438 4428 1656 4484 Falsum
1681 4431 1826 4484 enim
1856 4439 1972 4493 est,
2025 4446 2092 4485 ex

525 4495 796 4578 ivangelio
819 4512 1098 4578 constare,
1129 4517 1360 4578 puerum
1382 4495 1566 4556 Statim
1594 4501 1646 4554 in
1678 4499 1887 4571 templo
1937 4516 2094 4578 man-

497 4571 834 4646 sissefQuod
881 4585 1064 4630 autem
1110 4572 1186 4627 ait
1237 4571 1533 4646 Iuvencus,
1588 4586 1816 4646 puerum
1869 4573 2090 4646 vestigia

497 4642 1042 4711 matris'deseruisse,
1070 4647 1300 4700 fortasse
1324 4642 1588 4698 denotare
1619 4644 1729 4696 vult
1757 4642 2088 4711 singularem

496 4722 648 4792 pueri
678 4734 916 4792 amorem
941 4733 1066 4792 erga
1090 4726 1341 4792 matrem,
1359 4713 1515 4792 cujus
1537 4715 2086 4792 vestigianumquam

495 4784 630 4849 alias
661 4791 967 4847 deserebat.
1001 4784 1239 4842 Narrant
1281 4785 1486 4850 Judaei,
1538 4786 1682 4838 hunc
1710 4784 1836 4839 olim
1879 4801 2086 4840 murem

491 4863 698 4929 fuisse,
747 4872 803 4917 ut
837 4874 1090 4916 seorsum
1135 4858 1272 4926 viri,
1321 4872 1386 4912 ac
1433 4871 1685 4912 seorsum
1735 4856 1953 4910 fetuinaa
1986 4858 2090 4913 iter

492 4935 771 4996 facerent.
825 4947 950 4988 cum
1004 4929 1436 5002 Hierosolymam
1499 4936 1771 4998 peterent,
1820 4938 1913 4980 aut
1963 4929 2088 5002 inde

494 5014 927 5065 reverterentur.
963 5001 1143 5065 Pueri,
1195 4998 1273 5054 ut'
1298 4998 1527 5056 credere
1557 5013 1656 5069 par
1687 5005 1791 5062 est,
1823 4999 2088 5055 matribus

491 5079 866 5135 adhaerebant.
920 5074 1063 5130 Puer
1107 5071 1299 5140 Iesus,
1349 5087 1471 5126 cum
1498 5072 1610 5140 jam
1641 5079 1788 5126 esset
1816 5085 2085 5126 annorum

489 5149 800 5213 duodecim,
855 5147 1080 5216 vestigia
1130 5145 1322 5216 matris
1380 5143 1651 5216 deseruit,
1712 5150 1769 5196 ut
1804 5144 2084 5216 _templnm

488 5233 724 5290 peteret.
758 5220 953 5290 Mater,
994 5212 1056 5290 ut
1102 5215 1338 5290 videtur,
1384 5213 1754 5281 existimabat,
1803 5212 1907 5269 hoc
1935 5215 2082 5268 illum

487 5286 706 5357 fecisse,
735 5305 796 5348 ut
819 5307 879 5347 se
908 5286 1040 5343 viris
1069 5287 1414 5356 adjungeret.

558 5355 703 5420 325.7
727 5364 939 5427 Strata,
969 5368 1148 5412 strata:
1189 5355 1288 5426 pro
1328 5358 1436 5424 via,
1472 5371 1540 5412 ex
1585 5371 1692 5427 quo
1727 5355 1859 5416 ltali.
1891 5355 2085 5427 Ilispa-

487 5435 652 5506 nique
705 5423 1154 5506 vocant'strada,
1192 5423 1436 5506 estrada.
1508 5423 1859 5506 Antiquiores
1900 5423 2083 5506 Latini

483 5498 735 5561 dicebant
757 5515 920 5562 strata
943 5503 1061 5558 via:
1097 5499 1374 5571 Virgilius,
1405 5500 1640 5570 poetice,
1662 5503 1698 5553 ι.
1717 5516 1756 5565 ι,
1783 5498 2082 5556 νει-ε.426ε

483 5576 667 5632 Strata
710 5578 951 5639 uiarum,
1001 5583 1062 5631 ut
1109 5572 1288 5644 Opaca
1313 5573 1565 5627 locorum.
1638 5571 1922 5642 Sequioris
1981 5571 2082 5626 aevi

475 5649 774 5719 scriptores
802 5648 1002 5719 passim
1031 5661 1098 5719 eo
1124 5643 1390 5701 vocabulo
1420 5652 1586 5719 strata
1605 5687 1620 5711 ,
1643 5643 2082 5719 stratazuteban-

480 5714 609 5791 tur,'
625 5727 684 5775 ut
710 5714 1022 5788 Eutropius,
1063 5717 1424 5787 imperatores
1455 5714 1732 5773 Honorius
1756 5714 2082 5772 et'l‘heodo-

2201 3076 2312 3202 But.
2346 3078 2546 3164 Confer
2597 3080 2924 3147 Cellarium,
2976 3080 3044 3137 de
3092 3081 3316 3136 barbar.
3369 3076 3476 3137 Cur
3528 3091 3706 3153 post.,
3748 3089 3804 3137 et

2253 3165 2560 3202 ῑιειιηριιιηι.

2253 3165 2560 3222 ucangtum.

2271 3221 2411 3277 526.
2447 3223 2680 3280 Verbum
2726 3225 3084 3296 Evangelistse
3122 3224 3470 3294 Requirebant
3511 3241 3626 3278 eum
3671 3225 3804 3296 inter

2200 3303 2447 3362 cognatos
2473 3305 2518 3348 et
2551 3306 2715 3361 notos,
2743 3295 3004 3367 majorem
3030 3296 3194 3349 animi
3219 3297 3571 3351 attentionem
3603 3295 3798 3362 innuit,

2200 3378 2358 3432 quam
2391 3368 2620 3435 simplex
2646 3369 2867 3423 verbum
2892 3369 3169 3435 quterebat.
3205 3367 3369 3420 Addit
3398 3378 3576 3422 tamen
3601 3367 3800 3421 Juven-

2199 3450 2316 3517 cus,
2354 3446 2408 3489 ut
2430 3437 2792 3507 diligentiam,
2817 3448 2876 3495 et
2895 3439 3247 3495 sedulitatem
3273 3437 3568 3508 signiticet,
3599 3438 3801 3510 Perque

2200 3515 2339 3558 tteris
2366 3517 2573 3563 stratas.

2241 3577 2397 3658 527.
2443 3579 2646 3658 Chorea
2692 3581 2798 3637 hoc
2845 3581 2965 3637 loco
3011 3581 3282 3651 signiﬁcat
3330 3581 3564 3658 chorum,
3610 3596 3640 3634 a
3687 3597 3798 3658 qum

2199 3647 2402 3703 dicitur
2449 3652 2658 3718 chorea,
2716 3668 2911 3718 nempe
2955 3647 3176 3717 emtum,
3211 3665 3308 3706 seu
3347 3647 3800 3707 comitMumei

2201 3720 2350 3794 legas
2382 3731 2656 3794 vatumque
2702 3739 2928 3785 coronat,
2971 3725 3250 3791 explicare
3295 3724 3505 3794 poteris
3550 3723 3801 3794 Evange-

2201 3791 2336 3845 listm
2364 3791 2660 3859 verbis,ln
2695 3797 2862 3848 medio
2893 3794 3192 3848 doctarum.

2442 3863 2641 3938 liegum
2664 3867 2900 3923 obscura.
2932 3865 3056 3920 vide
3091 3864 3396 3938 vers.A18‘ll.

2273 3935 2398 3991 5'29.
2455 3935 2808 4003 Tractantem,
2861 3939 3088 3991 verbum
3145 3935 3602 3991 ecclesiasticum.
3659 3935 3797 3991 Vide

2200 4018 2398 4059 comm.
2432 4007 2597 4062 Prud.
2633 4010 2700 4065 15
2733 4009 2930 4064 Perist.
2970 4009 3092 4063 IOl.

2271 4076 2396 4132 550.
2441 4077 2723 4133 Fabricius
2754 4082 2807 4133 in
2833 4080 3204 4135 Commentar.
3239 4090 3384 4148 poet.
3418 4077 3614 4132 christ.
3647 4077 3792 4133 acci-

2201 4146 2278 4217 pit
2308 4147 2582 4216 adjective
2611 4150 2836 4207 senibus.
2869 4160 2925 4206 et
2955 4146 3351 4217 interpretatur
3402 4151 3566 4204 verbis
3597 4147 3793 4203 homini

2199 4219 2308 4270 seni
2335 4221 2771 4275 convenientibus.
2800 4219 2943 4276 Nihil
2968 4224 3204 4290 ineptius
3229 4221 3336 4275 dici
3365 4227 3556 4288 potuit.
3589 4223 3792 4276 Sensus

2201 4304 2363 4344 verus
2385 4301 2502 4346 est:
2530 4290 2629 4345 Vix
2654 4307 2816 4347 senes
2846 4292 2980 4346 satis
3003 4292 3162 4361 digne
3184 4293 3600 4346 admirabantur
3628 4293 3792 4346 verba

2121 4397 2176 4458 Β
2791 4363 2865 4417 ait
2901 4383 2912 4418 :
2949 4363 3241 4430 Stupebant
3273 4374 3449 4417 autem
3479 4379 3676 4426 omnes,
3703 4380 3791 4433 qut

2201 4449 2312 4486 eum
2339 4433 2643 4504 audiebant,
2675 4446 2783 4488 etc.

2267 4504 2391 4558 552.
2435 4506 2494 4560 S.
2526 4504 2752 4574 .loseph,
2778 4516 2835 4561 ut
2866 4514 3021 4576 pater
3065 4512 3285 4574 putatus
3318 4505 3444 4561 Jesu
3475 4504 3679 4560 Christi
3711 4505 3797 4558 di-

2194 4574 2354 4638 citur,
2422 4578 2493 4630 ita
2538 4577 2752 4645 genitor
2807 4574 3024 4644 putatus
3055 4593 3083 4630 a
3114 4579 3360 4632 Juvenco
3408 4576 3628 4630 dicitur.
3679 4576 3794 4630 Non

2196 4655 2377 4718 tamen
2412 4646 2574 4701 facile
2607 4649 2722 4702 haec
2754 4649 3050 4718 appellatio
3081 4660 3240 4702 extra
3275 4657 3508 4703 metrum
3541 4648 3794 4712 usurpari

2194 4717 2358 4789 debet
2389 4737 2402 4773 :
2438 4734 2558 4772 nam
2587 4720 2646 4774 S.
2680 4717 2881 4789 Joseph
2914 4729 3068 4788 pater
3109 4721 3274 4773 etiam
3321 4719 3442 4774 aliis
3487 4718 3796 4772 rationibus

2192 4787 2300 4861 dici
2339 4790 2537 4861 potuit,
2570 4798 2625 4843 at
2657 4787 2872 4861 genitttr
2903 4787 3266 4861 solttquuia
3299 4791 3372 4843 ita
3422 4789 3585 4858 vulgo
3615 4801 3796 4861 puta-

2195 4859 2371 4915 batur.
2407 4859 2868 4932 Adisissuarium
2902 4870 3034 4916 tom.
3065 4859 3233 4928 XVII,
3262 4871 3406 4932 part.
3431 4877 3493 4927 ιι,
3518 4861 3585 4915 de
3612 4860 3796 4915 lncar-

2194 4941 2304 4984 nat.
2338 4941 2537 5004 quaest.
2577 4931 2670 4998 29,
2699 4933 2843 5004 disp.
2869 4933 2924 4997 8,
2953 4942 3088 4987 sect.
3125 4934 3178 4985 t.

2263 5005 2388 5058 555.
2434 5001 2706 5058 Retentare
2738 5001 2964 5058 verbum
3009 5003 3470 5070 frequentativum
3517 5018 3545 5055 a
3593 5003 3792 5056 retineo

2192 5073 2382 5129 eadem
2413 5074 2526 5129 fere
2554 5074 2996 5145 signiticationea
3020 5075 3206 5128 multis
3236 5075 3396 5129 bonis
3421 5075 3792 5143 scriptoribus

2192 5159 2531 5210 usurpatum.
2565 5146 2687 5200 Alio
2716 5161 2878 5200 sensu
2910 5156 3170 5200 retentare
3199 5157 3283 5200 est
3315 5145 3515 5200 iterum
3547 5153 3788 5200 tentare.

2262 5216 2388 5271 554.
2431 5215 2677 5276 Tantum.
2711 5225 3014 5286 tatttOpere,
3049 5225 3107 5271 ut
3132 5230 3295 5285 supra
3327 5232 3381 5271 ν.
3409 5217 3497 5270 79.

2260 5288 2385 5358 556.
2431 5287 2608 5342 Verba
2644 5287 2884 5358 Vulgata:
2911 5299 3057 5354 sunt,
3085 5286 3428 5358 Nesciebutis,
3457 5287 3588 5355 quia
3607 5288 3662 5341 in
3685 5287 3788 5354 his,

2187 5375 2303 5428 quae
2334 5357 2515 5414 Patris
2540 5358 2638 5412 mei
2667 5356 2808 5426 sunt,
2839 5369 3040 5422 oportet
3065 5377 3144 5413 me
3163 5361 3317 5414 esse?
3354 5356 3648 5413 Cunsentit
3678 5358 3790 5413 Ita-

2190 5429 2374 5513 licanin
2406 5431 2684 5513 plerisque
2714 5431 2990 5486 codicibus
3026 5449 3036 5484 :
3067 5429 3162 5513 sed
3189 5431 3245 5513 in
3274 5429 3630 5513 Cor-bemus,
3657 5430 3790 5513 quia

2189 5501 2241 5553 in
2287 5499 2465 5555 Patris
2512 5499 2610 5554 mei
2640 5510 2841 5568 oportet
2887 5518 2966 5555 me
3006 5503 3153 5556 esse?
3203 5501 3602 5567 Tertullianus,
3657 5499 3785 5557 libr.

2187 5582 2376 5627 contra
2424 5573 2616 5638 Prax.,
2645 5573 2862 5642 quodin
2912 5571 3099 5642 Patris
3139 5573 3238 5628 mei
3268 5588 3347 5626 me
3389 5588 3501 5627 esse
3550 5573 3791 5641 oportet?

2185 5643 2532 5716 Ambrosius,
2564 5641 2688 5714 quia
2715 5645 2770 5698 in
2809 5645 3022 5716 propria
3075 5641 3404 5716 Patrisrmei
3455 5654 3659 5716 oportet
3709 5660 3789 5716 me

2187 5717 2342 5772 esse?
2390 5715 2448 5772 S.
2503 5714 2611 5772 Leo
2640 5714 3098 5787 Magnus,'epist.
3137 5715 3226 5783 l6,
3277 5715 3329 5770 in
3375 5715 3614 5787 quodam
3656 5714 3784 5772 cod.
