4176 6180
622 376 688 435 Ut
713 375 869 444 vidit,
901 373 1244 444 similemque
1273 370 1426 427 dedit
1453 369 1523 425 de
1546 368 1730 424 littore
1757 381 1969 434 vocem,
2093 391 2142 448 Α

619 470 702 527 1111
723 467 1036 526 Zebedeum
1065 467 1372 538 genitorem
1404 464 1458 520 in
1483 477 1662 534 puppe
1692 461 2012 531 relinquunt

471 562 579 622 470
614 563 785 628 Illico,
821 567 1098 616 sectantes
1127 556 1494 628 pulcherrima
1519 554 1671 625 jussa
1710 553 1920 609 salutis.

620 657 756 713 Exin
783 670 880 726 per
913 661 1116 709 terram
1143 650 1385 707 Galilazae
1413 655 1599 704 sancta
1626 647 1844 703 serebat

620 748 912 804 lnsinuans
936 744 1150 816 populis
1179 743 1331 812 regni
1355 739 1631 812 praeconia
1659 737 1937 802 Christus,

623 841 978 909 Donabatque
998 839 1163 894 citam
1191 836 1372 899 fessis,
1402 833 1670 905 aegrisque
1695 831 1982 897 medelam,

555 935 714 1009 13o
741 935 806 990 Et
829 947 953 988 mox
997 931 1190 987 crebra
1219 929 1409 1001 procul
1435 927 1646 1000 Syriam
1685 928 1794 998 jam
1825 925 1965 981 fama
1996 934 2077 980 te-

1791 1018 1999 1092 [ncbat,

479 1118 584 1174 475
624 1117 770 1174 Mille
792 1132 995 1173 sonans
1028 1115 1222 1186 linguis
1245 1115 1544 1186 praesentia
1571 1127 1794 1168 munera
1821 1111 2046 1167 Christi.

628 1209 870 1278 Denique
897 1207 1148 1264 certatim
1177 1207 1456 1278 languoris
1483 1207 1608 1261 tabe
1637 1220 1884 1277 peresos,

624 1300 983 1372 Diversisque
1015 1300 1172 1356 malis
1198 1315 1395 1368 nexos,
1428 1300 1586 1370 queis
1611 1300 1769 1370 longa
1791 1298 2042 1354 dolorum

623 1393 944 1461 Absumpsit
973 1392 1243 1462 popularis
1268 1392 1638 1446 membrorum
1669 1391 1866 1445 robora
1910 1389 2080 1457 tabes,

620 1483 996 1540 Monstrabant
1017 1483 1238 1538 Christo
1263 1501 1275 1536 :
1306 1482 1448 1538 facili
1479 1482 1576 1538 sed
1601 1496 1832 1537 munere
1857 1489 2086 1536 cunctos

483 1576 594 1633 480
632 1576 916 1632 Reddebat
945 1591 1180 1647 propere
1209 1575 1456 1631 miranda
1483 1575 1551 1630 ad
1577 1576 1775 1646 gaudia
1805 1589 1992 1631 sanos.

1723 249 1786 304 C.
1829 249 1891 305 V.
1936 247 2168 317 AQUIL.
2210 244 2496 304 JUVENCI

3661 205 3766 298 reo

2310 365 2540 436 Jamque
2563 362 2760 418 animat
2792 361 2962 433 ipsius
2989 361 3191 426 morbi,
3225 357 3466 428 sazvique
3493 356 3729 426 furores,

2315 456 2385 513 Et
2405 457 2550 513 luna:
2570 471 2796 512 cursum
2825 453 3086 510 comitata
3116 451 3326 507 insania
3355 449 3556 506 mentis

2313 551 2630 607 Discessere
2653 547 2806 620 gravi
2832 547 3106 604 sermonis
3127 542 3369 616 pondere
3395 544 3569 612 jussa.

2322 644 2476 718 131
2494 644 2647 700 Illum
2667 643 2932 712 stipantes
2955 639 3212 694 miracula
3238 651 3428 706 magna
3453 643 3764 691 moventem

2176 738 2282 796 485
2319 738 2499 793 Minae
2527 744 2808 791 sectantur
2833 731 3028 796 turbat,
3061 729 3401 800 Solymique,
3433 725 3688 798 Syrique,

2324 831 2391 885 Et
2415 821 2600 885 Iudaea
2635 829 2891 898 frequens
2921 823 3131 894 populis
3151 864 3168 889 ,
3197 822 3534 890 Galilataque
3560 820 3768 890 plebes,

2323 924 2473 990 Quos
2498 931 2555 976 et
2580 919 2834 976 Jordanis
2861 917 3070 972 dirimit
3093 925 3378 985 stagnante
3406 913 3634 969 fluento.

2393 1016 2502 1070 Hos
2527 1012 2752 1084 populos
2769 1025 3026 1075 cernens,
3048 1009 3308 1078 praecelsa
3327 1007 3378 1061 iii
3401 1021 3532 1076 rupe
3546 1004 3769 1072 resedit,

2327 1107 2408 1163 Ac
2433 1107 2513 1161 sic
2537 1102 2822 1174 discipulis
2847 1100 3115 1172 gremium
3141 1098 3490 1170 cingentibus
3519 1096 3673 1152 infit:

2181 1200 2288 1258 490
2327 1199 2540 1255 Felices
2569 1195 2825 1260 humiles,
2858 1207 3063 1262 pauper
3091 1206 3230 1261 quos
3259 1191 3485 1260 spiritus
3514 1189 3715 1244 ambit:

2325 1292 2452 1348 Illos
2486 1305 2608 1346 nam
2639 1289 2765 1344 caeli
2795 1301 3022 1357 regnum
3050 1284 3285 1339 sublime
3315 1289 3580 1352 receptat.

2331 1387 2425 1443 llis
2454 1384 2662 1440 similes
2689 1383 2868 1448 mites,
2895 1394 3034 1451 quos
3064 1379 3426 1434 mansuetudo
3453 1386 3702 1441 coronat,

2329 1480 2570 1546 Quorum
2602 1475 2834 1533 debetur
2856 1474 2965 1544 juri
2999 1469 3364 1541 pulcherrima
3396 1469 3581 1524 tellus.

2328 1573 2440 1630 llos
2467 1570 2630 1628 modo
2661 1569 2912 1640 lugentes
2939 1562 3128 1621 solatia
3159 1563 3321 1634 digna
3349 1571 3672 1634 sequentur.

1711 1687 2095 1747 LECTIONES
2134 1685 2551 1744 VARIANTES.

557 1792 683 1849 469.
721 1791 778 1845 In
825 1788 1105 1845 nonnullis
1134 1787 1294 1844 editis
1325 1785 1466 1841 male
1513 1785 1777 1856 scriptum
1808 1792 1894 1842 est
1923 1783 2080 1839 Zebe—
2111 1786 2158 1846 Β
2206 1855 2209 1856 ν
2254 1781 2380 1838 476.
2414 1780 2537 1856 Ald.
2569 1779 2714 1846 Bas.,
2761 1780 3052 1850 languores.
3077 1777 3204 1833 Mss.
3247 1785 3302 1832 et
3331 1775 3582 1847 plerique
3627 1777 3786 1844 editi,

488 1865 678 1920 dteum.

562 1978 693 2033 471.
727 1977 883 2044 Reg.,
909 1973 1048 2039 Ott.,
1080 1982 1393 2044 perterrant
1439 1969 1715 2044 Gialt'leam.
1765 1968 1928 2044 Rom.
1961 1983 2087 2044 cum

492 2048 654 2104 editis
685 2039 920 2111 Galilete,
950 2045 1036 2100 vel
1073 2039 1331 2097 Galiltew.
1365 2042 1597 2106 Poelm.,
1629 2054 1732 2110 pro
1760 2039 1973 2094 diversa
2016 2039 2093 2093 le-

490 2121 692 2186 ctione,
723 2126 903 2172 sancta
923 2115 1115 2182 ferebat
1134 2130 1151 2168 :
1169 2129 1290 2184 quae
1312 2112 1476 2168 lectio
1504 2111 1846 2166 incommoda
1861 2125 1967 2164 non
1982 2117 2089 2175 est,

493 2190 589 2247 sed
621 2189 817 2246 melior
846 2196 930 2242 est
957 2187 1176 2240 serebat.

565 2293 691 2349 475.
720 2290 883 2360 Reg.,
915 2287 1112 2353 'l‘orn.,
1143 2287 1298 2360 citam
1317 2285 1800 2360 fessis,_tegrisque;
1833 2291 1887 2360 et
1911 2281 2093 2360 glossa

495 2363 658 2446 Reg.”
690 2353 931 2416 invalidis
967 2373 1132 2429 supra
1161 2353 1332 2428 fessis.
1355 2353 1614 2428 Plerique
1641 2355 1798 2410 citant
1831 2353 2091 2422 invalidis,

493 2449 766 2507 tegnsque.

2193 1853 2479 1908 lanauoris.

2265 1871 2585 1993 ibit-ﬁrme,
2635 1922 2826 1985 Torn.,
2859 1922 3118 1993 dolorum.
3165 1921 3304 1986 Ott.,
3358 1919 3574 1974 doloris.
3622 1919 3784 1976 Rom.

2195 2012 2319 2052 cum
2355 1992 2626 2064 plerisque
2654 1994 2840 2064 editis.
2873 1992 3072 2047 dolore.

2265 2060 2392 2123 479.
2427 2060 2609 2130 Rotn.,
2643 2063 3040 2118 Monstrabant:
3079 2060 3312 2132 Christus
3348 2061 3491 2132 facili
3516 2064 3603 2117 sed
3638 2080 3785 2116 mur-

2195 2154 2342 2192 mure
2362 2146 2589 2199 cunctos,
2616 2143 2672 2190 et
2695 2149 3003 2190 correctum
3030 2134 3082 2190 id
3105 2149 3204 2204 per
3250 2131 3484 2187 Christus
3511 2134 3664 2198 facile
3695 2135 3786 2188 sub

2194 2226 2406 2264 munere
2435 2218 2664 2261 cunctos.
2698 2206 2912 2276 Reliqui
2937 2221 3125 2261 omnes
3155 2245 3170 2269 ,
3203 2219 3340 2273 quos
3367 2205 3496 2273 vidi,
3526 2204 3791 2260 Monstra-

2197 2282 2320 2335 battt
2341 2279 2546 2335 Christo
2565 2295 2583 2332 :
2611 2279 2757 2348 facili
2784 2276 2874 2332 sed
2899 2294 3108 2332 munere
3133 2285 3362 2330 cunctos.

2266 2353 2393 2408 480.
2427 2353 2610 2415 Rom.,
2641 2360 2886 2404 sanctos:
2917 2352 3150 2419 corrige,
3179 2363 3356 2419 sanos,

2269 2423 2398 2480 494.
2432 2421 2590 2493 Reg.,
2619 2419 2735 2475 Hoc
2761 2423 2912 2476 modo
2939 2417 3168 2492 lugentes
3189 2417 3376 2474 solatio
3397 2419 3556 2491 digna
3579 2435 3794 2492 sequen-

2026 2537 2260 2596 ΝΟΤΙΕ.

499 2642 796 2712 Hispanice
821 2640 1127 2712 mallasLtit
1155 2635 1390 2712 explicui
1437 2633 1504 2690 ad
1526 2633 1784 2689 Prudent.
1836 2633 2036 2712 hymn.
2059 2636 2093 2688 5

497 2705 777 2779 Catliem.,
805 2728 857 2766 v.
890 2709 982 2764 42.
1015 2705 1162 2764 11ἰιιο
1182 2705 1480 2762 maculosus
1520 2714 1688 2779 textus
1714 2719 1811 2779 pro
1841 2705 2092 2779 maculis,

503 2799 602 2842 seu
629 2775 772 2840 retii
822 2797 930 2854 quo
968 2790 1158 2854 tamen
1181 2793 1346 2834 sensu
1393 2791 1502 2832 non
1543 2775 1786 2841 invenio,
1844 2776 2096 2845 quisnam

499 2855 640 2911 alius
665 2851 961 2909 maculosus
990 2851 1205 2906 dixerit.

574 2925 701 2982 469.
732 2925 940 2980 Eodem
967 2923 1251 2978 intervallo
1274 2920 1608 2992 syllabarum
1632 2917 1840 2992 iterum
1859 2918 2101 2992 occurrit

506 2996 790 3061 Zebedeus,
823 2994 944 3048 libr.
978 3009 1058 3058 tu,
1087 3009 1140 3048 v.
1188 2987 1329 3046 516':
1381 2989 1594 3043 Petrum
1627 2987 1941 3059 Zebedeique
1969 2989 2098 3042 duos

507 3084 604 3138 per.
623 3067 774 3138 devia.
799 3078 969 3138 ηςιερεο
1001 3064 1285 3138 519991.09"
1315 3062 1534 3138 damnet:

577 3136 708 3192 471.
738 3135 967 3191 CAPUT
999 3130 1184 3188 XVIII.
1217 3131 1370 3186 Jesus
1395 3130 1670 3186 Galilaeam
1699 3131 1972 3194 circuiens,
2004 3147 2107 3197 po:-

507 3208 775 3262 nitentiam
797 3207 1072 3276 pra'dicat,
1099 3215 1148 3258 et
1163 3206 1332 3258 varios
1354 3205 1630 3272 languores
1655 3201 1916 3254 hominum
1935 3210 2105 3255 curat.

507 3278 675 3325 Matth
721 3293 793 3325 iv-
816 3278 908 3325 23-
943 3291 1058 3325 seu.
1087 3293 1102 3325 :
1133 3275 1297 3325 Marc.
1321 3290 1401 3325 Ill.
1431 3275 1460 3325 7
1487 3288 1502 3325 :
1533 3271 1664 3325 Luc.
1699 3287 1774 3325 νι.
1807 3273 1892 3325 17.

506 3278 692 3333 Matth,
721 3273 910 3345 iv,'23,
943 3291 1058 3346 seq.
1087 3293 1102 3340 ;
1133 3275 1297 3329 Marc.
1321 3290 1401 3340 ut,
1431 3275 1460 3326 7
1487 3288 1502 3337 ;
1533 3273 1664 3326 Luc.
1699 3287 1774 3338 vr,
1807 3273 1892 3325 17.

730 3347 982 3427 Servius,
1008 3347 1153 3427 adv.
1180 3347 1247 3427 10
1268 3343 1512 3427 Eneid_.,
1562 3343 1756 3427 libavi,
1790 3350 1962 3427 putat,
1990 3358 2110 3427 pro-

508 3419 593 3474 cul
615 3419 890 3502 duplicem
914 3412 1598 3502 significationem‘hahere
1625 3417 1879 3502 etjuata,
1911 3421 1968 3467 et
1997 3412 2113 3502 lon-

509 3507 592 3563 ge,
622 3484 774 3560 quasi
802 3484 1049 3558 porro'ab
1082 3489 1265 3553 oculis,
1299 3494 1394 3541 aut
1419 3501 1526 3556 pro:
1557 3484 1741 3540 oculis.
1769 3485 1876 3538 Alii
1908 3484 2110 3538 rectius

511 3563 849 3628 existimant,
876 3558 1059 3632 procul
1085 3569 1138 3613 et
1167 3572 1411 3632 parvam,
1435 3568 1491 3612 et
1519 3570 1770 3632 magnam
1799 3556 2108 3632 distantiam

512 3625 844 3711 significare.
876 3625 1006 3685 'Huc
1035 3625 1224 3711 loco'a
1255 3631 1496 3711 Juveuco
1524 3625 1710 3700 procul
1752 3629 1982 3711 sumitur
2013 3641 2112 3708 pro

513 3697 666 3776 longe
691 3704 935 3776 lateque:
962 3716 1096 3776 narrt
1112 3703 1277 3756 verba
1301 3697 1688 3776 Mattbreisunt
1706 3716 1739 3776 _:_
1765 3698 1828 3751 Et
1855 3697 1980 3751 abiit
2001 3698 2114 3766 opi-

512 3769 739 3845 nio'ejus
769 3775 823 3845 iit
867 3769 1027 3827 totum
1058 3772 1289 3845 Syriam.
1322 3770 1628 3845 Reuschius
1671 3769 1780 3823 alio
1809 3783 1974 3845 sensu
2020 3783 2116 3845 ex-

514 3839 716 3914 plica't:
753 3844 913 3898 Fama
940 3859 1034 3914 per
1061 3839 1274 3912 Syriam
1307 3857 1475 3910 prepe
1500 3843 1862 3914 adjacentern,
1891 3839 1975 3894 vel
2006 3841 2114 3894 cir-

513 3912 912 3980 cutnjacetttem
943 3912 1188 3982 diSpersa
1219 3922 1369 3975 erat;
1394 3913 1537 3980 quod
1569 3912 1756 3982 minus
1773 3912 1965 3982 placet.

588 3985 711 4038 475.
740 3983 922 4038 Famae
951 3981 1103 4037 mille
1133 3983 1350 4050 linguae,
1383 3982 1486 4036 hoc
1514 3991 1621 4049 est,
1654 3981 1836 4034 multa:
1869 3981 2116 4035 tribuun-

520 4067 625 4111 tur.
651 4053 933 4127 Virgilius,
966 4054 1059 4127 lib.
1087 4068 1137 4106 tv
1161 4051 1384 4127 Eneid.
1415 4068 1466 4105 v.
1496 4052 1620 4116 181,
1647 4053 1716 4106 de
1745 4053 1886 4104 fama
1913 4051 2116 4127 :_Mou-

515 4137 678 4182 atrum
696 4124 1011 4180 horrendum
1026 4126 1238 4195 ingens:
1262 4125 1345 4176 cui
1371 4133 1494 4194 quot
1523 4132 1643 4195 sunt
1660 4138 1873 4195 corpore
1901 4124 2109 4195 plunge,

519 4227 590 4239 —
615 4196 716 4252 Tot
746 4197 926 4268 vigiles
967 4191 1102 4250 oculi
1143 4199 1317 4250 subter
1365 4191 1662 4268 (mirabile
1683 4195 1825 4268 dictu
1846 4191 2116 4268 ),'—]'ot

519 4271 732 4340 linguw,
783 4265 997 4323 totidem
1021 4276 1373 4340 orarisonant‘.
1407 4275 1478 4320 tot
1524 4265 1742 4340 subrigit
1771 4281 1944 4340 aures.
1991 4265 2115 4320 Ovi-

519 4334 666 4405 dius,
691 4334 732 4393 l.
763 4354 836 4394 xu
863 4340 1080 4394 Metam.
1110 4339 1202 4402 47,
1235 4339 1304 4392 de
1335 4336 1518 4408 fama:
1547 4334 1682 4408 Tota
1709 4337 1901 4408 fremit,
1945 4351 2116 4390 voces-

518 4427 618 4482 que
645 4411 1152 4482 refert,_iteratque,
1200 4408 1338 4476 quod
1381 4407 1573 4482 aud_it._
1595 4407 1832 4474 Centum,
1887 4417 1944 4461 et
1974 4408 2114 4462 mille

517 4477 982 4551 poetae'adhibere
1012 4477 1191 4535 selent
1222 4495 1320 4550 pro
1356 4477 1627 4548 plurimis,
1660 4486 1718 4532 ut
1754 4487 2020 4542 oratores,
2061 4489 2117 4533 et

517 4552 764 4606 historici
787 4560 1047 4606 sexcenta.

587 4622 713 4678 478.
745 4622 1096 4677 Membrorum
1149 4620 1353 4687 robora,
1396 4619 1660 4684 membra,
1703 4619 1810 4671 vim
1842 4619 2114 4674 membro-

515 4708 658 4748 rum.
693 4693 785 4748 Sic
812 4693 1098 4749 Lucretius
1138 4707 1237 4762 pro
1267 4706 1418 4762 saxo,
1447 4699 1541 4744 aut
1565 4689 1766 4762 duritia
1806 4691 1946 4755 saxi,
1981 4691 2116 4745 dixit

514 4762 554 4817 Ι.
586 4779 627 4829 ι,
652 4779 704 4817 v.
739 4764 877 4818 889:
927 4765 1083 4818 robur
1113 4759 1249 4817 saxi.
1283 4761 1563 4829 Virgilius,
1603 4776 1704 4828 pro
1741 4759 1910 4826 ferro,
1951 4762 1986 4812 l.
2018 4777 2108 4828 vu,

514 4849 566 4889 v.
586 4833 716 4904 609,
733 4834 920 4889 robora
931 4833 1223 4904 ferri.Vide
1241 4831 1534 4898 Gilanium,
1554 4832 1666 4886 Ind.
1686 4833 1930 4895 Lucreb,
1958 4833 2109 4889 verb.

511 4903 672 4959 robur
694 4907 832 4970 saxi,
855 4916 910 4960 et
928 4903 1004 4960 bis
1029 4905 1216 4960 morbi.

585 4975 715 5032 481.
750 4976 920 5031 Morbi
949 4978 1110 5030 animi
1139 4991 1168 5028 τι
1197 4973 1402 5029 Latinis
1427 4972 1777 5043 cupiditates,
1831 4972 2114 5041 perturba-

513 5047 689 5102 tiones
727 5047 916 5111 anitni,
963 5059 1019 5102 et
1057 5046 1184 5101 vitia
1235 5045 1501 5100 interdum
1543 5045 1816 5110 dicuntur,
1863 5045 2112 5114 quamvis

513 5119 724 5183 Cicero,
754 5134 812 5174 ιιι
854 5117 1076 5173 Tuscul.
1127 5133 1176 5172 c.
1207 5115 1266 5182 4,
1307 5118 1444 5170 hanc
1474 5115 1884 5170 translationem
1933 5115 2110 5170 minus

512 5190 731 5259 probet.
761 5190 880 5259 Ipse
907 5199 1057 5244 certe
1084 5203 1232 5258 sape
1271 5203 1334 5242 ea
1363 5187 1552 5242 utitur.
1585 5187 1858 5242 .Iuvencus
1890 5187 2111 5259 morbos

511 5256 710 5329 anima)
753 5256 912 5316 vocat
935 5274 1054 5325 eos,
1100 5256 1190 5329 qui
1224 5267 1460 5314 mentem
1491 5273 1522 5312 e
1551 5271 1652 5312 suo
1680 5265 1824 5329 statu
1875 5256 2111 5329 naturali

512 5328 794 5400 dejiciunt,
826 5341 885 5387 ut
921 5327 1210 5396 insaniam,
1255 5331 1487 5392 furores,
1536 5329 1621 5383 vel
1653 5327 1781 5382 vitia
1813 5328 2010 5384 mentis
2041 5342 2111 5383 ex

511 5403 764 5471 diuturna
792 5403 1056 5458 daemonis
1088 5401 1380 5471 praesentia
1411 5407 1710 5471 contracta.

581 5470 712 5526 482.
745 5473 1039 5528 Lunaticus
1080 5468 1306 5527 morbus
1353 5469 1704 5526 describitur.
1756 5468 2011 5526 Nonnulli
2039 5469 2109 5525 de

512 5539 816 5612 epilepticis
846 5557 1145 5612 exponunt.
1172 5543 1430 5607 Isidorus,
1454 5540 1600 5611 Orig.
1622 5556 1700 5608 tv,
1731 5540 1760 5594 7
1787 5557 1800 5595 :
1835 5539 1944 5594 Hos
1971 5541 2108 5610 (epi-

514 5610 761 5690 lepticos)
800 5610 981 5690 uulgus
1007 5617 1270 5690 lunaticos
1295 5623 1460 5681 vocat,
1485 5610 1625 5690 quod
1664 5629 1759 5690 pro
1785 5612 2108 5690 luntecttrsu

508 5682 780 5735 comitetur
807 5682 1015 5756 insania
1039 5702 1056 5739 :
1077 5685 1223 5756 quod
1254 5687 1484 5756 fortasse
1504 5699 1572 5756 ex
1597 5687 1701 5738 hoc
1725 5682 1955 5756 iuvenci
1984 5683 2106 5738 loco

507 5759 739 5825 ietttutu
770 5763 872 5810 est.
910 5751 1171 5811 Praecedit
1198 5757 1341 5809 enim
1369 5756 1421 5806 in
1446 5755 1690 5811 Isidoro:
1723 5751 1990 5824 Epilepsia
2014 5767 2104 5807 no-

2203 2631 2444 2688 cabulum
2464 2633 2704 2704 sumpsit,
2739 2631 2878 2704 quod
2908 2639 3124 2686 mentem
3155 2630 3568 2702 apprehendens,
3601 2629 3796 2702 pariter

2204 2715 2250 2760 et
2275 2721 2467 2778 corpus
2490 2703 2766 2778 possideat.

2276 2772 2403 2830 483.
2437 2772 2594 2844 Saepe
2618 2774 2897 2830 Iuvencus
2939 2772 3042 2828 hoc
3074 2775 3295 2828 verbum
3326 2773 3573 2844 adhibet,
3589 2782 3661 2844 Aut
3689 2773 3796 2827 vim

2205 2846 2375 2901 divini
2424 2842 2636 2915 imperii
2681 2847 2951 2903 ostendat.
2999 2844 3201 2900 Confer
3228 2845 3506 2907 Ovidium,
3559 2842 3684 2898 Met.
3735 2860 3796 2911 ιι,

2207 2919 2350 2983 844;
2381 2933 2436 2972 ιιι
2460 2961 2474 2984 ,
2509 2917 2610 2972 105
2646 2927 2700 2972 et
2727 2917 2851 2972 150.
2873 2917 3217 2972 Contrarium
3240 2929 3323 2971 est
3349 2918 3580 2988 injussus
3609 2915 3679 2970 de
3708 2915 3796 2983 iis,

2207 3003 2328 3059 qua-
2356 2997 2550 3059 sponte
2577 2991 2919 3055 proveniunt.

2135 3063 2180 3126 C
2227 3057 2240 3059 ⁷
2281 3057 2409 3116 486.
2444 3058 2633 3113 Plebes
2672 3061 2724 3114 in
2756 3059 3091 3115 nominativo
3132 3059 3425 3130 singulari;
3471 3057 3539 3115 de
3578 3073 3684 3129 quo
3712 3057 3799 3113 tli-

2213 3145 2330 3185 cam
2363 3131 2428 3184 ad
2460 3146 2510 3185 v.
2541 3130 2647 3185 694
2681 3131 2717 3185 1.
2749 3148 2820 3185 ιν.
2851 3131 2906 3186 in
2937 3148 3049 3186 var.
3083 3135 3206 3186 let-.2.

2283 3202 2410 3256 488.
2442 3200 2670 3272 CAPUT
2701 3201 2846 3258 XIX.
2883 3201 2984 3269 Qui
3012 3202 3144 3257 beati
3171 3202 3336 3272 futuri
3365 3202 3488 3256 sint.
3521 3200 3712 3255 Matth.
3742 3217 3798 3268 v,

2215 3274 2240 3328 1
2277 3288 2468 3342 seqq.;
2501 3271 2658 3327 Luczr.
2690 3290 2768 3342 vt,
2799 3274 2871 3329 20
2896 3290 3049 3344 seqq.
3097 3271 3318 3327 Videtur
3348 3273 3575 3328 inuuere
3602 3272 3803 3327 Juven-

2214 3357 2332 3410 cus,
2363 3345 2416 3398 in
2448 3354 2632 3398 m0nte
2663 3360 2970 3400 sermonem
3005 3347 3144 3399 hunc
3176 3345 3441 3398 habitum.
3475 3344 3662 3412 Magna
3685 3345 3804 3413 qui-

2217 3416 2341 3469 dem
2382 3424 2466 3468 est
2509 3417 2868 3482 interpretum
2902 3416 3006 3471 hac
3046 3418 3098 3469 in
3147 3430 3206 3470 re
3236 3415 3532 3482 dissensio,
3565 3429 3800 3484 quorum

2214 3485 2446 3556 diversa:
2481 3485 2766 3556 opiniones
2812 3487 2915 3553 legi
2947 3497 3171 3556 possunt
3196 3489 3335 3554 apttd
3367 3485 3484 3542 Nic.
3521 3488 3802 3541 Albertum

2216 3555 2284 3611 de
2326 3555 2442 3610 Vita
2487 3555 2690 3610 Christi
2731 3558 2883 3624 β.’2,
2931 3555 3081 3612 nunt.
3119 3559 3242 3612 101.
3289 3556 3549 3612 Nonnulli
3589 3566 3798 3625 putant,

2215 3627 2488 3681 Christum
2537 3642 2844 3682 sermonem
2887 3629 3138 3684 habuisse
3185 3629 3250 3683 ad
3295 3629 3594 3698 discipulos
3641 3643 3803 3697 supra

2218 3708 2496 3762 montem,
2544 3709 2600 3752 ut
2647 3700 2720 3752 ait
2749 3700 3031 3755 Matthaeus
3055 3741 3071 3765 ,
3103 3716 3261 3764 quem
3294 3701 3360 3754 ad
3393 3701 3581 3755 turbas
3605 3700 3660 3754 in
3689 3701 3804 3754 loco

2216 3773 2512 3836 campestri,
2544 3779 2602 3823 ut
2630 3770 2704 3824 ait
2730 3771 2925 3837 Lucas,
2969 3773 3304 3838 repetiverit.

2288 3841 2412 3897 489.
2441 3839 2667 3894 Ovidius
2692 3843 2814 3898 libr.
2840 3857 2891 3897 tv
2917 3859 2983 3897 ex
3010 3842 3179 3897 Ponto
3201 3843 3342 3914 eleg.
3368 3841 3424 3911 9,
3445 3857 3504 3914 ν.
3526 3842 3616 3897 17;
3639 3839 3806 3894 Dum-

2217 3928 2316 3983 quc
2351 3914 2486 3966 latus
2511 3914 2678 3986 sancti
2704 3916 2869 3986 cinget
2901 3914 2989 3967 tibi
3029 3914 3181 3968 turba
3212 3913 3441 3967 senatus.
3489 3913 3578 3986 Sic
3603 3914 3806 3986 cingere

2216 3986 2411 4047 sinum,
2444 3984 2527 4036 vel
2557 3984 2829 4056 gremium,
2860 3987 3106 4055 quamvis
3133 3987 3406 4041 neminem
3431 3985 3593 4039 alium
3626 3989 3694 4036 ita
3729 3985 3808 4038 lo-

2217 4064 2477 4123 quentem
2505 4057 2853 4127 Atitvenerim.
2901 4056 3103 4112 Badius
3149 4057 3378 4124 eXpOnit
3419 4057 3666 4127 gremium
3697 4056 3808 4108 cin-

2218 4127 2474 4194 gentibus,
2505 4123 2606 4178 hoc
2633 4135 2740 4187 est,
2772 4127 2826 4180 in
2855 4128 3084 4182 circuitu
3111 4123 3447 4182 sedentibus.

2292 4196 2418 4250 490.
2451 4195 2600 4249 Multi
2631 4207 2882 4251 auctores
2923 4198 3328 4252 barntoniarum
3361 4197 3805 4262 Evangelicaruni

2220 4265 2365 4320 hunc
2393 4281 2700 4321 sermonem
2729 4268 2902 4322 serius
2929 4285 2959 4322 a
2992 4269 3219 4324 Domino
3247 4269 3444 4324 factum
3471 4269 3804 4324 existimant.

2219 4337 2456 4408 Lamyus
2491 4336 2606 4408 fere
2648 4352 2770 4392 cum
2799 4337 3042 4395 .luvenco
3069 4340 3214 4395 facit.
3249 4341 3348 4408 Qui
3379 4355 3574 4395 novam
3609 4340 3806 4408 legem,

2139 4449 2196 4510 υ
2221 4407 3332 4510 11:91:12.lzt‘air'trfjﬁtsritzfaxitur:
3363 4410 3812 4510 lil2'i‘iifii‘illi‘i‘

2222 4483 2304 4534 los
2321 4481 2563 4548 Collegit,
2588 4490 2644 4534 et
2666 4480 2944 4536 miraculis
2967 4485 3082 4536 suis
3101 4480 3372 4546 obtinuit,
3387 4494 3445 4537 ut
3465 4482 3808 4548 crederetur,

2216 4565 2314 4632 cur
2367 4550 2729 4632 illatii_‘leg.em_
2767 4567 2873 4606 noo
2923 4554 3274 4632 protulisset,
3317 4556 3520 4623 Optima
3559 4553 3809 4632 doctrina

2217 4621 2475 4694 imbuens
2496 4621 2898 4694 dieeipulos,ret
2923 4621 3160 4692 plebem,
3184 4639 3304 4690 quae
3323 4621 3421 4680 eos
3442 4625 3811 4694 sequebatur?

2215 4691 2298 4746 An
2331 4703 2511 4766 autem
2538 4692 2592 4766 in
2624 4693 2796 4766 prima
2830 4691 2935 4749 hac
2960 4696 3297 4749 beatitudine
3323 4691 3588 4766 pauperes
3613 4695 3810 4765 spiritu

2215 4778 2408 4818 omnes
2432 4762 2510 4816 illi
2535 4763 2934 4832 intelligantur,
2964 4767 3055 4835 qui
3077 4777 3293 4820 tumore
3311 4762 3473 4821 animi
3495 4762 3706 4829 carent,
3737 4779 3809 4822 an

2214 4835 2317 4897 illi,
2364 4835 2454 4903 qui
2481 4848 2612 4889 vere
2645 4840 2866 4903 penuria
2899 4837 3165 4905 laborant,
3193 4837 3288 4892 sed
3323 4846 3501 4892 tamen
3528 4850 3681 4892 sorte
3710 4852 3810 4891 sua

2214 4915 2341 4960 sunt
2369 4906 2637 4970 contenti,
2669 4905 3006 4976 disputatum
3036 4917 3121 4962 est
3149 4911 3287 4961 inter
3318 4908 3674 4978 interpretes.
3707 4907 3807 4962 .lu-

2214 4991 2419 5031 vencus
2469 4978 2702 5042 priorem
2747 4980 3150 5048 expositionem
3185 4980 3364 5047 p0tius
3393 4978 3680 5046 exprimit,
3731 4980 3808 5034 uti

2213 5048 2377 5102 etiam
2400 5049 2641 5122 ξςιιιὶιιιιι
2667 5053 3022 5122 Angustinus,
3040 5050 3443 5122 Allieronymus,
3475 5051 3809 5121 Chrysosto-

2215 5133 2363 5184 mus,
2403 5119 2671 5192 Hilarius,
2711 5119 2977 5192 Basilius,
3023 5119 3359 5192 Gregorius,
3391 5119 3602 5192 aliique
3625 5123 3811 5190 plures

2215 5199 2418 5257 patres.
2471 5187 2673 5243 Confer
2710 5189 2994 5246 Heinsium
3027 5191 3080 5244 in
3111 5187 3350 5247 Exercit.
3385 5187 3531 5248 sacr'.
3567 5187 3639 5246 ad
3665 5195 3811 5246 hunc

2213 5261 2401 5331 Matth.
2433 5259 2609 5331 locum
2638 5274 2761 5327 cap.
2793 5276 2869 5326 iv,
2907 5277 3030 5331 pag.
3062 5262 3154 5317 23.

2282 5330 2410 5386 491.
2442 5329 2711 5401 ΑΙίεεθριαι,
2737 5329 2974 5386 fortasse
2987 5329 3062 5388 ex
3086 5333 3394 5387 imitatione
3414 5334 3652 5390 Lucretii
3676 5333 3805 5387 libr.

2210 5417 2247 5456 ll
2280 5417 2331 5454 v.
2360 5399 2496 5455 998:
2535 5399 2688 5466 Quod
2717 5403 2927 5454 missum
2952 5414 3027 5456 est
3055 5420 3118 5457 ea.
3145 5405 3351 5458 aetheris
3377 5406 3483 5459 oris
3502 5435 3574 5446 —
3600 5405 3666 5458 Id
3693 5419 3811 5458 rur-

2209 5472 2476 5546 sumcwli
2492 5470 2959 5546 rellatum‘templa
2987 5483 3267 5546 receptant.

2280 5542 2409 5596 492.
2440 5540 2892 5606 Observandum,
2933 5540 3238 5599 Juveneum
3270 5562 3376 5600 non
3410 5555 3616 5602 textum
3648 5547 3804 5603 Grat-

2208 5630 2330 5669 cunt
2361 5615 2549 5688 sequi,
2569 5613 2625 5688 in
2651 5629 2759 5682 quo
2788 5616 2904 5668 Inec
2929 5616 3211 5670 beatitudo
3231 5623 3480 5686 sequenti
3514 5618 3805 5688 postponi-

2209 5695 2336 5759 tur,
2387 5686 2482 5759 sed
2539 5685 2724 5759 Italam
2772 5688 3081 5742 versionem
3113 5685 3390 5755 veterem,
3439 5685 3802 5759 inqua—idem

2207 5755 2344 5813 ordo
2373 5769 2438 5810 ac
2463 5754 2517 5808 in
2550 5754 2798 5827 Vulgata,
2826 5767 3105 5814 servatur.
