4176 6180
379 248 483 306 121

373 360 483 421 195
527 361 684 436 132
709 360 921 444 Pabula
960 361 1182 432 justitizn
1225 361 1317 434 qui
1359 378 1539 432 nunc,
1581 372 1846 434 potusque
1875 379 1966 420 re-
1995 368 2048 426 Α

1630 455 1894 529 [quirunt,

516 548 649 604 Illos
677 547 839 618 plena
871 554 1057 603 manet
1084 547 1414 604 saturandos
1445 549 1600 618 copia
1631 563 1861 604 mensae.

521 640 693 706 Felix,
721 641 815 710 qui
844 640 1028 695 miseri
1055 639 1229 696 doluit
1258 640 1326 695 de
1350 650 1570 710 pectore
1597 648 1804 695 sortem
1828 657 1840 693 :

524 733 676 787 Illum
709 747 834 786 nam
871 732 1080 786 Domini
1113 732 1391 787 miseratio
1424 733 1571 802 larga
1600 731 1860 788 manebit.

523 823 753 893 Felices,
787 838 924 895 puro
951 825 1043 895 qui
1071 825 1271 880 coelum
1298 825 1468 882 corde
1497 833 1717 881 tuentur
1741 843 1754 878 :

374 915 490 972 500
533 915 773 972 Visibilis
796 915 940 972 Deus
969 916 1036 972 iis
1062 931 1160 988 per
1187 918 1384 973 saecula
1407 927 1600 973 cuncta
1633 917 1860 986 patebit.

522 1011 788 1067 Paciﬁcos
817 1011 962 1066 Deus
990 1010 1044 1066 itt
1073 1026 1357 1068 numerum
1390 1012 1492 1070 sibi
1525 1011 1694 1083 prolis
1721 1011 1965 1082 adoptat.

518 1104 732 1160 Felices
762 1105 1010 1171 nimium,
1051 1119 1189 1175 quos
1220 1105 1509 1161 insectatio
1537 1103 1793 1161 frendens

517 1195 746 1266 Propter
769 1195 1042 1262 justitiam
1074 1197 1314 1268 premit:
1349 1197 1413 1251 iis
1440 1212 1566 1252 mox
1598 1199 1744 1268 regia
1771 1197 1900 1253 caeli

521 1288 814 1344 Pandetur.
843 1287 1110 1357 Gaudete,
1141 1304 1366 1359 operum
1389 1303 1526 1360 quos
1543 1291 1686 1358 justa
1714 1298 1968 1347 tenentes

365 1379 480 1438 505
520 1379 749 1449 Urgebit
780 1395 1025 1452 przeceps
1052 1381 1292 1434 stimulis
1321 1380 1521 1450 injuria
1551 1380 1732 1436 saevis.

521 1472 674 1546 133
706 1472 946 1528 Plurima
995 1488 1118 1528 nam
1161 1488 1373 1529 merces
1429 1473 1583 1529 vobis
1629 1482 1876 1529 servatur
1914 1475 1966 1530 in

1670 1566 1896 1639 [:ethra;

1492 247 1958 305 EVANGELICE
1999 247 2344 307 HISTORIAE
2385 248 2516 305 LIB.
2551 247 2594 303 I.

3585 221 3690 306 to

2215 363 2458 432 Namque
2484 362 2877 434 pr0phetarum
2909 362 3010 417 fuit
3041 361 3335 417 insectatio
3367 359 3513 417 talis.

2292 454 2520 519 Discite,
2562 469 2660 510 vos
2685 454 2789 510 hac
2814 455 2869 510 in
2903 464 3056 510 terra
3087 453 3220 510 salis
3257 467 3382 509 esse
3410 465 3693 524 saporem.

2222 549 2322 604 Hic
2350 563 2514 619 sapor
2544 549 2749 604 amissa
2779 549 2824 604 si
2850 547 2964 618 jam
3000 548 3213 603 virtute
3241 548 3512 613 senescit,

2079 640 2186 697 510
2223 641 2354 707 Quae
2382 641 2518 696 salis
2539 641 2858 711 absumptos
2882 650 3040 696 acuet
3060 639 3364 696 substantia
3394 639 3623 711 gustus?

2221 733 2332 790 Nec
2356 732 2643 804 quisquam
2666 734 2792 789 vani
2815 743 2936 805 post
2963 732 3082 788 haec
3108 742 3363 803 superest
3385 733 3516 788 salis
3536 747 3690 805 usus,

2220 824 2284 880 Ni
2316 825 2475 894 longe
2503 824 2779 895 abjectum
2809 835 3007 881 cuncta
3038 835 3099 879 ut
3129 825 3362 894 vestigia
3386 825 3620 880 calcent.

2291 918 2402 974 Vos
2446 920 2578 976 estis
2638 921 2824 976 mundi
2856 921 3067 976 clarum
3100 921 3196 991 (ne
3237 921 3585 990 abscondite)
3610 923 3694 977 lu-

3437 1014 3609 1088 [mem

2219 1104 2358 1160 Nam
2408 1106 2532 1178 quis
2575 1107 2855 1177 praecisis
2894 1107 3186 1177 impostam
3233 1108 3459 1178 rupibus
3499 1108 3689 1165 urbem

2075 1201 2184 1257 515
2222 1199 2510 1258 Occultnre
2539 1203 2738 1272 queat?
2771 1201 3024 1258 Vestrum
3053 1202 3150 1258 sed
3183 1202 3368 1259 lumen
3396 1202 3463 1258 ad
3495 1216 3691 1259 omnes

2225 1292 2384 1366 135.
2399 1293 2710 1361 Perveniat,
2731 1308 3026 1366 rerumque
3048 1293 3216 1350 decus
3235 1295 3337 1350 sub
3355 1294 3474 1350 luce
3493 1309 3687 1353 serena

2222 1385 2481 1442 Ponatur.
2513 1387 2738 1442 Cunctis
2763 1387 3032 1457 genitoris
3051 1387 3224 1458 gloria
3251 1389 3421 1443 vestri

2221 1477 2518 1547 Laudetur,
2550 1479 2679 1534 celsi
2722 1480 2948 1534 thronus
2978 1489 3063 1535 est
3091 1481 3177 1536 cui
3209 1481 3356 1550 regia
3389 1481 3538 1536 caeli.

2291 1573 2410 1630 Non
2443 1588 2544 1645 ego
2594 1588 2738 1629 nunc
2781 1573 2988 1644 priscas
3033 1573 3180 1644 leges
3205 1573 3512 1631 dissolvere
3540 1573 3685 1642 veni,

1598 1733 1980 1794 LECTIONES
2022 1736 2455 1799 VARIANTES.

365 1867 475 1934 sur.
507 1850 585 1933 Ita
611 1850 771 1934 etiam
801 1851 992 1934 Rom._2
1020 1852 1115 1907 sed
1141 1854 1312 1934 magis
1333 1851 1545 1934 videtur
1564 1853 1773 1934 solatia,
1805 1868 1967 1934 quam
2001 1876 2046 1934 Β
2147 1855 2272 1934 509.
2302 1857 2463 1934 Beg.,
2495 1867 2741 1934 senescet.

365 1923 583 1994 solatio.
646 1923 836 1977 Glossa
871 1926 922 1977 in
954 1924 1088 1994 Reg.
1110 1936 1203 1994 est
1239 1923 1353 1977 Hoc
1384 1924 1536 1978 modo
1564 1953 1636 1964 ——
1664 1925 1758 1977 tali
1786 1925 1963 1990 modo,

365 2005 424 2048 et
452 1992 725 2047 solatio—
745 1992 1056 2049 consolatio;
1086 1993 1338 2050 Fortasse
1364 1995 1651 2061 legendum
1677 1993 1792 2048 Hoc
1813 1997 1967 2049 modo

369 2065 609 2134 lugentes
635 2064 829 2119 solatio
858 2065 1018 2135 digna
1045 2078 1301 2134 sequetur.
1337 2065 1546 2134 Reliqui
1572 2081 1762 2120 omnes
1783 2107 1798 2130 ,
1830 2083 1966 2134 quos

369 2135 506 2202 vidi,
530 2137 730 2191 habent
749 2136 797 2190 Η
807 2138 853 2190 ic
871 2138 1022 2191 modo
1035 2137 1268 2208 lugentes
1281 2138 1472 2191 solatia
1485 2138 1642 2208 digna
1666 2149 1962 2207 sequentur.

441 2226 566 2282 499.
604 2227 737 2302 Reg.
761 2268 779 2295 ,
816 2226 1015 2302 _Rom.,
1055 2227 1166 2284 Ott.
1193 2272 1206 2297 ,
1255 2245 1386 2302 puro
1414 2229 1501 2300 qui
1543 2227 1744 2284 (telum.
1798 2229 1961 2296 Editi,

368 2315 503 2370 puro
531 2299 714 2352 caelum
736 2300 846 2369 qui.

443 2385 568 2441 500.
599 2385 732 2456 Reg.
759 2427 774 2451 ,
825 2385 936 2442 Ott.
962 2428 978 2453 ,
1034 2387 1218 2454 Rom.,
1271 2389 1482 2456 patebit.
1518 2387 1686 2452 Editi,
1720 2389 1966 2450 manebit,

369 2458 519 2527 quod
547 2457 860 2527 prazcessit,
910 2468 967 2513 et
994 2460 1174 2514 minus
1201 2459 1400 2531 placet.

442 2541 571 2599 501.
602 2543 752 2609 Ald.,
787 2543 1095 2614 Paciﬁeum.

443 2623 570 2679 505.
602 2624 752 2692 Ald.,
783 2626 934 2693 B.is.,
967 2635 1206 2696 premet;
1234 2626 1346 2691 alii,
1381 2628 1588 2697 premit.

447 2701 573 2758 508.
614 2703 751 2776 Reg.
779 2720 809 2760 a
842 2722 924 2777 pr.
961 2721 1059 2776 m.,
1094 2704 1263 2761 Dicite
1289 2723 1397 2762 vos.

2146 1929 2274 1984 511.
2302 1926 2436 1998 Reg.
2462 1944 2561 1998 pro
2582 1930 2694 1983 div.
2718 1930 2935 1996 script.,
2964 1929 3328 2000 Nequicquam
3351 1933 3488 1982 vani.
3508 1926 3683 1984 Reus-

2074 1997 2234 2052 chius
2265 1997 2477 2067 censet,
2513 2001 2774 2054 Parisina:
2799 1997 3122 2063 lectionem,
3158 1998 3270 2053 Nec
3292 2000 3539 2068 cuiquam
3553 2015 3680 2055 non

2077 2069 2474 2141 incommodum
2501 2086 2642 2137 esse,
2676 2081 2730 2125 et
2754 2071 2983 2125 fortasse
3013 2071 3235 2141 reliquis
3266 2080 3547 2141 praestare.
3574 2070 3680 2126 Pro

2074 2141 2192 2193 uani
2233 2136 2478 2196 nOnnuIIi
2527 2136 2712 2212 legunt
2751 2144 2906 2212 fatui,
2943 2152 3081 2196 teste
3121 2136 3420 2204 Rettschio,
3462 2141 3554 2210 qui
3584 2143 3680 2209 ait,

2075 2212 2292 2283 codices
2331 2215 2471 2266 tueri
2507 2214 2647 2266 vani.
2689 2212 3029 2268 Saltatierius
3059 2213 3211 2283 fatui,
3249 2226 3347 2280 pro
3373 2213 3429 2266 d.
3461 2226 3508 2266 s.
3537 2214 3680 2268 vani.

2146 2282 2273 2358 §12_.
2305 2283 2662 2358 Sabatierius,
2695 2284 2902 2357 objecti,
2937 2299 3036 2354 pro
3061 2282 3120 2340 d.
3145 2297 3192 2338 s.
3227 2284 3507 2358 abjectum,
3531 2285 3678 2354 quod

2076 2353 2271 2423 reliqui
2297 2354 2616 2424 prtel‘erunt.

2145 2425 2272 2506 514.
2302 2423 2609 2482 ‘Vesthem.
2641 2427 2695 2480 itt
2728 2434 2878 2481 textu
2914 2425 3052 2479 Nam
3083 2427 3191 2497 qui,
3224 2424 3292 2481 ad
3320 2440 3492 2496 marg.
3532 2423 3675 2480 Nam

2073 2513 2210 2566 quis.

2147 2567 2274 2622 516.
2309 2567 2459 2636 Ald.,
2511 2568 2824 2635 Prot'eniat;
2864 2568 2976 2634 alii,
3029 2566 3324 2623 Perueniat.
3354 2567 3548 2634 Torn.,
3593 2585 3676 2622 re-

2073 2653 2290 2703 rumque
2317 2638 2489 2693 deeus.
2519 2639 2704 2703 Rom,
2732 2657 2901 2693 rerum
2925 2639 3104 2702 decus,
3139 2640 3421 2695 mendose.

2145 2710 2272 2764 518.
2307 2709 2493 2777 Rom.,
2520 2709 2694 2764 throni
2721 2722 2795 2765 est
2821 2727 2838 2766 :
2866 2714 2986 2780 lege
3017 2713 3231 2766 thronus
3251 2722 3344 2766 est.

1908 2804 2138 2863 NOTIE.

440 2918 570 2976 495.
604 2919 808 2976 Pabula
833 2930 890 2976 et
918 2931 1092 2993 potus,
1123 2923 1440 2991 metaphora
1462 2967 1476 2984 ,
1507 2924 1773 2978 intensam
1799 2923 1957 2993 cupi-

372 2989 600 3046 ditatem
633 3004 846 3046 notaus.
889 2989 1144 3047 Horatius
1181 2994 1214 3047 Ι.
1251 2989 1290 3057 t,
1323 3010 1409 3063 cp.
1448 2994 1537 3059 18,
1570 3010 1623 3048 v.
1652 2995 1762 3049 25:
1795 2989 1960 3060 Quem

371 3066 737 3136 tenetgargenti
765 3065 878 3117 sitis
905 3064 1221 3131 importuna,
1255 3069 1533 3136 fontesque.

440 3134 570 3188 497.
605 3134 680 3206 lle
707 3146 948 3204 pectore:
978 3137 1254 3190 interdum
1283 3137 1348 3189 de
1369 3134 1707 3206 superﬂuum
1739 3147 1854 3202 est,
1898 3147 1960 3190 ttt

370 3207 558 3279 notavi
606 3205 658 3259 in
692 3207 998 3279 Comment.
1047 3207 1112 3260 ad
1155 3205 1759 3279 Prudent.'Psychom.
1809 3224 1861 3260 v.
1897 3211 1952 3274 5,

369 3275 645 3348 interdum
680 3278 900 3340 ponitur
928 3291 1025 3346 pro
1058 3294 1119 3331 ex
1141 3319 1156 3343 ,
1204 3289 1261 3332 ut
1287 3279 1430 3348 apud
1460 3275 1830 3348 Propertium,
1863 3295 1959 3334 nu-

369 3356 518 3401 tante
548 3347 817 3418 Kmuigio.

441 3419 567 3490 499.
611 3419 739 3473 Itala
773 3428 957 3487 vetus,
991 3431 1046 3473 et
1079 3420 1339 3490 Vulgata;
1379 3420 1529 3474 Beati
1560 3422 1754 3475 mundo
1779 3423 1956 3475 corde.

367 3490 427 3543 S.
460 3489 765 3559 Cyprianus
787 3493 950 3558 epist.
974 3493 1042 3546 46
1065 3489 1213 3557 dicit,
1244 3491 1435 3545 Beatos
1457 3507 1568 3545 esse
1591 3509 1748 3560 puros
1772 3495 1961 3546 corde:

368 3571 423 3616 et
474 3562 530 3615 S.
561 3560 895 3635 Augustinus
923 3577 1090 3617 serui.
1127 3559 1375 3635 1⁸210111.
1410 3562 1476 3631 V,
1508 3559 1679 3629 Beati,
1712 3565 1800 3633 qui
1829 3580 1959 3635 puro

365 3641 485 3686 sunt
504 3637 677 3712 corde.
706 3632 858 3687 Tueri
876 3649 1030 3712 sirpe
1058 3634 1320 3705 significat
1339 3635 1506 3689 avide
1529 3646 1579 3689 ct
1603 3632 1732 3689 cum
1746 3632 1957 3688 summa

365 3707 672 3759 attentione
701 3707 1039 3772 conspicere.
1479 3743 1484 3750 .

439 3774 564 3828 50L
601 3776 698 3829 Hic
743 3791 936 3830 versus
972 3776 1286 3844 exemplum
1322 3786 1409 3830 est
1439 3777 1745 3830 scansionis
1775 3775 1962 3830 mixta:

365 3847 508 3914 apud
543 3846 740 3900 Bedam
776 3847 850 3901 De
880 3856 1037 3901 metr.
1069 3863 1192 3916 cap.
1239 3848 1306 3902 de
1333 3849 1667 3902 scansionib.
1705 3847 1840 3901 Vide
1868 3861 1959 3900 su-

367 3931 468 3986 [Ira
511 3925 624 3972 not.
653 3918 718 3972 :td
754 3933 806 3969 v.
839 3919 928 3972 25.

439 3986 563 4043 502.
599 3987 884 4042 Insectatio
917 3991 1115 4044 iterum
1144 4005 1195 4042 v.
1224 3989 1349 4044 507.
1387 3989 1448 4043 D.
1480 3989 1684 4044 Brutus
1714 3991 1765 4043 iu
1796 3989 1954 4058 epist.

365 4057 542 4113 famil.
593 4061 770 4115 Cicer.
825 4061 944 4115 libr.
983 4076 1061 4123 χι,
1111 4061 1274 4129 epist.
1305 4061 1358 4127 1,
1391 4059 1564 4113 Tanta
1593 4070 1667 4114 est
1693 4059 1960 4114 hominum

364 4131 662 4197 insolentia,
697 4140 746 4184 et
772 4131 934 4185 nostri
958 4132 1252 4186 insectatio.
1282 4131 1356 4185 Ita
1387 4132 1481 4186 alii
1509 4131 1702 4202 optimi
1725 4133 1960 4200 scripto—

367 4216 458 4255 rcs
490 4203 652 4256 locuti
681 4213 828 4256 sunt.

439 4274 564 4345 504.
609 4274 835 4344 Operam
856 4277 1018 4345 justa~
1036 4288 1135 4342 pro
1165 4289 1320 4343 opera
1337 4273 1523 4343 justo:
1550 4289 1670 4343 quae
1703 4274 1958 4342 loquendi

363 4345 507 4398 ratio
540 4343 822 4398 familiaris
857 4343 949 4399 est
992 4343 1258 4399 Juvenco.
1302 4345 1706 4414 Schmttgenius
1745 4345 1962 4399 hendia-

363 4416 469 4485 dgn
485 4429 698 4485 vocare
730 4415 922 4470 voluit.

437 4484 559 4540 505.
597 4485 844 4540 Lucanus
890 4485 1014 4540 libr.
1046 4503 1083 4553 ι,
1125 4502 1176 4541 v.
1211 4485 1357 4541 “.262:
1389 4485 1672 4554 Dubiteque
1697 4488 1751 4539 in
1778 4487 1961 4552 prwlia

363 4560 523 4610 menti
541 4587 615 4597 —
643 4555 895 4628 Urgentes
915 4559 1113 4610 addunt
1139 4557 1394 4611 stimulos.
1427 4558 1704 4611 iuvencus
1723 4556 1959 4610 stimulos

2059 2923 2328 2997 justorum
2355 2925 2614 2996 operibus
2642 2941 2738 2995 per
2764 2925 2996 2997 gratiam
3037 2925 3132 2980 Dei
3175 2925 3330 2981 iactis
3353 2924 3552 2997 gloria,
3579 2936 3674 2976 seu

2065 2995 2175 3050 vita
2200 2995 2403 3050 mterna
2449 2995 3072 3066 conceditur'tamquam
3120 3011 3348 3051 merces.
3386 2995 3675 3066 Deﬁnitum

2062 3077 2250 3131 aperte
2280 3068 2330 3121 id
2362 3077 2448 3122 est
2477 3069 2527 3122 in
2559 3069 2790 3123 concilio
2811 3063 3128 3123 Tridentino
3154 3082 3291 3122 sess.
3323 3067 3376 3121 6.
3405 3081 3524 3120 can.
3558 3063 3629 3118 55
3656 3080 3673 3119 :

2065 3136 2127 3191 Si
2151 3139 2267 3209 quis
2293 3137 2508 3205 dixerit,
2544 3140 2766 3193 hominis
2798 3139 3079 3208 justiﬁcati
3107 3140 3238 3192 bona
3282 3154 3440 3209 opera
3467 3138 3545 3209 ita
3570 3149 3680 3188 esse

2063 3208 2200 3281 dona
2228 3208 2346 3274 Dei,
2378 3221 2433 3263 ut
2461 3227 2562 3264 non
2599 3212 2702 3266 sint
2729 3210 2885 3262 etiam
2913 3212 3044 3262 bona
3085 3211 3249 3280 ipsius
3266 3208 3680 3281 justiﬁcatime-

2063 3279 2181 3343 rita,
2207 3289 2309 3352 aut
2334 3281 2501 3347 ipsunt
2521 3281 2871 3352 justiﬁcatum
2908 3281 3056 3352 bouis
3092 3277 3350 3349 operibus,
3378 3295 3492 3340 qua:
3522 3277 3583 3329 ab
3603 3293 3674 3352 to

2063 3366 2155 3420 per
2195 3349 2290 3404 Dei
2335 3349 2579 3421 gratiam,
2623 3349 2671 3405 et
2701 3368 2788 3418 per
2816 3353 2943 3406 Jesu
2991 3351 3189 3404 Christi
3215 3351 3478 3410 meritum,
3524 3350 3677 3421 cujus

2063 3423 2230 3474 vicum
2252 3425 2536 3476 membrum
2561 3433 2656 3486 est,
2683 3424 2835 3490 ﬁunt.
2863 3440 2966 3476 non
2995 3439 3111 3475 rere
3133 3422 3317 3476 mereri
3340 3434 3675 3492 augmentum

2062 3493 2264 3563 gratim,
2294 3495 2448 3546 vitam
2475 3504 2739 3560 aeternam,
2771 3505 2816 3547 et
2840 3495 3003 3563 ipsius
3031 3497 3145 3546 vitta
3171 3501 3379 3546 tulerim)
3405 3492 3472 3556 (si
3504 3499 3680 3563 tamen

2063 3560 2116 3616 in
2141 3565 2311 3632 gratia
2339 3564 2634 3634 decesserit)
2673 3560 3104 3628 consecutionem,
3131 3574 3282 3630 atque
3310 3563 3464 3616 etiam
3482 3560 3677 3634 rgloritv

2063 3631 2419 3702 augmentum.
2453 3631 2729 3687 anathema
2773 3637 2861 3689 sit.
2912 3637 3160 3688 Meritum
3203 3633 3513 3702 ltujustnodi
3548 3631 3674 3702 vitae

2063 3700 2282 3758 aeterna:
2325 3707 2649 3773 condignum
2695 3721 2838 3770 esse,
2880 3706 3128 3771 quamvis
3168 3700 3446 3767 conceptis
3493 3700 3675 3773 verbis

2062 3773 2340 3828 deﬁnitum
2369 3769 2596 3841 nOu'sit,
2637 3785 2814 3829 tamen
2847 3769 2910 3829 es
2943 3776 3114 3828 sacris
3141 3773 3361 3840 litteris,
3400 3769 3673 3833 conciliis,

2062 3859 2126 3900 ac
2148 3846 2397 3899 Patribtts
2422 3847 2827 3900 evidentissime
2852 3846 3143 3914 colligitur.
3175 3845 3328 3912 Quod
3355 3843 3484 3897 satis
3510 3841 3672 3896 fuerit

2062 3927 2246 3970 contra
2275 3916 2506 3986 Kieuigii
2541 3928 2724 3971 notam
2759 3917 2860 3970 hoc
2887 3917 3006 3971 loco
3042 3917 3330 3970 indicasse.

2132 3987 2258 4042 508.
2320 3988 2547 4044 CAPUT
2613 3987 2729 4042 XX.
2797 3987 3076 4059 Apostolos
3142 3987 3222 4041 sal
3280 3995 3433 4059 terrm
3491 3993 3659 4059 vocat.

2062 4057 2249 4112 Matth.
2295 4075 2364 4125 v,
2421 4061 2514 4125 15;
2564 4059 2728 4113 Marc.
2757 4055 2853 4122 1x,
2875 4057 2977 4122 49;
3031 4057 3162 4110 an.
3213 4073 3320 4118 xtv,
3365 4057 3454 4110 51.
3511 4055 3667 4121 Quod

2061 4131 2138 4183 sit
2183 4130 2458 4186 Juveucus
2499 4131 2595 4184 hac
2646 4132 2697 4182 in
2754 4141 2928 4190 terra,
2986 4128 3230 4195 intelligo
3283 4125 3334 4180 in
3381 4128 3483 4178 hoc
3513 4141 3671 4177 nitus-

2062 4202 2152 4254 do.
2207 4202 2547 4271 Evangelista
2595 4203 2674 4255 sic
2722 4201 2886 4254 habet
2931 4217 2942 4251 :
3003 4197 3267 4271 Vos_estis
3292 4197 3573 4257 sulterrw,
3605 4204 3666 4249 ιιι

2062 4272 2224 4340 paulo
2255 4269 2381 4339 posi
2400 4289 2412 4322 :
2459 4271 2556 4326 l’os
2593 4273 2715 4325 estis
2741 4272 2833 4323 lux
2859 4269 3062 4322 mundi.
3113 4269 3345 4340 Panitur
3371 4276 3550 4340 autem
3582 4282 3669 4318 sa-

2063 4337 2125 4396 lis
2144 4337 2332 4412 sapor,
2361 4353 2420 4396 ul
2450 4342 2588 4396 infra
2625 4342 2750 4396 salis
2780 4342 3088 4412 substantia,
3138 4354 3234 4409 pro
3273 4339 3408 4412 sale.
3442 4337 3669 4412 |n_ltattc

2063 4429 2180 4468 rem
2208 4408 2407 4467 'exstat
2433 4415 2743 4468 dissertatio
2772 4411 2974 4466 Valerii
2999 4408 3328 4477 Gteissengii
3364 4408 3620 4478 inscripta
3651 4425 3662 4459 :

2063 4484 2161 4539 Sal
2222 4485 2562 4551 infamatum.
2613 4483 3036 4550 Schmttgenius,
3070 4496 3194 4535 Cum
3242 4479 3529 4534 Lomeicro
3577 4493 3672 4532 cx-

2064 4556 2217 4622 pouit
2247 4557 2343 4609 hac
2383 4557 2435 4610 in
2463 4566 2620 4621 terra,
2665 4556 2718 4608 Il.
2754 4571 2832 4618 e.,
2865 4554 2917 4606 itt
2948 4552 3154 4618 Jutlwa,
3191 4567 3298 4605 tton
3331 4551 3385 4603 in
3414 4551 3664 4604 universa

362 4629 528 4683 sumit
557 4645 654 4697 pro
675 4627 948 4692 molestia,
985 4630 1293 4694 vexatione,
1329 4630 1686 4683 insectatione
1711 4646 1724 4683 :
1755 4630 1832 4682 sic
1859 4630 1952 4681 sti-
1977 4627 2031 4686 D
2059 4635 2222 4697 terra.

363 4702 530 4753 mulos
574 4700 770 4753 doloris
802 4700 994 4754 Cicero
1015 4743 1030 4767 ,
1063 4701 1266 4768 aliique
1306 4699 1514 4752 dicunt.
1550 4698 1823 4765 Exprimit
1853 4698 1950 4753 Ju-

361 4786 568 4824 veucus
598 4786 650 4824 ν.
685 4771 744 4824 11
779 4770 968 4825 Matth.
999 4785 1060 4822 v:
1096 4769 1244 4823 Beati
1271 4772 1418 4835 estis,
1449 4786 1563 4822 cum
1593 4770 1955 4823 maledixerint

360 4841 504 4895 vobis
533 4883 546 4902 ,
607 4851 656 4895 et
708 4842 962 4910 persecuti
1002 4856 1090 4895 vos
1140 4843 1379 4911 fuerint,
1437 4852 1484 4893 et
1526 4841 1751 4894 dixerint
1805 4856 1955 4893 omne

359 4912 561 4966 malum
625 4912 873 4966 adversus
937 4929 1025 4965 vos
1085 4922 1384 4966 mentientes
1443 4920 1654 4980 propter
1706 4928 1802 4963 me.
1879 4912 1954 4965 Dc

360 4984 558 5052 quibus
606 4984 864 5036 omnibus
902 4983 1123 5037 siluisse
1167 4983 1463 5038 Juvencum
1507 4983 1785 5035 immerito
1831 4996 1956 5051 pro-

361 5056 578 5109 nuntiat
607 5054 984 5120 Subatierius,
1024 5054 1115 5121 qui
1144 5054 1210 5106 ad
1244 5053 1578 5108 versiculum
1611 5052 1680 5106 12
1709 5054 1953 5120 ejusdem

359 5139 480 5194 cap.
511 5125 546 5179 5
576 5123 745 5180 refert
774 5125 891 5178 haec
913 5126 1076 5180 verba
1101 5141 1115 5178 :
1150 5123 1403 5186 Gaudete,
1431 5138 1640 5194 operum
1663 5139 1792 5194 quos
1804 5124 1954 5194 justo

360 5193 594 5250 tenentes
613 5226 684 5236 —
719 5194 932 5266 Urgebit
957 5211 1186 5262 prteceps
1210 5195 1434 5266 stimulis
1458 5193 1658 5266 injuria
1680 5193 1846 5258 strvis,
1868 5193 1956 5266 Asi-

359 5267 473 5321 mul
505 5282 627 5322 cum
651 5263 867 5320 duobus
893 5267 1150 5321 versibus
1169 5264 1546 5334 sequentibus.
1581 5264 1835 5334 Sequitur
1859 5263 1956 5318 Ju-

358 5352 570 5391 vencus
607 5337 913 5392 versionem
969 5345 1250 5401 veterem,
1285 5338 1501 5404 qualem
1531 5336 1752 5390 exhibet
1781 5336 1952 5389 codex

361 5426 470 5464 ms.
502 5408 775 5472 Colbert.,
811 5407 999 5461 Dicent
1026 5423 1174 5460 omne
1197 5408 1392 5460 malum
1420 5407 1664 5459 adrersus
1691 5423 1798 5469 vos,
1831 5421 1950 5473 pro-

357 5491 473 5552 pter
488 5479 754 5552 justitiam
768 5495 786 5532 :
803 5480 895 5552 cui
915 5478 1213 5552 concinunt
1237 5481 1409 5532 codex
1429 5477 1716 5552 _Saug_erm.
1741 5477 1950 5552 1,_Cau-

356 5547 592 5619 iabrig.,
644 5549 915 5613 Hilarius,
950 5549 1299 5610 Ambrosius,
1334 5548 1759 5613 Ambro~iaster,
1792 5547 1952 5618 Sym-

357 5621 592 5678 machus
622 5620 869 5688 pontifex
899 5631 954 5674 et
979 5621 1072 5674 alii
1103 5636 1131 5673 a
1164 5620 1470 5676 Sabatierio
1504 5619 1684 5672 relati.

433 5693 560 5747 506.
593 5689 775 5748 Utitur
805 5691 974 5746 verbo
1002 5690 1361 5758 Evangelista:
1406 5707 1418 5742 :
1457 5688 1708 5754 Gaudete,
1739 5699 1788 5742 et
1810 5689 1956 5743 exulo

353 5768 484 5831 late,
516 5763 761 5830 quoniam
791 5777 984 5820 merces
1009 5773 1177 5818 uestra
1199 5762 1406 5829 copiam
1428 5770 1503 5816 est
1521 5762 1574 5815 in
1602 5762 1762 5815 ctelis.
1795 5760 1959 5815 Bonis

2129 4695 2256 4752 510.
2287 4698 2428 4752 Salis
2454 4697 2740 4752 substantia
2772 4712 2838 4751 eo
2869 4695 3031 4749 modo
3053 4693 3278 4758 dictum,
3307 4706 3416 4761 quo
3449 4705 3501 4744 v.
3528 4689 3658 4756 110,

2063 4766 2118 4822 It.
2157 4771 2190 4820 I.
2223 4768 2519 4840 substantia
2539 4771 2710 4840 panis.

2133 4840 2259 4894 511.
2301 4841 2485 4895 Versio
2508 4834 2662 4904 liala,
2701 4849 2756 4892 et
2800 4837 3047 4906 Vulgata,
3085 4834 3235 4902 Quod
3261 4835 3306 4889 si
3335 4835 3414 4887 sal
3442 4848 3661 4887 evanue-

2060 4910 2171 4962 rit:
2205 4926 2392 4964 verum
2421 4911 2547 4964 Itala
2578 4911 2630 4964 iu
2663 4909 2937 4962 nonnullis
2979 4923 3135 4971 nos,
3168 4917 3222 4960 et
3252 4906 3403 4960 multi
3432 4906 3616 4958 Patres
3640 4919 3658 4956 :

2065 4979 2289 5051 Quodsi
2309 4980 2386 5034 sal
2406 4982 2718 5051 infamatum
2748 4980 2918 5049 fuerit.

2133 5050 2258 5105 512.
2302 5046 2560 5124 Vestiqia.
2595 5046 2955 5121 metouytnicc
2997 5063 3096 5118 pro
3132 5049 3236 5102 ima
3286 5046 3437 5117 pedis
3480 5052 3655 5114 parte,

2059 5123 2675 5196 θιρτρίρεξε-ιέφριιξμξο,
3352 5190 3362 5196 .
3630 5184 3661 5196 ..

2133 5185 2258 5247 515.
2285 5185 2520 5248 CAPUT
2555 5191 2701 5246 XXI.
2753 5191 2923 5245 Iidem
2967 5191 3192 5258 apostoli
3237 5190 3432 5242 lumina
3478 5185 3661 5258 mundi

2063 5263 2325 5316 dicuntur.
2353 5264 2542 5318 Matth.
2572 5280 2627 5330 v,
2659 5265 2757 5327 14;
2785 5262 2951 5316 Marc.
2987 5255 3062 5326 tv,
3091 5262 3193 5325 2t;
3227 5259 3388 5314 Luca:
3418 5272 3530 5323 vnt,
3567 5255 3660 5323 16,

2061 5343 2118 5387 et
2147 5350 2217 5396 χι,
2249 5335 2339 5388 55.

2131 5404 2255 5460 517.
2292 5404 2502 5459 Cunctis
2548 5420 2644 5474 pro
2700 5421 2732 5457 a
2776 5406 2973 5474 cunctis
3002 5419 3020 5456 :
3051 5402 3395 5474 dativuspro
3423 5397 3661 5452 ablativo

2062 5478 2116 5530 in
2148 5476 2230 5530 Itis
2259 5477 2437 5546 verbis
2470 5470 2702 5546 passivis
2727 5489 2926 5546 sarpea
2955 5473 3198 5527 Juveuco
3228 5470 3536 5546 adhibetur.

2133 5539 2525 5601 51:9.Thronus
2553 5547 2707 5599 :dixi
2755 5539 2823 5599 de
2871 5545 2970 5597 hac
3016 5557 3148 5597 voce
3197 5542 3260 5594 ad
3306 5539 3659 5595 Prudentium

2063 5617 2249 5672 v.102
2272 5616 2473 5682 Apoll).

2137 5685 2263 5743 519.
2288 5685 2517 5741 CAPUT
2547 5683 2712 5740 XXII.
2746 5683 2897 5749 Quod
2917 5701 3019 5738 non
3047 5684 3234 5740 venerit
3254 5683 3450 5739 solvere
3473 5683 3656 5753 legem,

2067 5759 2156 5813 sed
2179 5758 2475 5828 adimplere.
2504 5756 2688 5813 Matth.
2723 5773 2774 5824 ν,
2810 5756 2875 5812 17
2903 5771 3056 5828 seqq.
