4176 6180
527 202 633 261 ιιι

525 317 632 376 560
650 321 946 376 Auctorem
976 319 1197 377 miserae
1223 331 1524 390 properans
1542 316 1839 375 convellito
1867 318 2028 386 labis,

607 413 767 488 139
820 413 890 470 Et
925 413 1172 485 iaculare
1205 413 1421 484 procul.
1466 411 1601 469 Nam
1648 413 1958 469 membrum
1994 428 2122 484 per-

1700 506 1855 581 [dere
1884 506 2055 562 refert

671 600 945 672 Exiguum
965 640 981 667 ,
1012 598 1248 655 ﬂammis
1275 614 1439 671 quam
1468 608 1643 655 totum
1675 600 1879 656 dedere
1897 614 2120 671 corpus,

670 680 1065 761 Perpetuisque
1091 692 1328 746 animam
1358 691 1560 763 pariter
1574 692 1903 748 convolvere
1927 691 2125 761 pcenis.

671 781 743 840 Et
772 782 819 839 si
848 782 1046 839 dextra
1076 797 1269 838 manus
1291 791 1529 838 mentem
1568 798 1665 853 per
1684 782 1841 839 devia
1867 782 2047 849 ducit,

531 876 640 936 565
678 877 898 934 Erroris
920 891 1140 934 causam
1168 883 1393 949 praestat
1412 876 1669 934 decidere
1695 877 1863 946 ferro,

673 972 844 1041 Quam
870 982 1044 1027 tutum
1068 971 1294 1027 aeternis
1313 985 1513 1041 corpus
1534 971 1843 1027 concedere
1865 968 2123 1025 ﬂammis.

741 1063 1075 1136 Praecipiunt
1101 1071 1346 1130 veteres,
1379 1063 1553 1136 siquis
1575 1064 1851 1122 connubia
1873 1073 2120 1135 rumpet,

1782 197 1843 256 Ε,
1885 199 1949 257 V.
1992 198 2233 299 Αςξιιιι..
2261 198 2547 259 JUVENCI

2150 330 2208 391 Α

3724 197 3828 255 tas
3856 184 3865 185 ί

2369 316 2625 374 Scribere
2663 314 2954 372 discidium
2976 355 2993 383 ,
3020 314 3162 385 juris
3189 313 3384 370 feralia
3423 314 3612 371 verba.

2367 410 2496 468 Sola
2522 410 2629 467 viri
2658 418 2813 468 recte
2854 409 3110 466 discedet
3136 409 3384 465 adultera
3415 411 3577 465 tectis
3597 451 3613 476 ,

2227 509 2333 569 570
2350 506 2509 581 ιω
2535 505 2636 562 Ast
2660 505 2781 561 alia:
2810 515 3071 560 maneant
3098 522 3112 559 :
3141 518 3267 559 nam
3291 503 3426 559 casti
3446 502 3570 573 jura
3600 502 3828 575 pudoris

2370 606 2606 657 Auctore
2635 599 2848 655 amittet
2882 596 3076 653 mulier
3097 597 3318 653 deserta
3349 597 3567 654 marito.

2444 692 2693 763 Antiquae
2723 692 2871 764 leges
2900 690 3191 761 prohibent
3214 691 3453 758 periuria
3492 690 3717 760 linguis.

2372 783 2477 841 Sed
2500 785 2700 839 nostris
2732 782 3123 853 cedatjurandi
3158 782 3383 839 audacia
3401 781 3603 852 jussis;

2375 878 2486 933 Nec
2512 876 2593 931 fas
2615 885 2701 932 est
2732 876 2937 931 homini
2970 876 3170 933 calum
3194 876 3383 947 jurare
3410 890 3509 946 per
3535 874 3709 931 altum
3739 917 3757 944 ,

2217 970 2340 1031 ,575
2377 969 2532 1037 Quod
2563 969 2724 1024 sedes
2748 968 2960 1024 Domini
2981 978 3063 1025 est
3083 1010 3100 1034 ,
3131 983 3231 1023 nec
3257 981 3380 1038 ante
3405 967 3629 1039 vestigia
3655 975 3837 1039 gestat

2375 1062 2543 1119 Terra
2566 1062 2698 1130 Dei,
2722 1061 3065 1134 Solymaeque
3082 1061 3243 1119 Urbis
3260 1060 3576 1118 venerabile
3603 1074 3827 1129 nomen,

1756 1265 2136 1324 LECTIONES
2173 1265 2592 1324 VARIANTES.

608 1407 735 1465 561.
775 1408 910 1481 Reg.
932 1408 1090 1481 ,_0tt.
1119 1450 1135 1476 ,
1169 1409 1365 1475 Rom.,
1399 1417 1456 1466 et
1485 1408 1694 1467 Poelm.
1742 1422 1844 1481 pro
1890 1406 2002 1463 div.
2028 1421 2074 1463 s.
2109 1446 2125 1473 ,

535 1481 696 1552 refert
722 1496 743 1546 ;
767 1479 901 1535 editi
928 1479 1175 1550 plerique
1220 1490 1453 1552 priestat.

610 1548 736 1606 562.
774 1549 898 1606 Ald.
921 1592 938 1606 .
962 1550 1170 1605 tradere
1198 1568 1407 1606 corpus.

610 1551 736 1606 562.
774 1551 898 1607 Ald.
921 1592 938 1616 ,
962 1551 1170 1605 tradere
1198 1551 1407 1623 corpus.

609 1621 735 1677 565.
762 1621 834 1695 _ln
861 1619 1043 1695 Ottob.
1078 1624 1276 1695 factum
1300 1632 1405 1695 est
1432 1630 1625 1695 priesta
1655 1635 1724 1676 ex.
1752 1630 1962 1688 prwstat
1988 1636 2004 1674 :
2033 1621 2130 1677 sed

2309 1407 2435 1465 571.
2475 1407 2585 1464 Ott.
2610 1450 2626 1475 ,
2661 1408 2887 1463 amittit:
2919 1406 3055 1475 alii,
3098 1408 3324 1462 amittet.

2310 1479 2437 1535 575.
2476 1479 2813 1550 Sabatierius
2867 1493 3155 1550 perperam
3181 1519 3198 1541 ,
3230 1487 3287 1534 et
3321 1485 3529 1550 contra
3585 1477 3834 1550 regulam

2240 1553 2439 1623 metri,
2473 1549 2581 1623 Sed
2610 1548 3024 1623 nostrisjurandi
3049 1550 3200 1623 cedat
3225 1548 3456 1623 audacia
3485 1548 3661 1623 iussis:

2309 1621 2439 1677 575.
2481 1622 2649 1676 Tom.
2693 1619 2952 1692 corrupte
2971 1662 2986 1684 ,
3013 1621 3133 1675 sede
3162 1620 3400 1692 Domini.
3428 1621 3562 1692 Reg.
3581 1661 3597 1685 ,
3628 1619 3790 1692 Rom.
3815 1658 3838 1687 ,

540 1691 646 1776 hoc
670 1692 1017 1776 retinendum
1046 1702 1149 1748 est.
1183 1693 1393 1748 Poelm.
1420 1691 1518 1764 pro
1539 1692 1596 1747 d.
1622 1707 1705 1759 s.,
1727 1708 1943 1747 causam
1963 1694 2133 1765 magis
2166 1715 2210 1776 Β
2237 1693 2364 1776 Βιιεἶ
2392 1733 2409 1759 ,
2440 1694 2548 1748 Ott.
2565 1734 2594 1775 .,
2618 1692 2744 1776 Ald.
2767 1732 2782 1753 .
2802 1691 3027 1776 “Domini
3055 1701 3128 1746 est
3159 1732 3174 1753 .
3222 1708 3333 1774 nec.
3376 1691 3658 1776 Alii‘editi
3680 1731 3697 1757 ,
3731 1691 3841 1746 Do-

540 1764 666 1819 utile
702 1764 890 1818 vellere
925 1764 1086 1833 ferro.

613 1834 985 1908 567.;Poelm.
1010 1849 1109 1908 pro
1132 1834 1245 1891 div.
1275 1850 1349 1904 8.,
1379 1835 1693 1908 Permittunt
1722 1844 1936 1890 ueteres.
1962 1834 2125 1908 Begu,

541 1906 694 1976 Utta,
729 1904 886 1976 Rotn.
910 1950 924 1975 ,
956 1905 1079 1960 Ald.
1099 1948 1115 1968 ,
1145 1918 1369 1976 rumpet.
1414 1907 1558 1971 Alii,
1588 1908 1803 1974 rumpit.

615 1975 743 2047 568.
786 1975 919 2045 Reg.
946 2017 960 2041 ,
994 1977 1105 2032 Ott.
1132 2018 1146 2038 ,
1182 1978 1314 2032 Dav.
1340 2020 1354 2044 ,
1388 1978 1549 2033 Rom.
1571 2019 1585 2042 ,
1617 1977 1743 2033 Ald.
1764 2021 1779 2047 ,
1812 1977 1937 2032 Bas.
1968 2019 1981 2039 .
2028 1978 2137 2032 dis-

543 2046 780 2173 cisium:
808 2049 924 2116 alii,
949 2047 1243 2104 dissidium.
1273 2048 1511 2105 Omeisio
1538 2049 1744 2105 reetius
1782 2048 2000 2107 videtur
2031 2050 2139 2104 dis-

543 2135 589 2173 ci
631 2134 757 2173 tum.

543 2134 757 2175 ciarum.

2237 1764 2385 1831 mini,
2408 1780 2501 1819 nec
2531 1766 2651 1819 sine
2673 1775 2766 1818 est.
2802 1763 3098 1829 lladamar,
3127 1779 3218 1816 nec
3245 1763 3354 1833 qui,
3386 1761 3707 1817 Poelmann.
3740 1777 3841 1830 pro

2239 1837 2350 1892 div.
2387 1850 2436 1907 s.
2461 1852 2602 1907 ,_nec
2629 1835 2788 1907 quod.
2817 1832 3016 1907 Romi,
3037 1842 3228 1907 _gestat
3254 1832 3265 1892 ,
3297 1833 3364 1887 ad
3413 1848 3583 1907 marg.
3603 1877 3623 1907 ρ
3656 1841 3840 1907 gestet.

2312 1906 2438 1962 576.
2479 1903 2652 1977 Reg.,
2685 1905 2850 1960 Terra
2881 1921 2900 1960 :
2950 1903 3274 1975 Solymazve,
3319 1917 3487 1977 supra
3512 1903 3739 1971 Dei,'ut
3767 1904 3842 1977 sit

2247 1978 2406 2034 Terra
2444 1974 2589 2032 Dei}
2628 1977 2724 2032 sed
2743 1991 2890 2032 vers.
2918 1974 3084 2046 przec.
3124 1977 3307 2046 glossa
3339 1974 3523 2045 inepta
3565 1984 3744 2030 nostra
3771 1974 3844 2031 ad

2245 2050 2459 2123 uestigia
2484 2090 2500 2116 ,
2537 2063 2659 2123 nam
2697 2058 2823 2104 sunt
2852 2045 3075 2119 vestigia
3104 2045 3222 2103 Dei.
3258 2045 3316 2102 ln
3339 2046 3450 2103 Ott.
3481 2046 3620 2102 orbis
3659 2060 3849 2104 corre-

2247 2119 2391 2176 ctum
2416 2136 2511 2191 per
2525 2119 2688 2175 urbis.

2086 2299 2319 2358 ΝΟΤΔΕ.

542 2440 914 2514 aruputaudam
951 2455 1060 2514 esse
1078 2456 1315 2514 manum,
1339 2441 1383 2495 si
1409 2441 1710 2514 erraverint.
1741 2438 1933 2514 Matth.
1965 2454 2036 2514 _v_,
2066 2436 2139 2494 29

541 2508 660 2582 seq.
712 2511 948 2583 Verbum
973 2511 1159 2583 laqueo
1189 2556 1205 2580 ,
1254 2511 1469 2583 laqueus
1493 2512 1662 2583 decstg
1690 2511 1745 2565 in
1789 2508 2098 2565 Forcellino
2123 2550 2138 2574 ,

541 2580 697 2639 deest
736 2582 790 2636 in
834 2580 1111 2652 Dncaugio
1154 2600 1168 2636 :
1210 2580 1598 2652 sed—apposite
1641 2580 1932 2637 formatum
1961 2593 2139 2635 estex

542 2657 774 2724 laqueus.
799 2654 1114 2724 CompoSilo
1139 2653 1368 2724 illaqueo
1392 2662 1615 2707 utuntur
1632 2652 1910 2716 Horatius,
1935 2652 2143 2724 etAPru-

543 2721 784 2789 de'ntius,
834 2733 891 2780 et
930 2721 1260 2795 illaqueatus'
1286 2724 1519 2795 Cicero,
1568 2734 1627 2778 ut
1668 2724 1937 2795 laqueatus
1974 2721 2141 2795 Colu-

543 2796 705 2853 mella
730 2837 746 2862 ,
789 2805 844 2851 et
880 2793 1119 2851 Solinus.
1168 2795 1301 2850 Hinc
1341 2794 1664 2866 laqueatores
1704 2796 1756 2848 in
1798 2794 1947 2866 circo
1986 2793 2139 2859 dicti,

542 2869 634 2936 qui
683 2867 890 2936 laqueis
928 2866 1069 2922 alios
1112 2864 1413 2935 implicare
1440 2865 1762 2920 didicerant.
1808 2864 1933 2920 Alio
1976 2881 2143 2936 sensu

542 2935 815 3010 laqueatus
862 2947 971 3010 est
1001 2938 1351 3006 laquearibus
1402 2937 1976 3010 ornatus.__.luve_ucus
2016 2935 2146 2990 alibi

543 3006 682 3065 (ltitit
712 3006 923 3063 Errat-is
953 3007 1161 3078 laqueos
1188 3023 1287 3078 pro
1315 3007 1610 3064 scandalis.
1640 3006 1778 3062 Vide
1820 3006 1860 3060 Ι.
1888 3023 1969 3071 ιιι,
1994 3022 2135 3062 vers.

544 3079 633 3134 η.
664 3093 788 3133 cum
819 3090 966 3133 uota.

544 3083 633 3141 12.
664 3093 788 3133 cum
819 3090 966 3133 uota.

615 3149 738 3205 561.
782 3148 1032 3204 Ioculare
1057 3191 1071 3215 ,
1107 3149 1332 3218 projice.
1369 3148 1508 3205 Vide
1543 3160 1725 3206 notam
1750 3148 1815 3204 ad
1844 3164 1901 3205 v.
1932 3148 2039 3203 421
2070 3150 2127 3208 h.

545 3221 585 3277 l.
616 3221 858 3275 Notanda
883 3232 967 3275 est
993 3223 1330 3278 constructio
1364 3221 1506 3287 haec,
1535 3221 1712 3293 Refert
1736 3219 1947 3292 perdere
1972 3237 2132 3293 mem-

544 3293 714 3361 brum,
746 3308 1029 3365 quampro
1059 3293 1224 3365 magis
1251 3291 1630 3365 refertuquam’.
1670 3291 1746 3365 ita
1787 3292 1949 3347 etiam
2001 3291 2131 3348 Vul-

542 3375 697 3432 gata,
729 3372 787 3419 et
809 3363 990 3419 Italica
1041 3363 1230 3419 vetus:
1264 3363 1489 3432 Expedit
1531 3364 1668 3418 enim
1713 3364 1833 3430 tibi,
1880 3373 1934 3417 ut
1959 3375 2133 3435 pereat

545 3450 707 3489 unum
736 3435 1080 3489 membrorum
1108 3443 1314 3488 tuorum
1332 3475 1346 3497 ,
1384 3451 1536 3503 quam
1565 3451 1753 3503 corpus
1783 3442 1947 3487 totum
1986 3448 2133 3490 tuum

545 3504 1042 3579 eatingeheunam.
1093 3505 1417 3579 Bonietiam
1464 3508 1758 3579 scriptores
1795 3504 1984 3579 Latini
2038 3508 2136 3561 ali-

546 3576 761 3644 quando
779 3577 836 3632 in
858 3576 1355 3644 comparationibus
1370 3578 1637 3647 ejusmodi
1664 3577 1831 3648 magis
1851 3577 1933 3631 vel
1959 3580 2134 3648 potius

546 3657 823 3718 omittunt.
856 3648 1077 3702 Tac-itus
1106 3648 1303 3703 Annal.
1335 3646 1540 3718 t,cap.
1575 3648 1681 3705 58:
1718 3646 1906 3702 Pacem
1935 3646 2135 3718 {quam

542 3717 734 3773 bellum
757 3718 1053 3788 probabam.
1087 3719 1324 3776 Consule
1356 3717 1725 3774 FttrCellinutn
1754 3719 1919 3774 verbo
1954 3717 2133 3790 quam,

544 3795 602 3844 et
634 3792 826 3856 potius.
860 3792 1035 3844 Prima
1080 3792 1133 3843 in
1178 3794 1349 3860 refero
1380 3792 1685 3846 communis
1716 3798 1837 3845 est:
1867 3790 1947 3845 sic
1987 3794 2132 3846 enim

543 3860 700 3915 multi
747 3860 1060 3915 existimant
1102 3861 1175 3931 de
1224 3862 1608 3931 praepositione
1646 3877 1720 3917 re.
1772 3860 2139 3931 Impersonale

544 3935 700 4002 refert
727 3946 943 4002 semper
983 3930 1314 4000 producitur.

616 4002 741 4060 565.
788 4000 1065 4073 Pemetuis
1112 4006 1314 4074 poenis:
1344 4003 1470 4073 quia
1496 4003 1551 4056 in
1581 4000 1877 4074 Evangelio
1899 4000 1958 4056 fit
1982 4019 2136 4058 men-

545 4074 623 4130 tio
649 4072 915 4144 gehennze
934 4119 948 4142 ,
975 4076 1091 4131 sive
1114 4072 1556 4144 ignislperpetui.
1597 4072 1935 4128 Sabatierius
1963 4075 2142 4143 suspi-

541 4158 697 4202 catur
719 4190 735 4213 ,
765 4145 1066 4203 Juvencum
1101 4147 1293 4218 legisse
1322 4161 1480 4218 quam
1516 4160 1702 4218 corpus
1742 4154 1906 4200 totum
1949 4153 2095 4197 tuum
2120 4185 2137 4212 ,

543 4228 590 4288 et
613 4219 793 4288 anima
818 4219 1123 4272 mittaturin
1154 4215 1473 4288 gehennam,
1502 4215 1649 4286 quod
1688 4231 1949 4288 nusquam
1978 4231 2140 4285 repe-

544 4287 707 4343 ritur.
737 4287 935 4342 Verum
963 4287 1235 4344 .luvenrus
1272 4289 1408 4344 nihil
1449 4288 1595 4343 aliud
1616 4287 1760 4358 agit,
1796 4288 1896 4342 nisi
1936 4296 1997 4342 ut
2024 4288 2144 4342 vul-

545 4368 724 4428 gatam
748 4360 1037 4415 lectionem
1061 4359 1312 4427 explicet.

620 4429 1022 4517 567.‘_CAPUT
1045 4430 1695 4517 XXV.I.II.JU.corem_.'uon
1723 4431 1826 4486 nisi
1849 4432 1913 4517 ob
1931 4430 2140 4517 Aadulte-
2167 4456 2222 4517 Β

542 4499 681 4571 rium
730 4501 1116 4558 dimittendam.
1173 4503 1364 4557 Matth.
1426 4518 1496 4565 ν.
1547 4503 1639 4567 51,
1691 4517 1803 4569 xix,
1849 4501 1880 4554 7
1926 4515 2078 4571 seqq.
2123 4518 2138 4567 ;

545 4569 707 4627 Marc.
742 4589 796 4635 x.
834 4574 935 4637 11,
978 4573 1074 4639 12;
1106 4573 1243 4629 an.
1278 4589 1369 4627 xvi
1398 4616 1413 4638 ,
1448 4573 1534 4627 18.

618 4643 745 4698 568.
788 4644 1071 4700 Matthzrus
1095 4662 1162 4711 v,
1204 4645 1314 4700 '51:
1349 4644 1672 4710 Quicumque
1713 4642 1966 4697 dimiserit
2011 4659 2143 4698 uxo-

520 4729 652 4787 rem
682 4731 857 4780 suam,
905 4717 989 4770 det
1016 4717 1064 4769 ei
1090 4715 1322 4770 libellum
1350 4714 1575 4787 repudii.
1613 4713 1821 4787 Verba,
1855 4714 2052 4787 quibus
2078 4714 2138 4768 li-

546 4784 723 4840 bellus
770 4787 975 4852 repudii
1023 4783 1417 4848 scribebatur,
1467 4786 1721 4841 dicuntur
1762 4783 1950 4909 feralia
1976 4825 1991 4849 ,
2033 4783 2140 4840 huc

546 4867 653 4909 est.
673 4858 881 4909 funesta
906 4899 922 4909 .
954 4857 1126 4909 tristia
1146 4900 1160 4909 .
1185 4859 1396 4909 dira.et
1421 4856 1651 4909 fortasse
1676 4855 1752 4909 liti
1798 4870 1859 4909 ns
1881 4855 2134 4909 obnoxia.

546 4867 653 4922 est,
673 4858 881 4911 funesta
906 4899 922 4923 ,
954 4857 1126 4913 tristia
1146 4900 1161 4924 ,
1185 4859 1396 4923 dira,et
1421 4856 1651 4911 fortasse
1676 4855 1859 4911 litibus
1881 4855 2134 4911 obnoxia.

547 4927 693 4983 Inter
715 4928 817 4981 alia
845 4929 927 4984 vir
951 4933 1103 4985 uxori
1128 4931 1365 4984 libellum
1398 4927 1604 4996 repudii
1629 4926 1877 4982 tradebat
1897 4968 1913 4993 ,
1944 4929 1993 4982 in
2025 4943 2132 4993 quo

544 5001 806 5067 seriptttm
857 5009 1011 5055 erat:
1064 5001 1196 5054 Dedi
1222 5000 1304 5054 illi
1332 5000 1562 5054 libellum
1612 4998 1816 5066 repudii
1842 5000 1895 5052 in
1923 5016 2081 5052 manu
2115 5042 2129 5065 ,

543 5069 790 5143 schedam
819 5071 1180 5143 abscissionis,
1203 5072 1529 5143 signaculum
1550 5070 1840 5143 divisionis.
1876 5072 2130 5140 Alioquin

544 5141 766 5198 libellus
797 5142 1007 5211 repudii
1049 5141 1366 5199 conterebat
1393 5142 1605 5196 mulieri
1628 5141 1717 5206 jus
1751 5141 1821 5196 ad
1850 5142 1986 5196 alias
2033 5157 2133 5196 nu-

546 5211 929 5283 ptias.Couler
956 5225 1069 5267 not.
1096 5213 1161 5266 ad
1193 5213 1230 5268 ι.
1265 5229 1354 5277 ιιι,
1389 5211 1692 5283 νενε.,475.

614 5283 742 5340 569.
785 5284 1017 5339 Matthxi
1075 5284 1192 5339 hanc
1219 5286 1384 5339 verba
1418 5293 1575 5339 sunt:
1623 5282 1829 5348 Omnis,
1859 5283 1950 5353 qui
1977 5281 2132 5335 dimi-

540 5357 664 5409 serit
710 5371 924 5410 uxorem
947 5372 1119 5419 suam,
1153 5365 1365 5427 excepta
1387 5356 1745 5427 fornicationis
1782 5371 1963 5427 causa,
2017 5354 2177 5422 facit.

540 5440 655 5498 eam
694 5429 937 5482 tmecltari
958 5444 977 5483 :
1008 5439 1056 5483 et
1103 5428 1194 5498 qui
1241 5425 1510 5483 dimissam
1557 5426 1809 5498 duxerit,
1854 5425 2135 5498 adulterat.

505 5493 877 5566 'lnterpretes
896 5493 1153 5555 catholici
1190 5498 1241 5553 id
1265 5498 1337 5552 ita
1376 5508 1678 5566 exponunt.
1724 5495 1850 5551 Sola
1904 5496 2139 5551 fornica-

540 5566 706 5639 tionis
730 5610 745 5634 ,
778 5576 894 5623 sive
918 5570 1174 5626 adulterii
1216 5584 1373 5625 causa
1401 5611 1416 5635 ,
1449 5578 1543 5625 aut
1566 5583 1686 5639 quae
1720 5567 1845 5622 huic
1868 5581 1986 5635 par,
2009 5581 2136 5637 gra-

539 5636 728 5692 viorve
753 5653 817 5710 ea
849 5639 952 5705 sit,
983 5642 1177 5697 idonea
1225 5656 1351 5697 esse
1396 5636 1612 5710 potest,
1644 5649 1707 5696 ut
1747 5654 1920 5703 uxor,
1953 5636 2129 5706 quan-

534 5715 649 5766 tum
675 5707 893 5779 quidem
923 5712 990 5765 ad
1026 5721 1205 5767 torum
1256 5723 1310 5768 et
1353 5707 1576 5767 domum
1624 5711 1858 5773 attinet,
1900 5721 2122 5777 separe-

2248 2447 2381 2510 tura
2411 2437 2531 2493 viro
2555 2454 2572 2505 ;
2596 2438 2741 2510 quod
2770 2453 2893 2510 cum
2926 2438 3014 2505 lit,
3054 2439 3386 2510 matrimonii
3427 2439 3702 2495 vinculum
3733 2454 3845 2497 non

2248 2509 2561 2564 dissolvitur
2590 2509 2782 2580 {quod
2814 2520 3000 2565 natura
3029 2523 3124 2565 sua
3152 2509 3529 2565 indissolubile
3567 2521 3647 2565 est
3673 2529 3688 2574 ;
3722 2523 3775 2565 et
3807 2527 3840 2566 ιι

2246 2582 2467 2652 Christo
2513 2581 2666 2635 novis
2695 2581 2810 2635 suis
2842 2581 3054 2652 legibus
3099 2581 3479 2652 indissolubile
3506 2582 3837 2638 declaratur.

2249 2651 2343 2707 Vir
2386 2660 2568 2707 autem
2594 2692 2609 2718 ,
2658 2653 2752 2722 qui
2799 2650 2920 2708 sine
2967 2665 3129 2707 causa
3158 2650 3569 2719 fornicationis,
3603 2665 3687 2708 aut
3731 2653 3836 2708 alia

2250 2723 2367 2794 pari
2391 2765 2405 2783 .
2460 2723 2544 2778 vel
2574 2723 2794 2787 majori,
2824 2739 3051 2778 uxorem
3084 2738 3114 2777 a
3146 2738 3207 2776 se
3246 2723 3473 2778 dimittit
3494 2765 3510 2790 ,
3557 2723 3689 2781 facit
3714 2740 3835 2780 eam

2253 2794 2544 2859 mtechari,
2587 2795 2714 2863 quia
2793 2797 2911 2851 sine
2955 2795 3062 2850 ulla
3121 2794 3304 2849 uxoris
3350 2794 3510 2864 culpa
3574 2810 3693 2850 eam
3773 2797 3836 2851 li-

2253 2863 2420 2920 hidini
2465 2879 2577 2919 sua:
2607 2866 2892 2933 permittit.
2943 2864 3216 2921 Juvencus
3275 2865 3522 2921 nonnihil
3568 2867 3835 2923 obscurus

2253 2948 2367 2997 est,
2402 2936 2496 2991 sed
2538 2936 2602 2990 ad
2636 2936 2775 2990 hanc
2795 2946 2947 2993 certe
2989 2938 3313 2993 Sententiam
3347 2947 3431 2993 est
3474 2939 3832 2997 revocandus.

2324 3007 2450 3062 571.
2491 3005 2683 3064 Mulier
2706 3010 2825 3063 sine
2853 3022 3014 3062 causa
3046 3008 3237 3062 idonea
3267 3007 3482 3064 deserta
3503 3049 3520 3071 ,
3550 3019 3648 3063 aut
3671 3024 3704 3064 e
3729 3010 3832 3064 viri

2147 3075 2193 3138 C
2223 3075 2387 3132 domo
2426 3078 2596 3148 ejecta
2623 3121 2638 3143 ,
2669 3081 2712 3133 si
2740 3078 2901 3135 alteri
2941 3079 3105 3133 nubat
3128 3120 3145 3145 ,
3174 3091 3265 3134 aut
3292 3078 3590 3134 mtechetur
3610 3121 3626 3144 ,
3673 3080 3835 3135 amit-

2235 3156 2313 3202 tet
2332 3149 2451 3217 jnra
2501 3151 2634 3204 casu
2663 3149 2912 3218 pudoris,
2955 3151 3057 3204 hoc
3102 3158 3221 3211 est.
3256 3151 3479 3205 violabit
3527 3151 3784 3218 pudorem
3814 3191 3830 3214 ,

2234 3230 2458 3275 auctore
2477 3221 2693 3276 marito.
2722 3221 3175 3288 Videlicetculpa:
3197 3221 3390 3276 marito
3410 3221 3657 3284 dabitur,
3685 3221 3833 3292 quod

2237 3306 2376 3345 uxor
2389 3292 2504 3360 ejus
2524 3292 2694 3346 violet
2707 3292 3195 3362 pudorem.Badins
3208 3293 3829 3361 exponit:Amittet,etc.,

2237 3376 2344 3416 non
2359 3362 2586 3417 ducetur
2599 3364 2805 3428 abalio,
2821 3365 2943 3434 quia
2965 3366 3055 3432 qui
3069 3364 3345 3419 dimissam
3359 3363 3578 3418 dtmerit
3594 3405 3608 3426 ,
3623 3363 3833 3419 adulte-

2238 3441 2341 3505 rat.
2367 3434 2616 3491 .luvenc..
2640 3435 2675 3488 l.
2693 3449 2920 3497 tu,vers.
2943 3434 3271 3497 476,iterntn
3287 3434 3354 3505 de
3374 3435 3824 3505 hocargumento:

2240 3501 2378 3559 Nam
2392 3521 2560 3560 emere
2578 3506 2798 3560 exsolvet
2811 3506 2938 3559 casti
2949 3506 3037 3570 qui
3051 3508 3181 3576 jura
3193 3501 3752 3576 cubilia—Alteraque
3767 3508 3833 3560 il-

2239 3576 2339 3630 lius
2355 3576 2596 3630 (halantis
2611 3578 2890 3648 sociabitur
2901 3593 3054 3640 uxor,
3073 3607 3142 3617 —
3155 3576 3363 3631 Crimen
3378 3577 3623 3631 adulterii
3639 3578 3831 3648 popqu

2239 3649 2333 3701 sub
2347 3656 2472 3702 teste
2486 3648 2694 3702 subibit.
2713 3646 2970 3703 Fortasse
2991 3663 3124 3718 ergo
3145 3650 3412 3703 sententia
3437 3648 3595 3716 hujus
3610 3646 3826 3703 luciest:

2238 3718 2802 3787 Mnlierperlibellum
2843 3719 3306 3785 repudiideserta,
3347 3732 3571 3776 auctore
3596 3720 3826 3786 marito,

2239 3791 2459 3861 amittet
2476 3791 2597 3861 jura
2617 3792 2748 3845 casti
2790 3792 3029 3861 pudoris,
3051 3793 3167 3845 sive
3197 3790 3521 3847 cnbdis.ant
3571 3789 3830 3861 cunjngii.
3928 3842 3935 3845 _

2311 3860 2437 3916 572.
2478 3860 2706 3917 CAPUT
2728 3861 2920 3917 XXIX.
2946 3859 3069 3915 Non
3090 3876 3199 3916 esse
3212 3862 3504 3931 iurandum
3525 3859 3633 3914 ullo
3649 3859 3827 3928 modo,

2204 3961 2217 3969 -
2238 3933 2331 3988 sed
2361 3933 2453 3987 Est
2477 3974 2491 3997 ,
2522 3942 2568 3987 et
2600 3932 2721 3987 Non
2747 3942 2843 3997 est,
2876 3932 3169 3986 dicendum.
3220 3932 3411 3988 Matth.
3444 3949 3474 3984 v
3503 3974 3518 3998 ,
3550 3932 3641 3999 55,
3669 3949 3825 4003 seqq.

2312 4003 2437 4076 575.
2499 4003 2759 4076 Vestigia,
2790 4003 2953 4076 pedes
2975 4045 2990 4070 ,
3043 4018 3143 4059 seu
3175 4003 3339 4059 imam
3366 4004 3565 4075 pedum
3595 4014 3825 4073 partem.

2241 4071 2377 4129 Vide
2404 4086 2513 4129 not.
2547 4076 2612 4128 ad
2643 4071 2943 4130 vers.'512.

2337 4147 2467 4202 576.
2543 4145 2715 4201 Judaei
2777 4160 3123 4214 summopere
3187 4146 3431 4202 vitabant
3482 4146 3672 4215 jurare
3731 4160 3828 4215 per

2242 4215 2414 4272 Deum
2442 4235 2455 4271 :
2489 4220 2582 4271 sed
2611 4216 2768 4273 facile
2789 4257 2804 4281 ,
2833 4227 2888 4272 et
2915 4228 3120 4272 temere
3147 4216 3402 4286 jurabant
3446 4232 3543 4286 per
3578 4219 3775 4273 caelum
3810 4258 3826 4281 ,

2243 4296 2461 4359 terram,
2495 4287 2922 4358 Hierosolymam
2951 4330 2965 4351 .
2987 4298 3158 4359 caput
3202 4288 3482 4357 proprium
3508 4305 3523 4342 :
3553 4304 3674 4359 qua:
3702 4304 3826 4344 vera

2238 4357 2544 4427 juramenta
2570 4374 2691 4413 esse
2722 4357 2830 4415 non
2875 4357 3189 4415 credebant.
3224 4357 3583 4414 Maimonides
3606 4361 3658 4414 in
3689 4370 3829 4414 trac-

2247 4437 2357 4484 tatu
2383 4430 2654 4486 ShebuOtlt
2683 4471 2699 4495 ,
2729 4432 2842 4484 sive
2875 4429 2953 4484 De
2976 4432 3288 4501 juramentis
3314 4446 3434 4500 cap.
3465 4430 3533 4485 l2
3561 4475 3575 4497 ,
3612 4446 3759 4485 num.
3793 4431 3829 4485 5

2245 4511 2300 4573 et
2341 4502 2375 4557 4
2403 4520 2415 4556 ;
2453 4502 2516 4558 Si
2545 4502 2658 4573 quis
2683 4502 2930 4571 iurauerit
2957 4517 3047 4573 per
3066 4500 3253 4573 caelum
3273 4542 3289 4566 ,
3324 4511 3371 4555 et
3404 4510 3593 4556 terram
3616 4545 3632 4564 ,
3659 4515 3708 4556 et
3743 4518 3827 4556 so-

2243 4569 2363 4639 lem,
2396 4582 2444 4627 et
2465 4569 2689 4645 similia,
2722 4573 2924 4627 tametsi
2958 4569 3256 4645 cogitauerit
3296 4583 3495 4628 tantum
3526 4573 3589 4626 de
3614 4589 3705 4638 eo,
3739 4573 3828 4642 qui

2242 4659 2302 4697 ea
2328 4644 2521 4699 creavit
2543 4684 2559 4709 ,
2581 4646 2937 4716 jurameutum
2962 4644 3311 4716 nihilominus
3320 4652 3542 4716 nonest.
3590 4645 3715 4698 Ha-c
3742 4651 3829 4698 est

2242 4728 2401 4784 causa
2420 4756 2434 4777 ,
2463 4730 2560 4768 cur
2584 4714 2849 4769 Martialis
2872 4718 2909 4768 l.
2939 4730 2990 4769 ιιι
3015 4716 3237 4784 ,βμὶςικ
3261 4714 3332 4769 95
3354 4757 3371 4781 ,
3402 4714 3637 4784 Verpum
3666 4755 3682 4780 ,
3714 4716 3828 4769 sive

2239 4783 2617 4859 Judaatunrsig
2648 4786 2976 4859 alloquitur;
3009 4783 3142 4839 Ecce
3182 4802 3380 4859 negas,
3400 4783 3657 4859 jurasque
3698 4786 3828 4840 mihi

2242 4872 2333 4929 per
2358 4858 2547 4929 templa
2574 4855 3049 4929 Tonantis.—Non
3080 4855 3264 4911 credo:
3286 4855 3425 4911 Iura
3447 4897 3464 4923 ,
3508 4855 3669 4929 verpe
3688 4897 3705 4922 ,
3739 4873 3830 4929 per

2242 4875 2333 4924 per
2358 4875 2454 4911 tem
2495 4875 2547 4911 ια
2578 4875 3049 4911 ιοηαηιιι.-ινοη
3080 4875 3255 4911 credo.
3286 4875 3425 4911 Jura
3447 4897 3464 4923 ν
3510 4875 3669 4929 verpe
3688 4897 3705 4922 ν
3739 4875 3827 4924 per

2242 4875 2583 4986 Anchialitm.
2625 4928 2715 4984 Sic
2745 4938 2904 4984 vocat
2942 4930 3308 4995 juramentum
3345 4944 3441 4999 per
3458 4929 3649 4993 Deum,
3683 4927 3827 4999 quod

2246 4999 2459 5054 Hebraei
2489 4999 2561 5054 ita
2595 4999 2905 5054 formabant
2932 5001 3013 5052 Art
3050 4999 3134 5052 chi
3177 5003 3338 5065 alon,
3376 4998 3498 5054 Non
3525 5017 3544 5055 :
3576 5001 3699 5053 uiuit
3737 4999 3830 5053 Αι-

2242 5071 2494 5125 tissimus.
2536 5070 2644 5127 Alii
2683 5068 2997 5124 Aucltialum
3027 5069 3291 5128 Hebraice
3328 5086 3526 5127 sonare
3552 5072 3706 5125 aiunt
3738 5084 3829 5138 per

2242 5139 2410 5212 Deum
2451 5144 2718 5203 viventem,
2764 5142 2851 5195 vel
2896 5157 2988 5210 per
3026 5157 3164 5212 eum,
3191 5144 3281 5212 qui
3323 5142 3444 5196 vivit
3472 5144 3526 5196 in
3553 5153 3823 5212 (sternunt.

2241 5211 2390 5267 Isaac
2418 5212 2644 5266 Vossius
2670 5212 2739 5267 ad
2769 5211 3035 5279 Pompon.
3062 5211 3277 5267 Melam.
3309 5213 3347 5266 l.
3377 5228 3418 5275 ι,
3439 5229 3489 5267 c.
3523 5216 3577 5277 8,
3604 5211 3831 5280 corrigit

2240 5281 2586 5347 Anc/torium,
2617 5285 2671 5336 Ιι.
2704 5299 2791 5351 e.,
2826 5285 3037 5349 asinum
3064 5301 3076 5336 :
3130 5285 3252 5351 quia
3280 5284 3483 5340 Iudaeis
3527 5285 3830 5351 imputaba-

2246 5362 2362 5417 tur,
2392 5354 2535 5424 quod
2568 5353 2777 5408 asinum
2807 5352 3119 5408 adorarent.
3152 5352 3408 5411 Christus
3438 5355 3692 5423 prohibet
3714 5369 3833 5408 om-

2244 5425 2332 5479 nia
2365 5424 2478 5478 hatc
2519 5424 2830 5495 juramenta
2856 5465 2871 5490 ,
2901 5441 3022 5494 qua:
3050 5440 3182 5480 vere
3221 5441 3346 5481 esse
3390 5427 3698 5493 iuramenta
3731 5425 3830 5480 de-

2241 5494 2443 5550 clarat:
2478 5494 2761 5565 prohibet,
2794 5494 3035 5563 inquam,
3068 5510 3178 5549 non
3207 5496 3387 5551 solum
3419 5513 3487 5552 ne
3515 5496 3652 5551 falso
3678 5536 3693 5558 ,
3732 5496 3833 5551 sed

2238 5567 2404 5620 etiam
2436 5581 2504 5622 ne
2537 5577 2766 5632 temere,
2797 5575 2852 5621 et
2880 5565 3002 5621 sine
3045 5582 3212 5621 causa
3256 5569 3605 5622 emittantur.
3650 5566 3832 5621 luris-

2231 5636 2450 5708 jurandi
2478 5637 2787 5708 exemplum
2815 5652 2913 5707 per
2941 5646 3141 5691 terram
3179 5638 3325 5708 apud
3353 5638 3710 5696 Theocritum
3738 5652 3835 5693 oo-

2235 5706 2410 5763 currit
2436 5709 2511 5763 Ni:
2540 5712 2638 5761 Λᾶν
2668 5706 2856 5764 dorice
2888 5722 2987 5776 pro
3015 5708 3080 5763 νὰ
3101 5706 3225 5764 Γᾶνὲ
