4176 6180
336 301 441 360 “5

481 512 719 569 Crimina
747 524 935 568 nostra
965 521 1151 568 vetant
1172 512 1318 578 vitae,
1347 507 1594 579 lucisque
1622 515 1927 578 parentem.

480 605 638 663 Nunc
657 606 823 662 verbo
851 606 987 661 satis
1016 615 1097 664 est
1123 606 1318 675 jubeas
1349 616 1596 659 remeare
1625 599 1877 655 salutem.

483 698 776 769 Subjectos
805 698 937 753 mihi
962 714 1108 767 saepe
1132 698 1279 752 viros
1308 695 1387 751 sic
1417 702 1602 749 nostra
1632 698 1874 762 potestas

484 789 691 846 Ofﬁciis
720 794 890 847 verbo
916 790 1085 861 jussis
1111 804 1309 859 parere
1336 787 1538 857 coegit.

332 881 447 938 790
482 882 738 939 Dixerat:
770 883 863 938 ille
890 883 988 938 viri
1022 889 1202 936 motus
1235 880 1601 951 precibusque
1624 917 1640 943 ,
1674 875 1889 946 ﬁdeque
1913 918 1926 941 ,

484 978 632 1033 Talia
660 990 969 1033 conversus
998 976 1202 1047 popqu
1230 976 1324 1030 dat
1351 974 1494 1028 dicta
1518 972 1790 1041 sequenti.

488 1072 640 1127 Haud
668 1086 921 1142 umquam
951 1070 1116 1126 talem
1141 1069 1366 1124 memini
1391 1082 1478 1122 me
1498 1065 1677 1135 gentis
1705 1063 1865 1118 avitae

491 1164 648 1237 ια)
672 1163 950 1218 lnvenisse
978 1161 1139 1216 ﬁdem
1165 1178 1177 1214 :
1205 1160 1301 1215 sed
1331 1158 1476 1213 veris
1504 1156 1702 1211 discite
1725 1154 1888 1210 dictis
1916 1196 1932 1222 ,

483 1259 639 1328 Quod
669 1257 873 1312 multos
902 1255 1157 1311 homines
1185 1253 1423 1309 diversis
1446 1250 1695 1321 partibus
1719 1246 1873 1303 orbis

333 1351 450 1411 795
490 1350 810 1423 Progenitos
835 1350 961 1406 cceli
990 1364 1219 1420 regnum
1249 1346 1483 1402 sublime
1504 1344 1725 1399 vocabit

485 1442 619 1500 Cum
642 1443 892 1515 patribus
922 1443 1127 1496 nostris
1155 1440 1307 1495 vitali
1339 1437 1668 1493 accumbere
1696 1446 1898 1490 mensae
1924 1449 1938 1486 :

491 1536 783 1608 Progenies
803 1548 1038 1607 quorum
1066 1533 1227 1618 caecis
1256 1530 1509 1586 demersa
1532 1526 1776 1585 tenebris

1437 296 1899 359 EVANGELICIE
1937 296 2279 357 HISTORIE
2319 300 2449 358 ΜΒ.
2492 300 2532 356 l.

337 415 445 472 785
483 416 591 475 Sed
614 417 769 488 jussu
801 418 1088 485 miserere,
1125 431 1352 488 precor:
1383 430 1509 470 nam
1544 420 1684 468 tecta
1711 409 1897 465 subire
1962 417 2018 477 Α

3527 302 3632 360 146

2186 410 2443 467 Dentibus
2495 410 2834 467 horrendum
2891 410 3133 467 stridens
3158 453 3173 479 ,
3199 410 3496 484 ﬂetumque
3524 411 3633 470 fre-

3266 504 3562 577 [quentans

2183 598 2467 671 Perpetuis
2494 613 2707 668 plenam
2741 597 3074 654 cruciatibus
3094 606 3213 652 acta
3236 598 3461 655 subibit.

2040 690 2146 749 800
2184 692 2255 746 At
2278 691 2369 746 tibi
2400 692 2509 761 jam
2535 690 2719 761 juveni
2771 692 2972 746 mentis
3002 690 3202 745 virtute
3231 689 3434 758 ﬁdelis,

2189 784 2343 857 161
2373 782 2439 838 Ut
2470 784 2672 845 credis,
2704 784 2891 839 veniet
2917 783 3125 839 fructus
3145 784 3403 840 cumluce
3422 783 3636 842 salutis.

2185 877 2429 943 Dixerat,
2453 885 2508 933 et
2533 877 2683 931 dicto
2707 877 2872 932 citius
2900 891 3021 932 cum
3050 891 3184 933 voce
3222 878 3495 949 loquentis

2185 970 2267 1025 Ad
2297 985 2527 1041 puerum
2558 970 2761 1025 celeris
2797 978 3177 1025 transcurrunt
3201 986 3423 1027 munera
3465 970 3639 1028 verbi.

2182 1062 2572 1131 lugressusque
2603 1060 2825 1115 domum
2866 1061 3023 1117 miles
3056 1069 3383 1133 properante
3417 1077 3643 1119 recursu

2039 1154 2146 1211 805
2184 1154 2536 1210 Praevenisw
2567 1154 2665 1209 Dei
2697 1155 2915 1210 laetatur
2940 1156 3084 1210 dona
3117 1157 3408 1211 medentis.

2253 1244 2421 1301 Aides
2452 1245 2576 1300 inde
2602 1245 2748 1301 Petri
2778 1256 3002 1301 sanctus
3031 1249 3359 1318 penetrabat
3382 1248 3563 1317 Iesus,

2182 1336 2352 1408 Cujus
2379 1339 2575 1394 anhela
2602 1354 2795 1395 socrus
2822 1349 2979 1405 testu,
3006 1340 3255 1413 febrique
3270 1343 3517 1413 jacebat.

2180 1430 2363 1503 thue
2396 1432 2473 1487 illi
2503 1432 2756 1487 dextram
2784 1430 2963 1502 tetigit
3010 1432 3264 1489 Salvator
3298 1434 3482 1503 Iesus,

2040 1522 2146 1581 809
2184 1524 2327 1581 Sana
2352 1525 2714 1581 ministerium
2744 1525 3025 1596 praebebat
3054 1526 3260 1585 femina
3294 1528 3522 1584 mensis.

1565 1700 1954 1774 LECTIONES
1993 1716 2409 1775 VARIANTES.

416 1859 545 1915 795.
575 1858 711 1929 Reg.
733 1900 747 1923 ,
777 1857 890 1911 Ott.
912 1854 1121 1929 ,_Rom.
1143 1853 1343 1929 ._Ald.,
1374 1848 1755 1929 Torn.,_Bas.,
1786 1849 1945 1929 Quod
1974 1854 2024 1915 B
2050 1849 2255 1929 Actibi.
2285 1849 2411 1929 Ald.
2432 1893 2457 1929 _,
2484 1850 2647 1929 Fabr.
2672 1891 2686 1917 ,
2734 1850 2939 1929 Robb,
2975 1851 3142 1929 'I_‘orn.
3171 1892 3187 1919 ,
3216 1850 3387 1929 Ra_s.__.
3417 1851 3650 1929 juuenis.

341 1932 561 1987 multos.
603 1920 834 1985 Radam.
864 1970 880 1995 ,
911 1926 1073 1982 Fabr.
1106 1971 1120 1994 ,
1156 1925 1370 1981 Poelm.
1401 1963 1416 1990 ,
1447 1938 1545 1993 pro
1567 1920 1622 1973 d.
1654 1935 1702 1975 s.
1733 1961 1746 1985 ,
1777 1922 1945 1986 Quam

344 2004 565 2059 multos.

420 2075 546 2130 796.
588 2071 735 2137 Διά,
766 2072 990 2126 vestris:
1021 2069 1137 2134 alii,
1165 2068 1375 2122 nostris.

420 2146 550 2200 797.
591 2134 760 2198 Torn.
782 2185 797 2209 ,
830 2143 993 2198 Fabr.
1017 2183 1032 2208 ,
1063 2140 1311 2196 scribunt
1354 2138 1591 2191 demersa
1613 2153 1633 2190 :
1660 2134 1906 2209 plerique
1933 2178 1948 2202 ,

345 2217 595 2272 dimersa.
630 2217 754 2270 Bas.
854 2206 1079 2282 diversa,
1111 2216 1292 2265 minus
1323 2211 1482 2282 bene,
1525 2206 1775 2275 quamvis
1803 2207 1949 2282 bono

344 2290 533 2359 aliquo
582 2301 746 2341 sensu
777 2279 1039 2356 explicari
1067 2279 1143 2336 'id
1187 2280 1623 2359 possit_,hn_empe
1669 2279 1947 2359 oppositu,

347 2348 460 2415 aut'
473 2359 525 2412 in
548 2370 694 2432 parte
714 2348 978 2411 contraria
1006 2365 1052 2409 et
1072 2356 1336 2432 Aapposita.
1368 2350 1720 2432 Midenotmd
1746 2367 1797 2402 ν.
1819 2348 1945 2404 761.

421 2423 560 2487 798ί
582 2430 720 2495 Ott.,
755 2446 782 2482 a
816 2445 896 2495 pr.
927 2443 1027 2491 m.,
1051 2423 1329 2497 ﬂetumque
1353 2464 1365 2479 .
1396 2423 1450 2476 in
1483 2423 1643 2492 Reg.,
1673 2436 1701 2474 a
1735 2437 1818 2497 pr.
1846 2437 1949 2497 m.,

351 2501 588 2557 fortasse
635 2501 735 2555 fuit
782 2494 1114 2571 ﬂentumque.
1163 2496 1444 2566 Seriptura
1483 2494 1828 2558 communis,
1857 2495 1951 2563 ﬂe-

353 2583 585 2627 tantane.

426 2589 757 2716 #ggfﬁegq
790 2639 1238 2716 pwnereliqui,
1268 2653 1491 2716 ptenant.
1661 2706 1680 2716 _
1846 2705 1859 2716 ,

426 2718 556 2771 800.
585 2706 719 2781 Reg.
745 2706 762 2780 ,
790 2706 903 2769 Ott.
933 2706 971 2780 ,⁷
995 2706 1157 2767 Rom:
1184 2755 1199 2778 ,
1232 2706 1357 2764 Ald.
1380 2751 1395 2774 ,
1427 2712 1494 2763 At
1524 2708 1636 2763 tibi.
1661 2706 1739 2781 Ita
1788 2706 1952 2763 etiam

351 2786 528 2843 Torn.
556 2832 571 2856 ,
594 2797 649 2843 et
668 2780 795 2841 Bas.
823 2784 931 2843 Alii
954 2798 1075 2840 cmn
1110 2781 1343 2837 Hadam.
1378 2782 1588 2837 Poelm.
1618 2825 1633 2849 ,
1665 2780 1717 2835 in
1756 2789 1907 2834 textu
1936 2823 1950 2847 ,

2048 1922 2177 1987 ΑΙιί,
2198 1923 2400 1992 juveni.
2432 1922 2491 1977 In
2532 1922 2665 1993 Reg.
2697 1939 2762 1977 ex
2791 1923 2962 1991 ﬁdelis
2990 1924 3191 1977 factum
3230 1922 3377 1992 ﬁdeli
3399 1922 3659 1985 {scilicet

2050 1994 2273 2068 virtute.
2306 1994 2635 2068 Reuscbins,
2669 1996 2733 2068 A_t
2772 1995 2863 2068 tibi
2899 1994 3441 2068 jantjnreni_mentis
3469 1995 3658 2068 virtute

2050 2064 2244 2133 ﬁdelis,
2270 2079 2376 2121 etc.
2410 2066 2653 2132 Sollicet,
2686 2064 2829 2135 Tibi,
2860 2064 3193 2126 o‘ceu'turio.
3220 2064 3342 2118 ﬁdei
3369 2075 3475 2119 tua:
3507 2066 3653 2120 fruc-

2051 2146 2137 2190 tus
2162 2138 2378 2192 veniet:
2409 2136 2647 2207 juvenis,
2680 2153 2842 2207 quem
2874 2136 3012 2191 adeo
3041 2136 3256 2207 ﬁdelem
3296 2136 3393 2191 tibi
3421 2149 3475 2191 et
3494 2137 3657 2191 obse-

2050 2219 2306 2276 quentcm
2335 2206 2662 2273 praedicasti,
2697 2206 2935 2277 accipiet
2966 2209 3143 2261 lucem
3177 2206 3392 2272 salutis,
3422 2208 3539 2263 sive
3568 2221 3657 2261 sa-

2039 2281 2300 2337 .nitatem.
2322 2280 2444 2334 Duo
2473 2279 2641 2334 dativi
2673 2279 2850 2334 eidem
2878 2279 3046 2333 verbo
3071 2278 3440 2350 adjunguutur
3467 2279 3523 2333 in
3555 2277 3658 2333 bac

2055 2351 2316 2405 Reuschii
2349 2354 2620 2419 sciiptura
2653 2360 2706 2405 et
2737 2352 3105 2418 expositione.

2123 2422 2251 2476 805.
2306 2422 2456 2488 Ald.,
2510 2424 2659 2488 Bas.,
2708 2421 2942 2488 Poelm.,
2970 2437 3069 2491 pro
3097 2420 3153 2475 d.
3178 2436 3253 2488 s.,
3295 2428 3604 2492 percurrunt
3636 2436 3656 2474 :

2056 2492 2168 2558 alii,
2202 2502 2588 2547 transcurrunt.

2129 2566 2256 2620 805.
2283 2565 2468 2628 Rom.,
2496 2562 2811 2619 Provenisse
2838 2580 2857 2619 :
2881 2563 3079 2618 melius
3101 2562 3283 2618 caeteri
3312 2562 3657 2618 Prtevenisse.

2132 2636 2257 2691 808.
2279 2635 2438 2706 Reg.,
2475 2635 2719 2691 Servator
2745 2653 2763 2689 :
2786 2634 3004 2706 reliqui,
3032 2634 3299 2706 salvator.

2060 2706 2259 2834 “809.
2292 2704 2431 2763 Post
2472 2708 2618 2763 hunc
2666 2722 2721 2763 ν.
2748 2706 2884 2779 Reg.
2911 2704 2925 2760 Ξ
2954 2704 3191 2781 Ειοριὶεἱι
3220 2707 3350 2763 liber
3381 2722 3422 2773 ι,
3464 2705 3661 2778 Incipit

2082 2797 2096 2832 ι
2134 2795 2189 2833 er
2218 2794 2275 2834 ιι.

2082 2794 2189 2833 wer
2218 2794 2275 2834 11.

1871 2956 2102 3014 NOTE.

428 3099 559 3157 79L
586 3095 697 3151 Dat
720 3096 859 3151 dicta
883 3111 903 3151 :
923 3095 1218 3165 aliquando
1247 3095 1374 3149 dare
1405 3094 1558 3149 verba
1581 3095 1853 3166 signiﬁcat
1879 3096 1950 3152 lo-

355 3172 474 3242 qui,
496 3186 602 3224 non
622 3169 836 3242 fallere.
856 3166 1118 3238 Exempla
1144 3169 1342 3238 protuli
1378 3168 1429 3222 in
1455 3176 1571 3222 not.
1604 3168 1670 3221 ad
1697 3167 1955 3223 Dracont.

356 3238 487 3299 libr.
516 3257 600 3306 ιιι,
632 3258 686 3294 v.
719 3238 845 3294 456.

428 3313 557 3370 792.
585 3312 800 3366 Memini
832 3326 910 3365 me
934 3310 1188 3365 invenisse
1210 3326 1230 3364 :
1252 3310 1475 3377 elegans
1501 3319 1644 3366 esset
1673 3326 1796 3365 cum
1838 3309 1960 3364 infi-

360 3387 536 3441 nitivo
573 3385 851 3453 pra-senti,
881 3380 1099 3437 etiamsi
1137 3383 1205 3437 tle
1237 3399 1296 3436 re
1327 3382 1599 3452 przeterita
1649 3398 1831 3437 sermo
1860 3384 1951 3435 sit.

360 3457 560 3511 Verum
580 3452 750 3511 etiam
782 3469 904 3507 cum
929 3452 1198 3509 inlimtivo
1229 3456 1513 3521 prasterito
1546 3455 1688 3523 apud
1736 3456 1951 3509 Cicero-

362 3545 515 3587 nem.
543 3526 828 3594 Virgilium
853 3526 1095 3593 aliosque
1120 3527 1322 3589 probos
1350 3526 1647 3592 scriptores
1671 3535 1961 3593 reperitur.

432 3600 560 3654 195.
612 3597 739 3652 Caeli
782 3613 993 3669 regnum
1023 3595 1253 3669 sublime
1286 3597 1533 3669 ﬁgurate
1577 3612 1682 3669 pro
1720 3605 1967 3669 regnator

359 3672 475 3725 caeli
503 3669 758 3723 sublimis.
796 3665 1100 3738 Reuscbins
1138 3668 1447 3735 supplebat,
1496 3665 1584 3720 Vel
1611 3669 1721 3721 (teli
1750 3665 1964 3738 regnum

360 3754 537 3796 tenens
559 3740 781 3805 vocabit,
808 3742 892 3791 ιιι-Ι
929 3737 1087 3793 Pater
1108 3738 1323 3792 t‘ttlestis
1346 3739 1412 3791 ad
1442 3738 1554 3791 caeli
1581 3756 1798 3809 regnum
1812 3737 1967 3791 voca-

359 3814 454 3868 bit.
480 3812 790 3868 Notandum
820 3810 1019 3882 vocabit
1041 3832 1052 3859 ι
1073 3810 1466 3882 utuinﬁnitivo
1494 3811 1798 3882 accumbere
1821 3809 1967 3862 vitali

362 3899 578 3938 mensae.
598 3882 875 3946 lloratius,
896 3881 1012 3935 libr.
1030 3896 1090 3938 tl.
1123 3880 1213 3934 od.
1237 3880 1324 3942 18,
1350 3881 1399 3934 in
1428 3881 1547 3941 lin.,
1574 3881 1642 3933 de
1666 3880 1964 3934 Charonte:

361 3954 469 4009 Hic
491 3956 661 4008 levare
685 3956 919 4024 functum
943 3981 1015 3993 -—-
1045 3950 1335 4024 Paupertate
1359 3950 1702 4024 laboribus—
1727 3952 1965 4013 Vocatus,

360 4037 514 4097 atque
536 4044 637 4097 non
664 4022 870 4078 vocatus
900 4023 1067 4077 audit.
1115 4022 1372 4077 Nonnulli
1409 4026 1477 4074 ita
1511 4022 1757 4097 ordinem
1800 4024 1969 4077 collo-

361 4095 492 4151 cant
518 4114 532 4150 :
565 4096 769 4151 Charon
792 4106 1024 4157 vocatus,
1050 4106 1201 4159 atque
1233 4111 1331 4147 non
1354 4105 1560 4147 vocatus
1583 4095 1730 4148 audit
1753 4097 1927 4148 levare
1950 4135 1964 4157 ,

362 4179 475 4221 etc.
506 4171 631 4231 Alii,
670 4168 904 4221 melius:
944 4165 1172 4219 Vocatus
1204 4164 1371 4219 levare
1422 4182 1698 4235 pauperem
1735 4171 1969 4236 [unctum

365 4240 648 4303 laboribus,
672 4252 822 4307 atque
852 4254 953 4290 non
982 4249 1212 4300 vocatus,
1255 4236 1424 4291 audit.
1458 4236 1720 4290 Nimirum
1766 4253 1971 4307 paupe-

365 4328 481 4366 rem
532 4328 562 4365 a
608 4309 890 4363 laboribus
929 4309 1206 4369 sublevat,
1260 4311 1375 4361 sive
1402 4309 1468 4361 ad
1498 4308 1550 4362 id
1581 4320 1824 4373 vocetur,
1853 4308 1971 4363 sive

366 4400 477 4437 non
505 4394 754 4436 veretur.
788 4381 1092 4433 Notandum
1141 4379 1304 4432 etiam
1337 4380 1566 4433 verbum
1608 4379 1788 4448 ipsum
1817 4396 1970 4433 rora-

365 4455 459 4509 bit.
493 4454 637 4522 quod
666 4453 918 4507 absolute
947 4452 1181 4519 ptlslllllti
1214 4452 1463 4505 solemne
1493 4460 1578 4505 est
1608 4467 1711 4521 pro
1754 4452 1972 4506 inritare

365 4527 436 4579 ad
466 4541 680 4578 (mitam.
744 4526 877 4577 llinc
912 4530 1161 4593 vocator,
1191 4533 1248 4575 et
1276 4523 1494 4575 vacatio.
1532 4523 1821 4589 Exempla,
1878 4526 1970 4593 qui

366 4598 542 4661 voles,
595 4598 744 4665 leges
790 4596 931 4663 apud
975 4592 1368 4656 Forcellinum.
1414 4594 1621 4650 aliosve
1665 4595 1973 4665 lexicogra-

405 4669 529 4721 lms.

365 4684 568 4794 “.338.
603 4737 890 4807 Virgilius,
916 4751 933 4790 ι
961 4734 1091 4792 ιλΕιι.
1123 4752 1176 4791 v.
1209 4736 1312 4791 85:
1345 4735 1387 4790 T
1392 4754 1424 4790 ιι
1450 4737 1545 4792 das
1566 4737 1732 4807 epulis
1764 4754 1974 4794 acrum-

366 4815 484 4865 bere
515 4808 724 4863 Dirum.

370 4920 385 4929 υ
442 4882 569 4937 797.
603 4880 891 4936 Mattbmns
921 4880 1034 4941 hic,
1070 4888 1126 4935 et
1170 4894 1290 4949 cap.
1325 4895 1464 4945 χχιι,
1492 4898 1545 4935 v.
1582 4880 1669 4947 l5,
1703 4890 1865 4936 vocat
1906 4892 1982 4937 te-

366 4954 557 5008 nebras
603 4954 903 5006 exteriores.
948 4951 1285 5017 Mazocbins,
1330 4953 1395 5005 ad
1440 4952 1632 5007 Matth.
1688 4969 1808 5016 vm,
1869 4954 1978 5023 12,

368 5037 503 5079 tom.
533 5039 586 5078 ιιι
614 5023 832 5091 Spit-il.,
867 5024 1007 5077 hanc
1031 5024 1455 5090 appellationem
1498 5024 1736 5079 desumit
1787 5041 1854 5079 ex
1885 5042 1979 5093 eo,

366 5098 518 5164 quod
553 5097 711 5150 locus
736 5098 976 5149 carceris
1004 5096 1292 5162 secretior,
1320 5108 1374 5150 et
1405 5097 1693 5151 obscurior
1721 5109 1842 5151 erat
1893 5114 1984 5152 ve-

368 5168 473 5221 luti
500 5183 690 5221 carcer
710 5178 866 5220 extra
910 5180 1214 5220 carcerem.
1250 5170 1385 5223 Acta
1418 5168 1477 5223 S.
1510 5168 1808 5227 Vincentii.
1842 5179 1978 5224 sect.

366 5244 445 5293 8:
479 5238 709 5311 Quarite
745 5239 915 5290 locum
953 5236 1296 5311 tenebrosum,
1328 5248 1374 5292 et
1422 5257 1725 5311 oppressum
1768 5252 1984 5310 urgente

367 5319 596 5371 tectura,
626 5309 689 5362 ab
718 5311 856 5362 omni
883 5310 1087 5380 publica
1137 5310 1251 5364 luce
1290 5309 1593 5380 sepositum,
1629 5309 1982 5380 perpetuaque

366 5393 524 5435 nocte
556 5381 882 5442 damnatum,
915 5379 1084 5433 reatui
1106 5382 1218 5452 ejus
1240 5381 1581 5453 peculiarem,
1613 5392 1761 5438 extra
1804 5379 1987 5437 rideti-

365 5462 453 5506 cet
484 5468 716 5505 carceres
736 5466 1010 5505 carcerem.

450 5524 581 5579 798.
616 5521 953 5578 Horrendum
984 5521 1228 5579 adverbii
1263 5539 1437 5582 more.
1473 5524 1747 5598 Virgilius,
1786 5525 1877 5581 lib.
1911 5542 1983 5593 vi,

2063 3094 2171 3152 288
2195 3116 2209 3152 :
2248 3094 2586 3150 Horrendum
2606 3095 2850 3151 stridens.
2883 3097 3040 3153 Mitto
3066 3098 3223 3154 alios.
3492 3128 3509 3141 ο

2137 3168 2260 3224 799.
2321 3170 2475 3231 Acta,
2525 3176 2735 3239 coacta,
2787 3167 3042 3239 impulsa,
3076 3173 3321 3227 subacta.
3379 3169 3489 3226 Has
3517 3171 3666 3227 enim

2061 3238 2495 3309 signiﬁcationes
2517 3238 2761 3307 aliasque
2785 3239 2837 3294 id
2868 3238 3095 3296 verbum
3130 3244 3311 3297 habet.

2063 3381 2116 3434 ά.
2134 3311 2263 3434 802.
2282 3310 2411 3364 Cum
2437 3325 2559 3364 voce
2580 3326 2598 3364 :
2616 3311 2743 3365 vide
2758 3326 2877 3367 Var.
2902 3312 3055 3368 Lect.
3080 3314 3148 3368 ad
3176 3315 3213 3368 I.
3239 3329 3360 3378 ll,V.
3383 3313 3515 3383 597,
3534 3311 3667 3370 Cum

2100 3399 2148 3434 ιο
2172 3399 2223 3434 ο.

2100 3394 2223 3437 ιοΙο.

2142 3452 2560 3527 ὃυίηιίρριινδιη
2585 3458 2811 3527 proprie
2850 3455 3120 3525 signiﬁcat
3140 3455 3401 3523 reditum,
3428 3456 3521 3526 qui
3543 3472 3669 3513 cur—

2071 3527 2242 3598 rendo
2265 3525 2342 3579 ﬁt.
2371 3525 2659 3598 Μιιιῑιιιιιύε
2686 3533 2736 3583 in
2766 3529 2993 3598 Vulgata
3019 3530 3195 3581 solum
3222 3529 3414 3580 habet:
3444 3525 3510 3582 Et
3538 3529 3675 3582 dixit

2069 3594 2221 3650 Iesus
2249 3597 2544 3650 centurioni
2576 3614 2595 3652 :
2630 3599 2793 3655 Vade.
2826 3594 3034 3653 et'sicut
3084 3599 3373 3663 credidisti,
3405 3599 3498 3668 fiat
3532 3599 3676 3653 tibi?

2070 3677 2117 3720 et
2134 3680 2346 3720 stmlttus
2374 3678 2451 3721 est
2474 3672 2669 3734 puerin
2690 3670 2785 3723 illa
2814 3669 2964 3723 hora.
2984 3668 3112 3723 ιιιιιςι
3136 3672 3188 3721 in
3212 3673 3489 3723 ιιιιιιιιιιιιιε
3509 3685 3669 3736 mss.,

2073 3737 2318 3807 plrrique
2348 3738 2522 3794 Cra-ci
2565 3740 2810 3810 codices,
2839 3742 3029 3796 Versio
3058 3739 3397 3809 Ethiotiica,
3428 3753 3476 3794 el
3532 3739 3673 3810 Syra

2070 3810 2262 3874 altera,
2289 3810 2491 3863 addunt
2516 3831 2528 3861 :
2556 3808 2625 3866 Et
2642 3827 2919 3867 conversus
2941 3814 3173 3867 centurio
3197 3812 3251 3866 in
3271 3808 3482 3867 domum
3501 3808 3671 3877 suam,

2068 3881 2247 3934 eadem
2280 3883 2407 3933 liora
2432 3881 2625 3935 invenit
2651 3900 2864 3947 puerum
2888 3900 3096 3937 sanum.

2142 3952 2268 4006 805.
2303 3950 2537 4006 Lwtatur
2564 3969 2686 4007 cum
2718 3955 2987 4009 inﬁnitivo
3013 3957 3151 4009 satis
3180 3954 3439 4009 usitatum
3474 3963 3580 4012 est.

2143 4021 2544 4096 806.VCAPUT
2579 4023 2813 4080 XLVIII.
2846 4027 3067 4083 Sacrum
3110 4025 3257 4082 Petri
3301 4027 3675 4096 febricitantem

2070 4103 2207 4220 iacio
2240 4095 2529 4221 libratam.
2563 4096 2717 4151 Matt.
2746 4112 2858 4163 vni.
2895 4098 2962 4152 M
2988 4114 3140 4168 seq.;
3172 4095 3336 4153 Marc.
3370 4112 3410 4165 ι,
3439 4096 3509 4154 30
3532 4113 3676 4168 seq.;

2120 4183 2149 4217 ιι
2194 4208 2207 4219 .
2241 4181 2313 4221 ιν.
2419 4206 2433 4219 .

2120 4179 2207 4219 uc.
2241 4181 2313 4222 ιν.
2344 4179 2433 4221 δδ.

2144 4237 2269 4291 807.
2311 4237 2587 4304 Sedulius,
2620 4238 2746 4294 libr.
2776 4256 2833 4295 ιιι
2861 4256 2914 4294 v.
2958 4241 3027 4296 '55
3062 4260 3074 4293 :
3106 4239 3265 4295 Forte
3295 4238 3439 4294 Petri
3488 4239 3680 4295 valida:

2073 4307 2307 4379 torrebat
2333 4310 2595 4379 lampadis
2619 4321 2746 4365 testu
2774 4342 2845 4353 --
2874 4311 3058 4367 Febris
3082 4313 3271 4366 anhela
3291 4328 3515 4366 socrum.
3549 4313 3682 4366 Pro-

2074 4383 2191 4446 prie
2219 4378 2406 4434 anhelu
2447 4378 2534 4434 est
2564 4381 2845 4448 anhelans,
2874 4396 2931 4436 ιιι
2972 4399 3149 4437 socrus
3184 4385 3391 4438 anhela.
3420 4383 3682 4439 Sedulius

2072 4451 2271 4507 febrim
2300 4450 2543 4507 anhelum
2575 4466 2752 4512 vorat.
2779 4456 2903 4522 quia
2959 4454 3219 4509 anhelare
3268 4455 3411 4509 facit.
3445 4456 3682 4511 Consule

2073 4533 2232 4596 notas
2267 4524 2319 4577 in
2351 4524 2589 4579 editione
2625 4524 2932 4580 Arulzenii.
2970 4524 3187 4580 Iacebat
3234 4528 3486 4596 apposite
3515 4534 3678 4583 etiam

2072 4595 2277 4676 dictum
2314 4613 2324 4648 :
2361 4611 2482 4648 nam
2514 4596 2616 4650 boc
2661 4600 2886 4654 verbum
2935 4613 3081 4668 sirpe
3120 4598 3427 4666 adhibetur,
3459 4614 3582 4655 cum
3613 4599 3685 4657 de
3748 4606 3757 4609 ’

2073 4681 2235 4736 a'grts
2257 4681 2442 4720 sermo
2463 4677 2567 4722 est.

2147 4739 2274 4795 808.
2310 4738 2557 4794 Salvator
2584 4760 2603 4797 :
2634 4756 2737 4796 vox
2770 4740 3173 4811 antiquioribus
3220 4741 3424 4811 ignota,
3448 4758 3477 4798 a
3513 4742 3688 4799 chris-

1997 4799 2053 4860 D
2081 4811 2245 4865 tianis
2284 4813 2668 4881 scriptoribus,
2714 4799 3073 4871 Tertulliano.
3104 4799 3424 4881 Lactantio;
3463 4825 3518 4871 et
3565 4816 3690 4871 aliis

2094 4889 2341 4958 usurpari
2422 4895 2596 4954 coepta
2655 4904 2668 4939 :
2732 4889 2884 4956 cujus
2932 4888 3157 4956 proinde
3232 4902 3385 4941 usum
3473 4889 3694 4958 egregie

2094 4956 2332 5011 vindicat
2382 4958 2740 5027 Augustinus,
2787 4976 2957 5027 serm.
2987 4958 3117 5020 299.
3144 4970 3278 5014 sect.
3310 4961 3362 5013 6.
3405 4956 3691 5015 Ριιιΐειῖιιι·

2093 5027 2255 5101 etiam
2288 5039 2443 5083 vetus
2466 5025 2746 5098 inscriptio
2776 5025 3125 5092 ett-Grutero,
3160 5046 3283 5101 pag.
3315 5031 3403 5101 [5,
3434 5028 3691 5101 nttm._5:

2091 5096 2209 5152 loci
2221 5101 2440 5174 _cnstodi
2466 5096 2690 5174 Quirino
2713 5101 2977 5157 Saluatori
3006 5118 3101 5174 pro
3122 5096 3289 5174 salute
3308 5100 3529 5174 Caesaris
3549 5098 3693 5154 Ner-

2096 5186 2173 5245 t're
2202 5170 2455 5245 ATrajani,
2480 5188 2585 5245 etcf.
2640 5172 2899 5239 Isidorus,
2936 5174 2974 5228 l.
3006 5170 3097 5228 'vtt
3139 5173 3290 5245 Orig.
3338 5186 3458 5239 cap.
3481 5170 3540 5235 2,
3569 5186 3693 5245 υιιιιι

2093 5243 2151 5295 S.
2183 5239 2489 5312 Angit-tino
2523 5244 2666 5299 idem
2697 5247 2924 5300 verbum
2968 5239 3573 5300 deleuditIAnnt-tator
3596 5239 3697 5297 Isi-

2093 5313 2214 5396 dori
2247 5316 2502 5396 advertit,
2530 5325 2726 5383 sotera,
2758 5331 2856 5371 seu
2886 5318 3194 5371 salvatorem
3224 5330 3336 5369 non
3362 5315 3498 5368 satis
3517 5313 3701 5384 expri-

2093 5389 2166 5440 mi
2199 5389 2473 5442 servatoris
2498 5403 2653 5442 voce.

2167 5455 2294 5532 809.
2335 5457 2695 5532 Ministerium
2747 5460 2975 5532 prtebere
3018 5457 3157 5515 dixit
3204 5455 3488 5528 Ulpianus,
3515 5462 3575 5512 ut
3601 5455 3698 5513 alii

2094 5528 2436 5584 ministerium
2462 5541 2725 5601 prwstare,
2748 5528 2941 5600 facere.

1722 5793 2302 5841 Ἦ
