4154 6176
332 232 444 295 135

477 447 883 518 Porcorumque
915 448 1048 503 sinit
1085 449 1344 521 gregibus
1379 447 1535 504 ﬁnire
1563 448 1797 507 furores.

363 536 439 596 65
476 537 706 610 Jamque
736 538 975 595 hominis
1006 540 1280 611 stupidum
1306 582 1322 605 ,
1358 541 1590 597 decusso
1637 540 1889 598 dmmone
1910 584 1926 607 ,

1635 635 1860 710 [pectus

477 726 757 797 Insperata
789 742 902 783 sua:
932 739 1224 785 veneratur
1244 729 1385 784 dona
1414 730 1624 785 salutis.

476 819 542 873 Et
565 821 674 888 jam
705 821 1018 891 prrccipites
1049 822 1405 891 scopulorum
1430 824 1672 895 margine
1702 824 1852 895 porci

474 912 531 968 ln
564 930 713 969 mare
743 914 945 984 dejecti
976 927 1271 987 properant
1298 917 1620 988 disperdere
1653 921 1817 974 vitas.

478 1006 548 1061 At
602 1022 733 1061 vero
786 1024 816 1062 e
861 1009 1099 1079 speculis
1159 1010 1420 1066 miracula
1473 1020 1619 1067 tanta
1673 1022 1932 1083 paventes

370 1098 442 1154 70
481 1098 798 1169 Diﬂugiunt,
831 1101 1091 1172 urbisque
1121 1113 1289 1159 rttunt
1315 1103 1383 1159 ad
1418 1115 1562 1159 tecta
1594 1105 1829 1170 subulci,

479 1191 545 1247 Et.
598 1191 798 1248 famam
848 1194 1192 1262 accendunt,
1245 1196 1584 1268 populosque
1632 1197 1699 1252 ad
1745 1198 1927 1253 littora

1609 1289 1851 1364 [cogunt.

492 1377 648 1451 169
669 1377 924 1435 Insanum
948 1395 1079 1436 vero
1099 1380 1353 1451 juvenem
1372 1391 1657 1453 postquam
1681 1384 1935 1454 resipisse

477 1471 717 1528 Credere
741 1481 1065 1529 cernentum
1092 1477 1416 1547 populorum
1439 1477 1595 1532 turba
1618 1487 1806 1533 coacta
1820 1488 1930 1548 est,

476 1570 716 1627 Orabant
738 1573 920 1645 pavidi
943 1617 958 1641 ,
992 1577 1274 1646 regionem
1300 1576 1573 1647 linqueret
1596 1578 1762 1633 illam.

369 1664 440 1720 75
548 1664 676 1723 Inde
694 1665 918 1724 domum
946 1669 1164 1741 repedat
1191 1678 1459 1726 terrarum
1487 1672 1668 1726 lumen
1692 1670 1858 1729 Iesus.

1417 237 1881 298 EVANGELICAE
1923 237 2275 297 HISTORIE
2314 238 2445 297 LIB.
2489 239 2553 297 ll.

473 352 706 425 Imperat
730 353 796 409 iis
825 354 1063 411 hominis
1090 364 1332 412 mentem
1360 356 1637 413 dimittere
1658 356 1933 425 Christus,
1966 360 2019 420 Α

3534 234 3637 296 134

2184 359 2325 414 Ecce
2353 357 2647 414 revertenti
2671 357 2890 427 juvenis
2922 356 3195 428 torpentia
3226 353 3510 421 membra,

2183 452 2431 509 Ofﬁcium
2455 467 2689 523 quorum
2714 451 2939 507 morbus
2961 450 3292 506 dissolverat
3312 462 3460 516 acer,

2181 548 2324 602 Ante
2351 544 2515 616 pedes
2542 544 2743 601 Christi
2773 546 2919 601 lecto
2946 542 3180 615 posuere
3204 541 3522 599 cubantem.

2178 639 2350 709 Quem
2384 638 2656 693 miserans
2687 637 2871 692 animo
2901 636 3090 691 verbis
3118 634 3410 704 compellat
3439 633 3591 688 Iesus
3617 649 3632 689 :

2072 731 2142 787 80
2179 731 2340 787 Adsit
2365 741 2517 786 certa
2542 741 2646 784 tua:
2672 770 2687 793 ,
2715 729 2960 798 juvenis,
2988 726 3303 807 constantia
3329 727 3499 781 menti
3526 767 3542 793 ,
3628 728 3639 737 ‘

2181 825 2316 882 Nam
2353 826 2447 880 tibi
2479 825 2787 896 praeteritus
2813 825 2938 879 vita:
2963 823 3260 879 donabitur
3288 837 3469 878 error.

2181 920 2338 993 170
2358 919 2473 975 Hoc
2489 919 2693 975 dictum
2717 918 2926 975 Scriba:
2948 919 3170 985 mentis,
3194 932 3291 988 per
3303 926 3493 987 operta
3516 930 3633 971 ma.

3354 1015 3556 1089 [lignze

2173 1111 2517 1183 Carpebant,
2552 1110 2699 1183 quod
2730 1110 2896 1167 verba
2932 1111 3028 1166 Dei
3058 1111 3258 1166 virtute
3284 1108 3515 1165 ferenda

2178 1205 2506 1261 Protulerat.
2531 1204 2785 1260 Christus
2808 1206 2900 1258 sed
2924 1214 3148 1275 pectora
3180 1201 3307 1257 talia
3330 1215 3594 1268 cernens,

2070 1297 2143 1354 85
2182 1298 2320 1362 Hoc,
2345 1298 2545 1368 inquit,
2561 1296 2787 1353 verbum
2808 1295 3124 1352 Scribarum
3144 1296 3289 1351 dicta
3312 1302 3634 1350 retractant.

2179 1392 2335 1460 Quod
2356 1402 2561 1463 quanto
2586 1392 2767 1447 levius
2795 1391 2961 1446 luerit
2989 1391 3220 1457 dixisse,
3249 1389 3528 1459 sequentis

2179 1485 2248 1541 Et
2275 1485 2406 1540 dicti
2432 1526 2447 1551 ,
2478 1494 2533 1540 et
2555 1484 2683 1540 lacti
2708 1484 2913 1555 pariter
2934 1484 3133 1539 virtute
3155 1481 3496 1555 probabunt,

2178 1580 2245 1635 Et
2269 1578 2398 1634 mihi
2423 1594 2745 1636 concessum
2768 1588 2990 1651 peccata
3012 1577 3299 1635 remittere
3322 1581 3575 1633 cernent.

372 1884 375 1889 ν
1552 1807 1935 1868 LECTIONES
1973 1809 2387 1868 VARIANTES.

405 1921 497 1981 65.
540 1923 648 1979 Pro
704 1927 919 1982 decusso
985 1928 1267 1987 Kmniaius
1323 1926 1633 1994 suspicatur
1682 1928 1930 1982 disclusa.
1967 1932 2013 1992 B
2041 1929 2215 1982 bantia
2244 1930 2391 1984 lecto.
2425 1928 2734 1984 Reuschius
2755 1927 2993 1998 priorem
3022 1928 3313 1983 lectionem
3340 1927 3630 1997 genuinam

333 1994 419 2049 Sic
444 1999 480 2049 Ι.
504 2012 563 2051 ιιι
583 2040 598 2064 ,
621 2012 767 2052 vers.
802 1998 904 2054 193
919 2000 1071 2070 legit,
1110 1998 1341 2070 Virginis
1369 2010 1415 2052 et
1436 2010 1677 2065 mentem,
1701 2000 1930 2054 disclusa

333 2077 584 2135 admone,
639 2070 821 2124 virtus.
867 2069 994 2133 Alii,
1045 2069 1300 2125 discusso.
1359 2070 1465 2124 Pro
1512 2070 1771 2139 expellere
1798 2071 1928 2125 alibi

335 2139 495 2212 etiam
517 2139 792 2212 {iuvencus
817 2151 1042 2212 usurpat
1071 2142 1383 2203 discludere.
1400 2143 1507 2195 utl.
1524 2156 1604 2204 III,
1629 2157 1775 2196 vers.
1803 2140 1927 2196 162.

404 2209 495 2265 68.
540 2211 701 2286 Reg"
726 2209 793 2286 In
821 2209 1218 2286 mariconjecti.
1245 2214 1394 2283 Ald.,
1420 2214 1623 2269 Poelin.
1646 2229 1745 2283 pro
1770 2213 1828 2269 (Ι.
1854 2230 1927 2280 s.,

336 2278 528 2348 vitam;
559 2278 670 2345 alii,
700 2284 849 2337 vitas.

534 2353 699 2427 Reg,
728 2355 792 2408 At
823 2372 938 2409 vero
963 2372 1028 2410 ea:
1051 2356 1295 2427 scopulis.
1334 2355 1518 2418 Rom..
1562 2357 1628 2409 At
1659 2370 1775 2409 vero
1812 2371 1930 2409 sco-

338 2423 499 2493 pulis.
519 2423 641 2480 Ott.‘
658 2440 780 2480 eum
804 2427 990 2491 editis,
1013 2427 1078 2479 At
1108 2423 1223 2481 vero
1250 2444 1277 2482 e
1299 2429 1542 2493 speculis.

408 2494 494 2567 7|.
539 2495 698 2566 Reg.,
719 2495 859 2564 Ott.,
886 2499 1068 2562 Rom.,
1094 2498 1290 2559 Torn..
1312 2494 1376 2551 Et
1399 2502 1592 2567 [autaut
1623 2499 1928 2552 accendunt.

341 2563 587 2641 Plerique
614 2563 767 2641 editi,
794 2563 861 2622 Et
884 2573 1077 2641 famam
1107 2580 1380 2640 spargunt.
1399 2563 1614 2624 Ἰνοειηι.
1649 2585 1745 2638 pro
1775 2570 1832 2623 d.
1854 2584 1927 2635 s.,

339 2632 404 2711 ξι
447 2632 645 2711 famam
694 2632 1013 2711 intendunt.
1065 2632 1209 2711 quod
1234 2632 1309 2694 'iu
1364 2640 1603 2694 Parisina
1650 2632 1930 2707 repertum

340 2705 579 2763 Omcisio
612 2726 720 2765 non
748 2705 1104 2780 dieplicehat',
1142 2720 1203 2766 tit
1225 2711 1365 2782 apud
1398 2712 1663 2777 Tacitum,
1696 2705 1930 2765 Intendi-

341 2787 425 2848 tur
471 2782 740 2842 socordia.
794 2787 896 2837 huc
922 2791 1042 2847 est,
1111 2793 1358 2848 augetur.
1417 2783 1490 2837 Ita
1543 2786 1706 2838 etiam
1760 2783 1933 2837 edidit

343 2846 661 2924 Reuschius.
715 2851 910 2924 verum
965 2846 1254 2908 accendunt
1304 2854 1494 2908 eadem
1534 2854 1932 2924 signiﬁcatione

336 2919 643 2992 elegantius
684 2923 920 2979 videtur.
951 2926 1040 2980 Sic
1085 2925 1287 2980 dicitur
1333 2919 1613 2979 accendere
1642 2925 1890 2980 ﬁduciam
1914 2970 1927 2994 ,

338 2995 706 3076 alacritatem,
735 2998 907 3064 sitim,
937 3012 1113 3067 spem,
1142 3012 1351 3063 curam,
1380 2996 1733 3062 desiderium,
1767 2997 1927 3064 vitia,

374 3078 591 3120 retium.

338 3077 591 3132 pretium.

340 3202 379 3210 _
409 3135 500 3190 72.
526 3138 656 3192 Mss.
685 3138 821 3210 Reg.
844 3180 859 3205 ,
890 3137 1034 3210 Ot_t.,'
1064 3138 1222 3192 Rom.
1248 3153 1368 3194 cum
1397 3138 1557 3193 editis
1583 3139 1703 3192 Bas.
1732 3179 1746 3203 ,
1777 3138 1929 3200 Ald.,

340 3202 549 3283 Poelm.
583 3225 682 3283 pro
718 3202 795 3283 tl:
810 3202 858 3265 s.
887 3251 903 3276 ,
936 3202 1348 3283 Insantthvero
1377 3213 1617 3283 juvenem
1662 3220 1931 3282 postquam

341 3281 598 3348 resipisse.
628 3280 943 3346 Hadamar.,
971 3282 1139 3335 Toru.
1161 3322 1176 3345 ,
1202 3280 1391 3342 Fabrﬁ
1417 3282 1625 3335 Poelui.
1659 3280 1714 3338 in
1739 3293 1885 3336 textu
1913 3322 1928 3347 ,

343 3352 578 3479 much.
602 3393 619 3418 ,
652 3350 908 3406 Insertum
937 3355 1183 3425 juvenem
1208 3365 1480 3424 postquam
1517 3355 1757 3425 resipisse
1789 3353 1930 3407 vide-

436 3433 477 3477 ι.

409 3496 495 3569 74η
526 3493 687 3569 Rom.
713 3538 730 3562 ,
759 3498 1021 3569 regionem
1046 3506 1099 3549 ut
1123 3496 1380 3565 linqueret
1398 3493 1568 3550 illam.

528 3567 666 3641 Reg.
688 3609 705 3631 ,
734 3567 1035 3641 dissolverat
1057 3584 1211 3641 eger.

408 3638 494 3693 78.
528 3636 664 3707 Reg.
691 3679 707 3701 ,
737 3640 846 3693 Utt.
877 3680 892 3702 ,
927 3636 1241 3693 Romfcum
1275 3637 1601 3692 Poelmann.
1635 3653 1738 3708 pro
1761 3636 1817 3692 d.
1852 3654 1927 3705 s.,

339 3710 465 3782 ᾼιιερ
489 3709 642 3774 pedes
684 3709 887 3782 Christi,
918 3712 1049 3765 lecto
1077 3726 1295 3782 posuere
1338 3710 1631 3763 cubantem.
1698 3710 1818 3763 Ald.
1873 3720 1930 3765 et

338 3780 449 3837 lere
474 3795 668 3837 omnes
698 3781 794 3837 alii
821 3781 956 3837 editi
984 3824 1000 3849 ,
1033 3780 1162 3837 Ante
1192 3781 1345 3852 pedes
1366 3792 1562 3853 ponunt
1589 3782 1761 3852 tepido
1784 3797 1923 3834 recu-

2038 2016 2161 2055 esse
2191 2000 2416 2056 Juveuci
2448 2000 2739 2055 conﬁrmat
2772 2018 2783 2054 :
2816 2015 2919 2067 qua
2960 2000 3236 2072 synthesis
3265 2002 3482 2072 generis
3519 2000 3633 2054 ele-

2034 2072 2350 2143 gantissima
2376 2073 2454 2127 ﬁt.
2483 2071 2750 2143 Nimirum
2780 2073 2978 2137 iuvenis
2992 2070 3259 2143 torpentia
3286 2070 3511 2124 membra
3537 2084 3632 2143 p_o-

2035 2141 2197 2197 situm
2227 2152 2313 2199 est
2340 2160 2438 2213 pro
2459 2144 2661 2211 juvene
2691 2142 2928 2197 habente
2951 2141 3223 2213 torpentia
3258 2143 3525 2213 membra.
3558 2141 3635 2197 De

2034 2214 2300 2281 ejusmodi
2342 2211 2657 2270 mutatione
2686 2215 2903 2277 generis
2943 2211 3067 2267 vide
3115 2222 3230 2267 not.
3278 2211 3347 2267 ad
3380 2213 3633 2267 Draconi.

2036 2300 2180 2340 vers.
2214 2285 2336 2340 l53.
2367 2286 2641 2342 Satisfact.
2673 2286 2877 2341 Eadem
2911 2285 3080 2356 ﬁgura
3100 2283 3229 2338 alibi
3252 2286 3416 2339 etiam
3440 2297 3635 2339 occur-

2035 2356 2107 2411 rit
2132 2358 2275 2423 apud
2299 2357 2626 2413 Juveneum.

2107 2430 2196 2482 83.
2231 2429 2601 2490 Sabazierius,
2653 2428 2862 2493 nescio,
2899 2426 3047 2481 unde
3092 2425 3299 2494 profert
3340 2427 3529 2482 virtute
3553 2442 3635 2481 re-

2035 2499 2218 2552 renda.
2255 2500 2488 2553 Probum
2518 2510 2603 2553 est
2632 2498 2846 2569 ferenda
2871 2541 2886 2565 ,
2918 2498 3019 2552 hoc
3048 2508 3133 2551 est
3157 2538 3171 2560 ,
3206 2497 3556 2569 proferenda.

2107 2569 2196 2628 84.
2233 2570 2378 2624 Editi
2428 2567 2859 2640 interpungunt,
2898 2569 3193 2640 Protulerat
3231 2567 3516 2640 Christus;
3543 2568 3635 2622 sed

2037 2652 2262 2707 pectora.
2289 2642 2478 2697 Melius
2506 2638 2720 2698 videtur
2739 2656 2863 2697 cum
2886 2640 3071 2702 Rom..
3101 2638 3421 2694 Protulerat.
3452 2638 3632 2695 Cirris.

2038 2714 2235 2783 tussed
2264 2722 2493 2783 pectora.

2072 2782 2162 2838 85.
2191 2782 2316 2838 Ald.
2346 2800 2468 2839 cum
2501 2784 2780 2840 nonnullis
2820 2791 3127 2849 retrectant;
3164 2782 3253 2837 alii
3282 2824 3296 2849 ,
3325 2790 3633 2839 retractant.

2034 2852 2197 2909 Rom.
2221 2897 2237 2923 ,
2280 2856 2543 2913 mendose
2570 2899 2584 2921 ,
2614 2867 2922 2911 retractans.

2106 2926 2198 2981 86.
2232 2927 2357 2982 Ald.
2385 2970 2400 2992 ,
2436 2928 2640 2984 Poelm.
2668 2944 2769 2996 pro
2799 2927 2853 2983 d.
2884 2941 2931 2981 s.
2958 2969 2973 2991 ,
3006 2925 3128 2980 Bas.
3154 2966 3169 2991 ,
3200 2924 3356 2996 Quod
3385 2933 3635 2993 quantum

2034 2999 2194 3069 facile
2228 3000 2387 3069 fuerit
2418 3001 2633 3055 dixisse.
2665 2995 2852 3063 Rom.,
2884 2998 2990 3053 Sed
3021 3005 3216 3069 quanto
3253 2995 3415 3049 levius
3446 3000 3636 3069 fuerat,

2034 3066 2258 3125 dixisse.
2291 3073 2404 3125 Utt.
2434 3114 2450 3137 ,
2487 3071 2641 3135 Quod
2669 3079 2861 3139 quanto
2904 3069 3068 3123 levius
3097 3068 3292 3122 dixisse
3314 3107 3328 3131 ,
3358 3082 3521 3139 supra
3552 3067 3639 3121 in-

2034 3151 2244 3211 sertum
2275 3142 2433 3211 fuerit
2465 3144 2606 3197 inter
2636 3137 2796 3195 levius
2820 3182 2834 3205 ,
2863 3152 2917 3195 et
2945 3140 3161 3195 dixisse.
3194 3139 3327 3208 Reg.
3352 3180 3381 3211 ,ί
3406 3137 3636 3211 lladam,

2037 3209 2243 3334 Eoelin.
2275 3209 2334 3268 in
2382 3222 2533 3271 textu
2560 3259 2573 3281 ,
2615 3214 2811 3280 Torn.,
2862 3212 3014 3279 Quod
3057 3221 3248 3280 quanto
3286 3210 3447 3263 leuius
3480 3209 3639 3281 fuerit

2075 3298 2250 3334 131888.

2075 3298 2145 3335 Mil
2151 3301 2250 3339 888.

1959 3320 2006 3385 C
2037 3320 2355 3413 ""Zg'i'fim.
2385 3398 2398 3413 .
2431 3356 2595 3412 Fabr.
2617 3400 2631 3424 ,
2667 3356 2806 3412 Had.
2835 3398 2851 3424 ,
2886 3353 3093 3408 POt'llll.
3127 3353 3180 3407 in
3221 3360 3391 3424 textu,
3425 3350 3594 3407 Torn.
3620 3391 3637 3417 ,

2036 3427 2332 3497 probabo...
2365 3428 2576 3494 Poelm,
2612 3423 2731 3497 pro.
2760 3429 2819 3482 d.
2851 3441 2895 3480 s.
2929 3440 3052 3480 cum
3090 3440 3222 3497 mss.
3255 3423 3439 3497 Rom.,
3475 3424 3636 3497 Reg.,

2036 3496 2174 3568 Ott.,
2196 3499 2485 3568 probabunt
2516 3515 2533 3554 :
2560 3495 2738 3568 glossa
2768 3500 2818 3553 in
2845 3498 3002 3566 Reg.,
3031 3496 3385 3568 probabunt—
3408 3495 3644 3561 Scribis;

2035 3567 2088 3621 in
2117 3565 2229 3624 Oti.
2258 3587 2288 3625 a
2317 3585 2398 3639 pr.
2446 3588 2516 3624 m.
2563 3565 2667 3624 l'uit
2695 3565 2998 3635 probabant.
3047 3565 3357 3621 Rrusrltins
3410 3568 3645 3639 sustinet

2034 3636 2355 3707 probabunt.
2391 3651 2500 3695 tum
2544 3643 2665 3710 quia
2699 3641 2938 3709 sequitur
2969 3648 3194 3710 cernent,
3226 3646 3337 3690 tnui
3380 3636 3503 3710 quia
3537 3636 3642 3689 Do-

2035 3706 2166 3764 mini
2199 3713 2392 3765 laudes
2424 3706 2651 3777 populus
2678 3706 2984 3764 celelirasse
3005 3708 3207 3761 dir-itur
3234 3721 3382 3777 vers.
3424 3706 3494 3760 91’s
3520 3721 3636 3771 seq.

2105 3780 2195 3836 85.
2226 3782 2352 3836 Ald.
2382 3822 2398 3847 ,
2426 3776 2599 3838 ’Fabr.
2631 3824 2645 3848 ,
2680 3790 2912 3835 cernant.
2954 3779 3163 3835 Poeltn.
3190 3820 3205 3843 ,
3251 3776 3456 3831 Hadam
3477 3817 3493 3843 ,
3532 3791 3643 3830 cer-

1859 3900 2092 3958 ΝΟΤΛΕ.

404 4013 781 4091 65_.__Hominis
832 4029 1010 4091 peetus
1057 4018 1428 4091 ﬁgurateﬂpro
1468 4018 1628 4091 homo
1674 4016 1936 4084 stupidus.

339 4082 596 4153 Virgilius
650 4091 687 4143 1.
746 4082 844 4153 ξιξ
870 4106 1017 4145 vers.
1075 4090 1214 4145 215:
1268 4082 1372 4145 Hic
1426 4090 1586 4143 chara
1624 4082 1938 4143 sororum—

334 4154 911 4233 Peetoraymterentum,
956 4163 1202 4233 puerique
1232 4161 1528 4226 parentibus
1552 4160 1683 4215 orbi.

405 4228 498 4283 66.
539 4229 694 4284 Dona
721 4233 908 4285 salutis
933 4228 961 4285 :'
983 4228 1195 4287 scilicet
1218 4232 1463 4287 datorem
1493 4233 1708 4286 salutis.

402 4300 492 4354 68.
546 4300 692 4355 Vitas
723 4304 776 4356 in
813 4304 1007 4369 plurali
1049 4319 1263 4367 rarum;
1294 4305 1389 4358 sed
1423 4305 1490 4358 ab
1517 4305 1583 4358 Α.
1616 4303 1794 4359 Gellio
1826 4323 1935 4362 non

332 4371 505 4425 semel
556 4384 893 4447 usurpatum,
931 4385 1018 4447 Aet,
1047 4374 1102 4428 in
1140 4375 1301 4429 editis
1332 4390 1362 4428 a
1407 4375 1661 4429 Cornelio
1690 4376 1931 4447 Nepote:

331 4457 454 4494 nam
484 4443 705 4499 codices
746 4460 876 4500 mss.
930 4445 1090 4516 hujus
1138 4447 1291 4499 vitam
1340 4447 1633 4516 prmlerre,
1687 4443 1932 4504 nonnulli

330 4523 623 4568 testantur.

404 4584 495 4659 69.
538 4585 590 4659 β
616 4587 835 4659 speculis
860 4603 880 4642 :
909 4587 1032 4643 vide
1057 4604 1202 4643 vers.
1224 4587 1361 4655 .715,
1395 4587 1429 4642 l.
1461 4601 1537 4641 tv.

2043 4019 2205 4074 modo
2243 4020 2531 4075 venustius
2559 4027 2662 4075 est.
2711 4018 3005 4073 Donabitur
3024 4034 3192 4081 error,
3226 4015 3556 4079 remittetur,
3584 4025 3644 4071 ut

2042 4091 2080 4145 l.
2114 4107 2205 4156 Ill,
2236 4107 2381 4145 vers.
2420 4090 2527 4146 456
2560 4108 2572 4144 :
2608 4090 2715 4145 Sed
2744 4092 3021 4162 decuplata
3064 4104 3219 4162 super
3238 4087 3499 4162 donentur
3531 4087 3647 4162 vul-

2040 4179 2163 4216 nera
2193 4163 2367 4231 fratri.
2400 4163 2515 4215 Alia
2552 4164 2751 4215 indicat
2777 4156 3197 4216 Arutzeniusad
3232 4156 3577 4231 Sedulium_l.
3602 4174 3641 4212 tt

2044 4227 2202 4288 vers;
2234 4234 2325 4286 26.
2376 4233 2592 4287 Similia
2644 4234 2897 4299 exempla
2947 4232 3103 4284 attuli
3146 4232 3210 4283 ad
3247 4232 3482 4299 Dracont
3522 4227 3560 4281 Ι.
3604 4244 3641 4282 tl

2042 4320 2186 4358 vers.
2222 4302 2349 4369 556,
2388 4304 2661 4373 Douatque
2690 4298 2915 4366 reatum.
2940 4302 3096 4357 Addo
3128 4316 3269 4355 nunc
3288 4339 3301 4361 ,
3335 4313 3413 4373 ex,
3436 4298 3538 4352 hac
3567 4299 3642 4373 si-

2040 4375 2395 4445 gniﬁcatione
2420 4370 2585 4428 verbi
2601 4375 2739 4427 dono
2768 4384 2950 4445 uatum
2973 4416 2983 4437 ,
3005 4375 3149 4443 quod
3171 4370 3415 4439 sequiori
3432 4371 3645 4445 saeculo

2048 4440 2144 4515 pro
2170 4448 2368 4499 veniam
2396 4445 2675 4499 concedere
2705 4444 2859 4499 multi
2903 4440 3284 4510 usurpaverint
3314 4440 3640 4515 perdonare;

2044 4514 2113 4572 de
2142 4532 2250 4585 quo
2281 4517 2402 4571 vide
2424 4517 2786 4586 Ducangium.
2821 4516 3080 4571 Vocabuli
3113 4514 3387 4582 llislianici
3417 4514 3634 4580 perdon,

2043 4598 2099 4643 et
2142 4587 2402 4655 perdonar
2426 4590 2588 4641 aliam
2618 4589 2885 4657 originem
2932 4588 3205 4641 incassum
3238 4586 3327 4637 alii
3359 4594 3638 4657 quaerunt.

402 4657 493 4732 72.
527 4653 845 4732 Resipiscere
885 4672 968 4715 est
1019 4663 1086 4732 ad
1120 4653 1405 4732 pristinum
1436 4673 1696 4714 sensuum
1728 4670 1929 4718 statum
1960 4672 2015 4732 1)
2116 4653 2214 4732 82..
2255 4658 2503 4732 Opertum
2544 4653 2873 4732 substantivi
2922 4673 3115 4732 uiore.‘
3134 4659 3331 4732 Cicero
3360 4653 3645 4732 Parad._iv

328 4727 539 4800 redire.
576 4727 915 4785 Prii-teritum
949 4731 1100 4785 verbi
1132 4731 1409 4800 resipisco,
1439 4740 1496 4784 et
1522 4732 1711 4799 resipio
1740 4745 1819 4787 est
1851 4752 1931 4789 re—

324 4798 484 4871 sipivi
506 4844 519 4866 ,
554 4802 734 4868 resipii
753 4841 769 4865 ,
802 4802 1031 4871 resipui;
1060 4802 1185 4855 hinc
1215 4798 1310 4865 per
1337 4798 1771 4871 contractionem
1796 4807 1930 4859 resi-

323 4870 514 4947 piss_e._
536 4871 759 4926 Plautus
788 4870 911 4927 Mal.
949 4888 1023 4931 iv.
1070 4872 1104 4924 8
1129 4912 1144 4938 ,
1172 4871 1265 4947 _5;”)
1296 4889 1309 4924 :
1341 4870 1464 4925 Jam
1493 4874 1762 4947 resipisti?
1788 4874 1929 4947 Syn-

327 4944 470 4995 taxis
500 4940 694 4996 horum
717 4958 972 4997 versuum
997 4951 1082 4997 est
1109 4961 1123 4995 :
1159 4941 1444 5010 Postquam
1468 4940 1615 4996 turba
1637 4940 1931 5001 cerviculam

325 5011 649 5079 populorum
673 5024 849 5068 coacta
883 5024 959 5068 est
990 5015 1229 5081 credere,
1260 5014 1500 5067 insanum
1519 5016 1764 5083 juvenem
1793 5020 1926 5072 resi-

327 5083 469 5148 pisse
495 5124 510 5148 ,
543 5088 758 5138 orabant
787 5086 961 5147 pavidi
985 5127 999 5148 ,
1031 5095 1139 5140 etc.

401 5154 493 5210 75.
522 5152 840 5230 PUTAV.
867 5155 1022 5210 Iesus
1049 5154 1342 5230 paralytico
1365 5164 1552 5230 sanato
1570 5156 1731 5230 jussit
1770 5158 1930 5225 abire,

323 5224 560 5298 (intueris
589 5228 828 5298 imposito
859 5230 1013 5281 lecto.
1047 5224 1240 5298 Mattli.
1266 5243 1317 5281 ix
1344 5269 1359 5292 ,
1396 5228 1445 5290 1,
1479 5224 1624 5292 etei;
1656 5228 1821 5284 Marc.
1853 5224 1929 5298 ιι.

323 5296 383 5355 1.
417 5306 525 5371 etc.
552 5311 568 5360 ;
600 5296 816 5371 Lucuv,
845 5298 909 5352 17
939 5313 1092 5371 seqq.
1122 5296 1568 5371 Jesusterrarum
1598 5301 1772 5354 lumen
1808 5296 1934 5371 pos-

329 5377 419 5421 tea
450 5369 615 5420 etiam
644 5369 846 5423 dicitur
870 5384 1016 5424 vers.
1051 5370 1160 5425 755
1194 5369 1248 5422 Ii.
1286 5370 1324 5422 l.

399 5438 493 5515 76.
520 5437 788 5515 1IuvenisL
806 5439 1020 5515 scilicet
1063 5441 1229 5515 homo
1251 5484 1265 5505 ,
1292 5440 1383 5511 qui
1401 5449 1535 5515 erat
1564 5441 1897 5515 paralyticos
1916 5486 1931 5512 ,

326 5516 391 5563 ut
418 5514 494 5560 ait
518 5507 716 5564 Luesis.
749 5509 952 5566 Confer
975 5522 1089 5566 not.
1117 5512 1184 5565 ad
1216 5507 1357 5566 vers.
1387 5510 1481 5565 44.

400 5580 490 5653 77.
516 5579 846 5653 ADt'ssoloerat
867 5624 884 5646 ,
919 5582 1156 5653 paralysi
1189 5583 1526 5638 conveniens
1566 5585 1792 5642 verbum
1815 5628 1829 5653 ,
1876 5595 1936 5642 ut

321 5649 441 5705 dixi
462 5650 530 5706 ad
559 5668 703 5707 vers.
736 5653 842 5708 784
873 5649 996 5709 libr.
1028 5669 1066 5709 t.

400 5720 835 5799 8i._Prteteritus
860 5728 977 5799 vitta
996 5740 1144 5781 error
1232 5724 1494 5799 ﬁgurate,
1528 5734 1584 5781 et
1614 5729 1789 5797 potuit
1812 5729 1937 5799 qui-

323 5793 454 5849 dem
483 5793 696 5851 dixisse
726 5798 1001 5865 prmeritte
1025 5798 1145 5852 vitm
1179 5793 1456 5852 donabitur
1493 5793 1658 5867 error,
1694 5798 1789 5855 scd
1823 5793 1933 5856 alio

2040 4732 2144 4785 sub
2189 4724 2318 4795 ﬁu.,
2370 4731 2706 4786 Prudentius
2756 4731 2941 4800 hyrun.
2976 4729 3033 4783 1|
3091 4728 3282 4800 Perist.
3315 4738 3462 4781 vers.
3513 4724 3639 4781 169.

2042 4802 2179 4858 Vide
2208 4812 2506 4857 Comment.
2540 4801 2606 4856 ad
2640 4798 2991 4856 ltunc’locuin
3023 4798 3327 4853 Prudentii.

2111 4874 2201 4928 84.
2235 4873 2521 4927 Matthaens
2544 4875 2628 4946 _a_it
2657 4889 2678 4946 :7
2706 4871 2772 4926 Et
2795 4888 2911 4925 cum
2934 4870 3141 4925 vidisset
3176 4869 3335 4946 Iesus
3367 4874 3641 4946 cogitatio-

2040 4960 2131 4999 nes
2160 4960 2371 5008 eorum,
2404 4955 2510 4999 etc.
2543 4943 2808 4997 Nimirum
2852 4956 3076 5013 pectore
3104 4944 3354 5007 consnlia,
3406 4943 3456 4999 et
3488 4950 3638 5013 rugi-

2042 5024 2064 5069 t
2083 5019 2277 5068 itiones
2305 5016 2510 5069 versari
2539 5026 2778 5078 veteres,
2805 5014 3108 5083 praesertim
3138 5028 3336 5084 ρουιω,
3362 5016 3638 5071 dicebant.

2043 5086 2222 5155 Quare
2254 5096 2440 5153 pectus
2488 5101 2583 5155 pro
2626 5088 2980 5154 Cogitatione,
3014 5094 3070 5139 et
3102 5084 3339 5138 euusiliu
3371 5102 3642 5139 imnuum-

2042 5173 2203 5227 quam
2237 5156 2489 5211 sumitur.
2532 5155 2720 5210 Livius
2763 5158 2800 5211 Ι.
2836 5173 2892 5221 t,
2935 5172 3055 5225 cap.
3091 5155 3199 5210 59:
3233 5155 3314 5208 lbi
3344 5157 3513 5209 oratio
3543 5158 3640 5209 lto-

2043 5230 2199 5310 bita,_
2237 5243 2560 5310 nequaquam
2618 5231 2733 5310 ejus
2775 5230 3051 5310 ‘peetoris,
3104 5228 3398 5299 ingeniique
3423 5268 3439 5292 ,
3501 5229 3640 5297 quod

2041 5300 2342 5354 simulatum
2364 5299 2432 5351 nd
2463 5316 2576 5351 eaut
2602 5298 2743 5352 diem
2767 5298 2957 5368 fuerat.

2114 5372 2205 5425 85.
2235 5370 2535 5424 Retraetare
2566 5366 2927 5439 prmter'alias
2959 5366 3391 5437 signiﬁcationes
3416 5367 3642 5426 denotat

2039 5442 2202 5497 etiam
2250 5444 2600 5508 improbare,
2651 5440 3095 5508 reprehendere,
3144 5440 3462 5507 reprobare.
3510 5439 3640 5496 Gel-

2042 5514 2146 5567 lius
2169 5513 2208 5567 l.
2241 5527 2350 5571 xxv.
2374 5527 2426 5565 c.
2458 5512 2493 5566 5
2522 5529 2535 5565 :
2568 5509 2649 5564 Eo
2674 5515 2836 5581 facto,
2863 5512 3161 5577 scriptoque
3183 5512 3295 5581 ejus
3320 5525 3482 5580 usque
3506 5512 3640 5568 adeo

2041 5594 2341 5656 permotum,
2351 5599 2465 5656 esse
2508 5582 2780 5656 Platonem
2818 5585 3031 5650 ferunt,
3066 5583 3464 5656 utuquodamqin
3506 5584 3639 5637 libro

2043 5650 2300 5721 mentione
2321 5653 2444 5723 Cyri
2465 5656 2601 5722 regis
2630 5651 2812 5725 Itabita
2832 5650 3174 5725 retractandi,
3201 5652 3504 5725 levandique
3524 5656 3637 5725 ejus

2042 5726 2213 5797 operis
2240 5720 2412 5798 gratia
2438 5767 2453 5789 ,
2483 5720 2594 5780 etc.
2645 5721 2909 5798 Videlicet
2956 5733 3012 5798 ut
3040 5720 3429 5795 Cerpmdiam'
3457 5720 3641 5782 Xeno‘

2042 5792 2262 5869 ρὶιυηιὶζ
2284 5804 2536 5863 notaret.
2570 5808 2635 5851 ac
2666 5792 3118 5865 reprehenderet.
