4154 6176
404 230 430 285 1
441 230 510 289 39

554 344 710 419 175
747 343 886 402 Vina
917 344 1012 402 sed
1045 344 1249 402 interea
1280 345 1523 402 convivis
1552 345 1897 403 deﬁciebant.

550 437 701 494 Tunc
732 445 906 494 mater
932 437 1207 495 Christum
1241 454 1338 509 per
1366 438 1491 494 talia
1521 438 1664 494 dicta
1696 449 1955 511 precatur
1986 456 1998 493 :

551 530 779 598 Cernis,
809 530 1013 586 ltetitia:
1041 530 1150 601 jam
1184 529 1450 587 defecisse
1475 531 1739 602 liquorem
1766 531 1788 585 ἲ

555 623 770 689 Adsint,
805 633 961 691 nate,
997 623 1153 678 bonis
1186 638 1252 678 ex
1284 631 1337 679 te
1366 623 1489 678 data
1520 639 1745 680 munera
1777 622 1999 680 mensis.

408 716 514 774 155
552 715 658 772 Olli
691 714 969 785 respondit
1003 725 1266 770 terrarum
1297 716 1469 787 gloria
1504 715 1754 771 Christus
1786 733 1798 769 :

557 809 830 878 Festinas,
861 809 1092 880 genitrix
1126 827 1140 877 ;
1177 809 1414 864 nondum
1446 825 1532 865 me
1563 810 1685 866 talia
1717 809 1861 881 cogit

557 902 640 958 Ad
672 905 848 957 victus
879 901 1157 956 hominum
1192 912 1404 973 tempus
1433 904 1733 959 concedere
1757 903 1921 959 dona.

557 993 868 1049 Mensarum
900 1001 1029 1049 tunc
1059 993 1184 1048 inde
1210 1002 1367 1049 vocat
1396 994 1574 1049 laetata
1606 995 1882 1049 ministros

557 1085 748 1149 Mater,
781 1096 837 1139 et
870 1085 1113 1155 imperiis
1144 1087 1252 1141 nati
1284 1102 1473 1155 parcre
1496 1087 1740 1158 jubebat.

416 1180 523 1240 140
557 1184 660 1241 Sex
689 1185 801 1240 illic
830 1184 1044 1240 fuerant
1071 1185 1225 1240 saxis
1256 1185 1592 1255 prtepulchra
1624 1183 1829 1240 cavatis

562 1277 720 1352 176
749 1277 997 1341 Vascula,
1025 1292 1146 1345 qua
1173 1275 1345 1331 ternis
1368 1277 1647 1347 aperirent
1680 1276 1768 1331 ilia
1801 1276 2008 1333 metris.

560 1373 686 1427 llaec
741 1369 897 1442 jubet
952 1386 982 1426 e
1038 1369 1206 1425 fontis
1250 1369 1459 1439 gremio
1516 1370 1796 1441 complere
1853 1368 2013 1425 mini-

1710 1459 1904 1533 [strOS.

1665 232 1725 289 C.
1769 232 1834 289 ν.
1877 232 2116 303 Αρυιι..
2156 233 2447 292 JUVENCI

3599 230 3703 288 160

2027 351 2079 411 Α
2246 348 2543 418 Ριοωεθρῑίε
2575 353 2766 417 parent
2792 345 3056 417 juvenes,
3091 346 3375 418 undasque
3404 356 3703 414 coronant,

2253 442 2555 512 Completis
2586 441 2744 496 labiis
2783 441 3022 510 lapidum
3053 458 3065 494 :
3091 449 3201 495 tum
3230 455 3421 509 spuma
3454 455 3552 510 per
3580 454 3708 495 oras

2078 580 2083 588 .
2112 532 2218 591 145
2256 534 2597 591 Commixtas
2629 533 2787 588 undis
2831 548 2992 588 auras
3021 532 3087 587 ad
3118 547 3329 588 summa
3363 532 3593 587 volutat.

2252 626 2391 681 Hinc
2408 626 2583 694 jubet,
2599 635 2885 680 utsummo
2907 624 3119 680 tradant
3142 624 3406 696 guSIanda
3432 624 3706 679 ministro.

2259 715 2414 787 177
2444 714 2541 769 llle
2574 715 2659 770 ubi
2692 715 2938 785 percepit
2963 713 3262 769 venerandi
3291 714 3431 768 dona
3459 715 3697 784 saporis.

2255 806 2506 874 NeSeius,
2541 808 2593 862 in
2621 808 2732 862 viui
2760 816 2974 878 gratum
3007 809 3277 862 transisse
3308 807 3579 878 liquorem

2040 907 2091 968 Β
2262 898 2492 969 Egestas
2521 914 2696 969 nuper
2726 901 2880 969 puris
2908 900 2980 955 de
3010 899 3255 955 fontibus
3283 899 3474 969 undas,

2116 990 2217 1048 150
2256 992 2508 1067 Increpat
2552 995 2804 1065 ignarum
2846 1008 3137 1063 sponsum,
3169 994 3317 1064 quod
3353 994 3581 1065 pulchra
3621 1006 3716 1049 re-

3367 1084 3636 1158 [servans,

2261 1180 2545 1236 Deteriora
2581 1178 2728 1251 prius
2760 1194 2855 1248 per
2890 1193 3110 1233 mensas
3142 1178 3266 1232 vina
3295 1177 3559 1234 dedisset.

2264 1274 2360 1329 His
2389 1275 2560 1341 signis
2583 1272 2746 1344 digne
2774 1272 3096 1328 credentum
3129 1272 3525 1343 discipulorum

2264 1367 2590 1435 Perpetuam
2620 1365 2799 1420 stabili
2834 1365 3063 1421 firmavit
3096 1366 3299 1421 robore
3328 1374 3589 1421 mentem.

2335 1458 2465 1515 lude
2496 1457 2588 1514 ubi
2618 1457 2826 1514 Iudaeis
2859 1457 3090 1514 aderant
3113 1461 3379 1515 solemnia
3409 1459 3650 1531 paschae,

1633 1554 2020 1612 LECTIONES
2062 1554 2479 1613 VARIANTES.

490 1652 612 1710 151.
658 1652 817 1709 Deest
850 1649 939 1709 hic
965 1666 1157 1709 versus
1178 1652 1232 1707 in
1262 1651 1420 1722 Reg,
1454 1648 1551 1707 sed
1582 1650 1635 1706 in
1668 1651 1775 1706 line
1805 1651 2015 1721 paginae
2048 1655 2096 1715 Β
2120 1650 2355 1722 Poelm.,
2378 1664 2492 1722 pro
2516 1649 2574 1722 d.
2605 1664 2677 1716 s.,
2709 1660 2762 1705 et
2796 1650 2978 1719 Rom.,
3012 1651 3103 1706 ubi
3150 1665 3306 1707 error
3345 1659 3430 1707 est
3458 1650 3588 1705 labis
3617 1664 3720 1721 pro

421 1725 731 1793 suppletur.’

489 1740 784 1859 ῗὲἶξῖυἶὶίῑ.
818 1795 926 1851 Olli
952 1796 1265 1869 respondet;
1288 1795 1401 1863 alii,
1434 1793 1541 1849 om
1572 1794 1874 1865 respondit;
1900 1792 2014 1859 alii,

420 1866 515 1922 Illi
544 1868 830 1937 respondit,
864 1868 946 1922 vel
976 1866 1271 1937 respondet.

491 1939 612 1993 111.
659 1938 785 1992 Mss.
820 1953 943 1992 cum
976 1936 1158 2003 editis,
1199 1940 1464 2008 aperirent
1495 1938 1608 1990 illia
1639 1937 1849 2001 metris,
1878 1945 1934 1991 et
1959 1936 2013 1990 in

420 2010 556 2080 Reg.
606 2009 785 2077 glossa
814 2050 829 2070 ,
874 2008 968 2063 ilia
995 2040 1065 2049 —
1095 2012 1365 2064 caritatem
1393 2010 1473 2063 sui
1511 2012 1660 2080 quasi
1702 2009 2017 2080 ventris},—

420 2079 595 2136 metris
632 2110 704 2121 ——
740 2082 999 2149 metretis,
1058 2085 1137 2135 vel
1187 2081 1459 2135 mensuris.
1518 2079 1797 2133 Fabricius
1846 2079 2019 2133 edidit

420 2153 680 2222 aperirent
708 2167 799 2204 ora
826 2152 1071 2219 melretis,
1096 2150 1215 2216 sed,
1246 2161 1304 2205 ut
1334 2152 1545 2221 opinor,
1574 2166 1638 2205 ex
1683 2150 2017 2222 conjectura,

419 2220 528 2279 non
572 2239 637 2277 ex
672 2222 775 2278 fide
811 2223 1086 2277 codicum.
1122 2224 1213 2278 Sic
1242 2220 1463 2285 Arator,
1509 2222 1631 2276 libr.
1667 2238 1724 2286 ιι,
1761 2238 1813 2274 ν.
1859 2220 1967 2276 892
2000 2241 2014 2276 :

423 2295 515 2349 Sic
544 2297 730 2348 etenim
776 2301 946 2348 ternas
983 2295 1192 2361 capiunt
1234 2310 1325 2349 sea:
1362 2310 1484 2347 vasa
1525 2301 1782 2347 metretas.
1834 2294 2017 2346 licus-

420 2365 579 2422 chius
611 2365 741 2429 legit
786 2365 879 2418 ilia
934 2367 1156 2419 metretis
1181 2406 1194 2425 .
1231 2375 1287 2419 ut
1327 2365 1420 2419 ilia
1459 2364 1529 2417 sit
1559 2363 1887 2432 disyllabum
1920 2379 2015 2433 per

418 2439 718 2508 symeresin
738 2477 753 2501 ,
778 2436 898 2508 nisi
917 2434 1004 2508 hic
1032 2451 1128 2505 pro
1154 2436 1418 2508 spondan
1452 2444 1788 2508 anapaestum
1822 2450 2009 2504 agnos-

419 2505 545 2563 cere
574 2507 822 2561 velimus.
872 2505 1096 2560 Ponitur
1123 2506 1218 2561 ilia
1244 2521 1340 2574 pro
1364 2505 1599 2560 caritate
1626 2551 1640 2576 ,
1670 2522 1765 2561 seu
1792 2517 2014 2572 ventre,

420 2579 544 2649 quia
598 2578 906 2649 hujusmodi
958 2580 1106 2632 vasis
1169 2582 1322 2648 plura
1383 2577 1599 2631 nomina
1646 2593 1713 2649 es
1763 2577 2016 2649 humanis

420 2647 680 2774 ;1l:lllbrl8
720 2648 979 2703 translata
1014 2647 1382 2720 assignantur,
1423 2658 1482 2703 ut
1512 2664 1566 2704 v.
1598 2647 1702 2705 144
1736 2666 1748 2701 :
1779 2648 2018 2721 lapidum

442 2737 473 2774 a
513 2737 594 2774 ns.

442 2737 594 2775 110118.

495 2788 620 2846 144.
662 2789 824 2862 Reg.,
873 2789 1011 2859 Ott.,
1061 2790 1344 2863 Completis
1398 2791 1551 2847 labiis
1602 2791 1843 2865 lapidum
1892 2807 2015 2865 cum

2121 1720 2299 1777 labiis.
2328 1721 2454 1791 Alii,
2486 1721 2767 1791 Completis
2794 1723 3028 1790 lapidum
3056 1723 3231 1777 labiis.

2195 1795 2317 1848 145.
2363 1793 2526 1864 ch.,
2559 1793 3025 1865 undis.aurasque
3070 1794 3139 1845 ad
3181 1809 3403 1865 summa.
3449 1793 3614 1849 Forte
3640 1793 3717 1865 ita

2122 1864 2533 1933 intelligendum
2564 1874 2645 1918 est
2680 1881 2694 1918 :
2726 1864 2946 1933 Spuma
2972 1864 3166 1918 volutat
3199 1864 3608 1936 (subintellecto
3638 1864 3718 1935 se)

2122 1953 2214 2006 per
2264 1952 2383 1990 oras
2438 1938 2743 1989 commixtus
2797 1937 2971 2000 undis,
3031 1944 3081 1988 et
3129 1952 3221 2004 per
3272 1953 3453 1990 auras.
3516 1936 3717 1991 Verum

2122 2008 2366 2075 quamvis
2398 2008 2449 2061 in
2483 2007 2766 2077 participio
2792 2009 3048 2078 praesenti
3078 2007 3281 2061 volvens
3305 2022 3457 2078 smper
3489 2023 3543 2061 se
3586 2008 3720 2078 sub-
3778 2065 3783 2071 ,

2122 2081 2414 2142 audiatur,
2459 2089 2641 2133 tamen
2703 2078 2755 2133 in
2798 2077 2919 2132 aliis
2965 2080 3303 2145 temporibus
3350 2077 3500 2133 verbi
3545 2077 3718 2145 volvo,

2124 2160 2217 2205 aut
2242 2148 2416 2202 voluto
2448 2165 2553 2203 non
2586 2148 2744 2205 facile
2776 2149 2826 2203 id
2859 2149 3195 2204 admiserim.

2193 2221 2317 2276 146.
2362 2221 2548 2287 Fabr.,
2575 2224 2824 2291 magistro
2852 2238 2869 2274 .'
2896 2220 3090 2290 reliqui
3113 2221 3346 2274 ministro
3373 2237 3389 2274 :
3414 2219 3557 2290 quod
3584 2236 3722 2292 prm-

2122 2292 2401 2348 ferendum
2431 2300 2555 2357 est;
2592 2292 2850 2359 pt-mcetlit
2881 2294 3023 2346 enim
3056 2307 3278 2345 summa.

2193 2363 2317 2418 149.
2364 2364 2544 2427 Ιὶοιη.,
2578 2364 2851 2434 questas.
2888 2363 3021 2426 Alii,
3054 2363 3292 2433 Egestas.

2193 2436 2318 2490 150.
2362 2434 2492 2488 Mss.
2526 2446 2578 2489 et
2609 2433 2853 2505 plerique
2902 2434 3059 2502 editi,
3087 2434 3247 2505 quod.
3284 2433 3521 2502 Poelm.,
3567 2435 3719 2506 quid,

2124 2507 2307 2561 minus
2343 2506 2505 2561 bene.
3584 2516 3595 2521 ’

2195 2578 2319 2633 154.
2366 2577 2522 2647 Reg.,
2575 2575 2708 2631 Inde
2752 2577 2839 2631 ubi
2883 2576 3098 2630 aderant
3144 2574 3369 2631 Judazis.
3398 2576 3540 2643 0tt.,
3580 2576 3717 2632 Inde

2121 2648 2208 2703 ubi
2234 2650 2485 2711 aderant,
2535 2657 2588 2703 et
2634 2664 2795 2719 supra
2837 2647 2983 2703 inter
3009 2647 3095 2703 ubi
3124 2658 3177 2704 et
3205 2648 3423 2703 aderant
3454 2649 3718 2706 insertum

2121 2719 2348 2787 ludatis,
2377 2719 2517 2790 quod
2547 2730 2754 2775 rectum
2786 2730 2892 2774 est.

1964 2862 2189 2919 ΝΟΤᾹΞ.

472 2944 619 3010 152.
663 2953 770 3010 Per
818 2954 949 3009 talia
997 2954 1138 3008 dicta
1186 2971 1203 3007 :
1252 2954 1454 3010 talibus
1482 2953 1681 3021 dictis,
1734 2954 1811 3008 sic
1862 2956 2005 3009 enim

420 3025 670 3081 usitatius
725 3026 947 3081 dicitur.
998 3025 1290 3091 Sedulius,
1336 3027 1370 3079 Ι.
1402 3041 1438 3080 v
1477 3040 1624 3081 vers.
1672 3026 1779 3080 217
1818 3043 1831 3079 :
1875 3025 2016 3081 Alter
2045 3027 2091 3090 C

423 3096 642 3151 adorato
671 3112 761 3165 per
790 3104 941 3151 verba
973 3101 1237 3167 precantia
1267 3096 1494 3152 Christo.

499 3169 621 3224 135.
665 3167 886 3222 Laetitia:
927 3169 1179 3236 liquorem
1226 3184 1242 3221 :
1290 3169 1471 3222 vinum
1522 3183 1620 3224 cur
1664 3169 1736 3224 ita
1779 3168 2015 3235 dicatur,

423 3238 546 3292 vide
569 3240 763 3296 uot.ad
791 3241 1045 3293 Dracont.
1072 3242 1109 3294 l.
1137 3256 1174 3304 ι,
1200 3255 1254 3293 v.
1282 3241 1412 3294 172:
1438 3239 1657 3294 Munera
1679 3242 2015 3299 tretitiaz,etc.

502 3310 625 3367 154.
666 3308 828 3365 Bonis
854 3313 1046 3365 mensis
1079 3327 1095 3363 :
1125 3312 1314 3365 amicis
1356 3311 1589 3377 mensis,
1630 3311 1814 3375 lautis,
1860 3311 2016 3365 lanis.

424 3379 1026 3453 PlautustMenaachm.
1062 3397 1121 3447 ιι,
1151 3382 1206 3447 2,
1237 3382 1369 3436 dixit
1400 3382 1591 3436 bonum
1618 3382 1917 3453 prandium.

502 3453 624 3508 1'56.
666 3452 940 3518 Joannes,
983 3454 1088 3508 loc.
1123 3454 1215 3507 cit.
1256 3471 1268 3507 :
1305 3453 1443 3521 Quid
1493 3452 1653 3515 mihi,
1690 3468 1738 3506 et
1774 3454 1865 3506 tibi
1906 3462 2017 3519 cst,

425 3526 612 3579 mulier
633 3527 659 3580 ?
696 3524 944 3578 Nondum
972 3526 1108 3578 venit
1137 3525 1265 3578 hora
1302 3542 1435 3579 mea.
1482 3524 1812 3593 AuguStinus
1836 3566 1849 3588 ,
1882 3524 2017 3577 libr.

426 3595 497 3651 de
520 3611 634 3650 Ver.
662 3594 837 3665 Relig.
869 3608 998 3650 tom.
1023 3613 1055 3659 ι,
1082 3596 1191 3650 col.
1218 3596 1321 3651 757
1349 3614 1360 3647 :
1388 3594 1593 3651 Recede
1614 3613 1646 3649 a
1674 3595 2023 3663 me,mulier?

427 3669 575 3734 mihi,
596 3678 642 3721 et
665 3667 756 3721 tibi
778 3668 904 3738 quid
920 3669 1036 3721 est?
1061 3666 1312 3721 Nondum
1341 3670 1476 3722 venit
1500 3667 1632 3738 hora
1657 3685 1790 3721 mea.
1822 3668 2024 3723 Juven-

426 3754 525 3793 ους
554 3736 797 3802 exulicut
823 3757 835 3792 :
863 3737 1122 3803 Festinus,
1150 3740 1396 3809 genitrix,
1427 3748 1535 3794 etc.
1566 3736 1675 3793 Cur
1705 3750 1884 3793 autent
1912 3755 2022 3791 non

334 3856 347 3865 .
428 3810 654 3863 retinuit
680 3811 895 3863 mulier?
921 3810 1101 3863 Potuit
1129 3810 1272 3864 enim
1302 3811 1486 3864 dicere
1516 3809 1777 3867 Festinus.
1811 3811 2020 3863 mulier.

428 3879 690 3950 Fortasse
728 3880 957 3934 iunuere
988 3881 1161 3935 voluit
1188 3881 1704 3948 interpretationem
1735 3882 2021 3950 'l‘heophy-

430 3951 592 4005 lacti:
624 3949 760 4003 Dicit
801 3951 958 4019 enim,
992 3950 1053 4003 Si
1089 3968 1190 4003 non
1222 3950 1365 4004 adest
1410 3953 1618 4019 vinum,
1662 3960 1859 4018 Oportet
1894 3949 2024 4004 illos

432 4023 598 4090 ipsos,
628 4021 814 4093 quibus
839 4016 1003 4085 deest,
1033 4022 1296 4083 accedere,
1326 4031 1373 4074 et
1393 4016 1668 4093 rogare,'et
1698 4016 1797 4074 non
1837 4030 1885 4093 te
1914 4038 2025 4074 mu-

433 4104 582 4165 trem.
613 4092 752 4165 Nam
774 4094 984 4165 quando
1014 4096 1286 4165 hortantur
1307 4092 1596 4159 domestici,
1627 4092 1933 4165 scandalum
1966 4094 2024 4158 ﬁt

430 4164 719 4220 uidentibus
742 4181 758 4220 :
780 4162 989 4236 quando
1014 4176 1185 4218 autem
1215 4164 1267 4217 hi
1298 4174 1504 4237 rogant,
1536 4165 1623 4235 qui
1653 4180 1780 4235 apus
1802 4162 2019 4230 habent,

430 4238 721 4301 suspicione
749 4253 828 4289 res
855 4246 1013 4289 caret.

508 4309 633 4361 1.58.
679 4305 875 4361 Lwtata
901 4322 919 4359 :
946 4307 1049 4361 etsi
1090 4307 1233 4363 enim
1278 4308 1564 4375 responsio
1594 4305 1691 4360 filii
1721 4304 2022 4376 reprehen-

431 4377 602 4431 sionis
628 4380 859 4447 quadam
892 4378 1117 4432 formula
1164 4392 1425 4448 concepta
1464 4390 1645 4439 esset,
1681 4388 1739 4430 ut
1781 4377 2025 4445 plerique

436 4448 760 4518 interpretes
791 4449 1011 4511 docent,
1062 4459 1241 4504 tamen
1293 4450 1564 4505 intellexit
1612 4448 1863 4515 Deipara,
1915 4449 2026 4500 Sttis

434 4520 691 4588 precibus
731 4521 897 4574 filium
930 4520 1096 4577 fuisse
1142 4531 1446 4591 permotum
1474 4564 1488 4582 ,
1519 4529 1578 4573 ut
1608 4520 1795 4591 vinum
1831 4534 2024 4588 procu-

434 4600 604 4645 raret.
638 4591 974 4646 Maltlonatus
1007 4609 1223 4647 versum
1274 4593 1417 4646 hunc
1442 4592 1669 4649 Juvenei
1714 4590 1816 4644 boc
1863 4604 2026 4643 sensu

435 4662 652 4742 accipit:
700 4663 960 4742 Lwtatant
990 4665 1128 4742 enim
1170 4664 1296 4742 dicit
1342 4664 1530 4742 Christi
1568 4677 1814 4742 responso
1840 4662 2027 4742 ,__quja

436 4730 695 4806 cognovit,
724 4752 839 4806 eum
863 4737 991 4806 uelle
1013 4735 1184 4803 facere
1206 4733 1539 4790 miraculum.
1568 4736 1642 4788 Ex
1670 4749 1776 4803 quo
1797 4730 2025 4801 colligit,

436 4804 658 4860 Matrem
691 4822 718 4855 a
750 4805 970 4858 Christo
1001 4822 1109 4859 non
1136 4806 1302 4859 fuisse
1332 4806 1742 4872 reprehensam.

511 4876 633 4931 140.
676 4874 1055 4946 Prwpulcltra,
1084 4886 1141 4929 ut
1174 4891 1318 4930 vers.
1349 4877 1456 4931 46.5
1496 4877 1622 4931 libr.
1658 4891 1707 4943 ι,
1744 4873 1902 4931 Saxis
1941 4889 2031 4927 ca-

433 4949 607 5003 vatis:
645 4948 872 5020 hydrina,
904 4947 1020 5003 sive
1046 4961 1173 5001 vasa
1205 4947 1857 5020 aquariaﬂerisolcbant
1884 4960 1914 5020 e
1947 4946 2031 5020 la-

436 5020 651 5090 pidibus
679 5015 978 5090 excavatis,
1015 5029 1071 5073 ut
1100 5015 1329 5090 cernere
1359 5018 1534 5075 adhuc
1564 5019 1694 5073 licet
1722 5018 1776 5071 in
1808 5015 2023 5081 multis,

435 5089 557 5160 qum
594 5100 826 5147 exstant.
864 5089 1061 5144 Confer
1084 5089 1508 5146 Observationes
1542 5090 1731 5159 Angeli
1775 5090 1846 5143 Μ.
1889 5090 2029 5160 Itan.

437 5159 568 5233 dinii
604 5163 655 5216 in
696 5164 977 5233 antiquun
1025 5161 1262 5233 tabulam
1305 5163 1635 5226 eburneam,
1689 5162 1877 5233 ingqua
1926 5159 2030 5233 hoc

438 5232 639 5289 Christi
689 5230 1008 5289 miraculum
1063 5231 1376 5286 exhibetur.
1427 5233 1699 5287 Juvencus
1754 5230 2030 5293 Evangelii

438 5306 604 5359 verba
632 5307 904 5375 aspressit
949 5323 960 5359 :
999 5303 1165 5357 Erant
1204 5318 1376 5375 autem
1416 5305 1527 5358 illic
1568 5303 1788 5373 lapidea:
1829 5300 2032 5372 hydria:

437 5391 548 5430 sex.
580 5377 659 5431 Ad
690 5374 827 5432 lianc
855 5376 1098 5447 regulam
1123 5374 1479 5444 judicandum
1511 5387 1594 5430 est
1620 5376 1689 5428 de
1716 5374 1880 5439 vasis,
1909 5388 2033 5447 quae

438 5447 584 5502 inter
611 5448 826 5504 cinielia
858 5444 1012 5504 sacra
1045 5450 1099 5502 in
1136 5448 1418 5501 nonnullis
1454 5447 1701 5502 ecclesiis
1736 5444 2035 5500 ostendun-

434 5526 547 5583 tur,
583 5526 858 5587 tamquam
885 5535 948 5576 ea
983 5519 1204 5580 fuerint,
1239 5535 1360 5589 quae
1394 5520 1446 5573 in
1475 5520 1617 5573 Cana
1657 5516 1898 5589 Galilzca!
1932 5517 2033 5589 nii—

434 5588 626 5659 raculo
659 5590 1039 5647 inservierunt.
1073 5592 1131 5646 lu
1159 5586 1381 5659 picturis
1410 5600 1466 5645 et
1497 5587 1864 5645 monumentis
1889 5586 2033 5640 anti-

432 5660 554 5731 quis
598 5658 700 5715 hoc
727 5662 1049 5717 miraculum
1093 5658 1239 5732 stupe
1280 5662 1554 5732 reperitur
1583 5673 1904 5729 expressum
1926 5699 1941 5724 ,
1974 5666 2033 5712 ut

432 5745 663 5789 cernere
695 5732 825 5788 licet
863 5732 915 5786 in
950 5748 1117 5805 Opere
1145 5751 1158 5789 :
1183 5731 1426 5787 Sculture
1462 5750 1489 5785 e
1526 5733 1717 5801 pitturc
1762 5744 1912 5799 sagre
1951 5745 2034 5783 es-

2123 2955 2395 3019 trattedai
2424 2953 2658 3010 Cimiteri
2691 2953 2746 3006 di
2779 2953 2949 3009 Roma
2979 2952 3140 3009 1757.

2195 3026 2318 3080 141.
2364 3028 2439 3080 De
2478 3042 2572 3080 sex
2618 3024 2951 3097 hydriaruut
2982 3024 3287 3097 capacitate
3324 3026 3547 3096 scripsit
3577 3027 3720 3084 Mat-

2129 3096 2571 3170 thmnsgllostus.
2620 3095 2876 3170 Joannes
2909 3095 3372 3170 Tabi_ngiu_s,il)e
3419 3095 3624 3170 hydriis
3669 3101 3723 3153 in

2122 3169 2269 3223 Cana
2302 3168 2525 3223 Galilzee
2554 3168 2609 3221 in
2641 3167 2790 3221 Novo
2820 3168 2984 3221 Thes.
3018 3167 3215 3221 Tlteol.
3252 3169 3389 3223 Phil.

2198 3240 2320 3296 142.
2364 3237 2551 3293 Fontis
2583 3239 2801 3305 gremio,
2843 3240 3006 3307 quasi
3057 3238 3202 3292 sinu.
3251 3240 3452 3295 Confer
3494 3249 3609 3295 not.
3655 3241 3722 3296 ad

2125 3312 2162 3366 1.
2186 3327 2224 3377 ι,
2259 3328 2309 3365 v.
2341 3311 2473 3370 212,
2495 3322 2551 3366 et
2578 3310 2777 3365 Gifanii
2802 3309 3033 3365 indicem
3061 3310 3113 3362 in
3140 3308 3387 3381 Lucret.,
3413 3315 3582 3369 verbo
3610 3330 3728 3385 gre—

2123 3385 2289 3435 mium
2320 3392 2495 3436 terrm.

2198 3453 2325 3508 145.
2368 3454 2447 3508 Ex
2488 3452 2745 3520 Virgilio,
2789 3451 2827 3504 l.
2877 3468 2892 3507 ι
2934 3450 3155 3507 ίΕιιθίἀ.
3200 3467 3252 3505 v.
3287 3453 3431 3521 7'28,
3483 3455 3726 3511 Crateras

2125 3541 2340 3595 magnos
2369 3532 2630 3597 statuunt,
2660 3532 2710 3577 et
2739 3524 2859 3597 vina
2881 3533 3153 3592 coronant,
3179 3522 3279 3577 hoc
3309 3536 3414 3594 est,
3455 3543 3623 3597 usque
3653 3525 3724 3581 ad

2126 3594 2425 3663 marginem
2456 3596 2700 3662 implent.
2734 3594 2849 3648 Alia
2884 3607 2965 3647 est
2994 3596 3390 3661 interpretatio,
3418 3594 3597 3662 Serio,
3630 3606 3727 3652 aut

2126 3682 2327 3721 corona
2370 3668 2595 3736 cingunt
2663 3667 2876 3735 pocula.
2928 3666 3203 3720 .luveucus
3254 3667 3423 3733 priori
3472 3670 3723 3723 adluesit.

2127 3738 2436 3799 Lucretius,
2475 3740 2510 3791 l.
2541 3752 2598 3791 ιιι
2628 3755 2679 3791 v.
2715 3736 2823 3807 995
2856 3755 2868 3790 :
2902 3736 3021 3790 Hoc
3057 3741 3210 3789 etiam
3245 3740 3473 3807 faciunt,
3508 3740 3595 3794 ubi
3620 3740 3730 3793 dis-

2126 3811 2370 3875 cubuere,
2397 3820 2669 3879 tenentque
2690 3838 2760 3847 -—
2782 3805 2983 3861 Pocula
3016 3824 3151 3880 sa’pc
3180 3805 3413 3864 homines
3432 3852 3445 3872 ,
3461 3805 3520 3865 et
3550 3814 3692 3864 inum
3711 3840 3726 3851 -

2127 3882 2278 3933 brant
2310 3898 2403 3935 ora
2433 3881 2668 3946 coronis,
2703 3881 2993 3933 secundam
3038 3880 3216 3948 potius
3261 3882 3525 3936 rationem
3564 3897 3726 3936 coro-

2129 3953 2289 4005 naudi
2319 3952 2561 4019 respicit.

2206 4023 2325 4077 145.
2370 4021 2686 4105 Commixtns
2720 4021 2875 4102 undis
2906 4036 3103 4075 auras:
3129 4021 3350 4105 physica
3379 4024 3496 4105 huic
3529 4033 3610 4078 est
3636 4037 3726 4077 ra-

2131 4093 2227 4159 tio,
2261 4109 2360 4147 cur
2391 4092 2723 4159 Spumaftat.
2749 4092 2872 4155 quia
2904 4107 3051 4145 aurae
3094 4092 3249 4147 undis
3275 4096 3725 4162 commiscentur,

2133 4165 2512 4232 Descriptione
2539 4179 2670 4232 ergo
2695 4164 2882 4227 utitur,
2918 4172 2975 4217 ut
3005 4178 3253 4232 spumam
3284 4168 3504 4221 indicet.

2205 4237 2327 4290 146.
2371 4235 2589 4290 Summo
2618 4236 2857 4288 ministro
2884 4249 2901 4286 :
2931 4236 3327 4303 arrhtriclino,
3367 4247 3426 4293 ut
3463 4240 3541 4292 ait
3564 4238 3731 4294 Joan-

2130 4321 2249 4365 nes.
2300 4307 2554 4361 Nonnulli
2602 4306 3111 4380 intelligunt,__esse
3156 4322 3306 4380 eum,
3353 4311 3445 4380 qui
3482 4320 3726 4378 curator,

2053 4419 2107 4479 D
2132 4394 2228 4479 Ξῖῗ
2238 4376 3123 4479 ..ἔ11“11²ῖξξ²,ἷηῖῗέδξ..αἰξὶνέῗῖητςοθῖ
3143 4376 3539 4479 ἓῖδθὲιθέινίηῖ
3581 4376 3729 4479 ιπξ⁶⁴

2131 4451 2404 4519 guSIabat.
2437 4450 2744 4519 Pignorius,
2775 4448 2842 4502 de
2872 4447 3069 4511 Servis
3110 4463 3229 4519 pag.
3262 4448 3350 4517 54,
3380 4447 3732 4518 (Ιοθθι,ἰ›Ιιι-

2132 4518 2223 4593 res
2252 4520 2416 4575 fuisse
2441 4518 2636 4593 servos
2672 4518 3035 4593 tricliniares,
3060 4518 3289 4593 quorum
3323 4523 3496 4590 aliqui
3532 4539 3728 4593 aquam

2131 4592 2185 4645 in
2218 4607 2412 4647 manus
2438 4591 2822 4655 infundebant,
2856 4590 3025 4658 aliqui
3048 4592 3248 4646 fercula
3274 4590 3615 4659 inferebant,
3647 4596 3731 4647 in-

2132 4663 2352 4733 fertores
2382 4663 2659 4730 appellati,
2691 4669 2796 4715 etc.
2846 4660 3050 4733 Servus
3078 4662 3319 4733 triclinio
3350 4664 3640 4732 pru'lemtls
3670 4665 3728 4720 in

2134 4731 2300 4788 veteri
2327 4735 2716 4803 epigrammate
2740 4732 3050 4786 nominatur
3071 4731 3452 4790 tricliniarcha.
3478 4737 3576 4791 Hic
3597 4752 3731 4800 ergo

2133 4820 2163 4859 a
2191 4803 2432 4859 iuvenco
2470 4803 2669 4859 dicitur
2703 4819 2939 4857 summus
2977 4806 3229 4862 minister.
3279 4807 3431 4862 Alius
3472 4816 3590 4862 erat
3630 4824 3728 4864 rex

2133 4891 2385 4930 COHVlVll.

2207 4946 2333 5002 150.
2378 4945 2610 5000 Pulchra
2656 4946 2775 5000 uina
2817 4961 2835 5000 :
2884 4945 3051 5001 bona.
3100 4947 3381 5016 Accipitur
3433 4951 3578 5005 enim
3628 4951 3730 5005 ali-

2134 5020 2351 5085 quando
2383 5016 2658 5087 pulchrum
2710 5033 2807 5084 pro
2851 5017 2997 5072 bono
3042 5018 3096 5072 in
3129 5035 3471 5087 quocumque
3500 5038 3724 5087 genere.

2134 5089 2409 5148 Horatius,
2462 5090 2583 5142 libr.
2621 5089 2819 5158 tepisl.
2856 5090 2948 5149 15.
2979 5104 3031 5140 v.
3061 5089 3123 5143 41
3162 5105 3174 5143 :
3204 5091 3331 5144 Cum
3375 5092 3442 5147 sit
3483 5094 3733 5147 obeso—

2137 5160 2461 5234 lViI__melius
2505 5157 2707 5234 turdo,
2730 5157 3010 5234 Anilgvulva
3043 5161 3308 5227 pulchrius
3338 5165 3536 5233 ampla.
3570 5164 3727 5234 Cato,

2136 5231 2213 5306 De
2236 5232 2312 5285 lie
2336 5242 2469 5306 rust.
2496 5245 2621 5306 cap1
2651 5232 2748 5286 104
2777 5248 2789 5283 :
2818 5231 3027 5306 eiectum
3075 5235 3387 5306 acerrimum
3413 5231 3462 5288 et
3490 5231 3733 5306 pulcher;-

2134 5303 2325 5356 rimum
2368 5304 2483 5356 erit.
2534 5300 2679 5355 Infra
2703 5347 2716 5369 ,
2748 5317 2800 5356 v.
2837 5302 2941 5358 505
2969 5320 2981 5355 :
3010 5305 3213 5370 pulchri
3241 5303 3362 5370 cibi,
3410 5317 3468 5362 et
3490 5300 3546 5361 ξ’.
3579 5310 3682 5364 517
3713 5326 3727 5362 :
3786 5327 3790 5331 ’

2134 5372 2350 5445 pulcher
2374 5373 2541 5428 labor.

2209 5444 2338 5517 151.
2379 5444 2482 5517 Per
2508 5460 2711 5498 mensas
2737 5459 2756 5517 ς
2778 5445 2882 5498 hoc
2902 5444 3239 5517 ipsumdixit
3261 5449 3554 5516 mensatim,
3583 5450 3621 5504 l.
3644 5464 3726 5517 nt,

2133 5530 2190 5569 v.
2238 5515 2367 5570 214.
2412 5515 2692 5585 Frequens
2740 5514 2857 5570 haec
2906 5528 2988 5571 εει
3030 5516 3271 5572 adverbii
3316 5514 3729 5577 circumlucutio

2134 5595 2244 5641 tam
2277 5586 2417 5657 apud
2444 5585 2694 5657 Graecos,
2722 5601 2883 5657 quam
2917 5587 3057 5656 apud
3091 5588 3333 5644 Latinos.

2208 5656 2332 5714 154.
2374 5656 2603 5734 CAP_UT
2630 5656 2723 5734 ιιι.
2742 5656 2912 5734 Ὶεδιιξ
2924 5669 3166 5734 _ementes
3197 5661 3551 5734 et_vendentes
3579 5663 3730 5734 ejecit

2136 5728 2200 5783 dc
2246 5730 2455 5801 tempto.
2505 5730 2729 5784 Joannis
2774 5744 2833 5796 u,
2886 5730 2975 5795 13,
3029 5738 3174 5794 σιω
3222 5731 3415 5788 Matth.
3461 5728 3724 5803 μυίης
