4154 6176
528 201 631 264 ίϐτ

674 411 742 466 Ut
771 411 1095 481 quicumque
1153 409 1313 465 fidem
1344 409 1541 465 mentis
1574 407 1939 478 penetralibus
1968 406 2091 462 altis

670 502 818 558 Illius
844 502 909 557 ad
943 517 1141 557 numen
1172 501 1377 566 statuit.
1401 500 1500 556 sub
1529 500 1744 555 turbine
1781 499 1912 555 secli

572 582 575 585 4
672 598 955 654 Proculcet
1007 596 1234 668 pedibus
1290 597 1520 662 lcthum,
1544 604 1599 651 et
1625 604 1774 651 trans
1799 593 1976 649 sidera
2008 608 2128 648 sur-

1879 683 1898 755 [
1920 697 2052 756 gens

524 786 633 845 225
670 785 930 844 Sublimis
958 784 1139 856 capiat
1158 782 1358 840 donum
1386 780 1701 838 inviolabile
1731 780 1875 835 vitae.

674 878 915 950 Namque
944 877 1090 933 Deus
1119 875 1382 932 mundum
1412 883 1562 931 tanto
1583 873 1775 929 dilexit
1793 885 2000 935 amore,

673 972 802 1043 Ejus
831 979 889 1026 ut
909 971 962 1025 in
991 980 1163 1025 terras
1190 968 1545 1024 descenderet
1563 967 1723 1022 unica
1742 964 1942 1036 proles,

670 1065 966 1122 Credentes
993 1064 1222 1119 Domino
1241 1062 1366 1117 vita:
1388 1062 1640 1131 junctura
1675 1058 1919 1131 perenni.

672 1157 783 1214 Nec
804 1157 946 1213 Deus
970 1155 1113 1211 hunc
1142 1167 1328 1211 natum
1360 1154 1663 1225 disquirere
1680 1153 1804 1224 jure
1834 1166 2047 1219 severo,

526 1254 634 1311 250
670 1251 953 1309 Judiciove
984 1249 1119 1305 truci
1152 1260 1324 1305 terras
1349 1246 1655 1318 expendere
1684 1245 1831 1301 misit
1863 1262 1876 1299 :

673 1345 830 1419 185
859 1343 1005 1400 Mitia
1030 1342 1126 1399 sed
1152 1339 1366 1414 populis
1388 1339 1613 1396 veniant
1637 1349 1695 1394 ut
1721 1353 1944 1394 munera
1971 1338 2121 1394 vitm.

671 1436 917 1507 Namque
940 1433 1032 1490 ubi
1055 1443 1204 1489 certa
1227 1431 1360 1489 ﬁdes
1382 1431 1545 1487 fuerit
1561 1430 1847 1500 complexa
1864 1431 2120 1499 salutem,

670 1529 787 1585 Non
819 1527 926 1585 erit
953 1527 1059 1583 ulla
1090 1525 1201 1581 illic
1235 1540 1438 1592 anceps
1467 1523 1696 1596 agitatio
1725 1522 1881 1591 juris.

670 1625 768 1680 Ast
798 1622 887 1679 tibi
916 1621 1058 1678 dona
1090 1619 1274 1691 procul
1317 1617 1518 1674 fuerint
1547 1617 1767 1673 exclusa
1796 1616 2046 1683 medclzc,

522 1716 630 1776 255
666 1716 787 1775 Jam
810 1715 1029 1787 propria
1056 1714 1298 1785 ipsorum
1321 1722 1557 1767 mentem
1582 1710 1861 1765 damnatio
1885 1719 2120 1781 torquet.
2157 1713 2202 1774 Β

666 1809 835 1867 Unica
866 1824 992 1864 nam
1024 1806 1237 1861 Domini
1282 1804 1383 1860 fuit
1414 1804 1501 1860 his
1532 1804 1805 1875 incognita
1838 1804 2044 1871 proles.

667 1905 976 1961 Adventum
1004 1902 1141 1957 lucis
1175 1899 1360 1956 miseri
1391 1898 1580 1969 fugere
1609 1898 1853 1969 superbi,

1745 196 1837 257 'c.
1880 196 1946 256 v.
1987 166 2218 267 Αρυιι..
2247 192 2540 258 Juvenal

673 316 764 374 Sic
795 316 1029 373 hominis
1054 324 1237 375 natum
1278 315 1395 372 tolli
1425 316 1478 373 in
1498 314 1731 373 sublime
1759 329 1982 371 necesse
2012 324 2114 381 est,
2147 318 2196 377 Α

2372 312 2438 367 Ει
2468 311 2645 382 magis
2675 310 2915 380 amplexi
2947 324 3121 367 erucas
3156 318 3382 366 tenuere
3412 307 3673 365 latebras.

2370 403 2462 460 Sic
2487 404 2821 475 quicumque
2841 404 2999 459 malis
3024 414 3264 459 mentem
3288 390 3644 457 maculaverit
3668 402 3833 470 actis,

2226 495 2335 553 240
2372 495 2453 553 Ad
2487 497 2743 553 tenebras
2775 496 3005 567 pavidus
3035 495 3256 566 refugit.
3289 509 3357 551 ne
3390 494 3593 550 lumine
3622 495 3778 551 claro

2369 587 2603 645 Sordida
2637 587 2858 659 polluta:
2892 597 3115 656 pateant
3142 587 3397 659 contagia
3427 586 3648 642 mentis.

2370 680 2441 736 At
2467 681 2794 752 quicumque
2824 682 2927 753 pia:
2955 680 3135 737 tenuit
3161 681 3387 750 vestigia
3416 680 3544 736 vitae
3565 722 3580 745 ,

2370 776 2452 831 Ad
2482 775 2723 831 medium
2755 783 3037 848 properat,
3072 776 3361 846 lucemque
3395 776 3673 833 nitescere
3697 792 3836 848 gau-

3624 867 3761 942 [det,

2371 961 2674 1034 Splendeat
2698 971 2757 1017 ut
2785 961 2950 1019 claris
2977 962 3196 1018 virtutis
3221 962 3395 1033 gloria
3425 961 3603 1019 factis.

2226 1054 2334 1113 245
2442 1054 2575 1111 Inde
2597 1055 2878 1112 Galilzeam
2911 1056 3111 1127 repetit
3141 1056 3391 1113 Salvator
3424 1055 3611 1112 Iesus:

2375 1148 2536 1221 186
2586 1148 2921 1207 Prmteriens
2977 1149 3072 1207 sed
3119 1151 3261 1206 torte
3308 1148 3463 1206 venit
3507 1149 3834 1206 Samaritida

3487 1246 3759 1319 [Sichem.

2371 1340 2484 1397 lllic
2509 1340 2709 1397 fundus
2733 1349 2869 1405 erat,
2903 1340 3074 1397 Jacob
3102 1340 3170 1397 de
3194 1343 3415 1397 nomine
3439 1339 3693 1413 pollens,}

2374 1434 2441 1488 Et
2468 1444 2662 1504 puteus
2692 1434 2872 1506 gelido
2902 1434 3189 1489 demersus
3221 1435 3273 1488 in
3301 1434 3488 1490 abdita
3514 1434 3683 1489 fonte.

2371 1526 2604 1582 Sederat
2635 1527 2724 1584 hic
2750 1527 2940 1598 rapido
2968 1529 3229 1584 Servatur
3259 1527 3493 1583 anhelus
3520 1529 3572 1582 in
3604 1537 3740 1584 testu
3766 1545 3780 1581 ;

2227 1619 2334 1676 250
2372 1619 2746 1691 Discipulique
2775 1635 2931 1677 escas
2964 1630 3272 1677 mercantes
3302 1620 3577 1677 moenibus
3608 1620 3759 1677 urbis

2374 1716 2584 1772 Passim
2617 1716 2877 1784 diSpersi,
2909 1718 3086 1771 solum
3116 1715 3324 1785 liquere
3357 1716 3698 1784 magiSIrum.

2373 1808 2641 1864 Moenibus
2669 1807 2959 1879 egrediens
2986 1808 3273 1863 Samaritis
3317 1806 3514 1861 femina
3548 1805 3717 1872 venit,

2369 1902 2659 1958 Hauritura
2688 1902 2837 1958 cavis
2867 1901 3014 1973 putei
3046 1900 3420 1972 penetralibus
3454 1900 3647 1957 undas.

1746 1985 2128 2044 LECTIONES
2172 1990 2584 2047 VARIANTES.

589 2068 713 2124 222.
759 2068 895 2134 Ott.,
927 2061 1461 2139 penetrabilibus:ita
1514 2060 1613 2114 fuit
1655 2059 1820 2139 etiam
1869 2060 1921 2114 iu
1952 2058 2112 2129 Reg.,

522 2141 619 2199 sed
647 2148 794 2196 recte
825 2131 1011 2209 postea
1041 2145 1347 2209 correctum
1378 2131 1874 2209 peAr_penet_ralibus.

517 2213 714 2268 i31223.
758 2204 915 2279 363.,
963 2208 1155 2279 Toru.,
1202 2206 1352 2279 Bas.,
1430 2204 1585 2279 Ald.,_
1636 2204 1819 2279 Ront_.,
1875 2211 2111 2279 statuet_:

518 2284 655 2347 0tt.,
679 2298 802 2338 cum
832 2274 952 2335 aliis
974 2277 1159 2337 editis.
1196 2277 1374 2330 statuit
1403 2290 1419 2327 :
1446 2274 1588 2347 quod
1643 2276 1811 2347 magis
1864 2274 2115 2343 congruit

523 2345 696 2411 textui
728 2350 1045 2422 evangelica
1072 2367 1085 2403 :
1120 2348 1188 2404 Ut
1216 2347 1403 2409 omnis,
1425 2346 1516 2415 qui
1544 2345 1976 2422 creditinipsuin,
2008 2362 2115 2398 non

521 2436 721 2498 pereat,
748 2424 842 2498 sed
865 2414 1047 2498 babeat
1062 2421 1224 2498 tritam
1250 2414 1521 2498 quernum.
1574 2414 1884 2498 gyprianus
1898 2426 2115 2498 tamen,

520 2484 645 2552 libr.
678 2484 718 2550 ιι
744 2494 975 2550 'l‘estitn.
1011 2510 1025 2545 :
1058 2490 1125 2545 Ut
1148 2490 1313 2545 omnis
1335 2489 1424 2559 qui
1461 2487 1741 2543 crediderit
1787 2488 1840 2541 in
1889 2484 2113 2555 Filium,

520 2569 704 2623 habeat
727 2568 884 2621 vitam
908 2573 1183 2619 aeternam.

2304 2064 2432 2120 258.
2465 2063 2651 2131 Rom.,
2684 2064 2957 2117 tenebras:
2991 2062 3103 2125 alii.
3135 2062 3378 2118 latebras.

2301 2136 2427 2189 2i0.
2462 2135 2647 2201 Βοιιι.,
2678 2151 2706 2187 e
2735 2134 2963 2189 lumine:
3002 2134 3121 2201 lege
3151 2152 3215 2188 ne
3241 2134 3455 2189 lumine.

2298 2206 2426 2261 245.
2459 2207 2689 2266 Poelm..
2720 2221 2821 2275 pro
2849 2205 2904 2262 d.
2935 2222 3007 2273 s.,
3040 2205 3107 2259 In
3139 2207 3401 2262 medium:
3431 2207 3485 2261 iu
3514 2215 3666 2263 textu
3699 2223 3826 2265 cum

2221 2277 2365 2339 aliis.
2398 2277 2477 2332 Ad
2501 2277 2748 2331 medium.

2296 2350 2426 2405 244.
2459 2350 2597 2416 Ott.,
2625 2348 2782 2406 caris.
2812 2363 2840 2401 ιι
2876 2364 2956 2415 pr.
2992 2364 3092 2417 m.,
3126 2364 3195 2404 ex
3223 2364 3331 2418 quo
3363 2348 3563 2403 factum
3588 2350 3763 2407 claris.

2447 2420 2605 2491 Reg.,
2654 2420 2798 2488 petiit
2840 2429 3087 2488 servator,
3119 2419 3217 2476 sed
3244 2436 3312 2476 ex
3342 2422 3486 2490 petiit
3518 2421 3717 2477 factum
3747 2441 3829 2479 re-

2222 2503 2372 2566 petit.

2293 2563 2420 2618 246.
2456 2563 2616 2631 Reg.,
2675 2561 2869 2625 Sicine.
2919 2564 3054 2628 0tt.,
3108 2562 3318 2627 Sicanii,
3373 2580 3539 2631 supra
3567 2564 3827 2621 Sicluent:

587 2639 717 2694 224.
758 2636 910 2701 Ald.,
939 2634 1171 2698 Poelm.,
1202 2647 1299 2703 pro
1325 2631 1383 2703 (Ι.
1400 2629 1761 2703 s.,Concul.;e_t
1784 2650 1802 2685 :
1832 2629 1948 2703 alii,
1983 2629 2121 2703 Pro-
2223 2636 2336 2701 alii,
2364 2629 2608 2690 Sicliem:
2638 2635 2718 2687 sic
2744 2634 3091 2702 appellabant
3115 2629 3472 2701 Samaritanl‘;
3497 2635 3670 2703 Judaei
3697 2652 3824 2693 vero

519 2709 730 2774 culcet.,
759 2709 944 2769 Rom.,
977 2700 1287 2775 depravata,
1344 2700 1694 2772 Propulclier.
1726 2700 1887 2773 Reg.,
1922 2702 2119 2756 lethum

521 2790 685 2846 trans,
717 2789 770 2836 et
791 2777 983 2835 scribit
1036 2780 1231 2829 laetum.

591 2844 723 2907 225.
764 2850 909 2915 Ald.,
938 2848 1103 2917 capiet
1131 2862 1150 2901 :
1180 2846 1356 2900 retine
1390 2844 1580 2911 capiat.

590 2923 717 2979 226.
761 2923 972 2986 Ottoh.,
1002 2915 1151 2973 Nam
1184 2917 1436 2971 Dominus
1465 2916 1738 2971 mundum.
1768 2916 1927 2986 Reg.,
1954 2915 2117 2970 Rom.

518 3010 640 3052 cum
665 2994 848 3061 editis,
877 2991 1114 3061 Namque
1178 2988 1335 3061 Deus.

590 3064 718 3121 228.
757 3056 894 3134 0tt.,
926 3060 1199 3134 Credentes
1255 3058 1555 3134 Dominum.
1618 3058 1812 3114 Melius
1868 3056 2115 3134 Domino.

521 3136 826 3193 Reuschins
871 3129 993 3203 post
1044 3130 1268 3185 Domino
1328 3129 1646 3203 posituram,
1705 3145 1802 3203 seu
1850 3129 2113 3200 virgulam

2226 2705 2421 2762 Siclmr
2453 2721 2550 2770 per
2582 2703 2896 2775 ludibrium,
2927 2708 3078 2775 quasi
3112 2706 3298 2759 urbem
3326 2706 3626 2762 ebriorum.

2298 2777 2425 2832 247.
2461 2777 2625 2845 lic-3.,
2652 2773 2798 2845 Οιι.⁹
2832 2773 3016 2843 Rom.,
3052 2776 3199 2841 Ald.,
3233 2775 3393 2831 Fabr.
3428 2778 3621 2841 Torn.,
3660 2778 3821 2834 Jacob

2227 2850 2290 2903 de
2317 2848 2521 2902 nomine
2550 2844 2775 2917 pollens.
2811 2848 3016 2900 Poelm.
3038 2889 3052 2911 ,
3096 2848 3148 2901 in
3182 2857 3354 2913 textu,
3388 2849 3612 2903 liadani.
3660 2847 3822 2905 Iacob

2225 2920 2529 2993 cognomine
2576 2917 2796 2988 pollens.
2848 2918 2903 2972 In
2954 2917 3089 2979 0tt..
3123 2934 3151 2971 a
3183 2934 3265 2987 pr.
3300 2935 3401 2986 m.,
3435 2920 3610 2975 fuerat
3638 2919 3821 2975 Jacobi

2225 2992 2290 3045 de
2319 2992 2526 3045 nomine
2552 2989 2750 3061 pollens
2772 3006 2791 3044 :
2819 2989 2963 3061 quod
2992 3001 3208 3061 non_eSt
3237 2989 3526 3055 absonum,
3559 3002 3617 3046 et
3644 3002 3821 3048 eXStat

2227 3062 2279 3117 in
2311 3062 2501 3118 codice
2531 3057 2933 3131 Cantuariensi.
2968 3060 3059 3117 Sic
3085 3057 3416 3131 Fortunatus
3446 3061 3579 3116 duas
3607 3064 3819 3131 priores

2226 3134 2493 3205 corripuit
2525 3129 2876 3205 inlocabns,
2911 3131 2950 3185 l.
2982 3147 3038 3185 1v
3066 3132 3134 3186 de
3163 3130 3380 3205 Judicio
3409 3129 3688 3205 extremo:
3722 3133 3820 3205 Di-

519 3207 809 3266 collocavit
837 3194 906 3261 e'x
939 3213 1232 3274 praecepto,
1262 3194 1341 3274 ut:
1372 3202 1468 3274 ait,
1498 3194 1999 3274 grairiituaticorur'n.
2047 3215 2115 3255 ne
2143 3194 2188 3256 C
2219 3206 2341 3274 rigit
2371 3194 2418 3260 et
2443 3203 2663 3258 Jacobos
2692 3194 3230 3274 terro'beatasarros.
3267 3202 3572 3274 Reuschins
3596 3203 3817 3274 printed

519 3281 639 3349 quis
670 3278 893 3349 Domina
920 3271 1149 3348 perenni,
1180 3283 1271 3349 aut
1301 3271 1526 3349 Domino
1574 3273 1691 3326 vitae
1736 3273 2112 3349 corijuogeret.

517 3343 599 3406 Ex
626 3365 797 3406 saera:
815 3343 1111 3418 Scriptum
1131 3344 1274 3416 ston
1300 3343 1588 3399 dicendum
1615 3352 1761 3399 esset
1780 3346 2038 3398 credentes
2064 3344 2117 3396 in

517 3420 823 3477 Dominum.

589 3493 717 3548 251.
748 3491 908 3546 Rom.
929 3531 945 3555 ,
1000 3486 1130 3541 Diva
1158 3487 1248 3542 sed
1279 3486 1505 3557 populis,
1556 3493 1613 3541 et
1639 3484 1781 3542 forte
1811 3485 1911 3541 fuit
1940 3485 2104 3553 Dicte,

512 3565 603 3622 vel
635 3565 772 3625 Dite,
803 3561 946 3634 quod
973 3561 1158 3634 minus
1191 3561 1433 3634 ineptum
1466 3568 1572 3614 est.

585 3637 710 3695 255.
742 3630 895 3700 Alit,
924 3630 1036 3687 ulla
1062 3646 1249 3701 anceps
1277 3630 1405 3684 illic.

580 3708 709 3765 254.
743 3708 931 3772 Rom.,
962 3718 1213 3759 excussa:
1241 3701 1358 3767 alii,
1397 3700 1623 3756 exclusa.

579 3781 711 3836 256.
759 3781 887 3833 Mss.
915 3770 999 3832 'et
1040 3773 1287 3830 nonnulli
1335 3772 1507 3841 editi,
1568 3774 1666 3844 [uit
1712 3771 1834 3827 his:
1891 3772 1944 3827 in
1984 3770 2107 3827 aliis

534 3853 611 3908 'uit
638 3852 729 3905 iis.

509 3852 854 3976 “agimus.
873 3914 1185 3987 Reg.,0tt.,
1201 3915 1363 3987 Rom.
1372 3914 1599 3987 .7Poeltn.
1613 3960 1627 3983 ,
1646 3930 1745 3985 pro
1761 3914 1817 3987 d.
1838 3929 1909 3987 s.,
1924 3931 2108 3987 super-

506 3992 577 4049 bi.
596 3991 722 4048 Ald.
738 4002 793 4047 et
819 3989 907 4045 alii
930 3985 1060 4044 editi
1077 4002 1337 4056 superine.
1358 3986 1639 4055 Kmnigius
1651 3985 2103 4056 conjicitsuperbe

505 4063 908 4122 adverbialiter.
935 4058 1242 4115 Reuschius
1266 4059 1407 4112 hanc
1426 4063 1798 4124 conjecturam
1820 4072 1925 4110 non
1943 4072 2102 4127 sper-

505 4138 741 4194 nendam
782 4135 892 4201 ait,
927 4131 1021 4187 sed
1051 4130 1267 4198 praefert
1296 4143 1556 4201 supernae,
1590 4137 1644 4183 et
1672 4144 1771 4198 per
1801 4129 1976 4183 lucem
2005 4142 2095 4201 su-

501 4224 725 4278 pernam
754 4199 1005 4275 intelligit
1029 4201 1331 4278 Christum,
1368 4202 1452 4255 vel
1484 4200 1862 4275 Evaiigelium,
1895 4199 2040 4271 quod
2067 4214 2098 4255 e

501 4272 644 4337 ctelo
669 4272 967 4335 demissum
996 4274 1178 4329 omnia
1208 4272 1517 4329 collustrat.

2221 3265 2403 3331 Jdcobi
2429 3276 2635 3331 nomine
2666 3273 2883 3342 pollens,
2920 3282 2978 3327 ut
3008 3273 3043 3327 I.
3074 3289 3131 3328 ιιι
3161 3289 3303 3329 vers.
3332 3274 3469 3331 258:
3495 3265 3653 3330 Clara
3684 3273 3818 3330 Plii-

2222 3348 2413 3420 lippazo
2439 3346 2774 3420 quwpollent
2803 3346 3182 3420 nominerura.

2289 3416 2416 3474 248.
2453 3416 2674 3471 Variam
2701 3431 2833 3472 mss.
2866 3424 2921 3471 et
2942 3416 3104 3472 editi:
3134 3430 3258 3471 nam
3282 3416 3372 3472 alii
3398 3416 3598 3474 habent
3625 3418 3817 3475 diruer-

2218 3506 2327 3556 sus,
2359 3489 2448 3543 alii
2482 3487 2679 3542 melius
2706 3488 2991 3542 demersus.

2288 3561 2415 3616 249.
2469 3559 2797 3614 Arntzenius
2828 3559 2895 3613 ad
2925 3557 3205 3615 Sedulium
3227 3601 3243 3625 ,
3293 3558 3416 3615 libr.
3451 3576 3488 3615 ιι
3534 3576 3676 3617 vers.
3708 3560 3805 3628 58,

2215 3631 2496 3688 emendari
2530 3630 2686 3701 jubet
2726 3630 2833 3685 hoc
2869 3632 2997 3702 loco,
3018 3630 3201 3684 rabido
3229 3645 3329 3702 pro
3358 3632 3577 3702 rapido:
3607 3633 3693 3688 cui
3730 3644 3811 3685 ta-

2215 3719 2339 3758 men
2366 3717 2570 3758 morem
2605 3718 2710 3755 non
2743 3717 2950 3771 geram.
2983 3701 3166 3768 ltom.,
3218 3701 3501 3758 Salvator:
3540 3704 3656 3771 alii,
3684 3701 3809 3759 Ser-

2212 3783 2379 3841 vator,
2413 3773 2557 3844 quod
2586 3773 2749 3828 habet
2772 3775 2935 3828 etiam
2968 3773 3123 3827 Itoni.
3154 3773 3423 3844 ad_marg.

2281 3847 2407 3902 2‘53.
2432 3842 2590 3901 ‘Aldu
2633 3845 2864 3910 Poelm.,
2902 3859 2998 3913 pro
3028 3844 3082 3897 d.
3114 3859 3187 3908 ε..
3220 3842 3555 3899 Εειηίειυνα.
3590 3845 3717 3901 Mss.
3748 3857 3809 3902 et

2210 3918 2453 3987 plerique
2483 3916 2637 3982 editi,
2673 3914 2987 3971 Hauritura.
3034 3915 3372 3971 Prmteritum
3403 3917 3605 3971 hauriri
3629 3929 3683 3972 et
3709 3932 3807 3971 su-

2210 3986 2393 4058 pinum
2436 3986 2703 4058 hauritum
2733 3988 2911 4042 minus
2939 3995 3065 4058 sunt
3095 3988 3147 4040 in
3179 4002 3313 4051 usu;
3352 3989 3446 4043 sed
3482 4000 3657 4042 tamen
3692 4005 3801 4045 non

2207 4057 2324 4127 est,
2376 4074 2471 4113 cur
2500 4057 2804 4129 rejiciamus
2850 4057 3173 4129 scripturam
3204 4058 3452 4114 codicum
3490 4058 3801 4127 Hauritura,

2206 4145 2332 4186 cum
2381 4130 2521 4200 apud
2564 4128 2737 4184 bonos
2781 4137 3033 4184 auctores
3072 4128 3125 4200 id
3156 4130 3479 4198 reperiatur.
3532 4130 3588 4184 In
3618 4129 3798 4199 Rum.,

2206 4201 2369 4268 male,
2403 4198 2489 4257 est
2515 4200 2653 4254 cavis
2682 4201 2888 4271 puteis;
2916 4210 2971 4256 et
2998 4202 3049 4255 in
3079 4198 3218 4271 Ott.,
3248 4200 3671 4271 penetrabilibus.

572 4448 699 4505 222.
743 4445 951 4505 Statius
1001 4443 1125 4501 libr.
1175 4458 1256 4512 ιιι,
1302 4441 1421 4499 silv.
1474 4441 1574 4498 ult.
1606 4455 1749 4497 vers.
1780 4440 1891 4496 56:
1926 4368 2439 4514 Aninljioggzitatio,
2474 4451 2530 4514 ut
2559 4441 2880 4514 agitationes
2914 4441 3199 4509 fluctuum,
3231 4451 3287 4498 et
3309 4442 3530 4498 similia.
3556 4441 3796 4500 Perinde

498 4520 851 4593 penetralibus
878 4518 1016 4572 imis.

570 4594 695 4649 225.
753 4591 993 4648 Statuere
1027 4587 1182 4656 ﬁdem
1206 4586 1275 4641 ad
1304 4602 1513 4647 numen.
1543 4600 1643 4656 pro
1675 4583 1935 4656 credere“
1955 4598 2098 4640 nove

498 4662 724 4720 dictum.
786 4653 1090 4717 Reuschius
1113 4659 1193 4713 sic
1231 4653 1559 4729 at-cipiebat'
1582 4671 1797 4713 versum
1834 4653 1939 4709 165
1971 4658 2024 4709 li.
2055 4656 2092 4709 l.

500 4736 714 4791 Animos
743 4735 796 4788 in
824 4733 950 4788 talia
976 4731 1116 4799 facta
1149 4728 1357 4783 levaret.

569 4804 698 4861 224.
761 4796 1036 4859 Proculcet
1080 4798 1811 4869 pedibus:triumpliantium
1855 4798 1985 4866 ritu,
2028 4796 2098 4853 de

499 4876 702 4951 quoad
742 4890 887 4951 vers.
913 4872 985 4951 42
1008 4872 1062 4926 h.
1090 4872 1128 4925 l.

570 4948 698 5004 229.
752 4945 1049 5016 Disquirere
1081 4942 1357 5016 terrasgin
1383 4940 1820 5013 disquisitionem
1867 4955 2086 4998 vocare.

497 5020 582 5078 Eo
602 5020 770 5076 verbo
799 5012 927 5071 usus
964 5027 1050 5070 est
1100 5012 1372 5069 Horatius.

568 5093 695 5150 250.
740 5086 979 5157 Exponit
1005 5087 1167 5157 verba
1192 5083 1415 5140 Joannis
1445 5083 1619 5157 :ANon
1641 5084 1775 5157 enim
1795 5084 1935 5138 misit
1955 5082 2092 5139 Deus

498 5159 699 5219 Filium
726 5155 877 5215 suum
907 5158 962 5212 in
990 5155 1259 5229 mundum.
1307 5164 1361 5209 ut
1383 5155 1583 5229 judicet
1611 5155 1886 5229 mundum.
1918 5157 2007 5210 sed
2034 5165 2090 5207 ut

494 5237 718 5292 salvetur
772 5229 997 5286 mundus
1044 5244 1135 5299 per
1180 5226 1595 5302 ipsuiii.'Gr:cce
1620 5228 1808 5302 estita
1834 5228 1998 5302 κρίνῃ,
2033 5235 2091 5302 ut

493 5307 716 5363 damnet
753 5296 1345 5371 mundum,’pmnas_ab
1366 5313 1434 5353 eo
1458 5300 1654 5371 exigat.
1689 5296 1901 5352 Primu's
1927 5296 2087 5371 Chri-

492 5449 619 5515 erit,
650 5458 706 5503 ut
731 5447 933 5516 judicet
966 5441 1246 5516 mundum.
1278 5438 1583 5510 Expendere
1629 5440 1913 5516 est_qua_si
1951 5453 2082 5516 pen-

2202 4512 2306 4578 est,
2356 4529 2420 4568 ac
2457 4513 2506 4568 si
2551 4512 2718 4582 dicat,
2771 4513 2894 4570 Non
2926 4514 3372 4570 condemnabitur.
3421 4513 3659 4570 Joannes
3685 4517 3794 4569 ait:

2203 4585 2305 4660 Qui
2334 4585 2495 4660 credit
2522 4588 2577 4660 in
2605 4602 2739 4645 eum.
2772 4602 2877 4641 non
2896 4587 3168 4660 judicatur
3189 4605 3208 4640 :
3236 4587 3324 4657 qui
3351 4596 3523 4641 autem
3549 4602 3651 4641 non
3679 4602 3796 4641 cre-

2200 4656 2299 4718 dit,
2320 4656 2434 4725 jam
2456 4656 2731 4725 judicatus
2756 4670 2857 4713 est.

2270 4727 2399 4782 257.
2450 4726 2634 4782 Miseri
2669 4728 2907 4793 superbi,
2944 4736 3262 4797 peccatores
3296 4728 3539 4795 superbi.
3586 4726 3795 4783 Rursus

2202 4796 2257 4852 Ιι.
2291 4798 2329 4853 l.
2350 4813 2420 4871 Av.
2449 4798 2555 4871 665
2580 4817 2593 4853 :
2639 4796 2955 4870 Judicioque
2973 4801 3118 4871 gravi
3148 4800 3359 4854 miseros
3387 4814 3639 4871 exurgere
3667 4816 3794 4867 pra-

2199 4885 2308 4924 vos.
2343 4869 2502 4941 Ston
2527 4871 2902 4925 ecclesiastico
2935 4869 3105 4926 veteri
3138 4880 3462 4940 peccatores
3484 4869 3664 4925 vacari
3697 4871 3796 4924 mi-

2194 4956 2335 4996 seros
2384 4940 2597 4997 ostendi
2649 4942 2717 4997 ad
2771 4941 3033 5000 Dracont.
3083 4941 3119 4996 l.
3160 4957 3177 4996 ι
3230 4957 3378 4998 vers.
3421 4940 3484 4995 11
3515 4982 3530 5007 ,
3581 4952 3638 4997 et
3680 4941 3721 4996 ι.
3753 4956 3793 4997 ιι

2196 5025 2339 5067 vers.
2375 5012 2497 5068 l50.

2196 5025 2339 5067 vers.
2375 5025 2497 5067 150.

2265 5083 2393 5140 258.
2425 5082 2662 5151 Amplexi
2702 5093 2908 5139 tenuere
2936 5084 3187 5154 energice
3213 5082 3416 5139 dictum
3448 5102 3462 5139 :
3495 5098 3561 5138 ac
3591 5092 3790 5139 notan-

2196 5152 2355 5219 dum,
2399 5154 2653 5209 eumdem
2678 5170 2863 5210 casum
2894 5152 3187 5212 accusandi
3217 5156 3332 5221 regi
3362 5170 3391 5209 a
3418 5154 3636 5210 duobus
3668 5170 3791 5210 ver-

2195 5224 2316 5290 bis;
2346 5225 2491 5295 quod
2522 5226 2663 5291 apud
2693 5225 2993 5282 Juvencum
3023 5243 3129 5281 non
3154 5226 3328 5281 semel
3354 5226 3617 5281 occurrit.

2266 5295 2395 5351 245.
2428 5297 2508 5351 Ad
2537 5296 2784 5366 medium,
2812 5298 2880 5352 ad
2907 5297 3079 5353 lucem
3106 5296 3401 5364 publicam.
3433 5296 3650 5363 Cicero,
3681 5296 3786 5352 Fa-

390 5418 405 5432 .
493 5379 563 5435 sti
611 5379 874 5433 adventus
924 5366 1043 5435 fuit,
1068 5366 1157 5425 ἰιι
1201 5369 1443 5439 salvaret
1474 5366 1731 5423 mundum
1761 5384 1777 5421 :
1808 5366 2084 5425 secundus
2186 5368 2305 5422 mil.
2342 5383 2429 5431 xv,
2463 5383 2553 5439 ep.
2583 5368 2651 5422 2:
2698 5367 2769 5422 Se
2797 5381 2969 5422 tamen
2997 5377 3116 5421 ante
3141 5366 3278 5439 illud
3307 5376 3508 5434 tempus
3535 5384 3651 5421 eam
3681 5385 3788 5422 rem

2184 5453 2470 5510 numquam
2488 5438 2541 5493 in
2564 5439 2793 5493 medium
2806 5448 3016 5510 propter
3038 5438 3256 5509 periculi
3275 5446 3465 5492 metunt
3485 5440 3785 5510 protulisse.

491 5507 673 5577 dendo
701 5507 1029 5573 examinare.
1091 5512 1225 5568 Vide
1271 5507 1566 5568 comment.
1612 5510 1679 5566 ad
1722 5507 2075 5566 Prudentium
2186 5507 2391 5581 Eodem
2440 5513 2677 5581 pertinet
2731 5507 2921 5581 ponere
2971 5507 3239 5565 in'medio
3265 5552 3281 5578 ,
3323 5507 3526 5564 sumere
3570 5514 3634 5565 de
3678 5525 3787 5563 me-

490 5592 679 5665 hymn.
706 5586 741 5643 4
768 5586 1087 5665 Peristeph.‘
1109 5598 1255 5665 vers.
1291 5584 1348 5639 11
1389 5600 1402 5638 :
1435 5581 1682 5639 Gentibus
1711 5582 1900 5653 iustam
1931 5582 2074 5653 posi-

483 5654 635 5722 tu'rus
661 5674 817 5729 requa,
835 5687 913 5729 -Α
933 5654 1173 5713 Pondere
1192 5654 1398 5712 libram.

2179 5579 2289 5646 dio,
2318 5588 2426 5636 etc.

2252 5651 2381 5707 245.
2416 5651 2645 5710 CAPUT
2673 5651 2790 5710 XII.
2833 5650 2989 5707 Iesus
3034 5670 3151 5708 cunt
3172 5653 3407 5710 muliere
3437 5652 3780 5711 Samaritana

551 5714 693 5792 255.
720 5714 979 5802 Ἁνῖωιὶο,
1028 5729 1322 5784 commotio
1364 5744 1378 5782 :
1428 5735 1579 5783 recte
1609 5724 1677 5783 de
1715 5725 1839 5797 jure
1885 5740 2072 5795 anceps
2183 5714 2434 5779 loquitur.
2464 5723 2662 5781 Joann.
2694 5741 2770 5793 iv,
2801 5725 2826 5781 1
2857 5737 3012 5796 seqq.
