4154 6176
386 216 490 274 169

526 326 634 384 Olli
662 325 917 395 Christus
943 325 1050 384 ait:
1084 327 1286 385 Laticis
1315 328 1405 396 da,
1435 326 1661 399 femina,
1698 339 1908 401 potum.

377 419 489 479 255
527 420 889 492 Respondens
902 420 1119 478 mulier:
1135 421 1326 478 Mirum
1342 422 1475 477 mihi
1489 423 1655 494 praeci
1665 422 1769 494 pis,
1789 424 1983 496 inquit,

526 512 597 571 Ut
624 513 722 569 tibi
747 512 939 569 Judmo
967 514 1163 571 mulier
1200 513 1527 572 Samaritica
1559 524 1767 585 potum,

531 607 866 679 Dispernens
909 615 1159 667 veterum
1197 608 1529 666 Samaritum
1576 610 1767 680 jussa,
1819 608 1985 665 mini-

1697 701 1911 775 [strem.

534 800 687 874 187
702 798 840 854 Tum
857 796 1116 854 Servator
1131 797 1207 853 ait
1223 816 1234 851 :
1252 796 1463 853 Domini
1476 797 1522 852 si
1538 809 1760 852 munera
1774 810 1986 863 nosses,

532 893 601 947 Et
621 891 749 963 quis
775 898 829 946 te
849 889 1045 945 sitiens
1074 888 1321 960 putealia‘
1346 888 1540 958 pocula
1564 896 1775 959 poscat,

376 984 490 1043 260
529 984 610 1041 Tu
640 985 822 1056 potius
846 991 1086 1055 peteres,
1131 984 1314 1039 vivam
1346 983 1444 1039 tibi
1474 982 1720 1039 traderet
1746 982 1966 1038 undam.

526 1078 619 1134 Illa
642 1077 746 1132 sub
768 1076 889 1132 haec
911 1093 923 1131 :
952 1076 1153 1132 Puteus
1172 1077 1439 1148 gremium
1456 1077 1705 1131 sinuatur
1725 1076 1777 1131 in
1796 1075 1986 1143 altum,

526 1170 737 1229 Urceus
757 1178 843 1226 est
863 1169 1069 1236 nullus,
1102 1184 1205 1226 nec
1234 1179 1362 1225 sunt
1388 1169 1488 1225 tibi
1512 1171 1721 1226 vincula
1751 1170 1917 1226 lunis.

526 1264 681 1320 Unde
706 1263 871 1334 igitur
900 1264 1106 1334 poteris
1133 1262 1333 1318 undam
1365 1263 1493 1318 mihi
1530 1264 1748 1319 tradere
1780 1262 1993 1318 vivam?

531 1359 669 1416 Num
703 1370 758 1414 tu
783 1359 960 1426 major
986 1358 1095 1414 eris
1123 1358 1298 1413 nostri
1325 1358 1525 1413 virtute
1555 1358 1831 1429 parentis?

381 1451 493 1510 265
530 1452 685 1509 Hunc
704 1450 879 1507 Iacob
918 1450 1121 1506 etenim
1153 1462 1374 1521 puteum
1401 1464 1525 1505 cum
1555 1451 1706 1520 prole
1735 1448 1989 1516 bibebat,

528 1545 595 1601 Et
628 1543 881 1614 proprios
906 1542 1013 1599 huc
1038 1557 1191 1613 saepe
1211 1558 1404 1614 greges
1431 1542 1496 1598 ad
1522 1542 1716 1613 pocula
1737 1542 1908 1597 duxit.

527 1640 633 1697 Olli
661 1638 947 1711 respondit
971 1639 1160 1694 mundi
1192 1646 1455 1709 regnator
1476 1637 1630 1695 Iesus
1658 1656 1672 1691 :

1466 211 1929 274 EVANGELICE
1966 213 2316 276 IllSTORUE
2357 216 2488 275 LIB.
2532 217 2600 273 Il.

1999 332 2051 392 A

3583 223 3687 281 £70

2226 335 2386 406 188
2415 332 2496 411 Egi
2527 331 2629 388 ista
2656 332 2814 404 plene
2842 333 3025 391 nullus
3053 333 3346 393 satiabitur
3371 336 3551 403 unda,

2226 427 2361 483 Nam
2389 444 2577 486 rursus
2605 431 2756 487 sitiet
2788 451 2798 486 :
2831 432 2928 489 sed
2958 433 3132 490 nostri
3160 433 3300 490 dona
3323 435 3557 508 liquoris

2086 521 2193 581 270
2228 522 2496 579 Ardorem
2523 524 2825 582 excludent
2848 535 3056 583 aeterna
3084 528 3135 583 in
3169 529 3316 585 secla
3344 529 3590 586 bibendi.

2232 615 2418 671 Dulcia
2451 619 2770 687 provenient
2794 621 2967 676 nostri
2993 621 3081 677 cui
3110 622 3313 693 pocula
3341 621 3532 691 fontis,

2231 707 2459 780 Largior
2485 708 2611 767 inde
2631 711 2762 767 ﬂuet
2785 712 2963 768 vitalis
2987 713 3162 785 gratia
3186 713 3405 770 ﬂuctus.

2237 802 2345 860 Sed
2372 802 2704 860 desiderium
2731 815 2932 861 nostrae
2959 806 3007 862 si
3034 813 3091 862 te
3115 809 3263 879 capit
3291 807 3471 875 undte,

2234 893 2460 951 Excitus
2482 897 2665 952 veniat
2687 905 2867 953 tecum
2892 913 3019 954 mox
3048 900 3184 955 urbe
3211 901 3463 957 maritus.

2090 983 2197 1040 275
2235 985 2502 1056 Conjugio
2528 1001 2654 1044 sese
2682 988 2879 1045 mulier
2904 999 3066 1061 negat
3087 1005 3207 1047 esse
3228 993 3549 1048 revinctam.

2237 1078 2374 1134 Tum
2403 1080 2483 1136 sic
2510 1087 2865 1154 prosequitur
2904 1085 3106 1140 mentis
3147 1096 3469 1157 perspector
3501 1088 3650 1143 Iesus
3682 1106 3695 1142 :

2235 1171 2483 1239 Femina,
2511 1174 2769 1231 veridicis
2794 1176 3035 1247 loqueris
3066 1178 3133 1233 de
3160 1180 3394 1252 conjuge
3416 1181 3618 1236 verbis.

2237 1266 2371 1322 Nam
2396 1277 2449 1322 tu
2478 1269 2767 1326 connubiis
2788 1286 2933 1325 nexa
2963 1272 3150 1341 esjam
3174 1274 3413 1343 quinque
3431 1275 3698 1343 virorum,

2235 1358 2389 1416 Nunc
2415 1361 2589 1417 aliena
2617 1377 2782 1432 super
2811 1362 3176 1420 thalamorum
3206 1365 3418 1421 vincula
3447 1366 3613 1421 tollis.

2092 1451 2200 1508 280
2237 1452 2375 1509 Tum
2414 1454 2615 1511 mulier
2652 1473 2664 1509 :
2706 1454 2965 1511 Sanctum
2993 1463 3045 1510 te
3072 1470 3281 1512 certum
3309 1468 3390 1512 est
3422 1473 3545 1513 esse
3575 1474 3701 1528 pro-

3422 1548 3623 1604 betam.

3422 1548 3595 1604 betam

2239 1638 2346 1695 Sed
2380 1639 2554 1695 nostri
2587 1639 2745 1695 istius
2771 1640 3139 1695 venerandum
3168 1547 3444 1696 montitiin
3468 1655 3595 1698 arce

1609 1751 1997 1810 LECTIONES
2038 1752 2456 1810 VARIANTES.

453 1854 581 1912 254.
617 1853 760 1917 ΑΜ..
811 1851 1048 1913 Poelm.,
1101 1850 1153 1905 in
1190 1858 1377 1915 textu;
1431 1849 1579 1915 Bas.,
1615 1848 1722 1903 Olli
1749 1847 1987 1904 Christus
2017 1850 2063 1910 B
2092 1847 2287 1915 Torn.,
2337 1847 2522 1919 Faba"
2574 1847 2690 1903 Hoc
2733 1850 2924 1903 etenim
2967 1847 3130 1903 Jacob
3167 1860 3343 1919 puteo.
3374 1850 3612 1919 Westh.,
3646 1855 3699 1909 in

382 1928 489 1981 ait:
518 1925 714 1980 Laticis
742 1924 832 1986 da,
868 1924 1084 1993 femina,
1119 1931 1315 1991 potum.
1353 1921 1486 1975 llad.
1517 1920 1625 1974 Ulli
1649 1919 1884 1993 Christus
1908 1921 1981 1973 ait

382 1998 578 2053 latius:
602 1996 706 2058 Da,
731 1990 944 2065 femina,
964 2002 1159 2065 potant,
1185 1993 1328 2063 quod
1350 1992 1673 2065 mendosum
1676 1999 1790 2065 ρει.
1810 1990 1979 2065 Rom.

382 2069 478 2126 Sic
490 2069 613 2122 olim
632 2061 888 2122 Christus:
905 2061 1098 2118 Laticis
1116 2061 1413 2131 da,’{emina
1433 2072 1631 2133 potum.
1650 2061 1978 2130 Westhem.,

383 2140 440 2196 in
470 2148 651 2204 textu,
700 2140 775 2192 ait
804 2138 973 2190 laticis
1003 2136 1105 2188 da:
1146 2135 1212 2188 ad
1247 2150 1417 2205 marg.
1451 2135 1523 2187 ait
1554 2136 1692 2187 latus
1721 2133 1810 2198 da,
1838 2134 1981 2203 quod

387 2211 596 2267 nullum
628 2222 838 2265 rectum
886 2221 1106 2262 sensum
1159 2205 1342 2260 habet.
1396 2205 1604 2260 Pneltn.
1670 2219 1766 2272 pro
1796 2205 1849 2257 d.
1906 2222 1980 2272 s.,

382 2282 586 2345 Torn.,
636 2279 794 2334 Illam
843 2279 1071 2347 deposcit
1119 2287 1296 2349 potum
1344 2276 1441 2331 sibi
1491 2277 1692 2349 tradere
1722 2274 1982 2349 Christus.

380 2353 521 2424 Reg.
547 2394 561 2416 ,
591 2362 645 2408 et
685 2352 800 2406 Ott.
834 2346 1134 2424 utrumque
1160 2363 1381 2424 versum
1407 2347 1744 2424 cnnjungttnt
1762 2346 1999 2424 _:__Il_lam

381 2417 614 2496 deposcit
664 2433 845 2496 potum
885 2421 980 2496 sibi
1018 2418 1219 2474 tradere
1256 2419 1498 2496 Citristus
1522 2449 1591 2496 _—-
1618 2417 1727 2471 ’Illi
1753 2419 1987 2496 Christus

382 2490 491 2551 aii:
517 2490 713 2550 Laticis
741 2495 833 2558 da,
860 2492 1061 2563 femina,
1079 2498 1277 2559 potum.
1305 2490 1605 2563 Reuschius
1628 2491 1985 2563 posteriorem

383 2567 622 2632 omittit,
658 2561 895 2635 priorem
927 2562 1181 2635 pra-.l'ert,
1210 2564 1331 2629 quia
1361 2561 1640 2635 Iuvencus;
1671 2561 1884 2635 saepius
1913 2563 1985 2616 ita

382 2638 533 2709 loqui
556 2631 726 2709 amat,
746 2648 818 2709 ut
848 2636 882 2709 Ι.
908 2631 966 2700 II,
988 2648 1136 2688 vers.
1157 2633 1287 2709 2§9.
1313 2633 1439 2709 356,
1465 2631 1590 2709 450.
1618 2631 1777 2709 Aliud
1806 2641 1985 2709 teneo.

467 2702 596 2765 256.
629 2702 837 2763 Poelm.
871 2707 924 2760 in
982 2715 1155 2767 texui,
1188 2704 1346 2774 Reg..
1380 2702 1634 2769 IIadam.,
1665 2702 1855 2774 Eabr.,
1882 2702 1987 2758 Ju-

383 2782 501 2837 dteo
526 2781 709 2835 mulier
738 2777 1053 2835 Samaritica
1078 2771 1293 2843 potum:
1308 2774 1455 2838 Διά..
1489 2775 1639 2838 Bas.,
1672 2771 1860 2829 Iudaeo
1885 2774 1990 2830 Sa-

381 2853 583 2907 maritis
609 2852 800 2921 femina
822 2857 1019 2921 potant.
1049 2848 1282 2921 Poelm.,
1320 2863 1417 2921 pro
1447 2846 1502 2900 d.
1530 2845 1774 2921 s.,_0t_t.,
1803 2847 1990 2921 mulier

380 2917 708 2979 Samaritida
727 2917 923 2992 potum,
948 2919 1091 2992 quod
1114 2918 1263 2992 nullo
1282 2918 1443 2973 modo
1461 2917 1986 2992 est__adt_nittendum_.

382 2994 443 3049 In
470 2994 631 3049 Rom.
662 2987 736 3047 ita
763 2987 1015 3061 leguntur
1042 2991 1092 3043 bi
1125 2990 1233 3044 duo
1264 3005 1493 3061 versus:
1526 2987 1591 3043 Ut
1623 2988 1714 3042 tibi
1740 3006 1875 3043 nunc
1898 2990 1991 3043 tri-
2035 2998 2052 3017 ¹

380 3066 539 3121 (tuam
569 3064 753 3119 mulier
778 3059 1101 3118 samaritida
1129 3072 1305 3130 potum
1324 3092 1394 3101 —
1418 3059 1734 3131 Disperdens
1762 3068 1990 3116 veterum

382 3137 716 3194 Samaritum
737 3139 891 3208 jussu
921 3133 1241 3208 ministrum.

452 3208 584 3264 258.
632 3202 787 3278 Regi,
819 3209 954 3270 0tt.,
991 3207 1175 3278 llam.)
1203 3203 1258 3278 in
1293 3212 1473 3278 textu;
1506 3202 1655 3267 Ald.,
1686 3203 1833 3278 Bas,
1867 3202 1994 3259 Ser-

2092 1928 2270 1993 textu,
2309 1917 2619 1993 lloc_Jacob
2642 1922 2777 1974 enim
2812 1928 2993 1991 puteo,
3033 1917 3311 1993 productis
3340 1923 3549 1979 duabus
3592 1917 3700 1993 pri-

2086 1992 2191 2045 mis
2217 1990 2483 2055 inJacob,
2514 2000 2570 2047 et
2597 1990 2851 2059 correpta
2894 1990 3190 2058 postrema.
3237 1992 3548 2048 Rettscbitts
3593 1990 3707 2048 tua-

2087 2063 2462 2135 vultputeum,
2492 2078 2654 2135 quam
2686 2072 2862 2135 puteo,
2892 2063 3144 2135 ut‘bibere
3172 2081 3383 2135 aquam.
3410 2065 3620 2135 pocula,
3651 2078 3707 2121 et

2087 2133 2309 2207 similia.
2357 2133 2634 2207 Omeisius
2679 2134 2878 2188 retinet
2919 2132 3037 2187 Hoc
3075 2132 3259 2189 etenim
3288 2132 3453 2189 Iacob
3494 2147 3703 2207 puteum

2088 2220 2155 2259 ex
2184 2204 2453 2271 Varrone,
2482 2206 2572 2275 qui
2602 2216 2796 2260 neutro
2822 2220 3025 2274 genere
3054 2216 3266 2275 pateant
3294 2208 3451 2262 dixit.

2159 2274 2285 2349 267.
2318 2274 2683 2349 Bas.,summi
2737 2288 2976 2346 regnator
3018 2274 3236 2349 olympi.
3288 2278 3428 2339 ΑΜ..
3484 2279 3576 2334 Illi
3623 2299 3705 2337 re-

2090 2347 2500 2472 Tonditsummi
2523 2358 2766 2419 regnator
2796 2349 3013 2418 olympi.
3045 2347 3321 2419 Plerique,
3354 2349 3462 2405 Olli
3484 2370 3701 2423 respon-

2130 2429 2167 2472 rt
2192 2419 2374 2472 mundi
2400 2430 2646 2472 reanator
2672 2416 2841 2472 Iesus.

2130 2419 2374 2491 itmundi
2400 2416 2646 2491 regnator
2672 2416 2841 2491 Iesus.

2160 2490 2290 2545 268.
2325 2489 2678 2565 Reg._',plane;
2709 2496 2765 2544 et
2792 2490 2996 2559 glossa,
3024 2502 3159 2544 certe
3184 2507 3200 2543 :
3225 2492 3315 2546 alii
3347 2492 3515 2563 plene.
3551 2495 3704 2565 Ald.,

2091 2570 2375 2631 corrupte,
2408 2561 2603 2630 pleuaz.

2164 2632 2292 2689 270.
2323 2631 2461 2703 Οιι.,
2495 2633 2685 2687 libendi
2717 2633 2973 2703 :corrige
3003 2632 3230 2689 bibendi.

2163 2703 2292 2778 272ἐ
2322 2702 2496 2778 Αιάην
2527 2704 2718 2773 'I‘orn.,
2772 2703 2923 2778 B:_ts.,
2967 2703 3125 2760 unde.
3157 2705 3286 2760 Mss.
3337 2714 3392 2761 et
3422 2706 3513 2761 alii
3545 2708 3702 2778 editi,

2092 2775 2231 2846 inde.
2262 2774 2453 2846 Rom.,
2483 2777 2613 2842 luet;
2644 2775 2873 2831 emenda
2902 2778 3047 2846 ﬂuet.

2163 2845 2293 2922 276.
2331 2845 2497 2901 'I‘orn.
2521 2855 2851 2922 _prospector
2900 2845 3069 2922 :qum
3114 2865 3222 2922 vox
3273 2851 3515 2905 occurrit
3562 2852 3705 2922 apud

2093 2916 2406 2988 Apuleium,
2438 2927 2492 2973 et
2520 2916 2940 2973 Tertulliannm.
2972 2918 3247 2974 Omcisius
3293 2938 3414 2973 cum
3465 2916 3708 2980 meliori-

2095 2990 2193 3044 bus
2238 2989 2440 3044 mavult
2486 2999 2802 3061 perspector,
2835 2989 2977 3059 quod
3020 2990 3162 3060 apud
3211 2992 3577 3061 antiquiorem
3610 2995 3705 3051 Ju-

2097 3076 2268 3116 venco
2300 3076 2407 3115 non
2439 3060 2657 3131 legitur.
2912 3068 2917 3073 '

2165 3132 2292 3186 278.
2336 3132 2469 3201 Reg.
2502 3134 2730 3186 virorum
2762 3150 2780 3187 :
2810 3133 3023 3203 corrige
3060 3134 3309 3189 virorum.

2166 3203 2292 3260 281.
2341 3203 2395 3257 Itt
2440 3204 2571 3274 Reg.
2601 3205 2777 3272 glosaa
2811 3216 2894 3260 est
2921 3215 3236 3274 prwceptum
3268 3208 3704 3264 venerandum-—

380 3289 551 3334 valor.
590 3273 800 3333 Poelm.
849 3288 904 3332 et
952 3276 1039 3333 alii
1091 3274 1246 3348 editi,
1301 3274 1564 3341 Salvator,
1619 3276 1761 3344 quod
1794 3283 2066 3348 gustata
2097 3273 2489 3330 adoramli:ex
2515 3273 2623 3348 quo
2644 3273 3708 3345 conjicio.legendumrenerandi,scili-

380 3352 545 3407 etiam
575 3349 630 3404 in
662 3350 820 3404 Rom.
848 3348 915 3402 ad
945 3362 1118 3418 marg.
1150 3346 1257 3402 Pro
1286 3362 1479 3412 nosses,
1516 3348 1672 3409 Rom.
1708 3357 1760 3401 et
1792 3346 1989 3413 Torn.,

380 3438 583 3477 ηοεσεδ.
753 3462 763 3471 .

455 3493 584 3549 260.
609 3490 667 3546 1η
690 3491 825 3560 Reg.
852 3498 910 3545 et
936 3490 1051 3546 Ott.
1085 3506 1149 3543 ex
1184 3489 1390 3543 tradere
1418 3488 1617 3545 factum
1643 3498 1793 3545 recte
1820 3490 1994 3544 trade-

381 3575 482 3619 ret.
519 3566 706 3627 Rom.,
744 3561 929 3617 Vivam
957 3570 1013 3616 ut
1036 3561 1127 3615 tibi
1162 3562 1385 3614 traderet
1412 3561 1628 3614 undam.

455 3636 583 3692 265.
609 3637 746 3700 Οιι.,
764 3634 946 3698 Rom.,
964 3632 1114 3695 Ald.,
1134 3632 1281 3696 Bas.,
1312 3631 1464 3686 Hunc
1490 3634 1654 3685 Jacob
1681 3633 1870 3686 etenim
1900 3649 1995 3700 pu-

385 3714 543 3761 teum.
574 3707 807 3772 P0elm.,
839 3709 894 3759 in
933 3713 1115 3767 textu;
1154 3703 1405 3768 Hadam.,
1456 3703 1619 3769 Reg.,
1660 3701 1900 3767 Westh.,
1932 3703 1998 3757 ad

386 3794 588 3851 marg.,
625 3777 743 3833 Hoc
767 3777 954 3832 etenim
978 3774 1143 3830 Jacob
1175 3784 1403 3845 puteum.
1436 3774 1670 3840 Poelm.,
1701 3788 1800 3845 pro
1842 3774 1897 3828 d.
1927 3788 1998 3841 s.,

2099 3356 2186 3401 cet
2214 3348 2418 3417 liquere
2445 3346 2601 3402 nobis
2623 3359 2953 3417 praeceptum
2976 3348 3298 3413 venerandi,
3323 3364 3420 3405 seu
3446 3351 3706 3410 adorandi

2101 3417 2153 3472 in
2186 3433 2312 3472 arce
2348 3420 2520 3472 nostri
2563 3419 2721 3473 istius
2753 3419 2971 3473 montis.
3007 3418 3182 3483 Infra,
3222 3436 3368 3476 vers.
3399 3421 3541 3477 286:
3577 3423 3704 3478 0m.

2101 3489 2248 3565 nibus
2278 3498 2324 3542 et
2357 3488 2586 3565 Solymis
2614 3491 2774 3543 aberit
2816 3491 3091 3565 veneratio
3114 3491 3285 3565 longe.
3327 3491 3573 3549 Venerari
3611 3514 3708 3565 pro

2100 3561 2289 3627 colere,
2316 3577 2462 3615 orare
2487 3561 2743 3615 usitatum
2770 3570 2854 3616 est
2880 3578 2908 3614 a
2941 3561 3127 3629 probis
3158 3561 3441 3617 latinitatis
3470 3561 3709 3621 auctori-

2107 3632 2226 3686 bus.
2263 3632 2317 3685 In
2346 3632 2578 3704 lectione
2601 3634 2814 3700 vulgata
2847 3646 3042 3685 sensus
3070 3643 3173 3697 εει,
3206 3631 3439 3704 Liquere
3463 3652 3704 3704 prmcep-

2111 3712 2241 3766 tum,
2275 3703 2644 3757 venerandum
2670 3716 2815 3767 esse,
2850 3713 2979 3769 etc.,
3014 3709 3070 3755 ιιι
3099 3716 3245 3757 vers.
3273 3702 3403 3768 285,
3436 3702 3705 3763 Orandum

2110 3772 2572 3829 dicitis.Nonnulli
2604 3773 2799 3828 Plauto
2828 3773 3136 3827 attribuunt
3167 3789 3349 3828 renero
3373 3777 3633 3833 activum.

1948 3859 2180 3919 NOTAE.

459 3961 590 4019 257.
621 3959 977 4031 Dispernens:
1011 3958 1298 4031 participio
1323 3957 1586 4031 dispretus
1612 3972 1742 4013 usus
1764 3966 1847 4013 est
1868 3956 1993 4031 Gel-

387 4033 496 4089 lius
524 4034 561 4086 1.
594 4048 696 4098 vn,
722 4028 841 4099 cap.
872 4031 960 4096 18,
986 4028 1074 4084 ubi
1107 4029 1200 4083 :lili
1233 4032 1416 4099 legunt
1443 4028 1710 4100 discerpti,
1770 4043 1878 4081 non
1911 4029 1995 4082 di-

385 4105 575 4178 spreti.
604 4102 954 4178 Ambrosius,
986 4117 1156 4178 serm_.
1185 4101 1276 4178 27,
1308 4102 1502 4178 al_._18,
1536 4101 1679 4178 inter
1708 4115 1993 4178 sermones

388 4170 493 4245 ipsi
511 4176 820 4244 adscriptas
838 4176 891 4229 in
917 4171 1162 4245 Append.
1186 4174 1317 4245 edit.
1350 4172 1521 4226 Maur.
1541 4187 1556 4223 :
1579 4170 1853 4240 Prwcepta
1881 4176 1991 4244 ejus

391 4243 607 4301 minime
634 4243 1380 4318 dispernamus18amaritum
1420 4245 1502 4318 vel
1534 4254 1621 4297 est
1642 4243 1990 4318 contractum

390 4333 492 4388 pro
523 4314 907 4373 Samaritarum
932 4334 959 4369 a
995 4315 1283 4388 Samarita,
1313 4325 1405 4368 aut
1435 4314 1753 4388 Samarites,
1791 4316 1882 4388 vel
1909 4323 1994 4369 est

2169 3956 2298 4014 266.
2330 3957 2557 4025 Pocula,
2588 3966 2771 4029 potus.
2806 3957 3086 4029 Virgilius,
3120 3959 3296 4029 eclog.
3332 3959 3385 4027 8,
3414 3976 3558 4016 vers.
3589 3965 3659 4019 27
3691 3984 3702 4019 :

2099 4027 2225 4083 Cum
2258 4030 2469 4084 canibus
2493 4027 2663 4084 timidi
2685 4031 2885 4084 venient
2911 4027 2985 4082 ad
3013 4030 3201 4097 pocula
3226 4027 3413 4084 damw.

2169 4102 2297 4156 268.
2331 4100 2416 4156 Ex
2445 4103 2709 4169 abundat,
2744 4110 2802 4155 ιιι
2830 4116 2974 4170 smpe
3003 4101 3084 4154 de.

2166 4172 2294 4228 272.
2343 4173 2630 4227 Omittitur
2676 4187 2976 4242 pronomen
3024 4172 3070 4224 ei
3116 4187 3135 4224 :

2096 4245 2268 4315 gratia
2287 4246 2416 4315 fluet
2441 4245 2510 4307 ci,
2550 4245 2636 4297 cui
2673 4244 2993 4315 proueniant,
3019 4252 3127 4297 etc.

2166 4314 2294 4388 274.
2319 4313 2538 4369 Excitus
2558 4331 2574 4366 :
2598 4314 2835 4388 secunda
2856 4314 3115 4382 producta
3145 4313 3213 4370 ab
3233 4315 3411 4381 excio;
3439 4333 3558 4388 qua:
3584 4334 3702 4376 cor‘

3177 4170 3431 4226 videlicet
3478 4173 3700 4246 Largior

390 4384 422 4443 Ξι
452 4390 836 4480 Samwanrilesnin
866 4389 1061 4480 plgrali
1080 4397 1179 4469 ..ιιι
1211 4384 1458 4480 Curetes,
1485 4385 1753 4480 curetum.
1779 4385 1994 4480 Rursus
2023 4420 2074 4480 D
2099 4386 2316 4480 ι’ἱιξιξις,
2340 4394 2578 4480 plurales}
2606 4386 2674 4440 ab
2699 4387 2890 4480 excire.

388 4475 539 4516 vers.
570 4459 713 4515 325:
748 4455 884 4515 Ecce
912 4459 1231 4515 Samaritum
1256 4456 1457 4526 populi,
1492 4457 1583 4511 ubi
1606 4455 1842 4511 secunda
1870 4471 1997 4528 pro-3

391 4529 817 4655 dttcitugi6cum
858 4532 988 4586 alibi
1028 4528 1379 4599 corripiatur.
1426 4528 1565 4585 Vide
1594 4544 1710 4583 var.
1747 4526 1901 4597 lect.,
1930 4526 1999 4582 ad

392 4617 542 4655 vers.
694 4645 709 4655 .

392 4617 542 4658 vers.
577 4600 709 4657 456.

464 4673 597 4729 259.
628 4671 797 4725 I’osco
818 4688 939 4726 ctnu
959 4672 1170 4728 duobus
1191 4673 1532 4731 accusativis.
1560 4670 1696 4727 Vide
1712 4686 1829 4727 var.
1844 4670 1995 4736 lect.,

391 4744 464 4799 ad
496 4758 644 4799 vers.
678 4742 786 4798 254
818 4744 871 4797 h.
906 4747 942 4797 Ι.

465 4814 597 4897 267.
620 4811 883 4868 Cremium
924 4816 991 4871 de
1017 4824 1205 4887 puteo,
1237 4822 1297 4869 ut
1327 4828 1513 4883 supra,
1538 4830 1661 4872 vers
1686 4813 1816 4881 M2,
1843 4812 2000 4883 fontis

429 4902 594 4941 renuo
602 4926 615 4938 .

392 4904 615 4957 gremw.

429 4956 600 5016 .263.
670 4955 960 5026 B'ntbins,
1027 4957 1151 5012 libr.
1214 4973 1355 5011 xxxv
1418 4955 1649 5012 Advers.
1717 4971 1839 5026 cap.
1911 4955 2000 5021 16,

393 5044 525 5099 pag.
564 5026 728 5093 t616;
764 5045 935 5095 vivos,
965 5028 1059 5090 ait,
1081 5029 1221 5100 apud
1248 5028 1571 5085 Christianos
1597 5038 1800 5100 poetas,
1831 5028 2004 5100 inlita-

397 5098 539 5171 tit-ue
571 5108 896 5171 cwterorum,
926 5098 1227 5171 ingenuum,
1252 5103 1521 5171 ﬂorentem
1551 5101 1658 5154 suis
1684 5099 1889 5170 opibus,
1925 5098 1999 5151 ri-

395 5169 673 5241 vidumque
725 5169 951 5241 denotat.
986 5169 1334 5241 'Allegatque
1391 5169 1724 5235 Paulinum,
1775 5170 2001 5241 Marium

401 5239 699 5306 Vtetur'em,
729 5240 1149 5307 Tertullianum,
1182 5239 1576 5298 aciluvencum
1612 5242 1715 5296 hoc
1762 5241 1901 5304 loco,
1935 5239 2007 5295 At

396 5312 676 5384 Juvencus
723 5311 1075 5384 Evangelium
1120 5315 1300 5382 potius
1352 5316 1595 5383 sequitur
1636 5331 1648 5366 :
1683 5311 1751 5366 Et
1783 5310 2005 5366 dedisset

399 5382 497 5437 tibi
531 5398 720 5453 aquam
742 5382 922 5437 vivam.
956 5384 1163 5440 Dicitur
1188 5396 1369 5440 autem
1409 5382 1545 5454 aqua
1572 5385 1704 5452 viva,
1736 5394 1796 5438 ut
1827 5384 2006 5438 fontes

400 5470 680 5526 perennes
710 5456 877 5523 [antes
904 5456 1019 5509 viri.

472 5525 603 5581 264.
631 5524 814 5597 Nostri
833 5529 1018 5582 virtute
1039 5529 1286 5597 parentis,
1313 5526 1418 5582 hoc
1445 5535 1549 5591 est,
1577 5534 1766 5581 nostro
1785 5536 2008 5597 parente

400 5595 596 5663 Jacob,
638 5596 797 5664 cujus
827 5598 999 5653 virtus
1030 5595 1313 5667 tantOpere
1351 5599 1681 5653 celebratur.
1725 5595 2005 5662 Horatius,

400 5668 529 5724 libr.
562 5684 621 5734 tl,
651 5677 758 5722 sat.
792 5685 849 5741 ις
885 5669 1025 5741 Quin
1054 5670 1143 5741 ubi
1166 5686 1220 5723 se
1255 5687 1287 5722 a
1314 5671 1467 5741 vulgo
1490 5678 1537 5722 et
1566 5686 1718 5724 scena
1744 5671 1799 5724 in
1813 5679 2010 5741 secreta

400 5749 662 5797 remorant
682 5768 756 5780 —
790 5739 968 5795 Virtus
1001 5740 1283 5812 Scipiadaz,
1316 5750 1365 5795 et
1398 5739 1540 5795 initis
1573 5742 1828 5813 sapientia
1856 5740 2006 5796 Laeli.

812 5834 1089 5896 Ρλτιιοῐ..
1137 5833 1316 5894 XIX.

2173 4456 2299 4510 277.
2340 4455 2590 4511 Veridicis
2628 4473 2647 4511 :
2679 4457 2843 4526 proba
2876 4472 3003 4522 vox,
3047 4472 3150 4525 qua
3179 4456 3373 4514 Cicero
3398 4459 3563 4515 etiam
3597 4467 3707 4518 uti-

2105 4536 2212 4603 tur.
2240 4527 2708 4603 Catullus,‘carm.
2736 4527 2825 4594 65,
2849 4527 2917 4583 de
2939 4527 3104 4598 Nupt.
3134 4529 3245 4583 Pet.
3277 4538 3332 4583 et
3353 4529 3512 4585 Thet.
3545 4534 3703 4603 dixit,

2107 4598 2357 4653 Oraclum
2381 4600 2686 4654 veridicum.

2172 4671 2302 4727 278.
2337 4670 2489 4725 Nam
2531 4683 2587 4726 ut
2619 4685 2782 4741 supra
2814 4672 3117 4739 revinctam,
3150 4671 3487 4727 matrimonii
3523 4675 3708 4731 vincu-

2102 4741 2215 4796 lum
2248 4742 2495 4808 denotat,
2529 4753 2584 4798 et
2612 4744 3005 4813 signiﬁcantius
3035 4752 3138 4808 est,
3169 4758 3330 4813 quam
3370 4745 3415 4798 si
3458 4745 3710 4811 dixisset,

2092 4816 2283 4885 juncta
2313 4831 2385 4869 es.

2175 4885 2301 4941 279.
2342 4884 2687 4941 Confercnda
2722 4894 2849 4939 sunt
2888 4902 3011 4939 eum
3060 4884 3301 4940 Juvenco
3337 4887 3500 4940 verba
3533 4888 3708 4941 Evan-

2106 4957 2231 5024 gelii
2276 4973 2290 5010 :
2325 4955 2465 5009 Dicit
2492 4957 2539 5011 ei
2561 4956 2717 5012 Jesus
2741 4974 2758 5011 :
2782 4956 2920 5011 Bene
2955 4956 3154 5020 dixisti,
3178 4959 3419 5024 quianon
3450 4958 3610 5011 habeo
3632 4961 3706 5012 vi-

2104 5043 2238 5080 rum.
2271 5027 2509 5097 Quinque
2533 5030 2666 5081 enim
2692 5031 2827 5082 riros
2854 5028 3100 5091 habuisti,
3129 5036 3178 5080 et
3199 5044 3332 5079 nunc
3353 5044 3501 5098 quem
3527 5026 3703 5096 habes,

2105 5113 2208 5153 non
2237 5108 2313 5152 est
2347 5110 2463 5153 tuas
2500 5099 2593 5152 vir.
2640 5099 2907 5153 Nimirum
2935 5101 3001 5163 is,
3032 5113 3139 5167 quo
3162 5098 3400 5152 libidinis
3422 5099 3706 5165 «explenda:

2106 5183 2270 5224 causa
2304 5170 2506 5234 uteris,
2554 5186 2658 5223 non
2705 5181 2789 5226 est
2818 5178 2942 5224 tuus
2983 5171 3085 5233 vir,
3129 5169 3222 5223 sed
3263 5168 3703 5226 concubium-ius.

2107 5239 2184 5295 Ita
2231 5255 2360 5311 ergo
2391 5240 2691 5295 Iuvencum
2735 5242 2981 5310 intelligo
3025 5240 3222 5294 :Nunc
3250 5254 3415 5311 super
3459 5249 3509 5291 te
3540 5241 3704 5305 tollis.

2108 5326 2202 5366 seu
2249 5309 2356 5366 fers
2386 5312 2566 5367 aliena
2595 5312 2808 5368 vincula
2835 5309 3219 5367 thalamorum.
3250 5309 3329 5363 Ac
3362 5310 3591 5365 fortasse
3622 5313 3706 5365 in-

2110 5382 2246 5446 nuit,
2282 5384 2480 5448 virum,
2520 5398 2628 5452 quo
2650 5383 2994 5438 Samaritana
3015 5381 3360 5443 abutebatur,
3396 5379 3566 5436 fuisse
3598 5398 3714 5438 ma-

2109 5453 2275 5509 ritum
2298 5453 2546 5508 alterius.
2580 5457 2672 5510 Sic
2701 5463 2988 5523 exponunt
3010 5452 3438 5521 Schoettgenius
3462 5462 3516 5505 et
3538 5452 3714 5513 Reus-

2109 5525 2285 5594 ehius,
2313 5524 2404 5594 qui
2428 5524 2824 5580 Samaritanam
2858 5539 3078 5578 causam
3106 5524 3293 5594 fuisse,
3322 5537 3422 5577 cur
3443 5535 3713 5583 scortator

2110 5595 2228 5665 ejus
2273 5592 2500 5650 uxorem
2547 5596 2787 5665 legitime
2825 5596 3044 5649 ductam
3086 5592 3407 5660 dimisisset,
3440 5596 3702 5652 arbitrati.

2112 5679 2220 5723 tur.
2253 5666 2423 5737 Super
2452 5677 2533 5721 est
2574 5668 2806 5737 insuper.

2182 5736 2412 5797 281.1,:
2446 5753 2584 5807 arce,
2618 5739 2673 5794 in
2697 5736 2935 5795 vertice.
2982 5739 3017 5792 Α
3060 5738 3235 5808 poetis
3271 5738 3572 5806 prmscrtim
3620 5756 3715 5795 arx

3186 5833 3224 5895 6
