4154 6176
390 259 495 316 175

529 372 624 429 His
645 371 832 429 verbis
867 371 1101 427 fructum
1134 382 1260 424 mox
1290 375 1622 439 pereeptura
1651 368 1848 423 salutis

526 467 759 523 Pulchra
794 467 930 521 ﬁdes
955 467 1194 521 animum
1218 465 1430 520 lmtanti
1457 465 1514 518 in
1546 472 1766 533 pectore
1798 463 1996 523 ﬁrmat,

532 563 762 633 Jamque
781 561 887 616 iter
907 561 1155 631 ingresso
1183 558 1608 629 properantibus
1627 558 1789 613 obvia
1823 558 1997 612 servis

532 663 693 736 194.
735 663 935 718 Nuntia
978 663 1121 717 fama
1148 662 1324 727 venit,
1378 674 1660 731 pueroque
1692 659 1744 713 in
1776 658 1996 714 luminis

470 802 478 811 .
1766 751 1924 824 [oras

387 849 496 906 545
534 849 751 905 Limine
785 847 852 903 de
888 847 1085 903 mortis
1122 848 1362 904 subitam
1396 861 1673 902 remeasse
1694 846 1952 901 salutem.

530 951 628 1007 Ille
656 951 745 1005 ubi
769 951 1048 1021 cognovit,
1080 958 1287 1004 certum
1315 963 1651 1005 concurrere
1686 956 1901 1017 tempus

538 1052 796 1110 Sanantis
825 1050 1030 1114 Christi
1062 1051 1269 1117 verbis,
1301 1064 1560 1119 seseque.
1599 1047 1932 1117 domumque

524 1156 819 1225 Mancipat,
854 1153 1144 1223 amplexus
1180 1151 1306 1208 ﬁdei
1335 1150 1658 1206 venerabile
1703 1149 1929 1205 donum.

599 1257 762 1311 Forte
787 1255 908 1311 dies
938 1253 1120 1323 epulis
1150 1254 1352 1307 multos
1389 1253 1702 1308 sociaverat
1726 1268 1854 1319 una,

379 1361 489 1418 550
526 1357 751 1416 Publica
775 1355 1064 1413 conductis
1087 1355 1177 1424 qui
1199 1352 1490 1423 vectigalia
1520 1353 1689 1407 lucris

524 1458 788 1525 Professi,
814 1457 1033 1528 rapiunt
1062 1456 1245 1510 alieno
1277 1454 1500 1509 nomine
1534 1452 1798 1524 praedam.

525 1564 638 1619 Hos
667 1577 792 1618 cum
815 1559 1102 1630 discipulis
1132 1558 1295 1613 simul
1325 1556 1632 1626 accipiebat
1663 1555 1836 1612 iesus.

528 1665 672 1720 Ecce
701 1661 967 1718 Pharisaei
991 1658 1210 1715 occulto
1232 1656 1642 1728 reprehendere
1669 1656 1814 1720 nisu,

529 1767 684 1837 Quod
710 1764 846 1837 legis
875 1764 1070 1820 doctor
1099 1760 1352 1819 convivia
1390 1762 1517 1817 talia
1546 1761 1732 1817 iniret.

1652 250 1715 305 C.
1758 249 1820 305 V.
1864 245 2094 318 AQUIL.
2137 243 2421 305 JUVENCI

2013 371 2068 432 Α
2092 366 2197 425 555
2241 368 2397 439 195
2420 364 2516 421 Ille
2548 362 2644 419 sed
2676 360 3000 432 inspiciens,
3025 358 3154 431 quid
3183 364 3404 430 pectora
3428 370 3571 413 smva
3618 365 3701 413 te-
3771 424 3777 431 ,

3598 233 3701 290 176

3372 449 3585 521 [tierent
3612 495 3626 512 ,

2243 552 2384 616 Νοιι,
2410 550 2610 620 inquit,
2632 547 2860 604 medicis
2880 554 3137 617 opusest,
3158 544 3246 600 ubi
3277 543 3434 599 fortia
3457 544 3701 600 membra

2245 647 2573 702 lntemerata
2603 644 2753 698 salus
2775 649 2995 713 vegetat
3014 640 3231 695 virtutis
3251 638 3483 693 honore.

2240 738 2424 808 Egris
2437 737 2531 793 sed
2547 739 2741 793 merito
2758 737 3027 791 miserans
3043 732 3350 789 adhibenda
3372 731 3586 788 medela
3598 740 3702 788 est.

2242 833 2440 887 Discite
2454 846 2597 886 nunc
2608 832 2822 895 saltem,
2839 826 3202 899 iubeantquid
3216 825 3382 882 verba
3401 824 3703 897 prophetae:

2101 926 2205 984 560
2241 925 2358 981 Non
2378 942 2477 997 ego
2495 940 2649 981 sacra
2679 925 2870 996 magis,
2899 939 3060 994 quam
3081 922 3229 978 mitia
3254 931 3474 992 pectora
3495 934 3702 992 quaero.

2247 1018 2403 1074 Haud
2435 1018 2636 1074 ctenim
2657 1017 2836 1088 justos
2865 1015 2991 1071 veni
3017 1014 3084 1070 ad
3113 1014 3322 1070 directa
3347 1014 3558 1068 viantes
3583 1056 3596 1073 .

2246 1110 2353 1191 Sed
2373 1125 2636 1165 revocare
2659 1109 2833 1163 malos
2860 1117 3185 1178 peccantum
3208 1120 3240 1160 a
3262 1103 3447 1160 limine
3465 1117 3703 1174 gressus.

2317 1206 2459 1261 Ecce
2487 1204 2582 1260 sed
2623 1219 2654 1259 e
2684 1216 2912 1259 numero
2937 1201 3232 1256 mirantum
3256 1214 3479 1255 munera
3500 1195 3705 1253 Christi

2252 1299 2403 1356 Unus
2432 1297 2661 1354 Joannis
2691 1295 2977 1368 quierebat
2998 1295 3416 1366 discipulorum,

2115 1389 2222 1447 565
2258 1389 2370 1443 Cur
2398 1388 2502 1459 ipsi
2534 1388 2667 1457 legis
2688 1387 2896 1458 jejunia
2923 1386 3115 1442 crebra
3145 1394 3422 1446 tenerent.

2253 1480 2524 1550 Nullaque
2555 1480 2657 1535 sub
2684 1479 2904 1536 Christo
2937 1478 3121 1549 plebes
3141 1478 3350 1549 jejunis
3374 1477 3559 1534 ferret.

2251 1572 2503 1627 Christus
2519 1571 2587 1626 ad
2616 1570 2735 1626 haec
2754 1579 2940 1626 contra
2964 1569 3177 1640 placido
3201 1571 3281 1625 sic
3301 1585 3397 1625 ore
3429 1567 3702 1640 profatur:

2249 1665 2350 1734 Qui
2377 1664 2568 1734 sponsi
2600 1665 2744 1719 laetis
2767 1662 3099 1720 comitantur
3131 1672 3260 1719 vota
3286 1662 3526 1730 choreis,

2254 1758 2430 1832 196
2446 1757 2588 1827 Non,
2615 1768 2886 1828 praesente
2912 1757 3027 1825 illo,
3039 1756 3244 1827 jejunia
3268 1746 3440 1813 tristia
3470 1765 3706 1828 portant.

1625 1892 1928 1950 LECTION
1937 1893 2021 1952 ES
2059 1891 2489 1951 VARIANTES.

458 2049 586 2105 3M.
646 2047 844 2113 Rom.,
878 2044 1093 2115 fratrem
1123 2060 1141 2097 .°
1176 2044 1293 2114 lege
1320 2043 1569 2112 fructum.

460 2121 589 2176 διε.
646 2119 804 2173 Rom.
826 2161 841 2185 ,
879 2114 1043 2179 male,
1073 2116 1255 2181 animi,
1287 2129 1383 2185 pro
1419 2115 1672 2168 animum.
1714 2114 1864 2183 Ott.,
1910 2114 2002 2170 ιω-

399 2194 529 2248 tanti
560 2201 785 2261 pectore,
822 2189 940 2261 sine
964 2188 1038 2241 in.

461 2256 590 2321 5M.
642 2261 766 2315 Ald.
788 2301 803 2322 ,
833 2259 958 2313 Bas.
981 2300 994 2323 ,
1039 2257 1252 2312 Poelm.
1275 2299 1290 2324 ,
1341 2272 1440 2326 pro
1470 2256 1525 2312 d.
1562 2274 1608 2313 s.
1629 2303 1642 2325 ,
1674 2274 1834 2329 puero
1863 2274 2005 2312 reso-

387 2346 581 2405 natque
600 2331 819 2405 jacenti.
849 2331 1004 2405 Re_g..
1029 2329 1213 2384 Ottob.
1239 2344 1359 2382 cum
1382 2328 1510 2383 aliis
1532 2328 1718 2396 editis,
1746 2345 2008 2405 pueroque

386 2408 443 2461 in
471 2402 682 2459 luminis
725 2419 841 2456 oras
866 2418 884 2455 :
919 2403 1108 2471 Rom.,
1142 2415 1452 2468 perperam,
1502 2417 1840 2471 puerumque.
1892 2402 2008 2453 Non

388 2478 537 2532 male
568 2484 720 2529 esset
751 2489 909 2542 puero
955 2470 1049 2525 sub
1083 2470 1296 2524 luminis
1342 2486 1486 2533 oras,
1535 2481 1642 2525 etc.
1676 2470 1741 2525 In
1768 2473 2008 2527 lectione

390 2545 751 2604 Communiori
806 2542 1141 2611 subiutelligi
1198 2549 1382 2611 potest
1428 2544 1624 2612 refert,
1689 2543 1778 2598 vel
1830 2551 2008 2595 narrat

392 2634 651 2673 remeasse
678 2615 922 2669 salutem.

464 2690 589 2744 517.
626 2687 758 2755 Reg.
779 2728 795 2750 ,
839 2685 1048 2742 Sanati.
1082 2682 1283 2755 ln_0tt.
1312 2683 1530 2739 videtur
1570 2682 1735 2740 fuisse
1767 2685 2004 2741 Sanatis.

397 2762 561 2815 Rom.
582 2800 597 2823 ,
646 2753 917 2820 Sdnantis,
957 2771 1079 2810 cum
1107 2753 1291 2809 editis.
1660 2787 1663 2791 ‹

467 2830 595 2886 549.
634 2829 798 2897 Reg.,
833 2828 1027 2891 Rom.,
1059 2825 1172 2881 Ott.
1195 2866 1210 2890 ,
1243 2825 1450 2886 Torn.,
1505 2827 1714 2880 l’oelm.
1738 2870 1752 2893 ,
1804 2843 1907 2894 pro
1951 2828 2007 2883 (1.

396 2918 444 2957 s.
466 2944 481 2967 ,
514 2918 617 2957 una
650 2920 663 2953 :
695 2900 820 2968 alii,
852 2915 1009 2953 unus.
1050 2897 1181 2952 Mss.
1222 2912 1344 2951 cum
1388 2897 1667 2968 plerisque
1709 2897 1895 2963 editis,
1927 2916 2012 2953 so-

397 2975 640 3028 ciaverat.
666 2970 788 3026 Ald.
810 3011 825 3034 ,
851 2970 1022 3024 Torn.
1040 3009 1055 3030 ,
1099 2969 1222 3021 Bas.
1243 3013 1257 3037 ,
1297 2969 1593 3022 satiauerat.
1627 2969 1684 3021 In
1712 2971 1969 3025 Daventr.
1990 3011 2005 3035 ,

395 3046 681 3099 sociaverat
724 3039 1020 3106 unus;sed
1061 3039 1243 3108 glossa
1277 3053 1408 3093 mss.
1455 3037 1745 3106 repleverat
1792 3042 2010 3097 videtur

397 3114 539 3170 facta
571 3130 668 3181 pro
698 3113 998 3169 satiauerat,
1028 3108 1173 3179 quod
1206 3109 1387 3164 minus
1410 3114 1608 3179 probo.

469 3185 596 3241 555.
640 3185 873 3256 Mss._et
907 3181 1053 3256 editi
1096 3189 1435 3256 constanter,
1485 3183 1702 3256 occulto.
1735 3185 2012 3256 reprelien-

393 3259 515 3311 dm-e
542 3257 671 3309 risu.
700 3254 807 3309 Sed
832 3253 958 3322 quid
987 3267 1141 3320 rogo,
1167 3260 1249 3305 est
1274 3254 1521 3306 occultus
1548 3255 1634 3306 hic
1665 3253 1851 3309 ristts?
1881 3255 2012 3310 Nul-

393 3329 483 3384 lus
512 3327 721 3392 dubito,
756 3324 885 3393 quin
936 3324 1118 3395 legere
1174 3332 1427 3395 oporteat.
1481 3325 1685 3378 occulto
1734 3326 2011 3395 reprehen-

2029 2045 2078 2106 B
2103 2045 2295 2100 adiret.

2182 2118 2306 2173 555.
2331 2115 2481 2183 Ald.,
2510 2114 2748 2182 Fabric.,
2772 2115 2921 2180 Bas.,
2940 2113 3173 2179 Poelm.,
3204 2126 3303 2181 pro
3326 2111 3382 2167 (1.
3409 2126 3482 2176 s.,
3508 2111 3708 2183 clausa.

2112 2189 2243 2244 Mss.
2276 2203 2397 2243 cum
2433 2181 2555 2245 aliis
2578 2181 2762 2244 editis.
2792 2202 2928 2240 saeva
2961 2202 2979 2239 :
3012 2184 3156 2255 quod
3188 2183 3441 2255 praefero,
3464 2181 3711 2253 quamvis

2114 2275 2223 2315 non
2254 2259 2543 2327 displiceat
2566 2257 2769 2321 clausa,
2794 2257 2897 2311 hoc
2919 2266 3022 2325 est,
3056 2265 3192 2312 tecta
3221 2264 3276 2310 et
3307 2256 3449 2309 ﬁcta.

2186 2330 2312 2387 556.
2346 2331 2449 2383 lln.
2479 2330 2620 2398 apud
2654 2329 3005 2392 Reuscliiuiu,
3051 2344 3146 2396 per
3186 2327 3664 2396 interrogationem
3694 2341 3709 2380 :

2120 2402 2417 2468 Numquid,
2451 2403 2546 2468 ait,
2577 2401 2789 2454 medicis
2817 2417 2947 2467 opus
2982 2409 3078 2462 est,
3102 2407 3209 2453 etc.

2192 2473 2316 2529 557.
2347 2475 2526 2535 Rom.,
2550 2472 2714 2542 Reg.,
2732 2471 2940 2537 Ottob.,
2965 2470 3195 2542 Poelm.,
3220 2485 3315 2540 pro
3331 2468 3387 2524 (1.
3419 2484 3494 2533 s.,
3521 2475 3715 2542 regem

2119 2547 2323 2601 virtutis
2354 2547 2567 2599 honore.
2601 2539 2658 2597 lii
2689 2543 2897 2611 Ottob.,
2953 2557 3052 2612 pro
3076 2541 3131 2595 d.
3164 2539 3237 2603 s.,
3271 2550 3464 2612 vegetat
3484 2539 3715 2612 viresque

2112 2618 2394 2678 ministrat,
2426 2616 2570 2685 quod
2602 2609 3259 2685 reperitur’in'plerisque
3303 2609 3484 2667 editis.
3536 2609 3713 2685 Reus-

2112 2688 2268 2743 chius
2301 2681 2589 2757 ampliexns
2631 2681 2715 2740 eSt
2742 2685 2946 2739 virtutis
2972 2681 3338 2757 honore—,boe
3380 2681 3716 2757 est,_virtute

2114 2770 2169 2815 ct
2200 2751 2426 2813 viribus.
2457 2757 2664 2813 Similis
2692 2757 2895 2811 locutio
2921 2756 3062 2827 apud
3093 2754 3345 2810 Ovidium
3371 2795 3387 2822 ,
3423 2769 3461 2808 ιι
3493 2751 3712 2808 Metam.

2119 2844 2262 2885 vers.
2292 2830 2420 2889 ‘285,
2459 2830 2531 2882 al.
2561 2829 2691 2883 285.

2186 2902 2311 2956 558.
2340 2899 2728 2967 ννοριιθηδίιιε,
2759 2898 2826 2953 ad
2852 2897 3154 2967 Sedulium,
3180 2898 3217 2953 1.
3248 2914 3265 2952 ι
3298 2911 3445 2953 vers.
3471 2894 3564 2963 22,
3588 2909 3719 2952 con-

2107 2972 2331 3043 jiciehat
2363 2973 2564 3025 miseris
2590 2987 2686 3043 pro
2713 2971 2985 3043 miserans.

2186 3043 2313 3099 550.
2349 3044 2483 3111 Reg.
2517 3042 2708 3097 scribit
2732 3041 2926 3097 saltim.

2184 3114 2307 3169 564.
2344 3116 2400 3169 In
2429 3110 2540 3169 Ott.
2564 3129 2628 3167 ex
2658 3113 2893 3168 Joannes
2925 3120 3073 3168 recte
3105 3111 3308 3168 factum
3338 3110 3579 3166 Joannis.

2186 3184 2311 3240 566.
2340 3187 2497 3253 Reg.,
2536 3185 2674 3252 0tt.,
2720 3184 2912 3249 Torn.,
2956 3184 3143 3250 Fabr.,
3184 3185 3363 3253 ferret.
3402 3183 3561 3253 Rom.
3594 3197 3717 3237 eum

2116 3256 2266 3321 Ald.,
2288 3268 2342 3312 ct
2368 3252 2491 3311 aliis
2507 3255 2667 3311 editis
2685 3256 2896 3325 ferrent,
2920 3255 3063 3324 quod
3087 3252 3316 3310 fortasse
3335 3254 3433 3309 fuit
3456 3254 3513 3307 in
3525 3252 3663 3318 Ott.,
3687 3267 3719 3306 a

2116 3343 2201 3399 pr.
2233 3345 2305 3381 in.
2336 3328 2478 3394 Sed,
2514 3336 2572 3382 ut
2597 3329 3048 3399 opinor,_ferrent
3076 3342 3107 3379 a
3127 3325 3386 3399 librariis
3413 3326 3672 3399 scriptum
3701 3369 3717 3392 ,

399 3400 521 3453 dere
540 3399 657 3451 nisu
683 3442 696 3465 ,
727 3395 939 3470 scilicet
966 3393 1182 3470 occulta
1211 3394 1499 3470 molitione
1541 3405 1597 3470 et
1636 3393 1862 3452 conatu.
1906 3397 2011 3454 Su-
2039 3397 2085 3461 C
2116 3393 2210 3470 qui
2255 3399 2427 3466 plebes
2467 3393 2525 3453 in
2580 3393 2917 3453 nominativo
2965 3398 3159 3470 plurali
3210 3411 3334 3451 esse
3385 3395 3715 3470 putaverint.

396 3485 495 3540 pra
528 3483 672 3540 vers.
708 3468 822 3540 18__:_
859 3464 1038 3540 Gentis
1088 3466 1162 3518 sic
1209 3465 1647 3540 suntholimina
1703 3478 1886 3523 vestra:
1910 3510 1923 3532 ,
1958 3475 2014 3523 et

397 3535 544 3595 vers.
577 3539 684 3595 510
711 3556 722 3592 :
750 3537 853 3592 Ille
888 3538 983 3592 sed
1010 3537 1229 3590 interna:
1251 3535 1519 3590 molimina
1558 3540 1761 3592 mentis.
1805 3540 1923 3594 Lib.
1954 3555 2011 3595 ιιι

400 3626 546 3667 vers.
584 3609 691 3681 152
720 3624 861 3679 seq.,
894 3608 1096 3681 pariter
1134 3608 1334 3678 legam,
1382 3607 1535 3673 Quod
1574 3608 1729 3663 verba
1756 3610 2013 3681 loquentis

402 3680 691 3736 —0cculto
722 3689 936 3751 carpant
964 3679 1251 3751 scribarum
1279 3688 1488 3750 pectora
1520 3680 1659 3735 nisu.
1822 3679 1860 3737 ’.

475 3754 602 3810 554.
656 3748 821 3823 Reg.,
864 3750 1003 3812 0tt.,
1052 3748 1244 3823 uellet:
1277 3748 1347 3823 jn
1394 3752 1534 3823 Ott.,
1600 3767 1786 3820 supra,
1836 3752 2011 3821 iniret,

413 3825 558 3897 quod
588 3821 789 3881 habent
812 3823 1073 3911 plerique.
1095 3821 1249 3877 editi.
1277 3821 1484 3878 Poelm.
1516 3839 1611 3891 pro
1634 3824 1685 3878 d.
1716 3840 1791 3890 s.,
1824 3824 2010 3892 Fahr.,

2121 3467 2279 3541 Haud.
2304 3471 2559 3541 equidem
2590 3469 2920 3538 negaverim,
2955 3468 3232 3541 eleganter
3266 3483 3387 3541 cum
3422 3467 3590 3536 plebes
3618 3481 3720 3520 seu

2118 3539 2431 3625 papulus‘in
2473 3542 2734 3625 singulari
2766 3555 2929 3625 posse
2967 3539 3222 3625 conjungi
3252 3539 3496 3622 _verbum
3529 3543 3723 3609 ferrent

2119 3611 2173 3667 in
2224 3614 2441 3680 plurali.
2486 3612 2596 3668 Sed
2642 3628 2766 3667 cum
2799 3612 2867 3667 de
2901 3611 3003 3666 hac
3034 3612 3298 3679 elegantia
3333 3625 3439 3666 non
3462 3617 3679 3663 constat
3702 3649 3720 3674 ,

2118 3699 2263 3753 aegre
2286 3700 2406 3739 eam
2433 3684 2715 3738 admittam
2746 3684 2797 3738 in
2830 3684 3002 3753 poetis
3030 3682 3362 3738 christianis.
3396 3680 3510 3753 Etsi
3537 3690 3722 3735 autem

2120 3752 2290 3825 plebes
2349 3758 2401 3810 in
2455 3756 2645 3817 plurali
2698 3752 2990 3825 aliquando
3030 3754 3245 3825 dictum
3298 3752 3486 3818 fuerit,
3539 3762 3721 3807 tamen

2122 3823 2280 3896 longe
2307 3827 2558 3882 usitatius
2584 3835 2667 3882 est
2696 3826 2753 3881 in
2784 3823 3065 3896 singulari.

1958 3977 2187 4035 NOTAE.

485 4119 610 4176 342.
634 4113 868 4172 Pulchra
891 4112 1019 4182 ﬁdes
1040 4125 1102 4165 ea
1125 4110 1542 4181 signiﬁcatione,
1575 4126 1694 4184 qua:
1720 4126 1863 4168 vers.
1891 4114 2020 4181 150,

417 4201 472 4247 et
498 4192 598 4246 317
628 4188 899 4257 explicata
928 4194 1031 4241 est.

486 4263 611 4317 7,46.
660 4255 1000 4321 concurrere,
1044 4268 1367 4326 congruere,
1402 4256 1729 4311 convenire.
1764 4255 1901 4312 Vide
1931 4257 1967 4310 1.
2004 4273 2020 4311 ι

424 4349 568 4388 vers.
597 4331 726 4394 448,
756 4342 813 4383 et
835 4329 890 4382 b.
924 4330 965 4382 l.
992 4343 1031 4381 ιι
1059 4342 1205 4382 vers.
1235 4327 1362 4382 851.
1706 4388 1711 4391 ἦ

492 4405 618 4459 518.
646 4401 836 4457 Glossa
860 4399 916 4471 in
938 4398 1068 4471 cod.
1099 4398 1260 4471 Reg.,
1286 4396 1755 4471 Mancipat—subdit
1786 4399 2013 4455 Christo.

489 4476 614 4529 519.
655 4470 883 4527 CAPUT
911 4468 1052 4524 XIV.
1082 4469 1243 4541 .lesus
1264 4468 1537 4541 pharisatis
1576 4473 2020 4527 murmurantibus

420 4547 484 4599 de
513 4545 741 4599 convivio
780 4542 1171 4614 publicanorum
1210 4538 1377 4614 dicit,
1408 4557 1512 4595 non
1553 4559 1681 4612 opus
1723 4561 1831 4598 esse
1881 4544 2022 4598 sanis

422 4618 641 4671 medico.
676 4612 863 4668 Matth.
899 4628 954 4667 ιιι
978 4655 992 4677 ,
1027 4615 1116 4674 10.
1149 4623 1295 4675 etc.;
1329 4612 1495 4666 Marc.
1544 4628 1612 4677 ιι,
1649 4615 1739 4679 15,
1771 4623 1878 4669 etc.

498 4688 623 4744 550.
660 4686 888 4740 Pulchra
934 4684 1233 4753 descriptio
1269 4684 1715 4754 publicanorum,
1758 4687 1848 4754 qui
1898 4700 2027 4754 pro-

425 4759 555 4814 fessi
590 4757 799 4827 publica
826 4755 1110 4824 vectigalia
1126 4753 1639 4827 .c0nductis_lncris,
1671 4753 2023 4824 rapiunt'sibi

2196 4116 2322 4174 560.
2352 4118 2565 4174 Rursus
2592 4134 2733 4176 vers.
2767 4117 2866 4175 581
2909 4137 2921 4174 :
2956 4118 3107 4186 Quod
3134 4134 3239 4174 non
3267 4134 3419 4174 sacra
3447 4116 3608 4187 Deus,
3635 4115 3728 4174 sed

2126 4187 2303 4242 mallet
2325 4191 2471 4243 utilia
2501 4192 2682 4245 corda.

2197 4261 2323 4316 565.
2374 4260 2604 4317 CAPUT
2649 4260 2768 4317 XV.
2815 4260 3104 4331 Discipulis
3146 4260 3371 4335 Joannis
3401 4261 3731 4335 interrogan-

2127 4331 2283 4395 tibus,
2331 4349 2491 4407 quare
2537 4349 2640 4407 non
2679 4335 2983 4407 jejunorent
3022 4334 3266 4407 discipuli
3296 4337 3431 4407 ejus,
3477 4331 3731 4407 parabola

2126 4406 2440 4475 proponitur
2456 4405 2617 4474 panni
2640 4404 2900 4471 scissurw,
2919 4415 2967 4458 et
2990 4406 3142 4459 utris.
3165 4404 3357 4461 Matth.
3387 4421 3465 4471 ιχ,
3492 4404 3557 4459 14
3580 4420 3723 4476 seq.;

2124 4474 2295 4530 Marc.
2325 4491 2386 4531 ιι.
2424 4478 2488 4531 18
2513 4491 2663 4531 sem:
2692 4475 2825 4530 Luc.
2858 4492 2910 4531 v.
2940 4477 3010 4530 55
3039 4491 3155 4531 sea.

2181 4491 2295 4529 arc.
2325 4491 2386 4538 11,
2424 4491 2488 4531 Ἰδ
2513 4491 2663 4544 seq.;
2692 4491 2825 4530 Luc.
2858 4492 2910 4535 ν,
2941 4491 3010 4530 Ο)
3039 4491 3155 4544 seq.

2197 4492 2295 4529 ιη).
2325 4492 2386 4538 ιι,
2424 4492 2488 4531 ιδ
2513 4492 2663 4544 seq.;
2692 4492 2825 4530 Luc.
2858 4492 2910 4535 ν,
2941 4492 3010 4530 ο)
3039 4492 3155 4547 seq.

2197 4546 2323 4601 568.
2359 4547 2557 4615 Sponsi
2589 4556 2706 4599 vota
2736 4562 2753 4600 :
2786 4547 2865 4601 sic
2894 4549 3097 4616 nuptiae
3122 4546 3464 4615 appellantur
3501 4545 3557 4600 in
3595 4546 3722 4603 cod.

2127 4617 2414 4688 Theodos.
2435 4618 2471 4670 l.
2505 4633 2585 4680 ιιι,
2613 4618 2697 4670 tit.
2722 4617 2777 4682 5,
2804 4617 2908 4687 leg.
2942 4619 2993 4672 7.
3029 4619 3306 4688 Apuleius,
3338 4619 3377 4672 l.
3402 4634 3456 4671 tv
3481 4618 3725 4683 Metam,

2129 4696 2251 4761 post
2299 4687 2442 4742 med.
2472 4705 2520 4761 _;
2560 4688 2704 4742 Votis
2752 4687 3086 4761 nuptialibus
3113 4699 3266 4761 pat'ttt
3310 4688 3488 4761 jugali
3530 4689 3731 4761 pridem

2130 4758 2441 4814 destinatus.
2472 4758 2757 4814 Matthmus
2802 4758 2857 4815 et
2904 4762 3078 4815 Lucas
3114 4758 3352 4815 comites
3379 4758 3605 4828 sponsi,
3634 4760 3729 4829 qui

426 4824 661 4900 praedam
690 4827 913 4910 nomine
948 4827 1085 4908 ﬁsci.
1116 4824 1921 4910 dansenius_Gandavensis_lio.c
1945 4830 2026 4910 ipf
2053 4849 2107 4910 Ι)
2133 4847 2254 4910 eum
2275 4829 2421 4910 lanis
2446 4831 2662 4886 choreis
2685 4832 3088 4910 comitabantur
3115 4831 3258 4910 etad
3289 4824 3732 4910 tlialatttuttide-

417 4896 537 4955 Sum
575 4910 742 4962 tenet,
787 4896 992 4954 Judaeis
1044 4896 1366 4966 publicanos
1414 4898 1639 4961 invisos,
1672 4900 1815 4968 quod
1847 4898 1920 4960 vi,
1968 4896 2024 4953 et

417 4973 623 5042 rapinis
659 4978 1068 5042 grassarentur.

486 5040 611 5099 551.
674 5046 928 5112 Quaestus
959 5040 1373 5112 publicanorum
1404 5049 1555 5112 recte
1579 5042 1811 5112 prwdam
1842 5048 2020 5095 vocat.

416 5114 606 5169 Cicero
650 5115 760 5166 vin
793 5110 971 5171 Verr.,
1007 5111 1079 5164 al.
1129 5111 1165 5164 l.
1188 5126 1255 5182 ιιι
1282 5127 1404 5179 cap.
1439 5110 1544 5168 50:
1580 5110 1844 5165 Maximos
1874 5128 2021 5182 qua:-

411 5196 543 5249 stus,
578 5184 887 5311 pgtggasque
916 5182 1114 5252 fecisse.
1157 5181 1297 5269 ‘Vide
1346 5192 1458 5237 not.
1492 5183 1559 5237 ad
1605 5183 1867 5239 Dracont.
1914 5183 1951 5238 l.
1987 5198 2025 5237 ιι

417 5273 564 5311 vers.
726 5294 740 5308 .

417 5273 564 5313 vers.
613 5258 740 5311 769.
1157 5258 1161 5269 ‘

489 5328 611 5382 552.
666 5326 896 5382 Videtur
929 5324 1238 5395 hypallage,
1283 5326 1437 5391 quasi
1473 5327 1603 5380 velit
1628 5325 1901 5379 Jnveneus
1942 5326 2020 5379 di-

414 5414 578 5454 cere:
617 5399 678 5454 Hl
711 5397 1049 5466 accipiebant
1075 5396 1325 5451 convivio
1350 5396 1535 5451 Je~um
1562 5412 1683 5452 cum
1712 5396 2019 5463 discipulis.

413 5469 523 5525 Sed
554 5473 729 5533 potius
759 5468 1033 5524 Iuvencus
1070 5469 1233 5522 verba
1267 5467 1546 5538 Evangelii
1587 5469 1899 5535 exprimere
1926 5484 2022 5520 vo-

424 5541 607 5595 luerit.
639 5541 923 5595 M-ittbteus
956 5557 971 5593 :
1033 5538 1097 5592 Et
1137 5538 1329 5608 factum
1376 5551 1475 5603 est,
1509 5540 1854 5593 discumbente
1884 5555 1943 5593 eo
1969 5540 2021 5591 in

424 5614 595 5668 domo.
621 5611 768 5665 multi
803 5611 1066 5680 publicani
1115 5620 1163 5665 et
1212 5621 1504 5677 peccatores
1552 5621 1821 5675 venerunt,
1852 5622 1900 5664 et
1946 5626 2027 5665 re-

421 5681 719 5755 cumbebgnt
760 5697 885 5755 cum
919 5680 1075 5755 Iesu,
1099 5691 1147 5755 et
1185 5698 1302 5755 cum
1332 5681 1601 5755 discipulis
1629 5685 1766 5755 ejus.
1819 5681 2026 5737 Marcus

419 5755 573 5811 addit
603 5752 937 5807 :Erantenim
966 5753 1141 5817 multi,
1164 5754 1251 5821 qui
1278 5763 1329 5807 et
1357 5751 1702 5824 sequebantur
1723 5767 1858 5806 eum.

2131 4901 2423 4969 ducebant,
2481 4916 2679 4956 vocant
2729 4903 2866 4972 ﬁlios
2909 4903 3109 4971 sponsi,
3154 4902 3366 4957 Marcus
3414 4900 3730 4972 verogﬁlios

2128 4977 2443 5043 nuptiarum.
2499 4972 2578 5027 De
2632 4970 2736 5028 hoc
2797 4975 2904 5028 ritu
2938 4970 3266 5029 deducendi
3317 4981 3374 5027 et
3432 4970 3730 5027 comitaudi

2127 5057 2386 5112 sponsum
2445 5059 2566 5097 cuin
2618 5045 2990 5112 lampadibus,
3051 5059 3147 5098 seu
3214 5044 3475 5108 facibus,
3510 5043 3730 5098 choreis

2125 5124 2182 5169 et
2206 5115 2473 5239 gluttias,
2524 5117 2749 5169 consule
2794 5115 3085 5171 Martinum
3114 5115 3264 5182 Roa,
3303 5115 3341 5169 l.
3374 5129 3411 5168 ιι
3450 5113 3727 5183 Singular.

2126 5199 2174 5239 c.
2282 5227 2297 5239 .

2126 5199 2174 5240 C.
2206 5199 2297 5241 21.

2198 5257 2322 5313 569.
2346 5256 2574 5328 Vulgata
2600 5257 2880 5327 Evangelii
2911 5256 3145 5312 Matthmi
3176 5276 3187 5311 :
3214 5256 3283 5311 Et
3305 5258 3376 5311 ait
3398 5256 3507 5311 illis
3536 5253 3688 5328 Iesus
3707 5270 3729 5309 :

2129 5326 2398 5398 Numquid
2431 5326 2642 5394 possunt
2667 5326 2960 5399 filiisponsi
2982 5330 3159 5400 lugere
3178 5373 3191 5389 ,
3218 5330 3466 5399 quamdiu
3485 5344 3601 5400 cum
3626 5326 3732 5400 illis

2122 5409 2199 5457 est
2226 5400 2488 5471 sponsus?
2512 5400 2729 5456 Venient
2742 5398 2910 5454 autem
2939 5398 3071 5465 dies,
3094 5418 3208 5454 cum
3233 5398 3511 5471 auferetur
3546 5399 3609 5452 ab
3657 5398 3732 5471 eis

2126 5467 2377 5541 sponsus,
2422 5479 2469 5523 et
2510 5483 2629 5525 tunc
2659 5472 2993 5541 jeju‘nabunt.
3047 5471 3180 5525 Itala
3213 5467 3368 5527 vetus
3401 5489 3414 5525 :
3459 5467 3733 5537 Numquid

2128 5553 2340 5615 possunt
2365 5541 2461 5607 ﬁlii
2483 5544 2658 5615 sponsi
2679 5544 2945 5615 jejunare.
2980 5542 3218 5597 Hilarius
3246 5542 3315 5596 ad
3345 5544 3490 5597 hunc
3511 5543 3688 5615 locum
3714 5557 3729 5594 :

2130 5609 2393 5666 Praesenti:
2417 5609 2629 5687 sponsa,
2652 5609 2935 5687 jejunandi
2957 5615 3311 5668 necessitatem
3335 5613 3608 5684 discipulis
3629 5627 3735 5664 non

2130 5699 2255 5807 fisse!
2280 5685 2674 5755 respondet.....
2707 5685 2895 5740 Ablato
2926 5695 3097 5740 autem
3124 5701 3206 5750 se,
3244 5688 3596 5758 jejunaturosj
3623 5697 3737 5737 esse

2169 5770 2233 5807 tet
2265 5794 2276 5807 .

2169 5770 2276 5808 ισιι.
