4154 6176
466 201 563 257 177

597 410 642 465 Ε
672 410 856 466 medio
877 414 1134 468 comitum
1159 416 1400 486 rapietur
1434 436 1446 471 :
1481 418 1724 474 tristibus
1754 420 1834 475 illi

594 504 877 574 Languida
908 509 1222 578 concipient
1255 512 1455 566 animis
1477 512 1687 583 jejunia
1711 514 1927 570 ﬂentes.

593 594 763 665 Quam
805 600 1032 653 stultum
1082 609 1168 656 est
1212 603 1437 660 rudibus
1496 614 1708 662 veteres
1755 607 2049 667 subtexere

1794 708 1957 756 annis‘

1794 708 1957 756 anms‘

601 782 853 841 Vestibus
880 793 939 841 ut
962 787 1136 856 turpis
1165 787 1322 858 pejus
1352 789 1589 844 scissura
1613 699 1856 862 patelslirat
1882 793 1905 846 ?
1959 744 1971 768 ’

445 877 553 935 575
592 880 702 933 Aut
728 880 941 935 utribus
976 881 1210 936 calidum
1237 883 1378 937 tritis
1413 885 1754 941 committere
1786 897 2044 955 inustum,

592 971 748 1044 197
785 972 949 1042 Queis
994 975 1167 1045 ruptis
1219 985 1391 1031 totum
1439 978 1685 1049 sequitur
1728 979 2045 1051 disperdere

1732 1072 1974 1144 [vinum?

588 1157 694 1215 Sed
717 1159 943 1215 rudibus
963 1168 1172 1217 rectum
1195 1169 1281 1217 est
1300 1162 1512 1218 utribus
1536 1166 1843 1234 spumantia
1865 1176 2042 1223 musta

584 1250 834 1309 Condere
863 1251 981 1309 :sic
1003 1253 1190 1309 vinum
1213 1265 1543 1311 conservant
1572 1255 1731 1312 fortia
1757 1272 1905 1313 vasa.

1531 211 1995 271 EVANGELICIE
2036 215 2382 274 IllS'l‘ORL‘E
2414 219 2550 275 LIB.
2595 220 2658 277 Il.

453 315 563 371 570
596 317 831 389 Jamque
859 319 979 375 dies
1008 320 1205 391 aderit,
1239 338 1360 379 cum
1395 340 1628 396 sponsus
1666 328 1885 384 turbine
1907 331 2055 387 satcli
2081 334 2133 395 Α

3655 227 3759 284 178

2373 332 2527 387 Talia
2559 337 2810 391 tractanti
2844 338 3128 407 perculsus
3158 349 3381 408 pectora
3411 339 3559 396 luctu

2158 424 2264 481 580
2302 423 2444 481 Ecce
2472 428 2815 484 sacerdotum
2852 430 3111 500 princeps
3154 432 3463 500 procumbit
3487 432 3760 501 adorans;

2305 520 2372 574 Et
2402 519 2506 575 sibi
2533 520 2884 589 defunctam,
2915 521 3077 578 funus
3108 523 3424 579 miserabile
3450 565 3465 589 ,
3501 535 3683 579 natam

2294 612 2553 682 Imploiat
2596 614 2925 685 lacrytnans,
2957 624 3271 685 certamque
3309 616 3497 672 venire
3518 618 3748 674 salutem

2298 703 2581 758 Defttnctis
2610 706 2776 760 etiam
2806 707 3062 776 poscebat
3090 722 3315 761 munera
3347 706 3573 763 Christi.

2295 795 2449 850 lland
2479 812 2655 864 mora,
2682 813 3020 868 consurgens
3042 798 3560 867 graditurServator
3582 801 3756 857 Iesus.

2152 886 2258 944 585
2296 885 2578 955 Progressi
2607 888 2805 943 mulier
2832 888 3082 959 sequitur
3109 890 3337 958 vestigia
3370 904 3599 947 servans
3625 933 3641 958 ,

2300 981 2459 1053 198
2495 980 2665 1050 Quam
2709 982 2970 1053 languore
3006 982 3162 1053 gravi
3182 982 3279 1055 .bis
3311 997 3408 1039 ses
3432 983 3745 1039 labentibus

3489 1074 3671 1148 [annis

2293 1164 2562 1237 Carpebat
2591 1169 2797 1235 ﬂuxus,
2831 1167 3079 1223 lacerans
3100 1165 3217 1222 sine
3250 1166 3391 1234 fine,
3423 1167 3670 1236 cruoris,

2295 1258 2512 1315 Viribus
2540 1260 2843 1331 absumptis
2868 1301 2884 1326 ,
2914 1269 2969 1315 et
3000 1268 3113 1316 toto
3134 1273 3370 1330 corpore
3398 1257 3622 1316 fessam.

1660 1350 2049 1451 LECTIONI'IS
2088 1395 2177 1452 VA
2188 1397 2508 1455 BIANTES.

507 1506 634 1562 571.
691 1507 897 1563 Poelm.
931 1508 986 1562 in
1021 1517 1196 1575 textu,
1227 1510 1549 1576 Dauventr.,
1594 1509 1844 1577 Hadam.,
1880 1511 2031 1576 Ald.,

446 1576 631 1653 Fabr.,
656 1577 912 1653 Tristibus
929 1580 1333 1653 illi—Tuncque
1352 1582 1546 1636 dabunt
1562 1584 1761 1635 animos
1786 1576 2032 1653 lacrymis

436 1652 649 1726 horrore
669 1650 917 1726 ciborum:
949 1682 1011 1693 ——
1046 1650 1633 1726 Languida_concipient
1670 1654 1854 1726 animis
1886 1650 2034 1726 jeju-

431 1721 519 1774 nia
543 1723 745 1791 ﬂentcs.
776 1752 847 1761 —
875 1722 1045 1788 Quam
1065 1721 1304 1778 stultum.
1329 1724 1387 1777 In
1430 1721 1610 1787 Rom.,
1651 1735 1704 1779 et
1737 1721 1970 1787 Poeltitf,
2000 1742 2027 1778 a

430 1807 546 1865 sec.
595 1809 699 1865 ῐῐι.ε
745 1793 1080 1860 Spondebunt
1129 1811 1226 1863 pro
1269 1794 1512 1865 Tuncque
1552 1795 1763 1850 dabunt.
1820 1795 1877 1849 In
1916 1797 2027 1851 Ott.

428 1864 593 1947 etiam
621 1904 637 1930 ,
672 1863 1012 1947 Spondebunt
1042 1866 1183 1947 ,_s.cd
1220 1866 1381 1947 deest
1410 1863 1598 1947 versus
1628 1865 1919 1947 Lanquida.
1971 1869 2030 1924 In

432 1932 566 2009 Beg.
617 1932 853 2009 pariter,
888 1936 1249 2009 Spondebunt,
1283 1940 1375 2009 sed
1411 1941 1559 2009 prius
1598 1937 1812 2005 ponitur
1841 1953 2031 1994 versus

430 2004 731 2077 Languida;
758 2019 870 2063 tum
910 2004 1051 2063 alius
1089 2004 1450 2077 Spondebunt.
1480 2004 1621 2064 Sane
1646 2010 1910 2064 alteruter
1941 2027 2032 2066 suo

430 2081 673 2150 perﬂutts
699 2090 784 2134 est
814 2098 826 2133 :
855 2082 948 2134 sed
982 2081 1156 2150 inagis
1182 2081 1401 2150 spurius
1435 2081 1564 2134 milii
1599 2083 1815 2134 videtur
1854 2081 2031 2150 Spon-

428 2148 617 2222 debunt
632 2151 833 2205 animos
849 2148 1091 2222 lacrumis
1107 2148 1317 2205 horrore
1338 2153 1586 2207 ciborum.
1610 2148 2031 2222 Kmnigiuscnn—

422 2219 648 2294 jiciehat
688 2222 887 2294 Sponte
916 2219 1111 2276 dabunt
1134 2224 1356 2276 animos.
1388 2224 1443 2277 In
1475 2224 1596 2279 cod.
1638 2221 1734 2277 Ca.
1761 2219 2026 2294 scriptum

428 2301 545 2364 erat
578 2291 856 2364 Languida
877 2295 1205 2361 concupierit.

496 2363 623 2437 375.
658 2363 819 2435 Reg.,
850 2381 880 2419 a
908 2378 1019 2420 sec.
1057 2382 1156 2429 m.,
1202 2366 1338 2432 οιι.,
1371 2366 1579 2437 pannis,
1607 2364 1946 2437 —7Vestibus
1974 2377 2027 2418 ut

427 2434 598 2508 turpis
649 2434 798 2508 pejus
840 2438 1070 2490 scissura
1111 2447 1337 2508 patescat
1371 2434 1401 2491 ἐ
1452 2451 1573 2508 qua}
1617 2436 1833 2508 videtur
1861 2438 2027 2507 proba

425 2506 614 2574 lectio,
647 2505 1031 2576 et'distinctio.
1063 2507 1172 2562 Alii
1202 2524 1402 2576 pannos
1423 2505 1492 2547 -ὲ
1527 2505 1787 2569 Vestibus,
1822 2505 1897 2561 ut.

495 2577 624 2631 574.
660 2575 842 2650 Rom,
867 2578 1033 2633 Torn.
1049 2625 1063 2645 ,
1091 2575 1353 2638 Vestibus.
1376 2589 1431 2633 ut
1455 2580 1618 2650 turpis
1638 2580 1785 2650 prjor
1806 2580 2028 2633 scissura

423 2657 674 2722 patescat.
710 2647 893 2704 Codex
921 2650 1106 2722 Fultl.,
1143 2662 1199 2705 ut
1227 2652 1375 2722 p:jor
1398 2647 1582 2722 turpis.
1617 2647 1797 2704 Codex
1841 2650 2024 2715 Cant.,

428 2728 485 2771 ut
526 2721 691 2787 ruptis
719 2724 886 2792 pejor.
921 2721 1127 2776 Poelm.
1162 2725 1213 2775 itt
1258 2732 1426 2786 textu,
1465 2721 1716 2782 lladann,
1767 2731 1820 2773 ut
1850 2724 2030 2775 ceteris

419 2793 572 2861 pejor
620 2792 847 2846 scissura
898 2805 1169 2860 patescat,
1222 2793 1363 2862 quod
1414 2793 1637 2861 esponit
1689 2793 2023 2857 Reuscltins,

421 2876 563 2915 nova
595 2864 830 2916 scissura
857 2863 1011 2931 pejor
1039 2864 1207 2919 veteri
1234 2865 1502 2932 scissim,
1538 2880 1632 2933 per
1668 2864 2030 2919 construmio—

419 2948 546 2987 netn
570 2914 688 2987 sit.
699 2914 941 3003 pst-aa?
954 2914 1512 3003 c1..t.‘g;;.;..‘t'v‘.;tin:
1524 2914 1819 3000 Insnit;
1829 2914 2027 3004 pio—it.
2060 2914 2105 2976 Ο

419 3007 641 3073 script.,
676 3016 731 3060 ut
759 3006 923 3075 turpis
948 3010 1095 3078 peius
1109 3007 1333 3060 scissura
1361 3007 1783 3061 notetur.'l‘eneo
1803 3007 2032 3077 scriptu-

419 3090 560 3131 rain.
594 3092 753 3144 quant
778 3090 840 3130 ex
866 3076 1134 3147 mssﬁRt-g
1180 3087 1235 3133 et
1260 3079 1365 3130 Ott.
1390 3092 1530 3131 vers.
1549 3092 1709 3141 prmo.
1747 3076 2024 3133 indicavit.

492 3147 619 3202 575.
652 3147 781 3218 Mss.
826 3147 1011 3209 Rttm..
1040 3151 1199 3218 Reg"
1230 3150 1374 3211 Otl.,
1407 3149 1509 3202 Aut
1538 3150 1739 3202 utribus
1779 3150 2026 3203 calidum.

417 3217 592 3281 Editi,
646 3216 863 3273 Utribus
900 3228 993 3273 aut
1043 3216 1293 3274 calidum.
1330 3219 1588 3275 Fortasse
1635 3220 1686 3273 id
1719 3218 1922 3275 factum
1963 3223 2031 3275 ab

415 3287 748 3353 editoribus,
778 3291 900 3359 quia
927 3291 1212 3360 putabant,
1254 3293 1486 3359 primum
1517 3290 1569 3343 itt
1604 3292 1806 3344 utribus
1836 3307 2029 3346 neces-

415 3360 573 3415 sario
604 3375 726 3415 esse
768 3364 981 3430 longam
1014 3380 1024 3415 :
1060 3362 1203 3431 quod
1240 3372 1420 3415 tamen
1450 3362 1806 3416 fundamento
1843 3374 2029 3427 caret,

413 3432 672 3501 quamvis
715 3434 769 3486 ιιι
796 3434 1196 3502 antiquioribus
1224 3434 1537 3501 exemplum
1584 3449 1695 3488 non
1735 3444 1993 3489 occurrat
2019 3476 2033 3499 ,

418 3517 490 3557 ex
523 3519 632 3565 quo
665 3504 886 3568 liqueat.
924 3505 1126 3572 corripi
1157 3520 1277 3559 eam
1306 3519 1488 3572 posse.

493 3573 619 3628 577.
676 3574 786 3628 Ott.
813 3616 828 3641 ,
855 3574 1041 3639 Rom.,
1085 3577 1191 3630 Sed
1231 3575 1448 3628 rudtbus
1490 3587 1682 3628 rectum
1716 3586 1788 3629 est
1834 3577 2031 3631 utribus

414 3646 723 3712 spumantia
769 3655 957 3699 musta.
1015 3648 1088 3700 Ita
1143 3647 1276 3715 Reg.
1328 3647 1425 3699 sed
1470 3649 1587 3700 sine
1632 3656 1743 3710 est,
1802 3656 1859 3701 et
1906 3663 2027 3701 cum

416 3718 597 3781 glossa
620 3716 837 3770 rudibus
864 3747 933 3758 —-
959 3719 1123 3772 novis.
1160 3717 1324 3783 Editi,
1360 3716 1571 3772 Utribus
1603 3727 1677 3770 est
1704 3728 1899 3770 rectum
1936 3735 2029 3771 ru-

422 3785 575 3839 dibus
624 3790 924 3859 spumantia
963 3797 1164 3863 musta_,
1204 3804 1272 3844 ne
1304 3787 1512 3844 scilicet
1541 3790 1712 3859 prima
1747 3790 1798 3842 in
1829 3788 2029 3842 utribus

2062 1521 2113 1582 Β
2138 1514 2484 1577 corripiatur,
2517 1521 2575 1567 ut
2604 1528 2775 1583 nuper
2802 1514 3032 1569 aiebam.

2210 1585 2336 1639 580.
2374 1585 2427 1639 Itt
2464 1585 2644 1656 Uttnlt.
2685 1584 2893 1656 videtur
2921 1586 3117 1640 factum
3145 1585 3349 1639 adoras
3371 1601 3469 1656 pro
3492 1586 3738 1640 adorans.

2208 1657 2335 1711 581.
2380 1658 2535 1710 ltum.
2589 1654 2656 1710 Ut
2694 1655 2791 1709 sibi
2820 1657 3133 1724 defunctam.
3190 1656 3340 1724 Bas.,
3374 1654 3456 1711 Et
3502 1658 3598 1711 sibi
3643 1658 3737 1711 de—

2142 1729 2399 1797 functum.
2436 1728 2577 1793 Lege
2604 1724 2672 1779 Et
2694 1728 2789 1780 sibi
2815 1729 3132 1798 defunctam.

2207 1798 2335 1851 582.
2370 1798 2646 1867 Koenigius
2674 1798 2912 1867 conjicit,
2944 1798 3519 1869 Comploratlacrymis.

2208 1870 2333 1923 583.
2373 1872 2427 1924 In
2451 1871 2609 1924 Rom.
2628 1870 2797 1922 'dccst
2828 1869 2913 1923 hic
2940 1885 3150 1924 versus.
3183 1870 3317 1939 Reg.
3344 1913 3358 1937 ,
3383 1869 3601 1936 0ttob.,
3634 1872 3739 1926 De-

2136 1939 2329 2064 fitnctis
2376 1945 2531 1997 etiam
2570 1940 2812 2012 poscebat
2855 1956 3071 1994 munera
3107 1939 3332 2005 Christi,
3381 1941 3523 2008 quod
3563 1942 3734 1997 edidit

2181 2013 2343 2064 oelm.
2371 2029 2469 2064 nru
2496 2016 2549 2064 ιι.
2580 2028 2626 2063 s.
2659 2011 2908 2064 Plerittue
2931 2013 3085 2064 editi.
3123 2013 3393 2064 Defuncta-
3424 2013 3529 2064 vita
3556 2031 3734 2064 nosce-

2181 2013 2343 2065 oelm.
2371 2029 2469 2083 pro
2496 2016 2549 2084 tl.
2573 2011 2626 2084 ε.
2659 2011 2908 2084 Plerique
2931 2013 3085 2084 editi,
3123 2013 3393 2084 lJefuncta'
3424 2013 3529 2065 vita
3555 2031 3736 2084 posce-

2133 2082 2220 2135 bat
2256 2081 2465 2139 munere
2500 2081 2716 2138 Christi.
2751 2081 3002 2151 IIadant.,
3039 2082 3299 2155 Defuncto
3321 2083 3424 2136 vita
3445 2123 3459 2148 ,
3490 2081 3734 2154 poscebat

2134 2169 2347 2208 munera
2377 2155 2589 2209 Christi.

2205 2226 2331 2281 584.
2368 2227 2523 2280 Rom.
2558 2243 2587 2280 a
2620 2241 2700 2298 pr.
2728 2242 2799 2281 m.
2821 2266 2835 2288 ,
2866 2224 2991 2298 Ald.
3016 2268 3031 2289 ,
3065 2226 3349 2293 Daventr.,
3373 2224 3533 2298 Beg.,
3566 2227 3678 2283 Ott.
3709 2270 3725 2293 ,

2134 2294 2285 2363 Bas.,
2320 2298 2565 2352 Servator
2589 2313 2608 2351 :
2626 2294 2747 2362 alii,
2775 2297 3041 2351 Salvator.

2206 2369 2333 2423 385.
2369 2370 2496 2423 Mss.
2520 2379 2574 2424 et
2608 2369 2854 2438 plerique
2876 2368 3044 2432 editi,
3078 2366 3374 2439 Progressi.
3407 2368 3726 2436 “adamata,

2133 2440 2339 2495 Poelm.
2365 2482 2379 2503 ,
2414 2441 2469 2493 itt
2493 2449 2670 2503 textu,
2702 2439 3057 2509 Progressos;
3088 2454 3249 2506 quam
3284 2440 3572 2495 lectionem
3598 2444 3739 2495 tole-

2133 2512 2242 2566 rari
2287 2526 2449 2578 posse
2495 2512 2569 2564 ait
2617 2508 2923 2564 Reuscl’tius
2966 2527 2978 2562 :
3022 2508 3118 2564 sed
3150 2510 3313 2563 aliam
3360 2510 3582 2578 praefert
3620 2511 3723 2566 ltac

2133 2582 2348 2651 syntasi
2383 2599 2395 2633 :
2430 2580 2699 2654 Progressi
2728 2580 3016 2654 Saluatoris
3048 2581 3261 2649 vestigia
3293 2597 3501 2654 servans
3534 2584 3725 2635 mulier

2131 2655 2377 2721 sequitur,
2411 2663 2467 2706 ιιι
2497 2653 2855 2723 absorbeatur
2899 2653 3036 2704 alter
3077 2653 3373 2707 accusandi
3396 2667 3593 2715 casus,
3630 2654 3725 2723 qni
3821 2673 3825 2678 '

2135 2726 2289 2779 facile
2321 2725 2563 2793 suppleri
2590 2733 2785 2792 potest.
2818 2722 2912 2777 Vel
2939 2723 3027 2776 dic
3057 2723 3311 2778 eumdem
3340 2722 3723 2779 accusativum

2134 2797 2344 2864 uestigia
2371 2798 2480 2865 regi
2504 2811 2533 2847 a
2566 2795 2777 2848 duobus
2794 2793 3007 2865 verbis.

2210 2869 2335 2922 587.
2367 2863 2523 2935 [ie—3.,
2558 2865 2715 2920 Boni.
2740 2908 2755 2929 ,
2791 2864 2979 2930 Fabr.,
3013 2863 3266 2935 (iarpebat
3287 2866 3461 2935 ﬂuxus
3489 2866 3727 2920 lacerans

2137 2940 2247 2992 sine
2270 2939 2372 3007 ﬁne
2399 2933 2618 2991 cruoris.
2654 2937 2804 3001 Ald.,
2836 2936 2985 3007 Bas..
3022 2933 3314 3004 Torquebat
3346 2939 3522 3006 ﬂuxus
3550 2954 3730 2992 macc-

2137 3006 2414 3063 rttns’siue
2459 3009 2564 3078 ﬁne
2605 3008 2827 3063 cruoris.
2874 3006 3060 3070 Rom.,
3113 3009 3430 3072 Iladatttur.,
3479 3008 3722 3077 Poelm.,

2138 3080 2390 3148 Carpebat
2413 3082 2589 3149 ﬂuxus
2619 3078 2852 3134 lacerans
2877 3080 2987 3131 sine
3007 3080 3110 3146 [ine
3141 3078 3359 3132 cruoris.
3393 3079 3449 3133 In
3477 3096 3681 3149 macero
3704 3121 3723 3148 ,

2136 3168 2169 3204 a
2192 3148 2511 3219 producitur
2541 3169 2553 3205 :
2590 3151 2689 3204 ltac
2722 3150 2930 3204 ratiOne
2959 3151 3120 3214 rejeci
3150 3156 3314 3202 etiam
3341 3151 3527 3219 ltyntn.
3554 3152 3586 3205 8
3615 3148 3724 3204 Ca-

2138 3223 2308 3277 thent.
2351 3222 2631 3278 Prudentii
2661 3236 2805 3275 vers.
2845 3219 2918 3273 ‘12
2948 3237 2960 3272 :
2997 3220 3259 3274 Sordidus
3288 3224 3433 3276 cultu
3466 3237 3729 3275 macerare

2138 3296 2379 3365 frontem,
2414 3305 2472 3365 ut
2500 3292 3031 3365 legitNebrissensis
3066 3307 3078 3342 :
3113 3307 3209 3365 pro
3230 3308 3337 3361 quo
3360 3293 3474 3358 alii,
3505 3294 3725 3356 melius,

2141 3362 2585 3421 Sordidus'cultu
2623 3364 2852 3418 lacerare
2883 3362 3127 3431 frontem.
3167 3362 3450 3433 Kmnigins
3480 3365 3725 3431 suspica-

2140 3447 2227 3491 tur
2260 3454 2272 3489 :
2303 3453 2524 3490 manans
2541 3436 2652 3489 sine
2672 3434 2794 3503 ﬁne.
2827 3434 2955 3488 Post
2978 3433 3122 3488 [tunc
3150 3448 3368 3487 versum
3402 3434 3722 3503 inPoelm.,

2137 3507 2391 3569 Hadatn.,
2425 3507 2622 3571 Torn.,
2657 3502 2918 3560 inseritur
2942 3505 3112 3564 alitis.
3141 3504 3351 3558 scilicet
3384 3522 3397 3559 :
3430 3502 3726 3575 Torquebat

2134 3578 2334 3633 solvens
2366 3577 2574 3631 morbus
2603 3577 2803 3645 pallore
2839 3576 3088 3628 uirentem
3122 3590 3140 3627 :
3168 3576 3261 3628 sed
3298 3575 3465 3629 Torn.
3496 3586 3591 3641 et,
3624 3590 3725 3645 pro

2135 3649 2190 3703 d.
2236 3668 2282 3704 s.
2311 3690 2325 3712 ,
2376 3649 2585 3702 Poelm.
2627 3647 2757 3714 legit
2791 3645 3182 3715 Torquebutque
3207 3648 3351 3716 gravi
3397 3646 3623 3700 morbus.
3658 3645 3721 3700 In

2135 3720 2407 3789 plerisque
2429 3720 2601 3789 deest
2615 3717 2700 3770 llic
2735 3732 2950 3789 versus.

2204 3784 2334 3846 588.
2379 3790 2525 3857 Ald.,
2561 3788 2757 3854 Torn.,
2805 3787 2952 3850 Bas.,
2999 3787 3183 3854 Rom.,
3226 3784 3723 3857 fessa—Pectoris

1951 3946 2182 4004 NO'LE.

2126 4085 2292 4154 ﬁliam
2336 4087 2615 4157 principis
2648 4087 3008 4157 sacerdotum,
3071 4084 3344 4157 mulierem
3388 4100 3421 4136 a
3454 4085 3730 4157 proﬂuvio

2123 4154 2393 4230 sanguinis
2422 4154 3002 4230 satiatlesusalilattlt.
3027 4172 3079 4210 ix
3108 4198 3120 4218 ,
3157 4154 3223 4230 I_8
3248 4169 3366 4222 seq.
3402 4170 3417 4219 ;
3453 4154 3618 4230 Marc.
3652 4171 3686 4210 ν
3706 4198 3723 4225 ,

2122 4227 2195 4280 2‘2
2222 4226 2341 4296 seq.
2370 4245 2384 4291 ;
2421 4228 2551 4281 an.
2579 4243 2694 4289 vni,
2724 4226 2788 4281 41
2826 4242 2941 4296 seq.
2974 4227 3052 4281 De
3083 4226 3250 4280 verbo
3275 4235 3435 4279 tracto
3450 4226 3606 4297 stylo
3624 4241 3727 4282 cc-

2122 4299 2429 4367 clesiastico
2476 4313 2571 4367 pro
2619 4299 2818 4351 dissero
2849 4299 2975 4352 vide
3004 4308 3301 4352 comment.
3345 4297 3412 4350 ad
3448 4296 3711 4353 Prudent.

493 4089 616 4150 370.
641 4086 868 4141 Turbine
888 4087 1050 4154 swcli,
1085 4096 1141 4142 ιιι
1170 4096 1230 4141 ιιι
1258 4101 1399 4140 vers.
1430 4085 1538 4140 225
1563 4088 1616 4138 Ιι.
1650 4086 1687 4139 l.

494 4161 617 4213 272.
654 4158 1314 4231 l’errejejuniu,portare,
1348 4163 1614 4231 concipere
1629 4172 1725 4231 pro
1741 4156 2013 4231 jejntrare.

496 4232 618 4285 575.
657 4228 935 4284 Μ.ιιιιιξριιε
982 4249 992 4283 :
1031 4228 1202 4285 Nemo
1228 4241 1405 4282 autem
1444 4229 1669 4281 immittit
1714 4228 2015 4280 commissu-

414 4319 527 4355 ram
547 4301 706 4372 ρηιηὶ
735 4304 879 4354 rudis
905 4302 956 4353 in
976 4303 1332 4355 vestimentum
1370 4310 1544 4352 vetus:
1575 4300 1708 4372 tollit
1735 4301 1870 4353 enim
1891 4298 2013 4372 ple-

417 4358 900 4452 nitudintmeiusa
923 4374 1238 4452 vestimento,
1275 4380 1323 4424 et
1353 4373 1502 4452 pejor
1524 4370 1747 4452 scissura
1777 4358 2012 4452 [itzxﬂtec
2040 4388 2091 4446 D
2122 4369 2307 4452 IlyI-tttl‘.
2344 4358 2524 4452 ifi‘Pﬁl
2541 4369 2629 4421 ist.
2663 4384 2807 4452 vers:
2844 4369 2969 4452 illi.

420 4448 696 4498 sententia
738 4444 932 4496 melius
979 4443 1211 4497 fortasse
1258 4439 1659 4510 exprimeretur
1688 4441 1765 4493 sic
1796 4458 1807 4491 :
1841 4439 2012 4506 Quattt

419 4516 650 4569 stultum
678 4524 763 4568 est
791 4513 956 4566 rudes
982 4529 1191 4582 pannos
1222 4513 1501 4566 veteribus
1530 4511 1852 4566 subtexere?
1884 4511 2021 4564 Pan.

420 4604 526 4641 nos
576 4600 747 4639 novus
785 4596 1001 4639 assuttts
1050 4601 1228 4653 panno
1270 4584 1443 4637 veteri
1473 4598 1593 4637 eam
1626 4582 1793 4653 panni
1822 4585 2021 4653 veteris

420 4669 631 4727 partem
664 4657 884 4711 auferre
916 4651 1089 4717 solet,
1137 4658 1221 4709 cui
1267 4672 1363 4722 per
1394 4666 1637 4707 suturam
1669 4651 1932 4727 adbmret.
1964 4652 2022 4706 Id

419 4725 604 4783 autem
634 4727 854 4791 accidit,
887 4729 1000 4780 sive
1031 4744 1095 4781 ex
1127 4727 1331 4795 duplici
1358 4740 1535 4794 panno
1566 4725 1760 4789 veteri,
1794 4734 1847 4777 et
1882 4737 2022 4777 novo

420 4802 591 4853 vestis
638 4799 753 4863 l‘tat,
801 4800 918 4852 sive
964 4813 1146 4867 panno
1191 4798 1360 4851 vestis
1406 4797 1518 4864 jam
1566 4795 1704 4848 trita:
1745 4809 1936 4867 novus,
1970 4803 2027 4847 et

420 4872 577 4925 rudis
633 4885 846 4935 pannus
894 4864 1169 4923 assuatur.
1225 4868 1503 4923 Iuvencus
1548 4867 1708 4936 igitur
1758 4864 2024 4919 subtexere

422 4949 655 5011 usurpat
696 4958 794 5011 pro
825 4953 1095 4995 contexere
1144 4957 1159 4992 :
1217 4948 1274 4995 et
1306 4948 1553 5011 utroque
1601 4937 1762 4991 modo
1812 4948 2023 5011 rectum

421 5022 529 5077 est,
554 5008 670 5067 sive
694 5008 854 5066 rudes
889 5028 1094 5075 pannos
1126 5010 1403 5066 veteribus
1432 5016 1748 5072 contexere,
1795 5008 1906 5061 sive
1933 5022 2056 5069 ve-,

423 5095 570 5139 teres
600 5099 807 5154 pannos
857 5083 1030 5135 novis.
1065 5081 1369 5136 Renseltius
1399 5080 1671 5154 existimat
1697 5119 1712 5142 ,
1759 5092 1865 5132 non
1887 5149 1895 5154 .
1918 5088 2024 5154 tam

420 5149 620 5211 scitutti
651 5154 821 5208 fuisse
852 5165 1094 5207 veterum
1123 5155 1313 5207 snettdi
1342 5152 1585 5213 inodum,
1617 5164 1777 5217 quain
1810 5149 2025 5215 quidem

422 5228 569 5294 apud
593 5241 692 5278 nos
722 5233 838 5286 est,
870 5226 962 5278 sed
994 5226 1233 5279 crassius
1266 5222 1432 5276 fuisse
1480 5222 1538 5277 τὸ
1581 5220 1853 5292 πλήρωμα,
1882 5219 2027 5294 quod

425 5289 778 5352 inserendum
807 5305 926 5349 erat
955 5300 1286 5349 vestimento
1321 5295 1523 5356 veteri,
1552 5289 1693 5345 adeo
1720 5289 1774 5343 ni
1804 5289 2029 5360 proinde

425 5372 732 5424 exstantins
768 5377 939 5431 esset,
972 5376 1028 5420 et
1057 5376 1265 5420 vestem
1303 5366 1461 5418 eittus
1490 5363 1784 5416 detereret.

501 5440 632 5497 E75.
668 5439 772 5495 Pro
797 5437 1029 5492 calidum
1049 5448 1279 5490 mustum
1301 5439 1352 5490 in
1382 5450 1540 5489 sacro
1567 5442 1713 5488 textu
1744 5441 1827 5488 est
1853 5433 2028 5486 vinum

424 5527 561 5566 novu
568 5529 616 5564 nt
626 5552 639 5565 .

500 5582 631 5637 576.
666 5580 981 5652 Disperderc
1012 5596 1113 5651 pro
1142 5579 1375 5649 disperdi
1402 5591 1497 5648 per
1524 5575 1831 5646 enallagen,
1867 5582 1923 5630 ut
1956 5573 2032 5630 ait

429 5653 756 5709 Reuscliius.

501 5726 628 5782 57⁸).
661 5723 890 5780 CAPUT
918 5723 1059 5778 XVI.
1096 5722 1243 5777 Inter
1283 5719 1511 5774 eundum
1559 5718 1628 5772 ad
1671 5718 2027 5773 suscitavdam

2197 4440 2323 4513 580.
2358 4440 2440 4493 Ab
2473 4441 2831 4505 Evangelistis
2860 4439 3064 4513 dicitur
3088 4441 3577 4513 arcltisynagogus,
3608 4441 3727 4497 sive

2126 4511 2386 4581 princeps
2424 4525 2737 4581 synagogm,
2770 4513 2860 4577 qtti
2892 4511 3105 4564 scilicet
3134 4511 3297 4578 caput
3328 4524 3445 4566 erat
3488 4526 3723 4582 synago-

2124 4597 2207 4651 ga:
2229 4625 2243 4648 ,
2286 4585 2443 4650 cujus
2469 4584 2624 4653 jussu
2662 4596 2750 4636 res
2779 4583 2835 4636 itt
2865 4596 3143 4652 synagoga
3179 4583 3298 4637 fieri
3321 4583 3500 4637 solita:
3529 4582 3725 4638 decer-

2127 4654 2416 4707 neltantnr.

2202 4724 2329 4779 582.
2355 4723 2611 4796 lmplorat
2642 4723 2933 4796 lacrymans
2961 4730 3047 4796 est
3076 4722 3433 4791 pleonasmus
3465 4741 3477 4776 :
3510 4738 3635 4779 nam
3669 4726 3725 4778 in

2128 4794 2373 4866 implorat
2417 4794 2528 4865 jam
2587 4797 2839 4866 lacryntm
2883 4795 3281 4864 intelliguntur.
3311 4796 3554 4851 Notanda
3590 4811 3723 4850 vero

2130 4864 2237 4920 boc
2271 4869 2391 4921 loco
2418 4864 2741 4936 Significatiit
2772 4883 2820 4919 nt
2847 4882 2881 4919 n
2906 4866 3067 4919 obvia
3100 4866 3258 4922 verbi
3278 4869 3504 4935 imploro
3536 4884 3547 4919 :
3580 4867 3723 4920 idem

2129 4947 2214 4989 est
2244 4939 2389 4990 enim
2416 4940 2663 5005 implorat
2689 4947 2887 4999 natam,
2928 4952 2993 4992 ac
3029 4940 3300 5001 nominat,
3331 4938 3571 5007 appellat
3592 4951 3719 4991 cum

2131 5008 2386 5079 [gentilis
2442 5019 2649 5074 natam,
2708 5021 2764 5062 et
2816 5024 3181 5079 Iltlnlellif’jus
3225 5014 3442 5079 rt-petit.
3497 5008 3722 5079 Lit-ero,

2131 5076 2290 5131 Verr.
2323 5094 2416 5142 vn,
2439 5082 2509 5131 al.
2540 5079 2665 5133 libr.
2685 5096 2711 5130 v
2733 5095 2855 5149 cap.
2878 5078 2949 5134 49
2975 5096 2989 5133 :
3015 5078 3103 5132 Me
3128 5097 3273 5134 suam
3290 5076 3511 5133 salutem
3538 5077 3724 5148 appel-

2133 5148 2271 5214 lans,
2299 5158 2345 5201 te
2366 5167 2518 5202 suum
2551 5148 2850 5219 carniﬁcem
2875 5152 3168 5216 nominans,
3198 5150 3301 5218 filii
3326 5164 3512 5203 nomen
3535 5151 3728 5218 implo-

2133 5236 2276 5292 rans.
2311 5220 2615 5292 lienseltius
2641 5223 2899 5286 exitlicat,
2930 5219 3188 5287 Implorat
3208 5219 3617 5292 lacrymans_,_h.
3646 5234 3723 5286 e.,

2136 5291 2396 5361 lacrytnis
2427 5302 2479 5345 et
2510 5294 2760 5357 suspiriis
2792 5296 3081 5345 contu-inut
3113 5308 3301 5347 verum
3320 5289 3463 5346 'esse
3494 5289 3546 5361 id
3579 5292 3727 5359 quod

2133 5360 2200 5415 de
2233 5359 2414 5416 tnorte
2445 5361 2571 5416 ﬁlim
2605 5364 2769 5416 dicat.
2812 5363 3064 5417 Sedulius
3103 5363 3401 5418 Juvent-um
3442 5359 3686 5415 imitatur
3708 5402 3727 5429 ,

2135 5432 2171 5485 Ι.
2202 5447 2281 5494 nt.
2308 5449 2454 5487 vers.
2478 5433 2605 5498 998,
2632 5431 3201 5504 Imploratquegemens
3225 5449 3251 5503 ε⁴
3268 5448 3426 5504 quem
3452 5432 3520 5487 ad
3540 5432 3724 5489 locum

2132 5504 2395 5558 videndus
2422 5504 2807 5570 Wopkenstus.

2204 5576 2332 5629 585.
2370 5574 2598 5644 Vestigia
2615 5591 2821 5629 servans
2850 5615 2864 5635 ,
2896 5574 3213 5630 observans.

2206 5645 2330 5699 587.
2359 5646 2488 5699 Sine
2514 5648 2650 5713 line:
2676 5646 2893 5713 phrasis
2924 5648 3321 5703 ecclesiasticis
3345 5646 3719 5715 scriptoribus

2137 5715 2441 5772 familiaris.
2480 5717 2613 5770 Vide
2648 5728 2758 5769 ι.οι.
2788 5716 2852 5770 ad
2880 5716 3137 5773 Dracont.
3174 5734 3314 5774 vers.
3349 5720 3413 5773 2|
3446 5719 3571 5774 libr.
3599 5730 3639 5773 t.
