4154 6176
547 227 643 288 i9!

691 444 805 500 Lex
828 445 1011 502 omnis
1031 461 1301 503 summam
1325 448 1585 519 Baptista:
1611 464 1641 504 a
1670 457 1916 519 tempore
1944 450 2108 522 cepit,

692 537 872 608 Atque
897 538 1293 609 prophetarum
1319 540 1442 597 linis
1468 542 1814 599 concluditur
1836 542 2000 599 idem.

470 643 483 665 ‘
548 630 654 688 5l5
693 632 750 691 Si
780 632 948 690 vultis
977 634 1216 691 volucris
1240 636 1541 706 penetralia
1574 652 1806 694 noscere
1833 639 2009 705 saecli,

694 724 909 796 Corpus
933 727 1159 785 Joannis
1187 729 1321 785 felix
1346 730 1642 788 habitabile
1668 733 1899 803 sumpsit

692 821 854 894 213
885 822 1053 890 Elias,
1067 822 1339 894 quondam
1354 839 1510 895 quem
1527 825 1741 881 turbine
1755 826 1902 896 iussa
1917 841 2147 882 corusco

703 913 1136 984 Flammipedum
1168 916 1344 989 rapuit
1371 918 1648 975 simulatio
1683 919 2147 991 quadrijugorum.

697 1007 903 1062 Audiat
925 1007 1043 1063 hcc
1072 1008 1232 1064 dictis
1255 1011 1495 1080 pandens
1522 1012 1776 1067 vitalibus
1802 1028 1984 1070 aures.

554 1097 663 1155 550
701 1098 854 1155 Nunc
883 1100 980 1157 tibi
1011 1100 1297 1173 conﬁteor,
1329 1102 1577 1172 Genitor,
1602 1106 1688 1160 cui
1712 1105 1883 1175 gloria
1913 1106 2081 1162 servit

698 1194 983 1267 Fulgentis
1008 1195 1155 1265 coeli,
1184 1206 1240 1252 et
1261 1206 1529 1253 terrarum
1557 1198 1993 1269 frugiferentum,

1777 237 1841 295 (Ξ.
1888 240 1952 297 ν.
1995 239 2229 311 AQUIL.
2260 241 2553 300 JUVENCI

689 349 759 405 Et
781 349 909 407 οωιί
939 365 1168 423 regnum
1189 351 1452 409 violentia
1470 353 1661 427 diripit
1688 363 1866 411 atros.
2177 361 2228 421 Α

3741 222 3863 297 192'

2398 356 2561 430 214
2573 356 2771 414 Celasti
2788 372 2931 414 nunc
2943 358 3088 429 quod
3105 356 3444 429 sapientibus
3462 357 3562 413 ista
3573 356 3843 428 superbis,

2400 450 3020 522 Parvulaqueinl‘antum
3035 451 3246 507 vishazc
3257 446 3845 521 comprenderecorda.

2398 541 2517 597 Jam
2545 543 2674 597 mihi
2707 544 2984 613 regnantis
3011 555 3136 599 sunt
3162 543 3346 598 omnia
3374 541 3569 597 tradita
3597 540 3797 606 Patris,

2256 637 2363 694 555
2399 637 2509 693 Nec
2524 638 2808 709 quisquam
2829 637 3042 695 Domini
3065 638 3261 708 poterit
3278 650 3609 709 cognoscere
3628 634 3846 701 Natum,

2400 729 2466 784 Ni
2496 728 2643 784 solus
2667 728 2925 795 Genitor;
2950 728 3264 785 Genitorem
3290 739 3471 784 mente
3500 726 3705 783 videbit

2401 821 2590 886 Filius,
2619 821 2880 878 autidem
2911 823 3113 892 pandet
3142 822 3229 877 cui
3268 822 3394 876 talia
3425 820 3614 877 Natus.

2403 913 2516 968 lluc
2538 927 2729 969 omnes
2750 913 2991 980 veniant,
3016 916 3200 970 oneris
3224 929 3364 986 quos
3387 912 3598 969 sarcina
3620 916 3759 968 vasti

2400 1005 2742 1079 Comprimit,
2783 1009 2829 1063 is
2853 1010 3054 1080 poterit
3079 1012 3251 1067 virtus
3277 1025 3396 1066 mea
3426 1024 3651 1065 munere
3677 1009 3855 1064 Patris

2255 1099 2362 1157 560
2404 1101 2667 1171 Antiquas
2697 1103 2841 1158 vires
2867 1102 3025 1158 hilari
3054 1118 3309 1174 reparare
3338 1102 3543 1174 quiete.

2401 1195 2607 1253 Sumite
2631 1196 2769 1277 forte
2783 1196 2997 1269 jugum,
3025 1196 3160 1253 levis
3181 1208 3264 1253 est
3287 1211 3404 1252 mea
3425 1195 3638 1251 sarcina
3658 1192 3848 1266 iustis,

1792 1315 2176 1374 LECTIONES
2213 1314 2633 1373 VARIANTES.

629 1404 755 1461 545.
788 1405 947 1477 Reg.,
993 1408 1132 1475 Οιι.,
1165 1408 1490 1475 Ald.,~Bas.,
1538 1410 1645 1465 Lex
1687 1410 1850 1463 omnis
1879 1426 2154 1477 summam,

558 1473 807 1551 Eaptista:
847 1473 894 1551 af
917 1473 1140 1551 tempore
1174 1473 1324 1551 cepit.
1362 1480 1616 1550 Hadam.,
1648 1481 1857 1536 Poelm.
1893 1482 1946 1533 in
1981 1473 2155 1548 textu,

558 1545 770 1623 Westh.
801 1548 886 1623 _ad
913 1545 1111 1620 marg,
1151 1545 1492 1623 ad'tempora.
1518 1545 1713 1616 Torn.,
1740 1569 1771 1604 a
1800 1561 2031 1623 tempore
2052 1545 2155 1606 cas;

600 1618 653 1672 it.
686 1618 923 1694 Poe_|_m.,
956 1618 1055 1690 pro
1078 1622 1139 1694 7d.
1174 1638 1246 1691 s.,
1289 1618 1352 1675 in
1370 1633 1616 1694 tempore.
1650 1623 1797 1687 Bas.,
1845 1618 1957 1677 Lex
1996 1624 2155 1677 omni.

612 1707 746 1765 om"
788 1690 905 1765 Yon;
948 1693 1112 1765 omnis
1140 1690 1345 1747 summa
1373 1690 1625 1765 Baptista:
1651 1712 1683 1749 a
1714 1703 1953 1765 tempore
1982 1695 2155 1762 capit.

632 1760 759 1817 544.
801 1762 957 1831 Ald.,
980 1763 1132 1831 Bas.,
1163 1760 1673 1821 conclusus'eodem.
1698 1760 1919 1831 Czeteri,
1944 1760 2157 1820 conclu-

562 1832 708 1885 ditur
736 1832 893 1885 idem.

603 1834 708 1886 itur
736 1834 893 1887 idem.

633 1902 760 1958 545.
795 1904 850 1959 in
879 1906 1012 1975 Reg.
1034 1905 1122 1960 hic
1142 1921 1334 1962 versus
1354 1916 1409 1962 et
1428 1921 1607 1977 seqq.,
1645 1923 1815 1977 usque
1846 1906 1914 1962 ad
1939 1922 2159 1963 versum

566 1974 772 2050 Quanto
813 1974 977 2044 igitur
1003 1978 1170 2042 nobis,
1207 1978 1425 2044 desunt,
1460 1974 1519 2033 et
1542 1974 1594 2034 in
1624 1974 1754 2033 folio
1783 1994 2002 2034 auuexo
2028 1994 2159 2050 sup-
2184 1986 2187 1989 ’

564 2046 695 2115 pleti
729 2056 856 2100 sunt
878 2050 1170 2103 recentiori
1201 2064 1384 2105 manu.

633 2115 765 2192 546.
801 2117 930 2192 Post
971 2134 1113 2173 vers.
1142 2119 1203 2175 Si
1242 2119 1422 2185 vultis,
1464 2119 1626 2192 ilad.,
1661 2119 1892 2192 Poelm..
1928 2120 2050 2192 Ipse
2091 2131 2163 2192 est

567 2187 713 2264 It‘lias
742 2190 869 2264 felix
895 2201 1138 2264 venturus
1171 2192 1225 2244 in
1254 2207 1443 2264 gvunt,
1470 2223 1542 2232 —
1571 2190 1768 2264 Corpus
1790 2187 2016 2264 Joannis
2035 2191 2166 2260 felix

565 2256 847 2334 habitabile
887 2261 1105 2334 sumpsit
1144 2292 1216 2303 —
1244 2261 1391 2334 Elius
1429 2256 1711 2334 quondam.
1744 2263 1834 2334 Sic
1881 2256 2161 2333 Daventr.,

568 2331 662 2407 sed
695 2329 920 2407 lpse_est
945 2329 1197 2407 Joannes,
1229 2349 1327 2407 pro
1349 2329 1480 2407 Ipse
1500 2343 1575 2388 est
1602 2333 1771 2389 Elias.
1798 2333 1983 2407 Rom”
2004 2329 2163 2404 Reg.,

568 2398 765 2478 (Iorpus
808 2401 1038 2478 Joannes
1080 2398 1209 2473 felia:
1233 2398 1511 2461 habitabile
1552 2408 1790 2478 sumpsit,
1834 2435 1906 2446 -—
1943 2398 2067 2477 Ipse
2086 2398 2167 2460 est

565 2470 797 2547 Joannes
827 2476 954 2547 felia:
990 2470 1237 2530 venturus
1287 2479 1341 2531 in
1365 2494 1529 2531 (vitam
1570 2507 1641 2518 -
1670 2470 1834 2531 'Elias
1879 2470 2162 2547 quondam.

567 2542 705 2607 Οιι.,
747 2556 799 2597 et
828 2542 995 2609 ΑΜ..
1034 2556 1154 2611 post
1190 2563 1330 2603 vers.
1369 2549 1435 2604 Si
1483 2548 1660 2609 vultis,
1709 2542 1913 2603 omisso
1942 2551 2167 2603 omnino

569 2629 728 2692 versu
758 2615 883 2692 Ipse
907 2625 1006 2679 est,
1035 2622 1219 2692 statim
1250 2621 1448 2692 tegunt
1494 2642 1506 2673 :
1542 2618 1742 2692 Corpus
1771 2618 1997 2692 Ioannis
2018 2619 2168 2692 felix
2202 2672 2205 2675 .

570 2684 849 2761 habitabile
877 2690 1094 2759 sumpsit
1124 2717 1217 2761 -ν
1241 2684 1410 2758 Elius,
1458 2684 1742 2761 quondam.
1790 2690 1844 2744 Id
1889 2684 2059 2758 magis
2090 2692 2170 2744 vi-

566 2755 727 2811 detur
752 2773 877 2813 c-se
907 2774 972 2812 ex
994 2755 1155 2814 textu
1208 2755 1406 2815 Matth.
1428 2755 1504 2822 xi.
1544 2762 1645 2814 lt:
1681 2759 1748 2813 Et
1773 2763 1815 2814 si
1858 2755 2010 2815 vultis
2039 2763 2172 2815 reci-

573 2844 710 2896 pere.
741 2829 853 2901 ipse
879 2839 953 2903 est
976 2828 1144 2903 Elius,
1164 2833 1254 2903 qui
1274 2842 1519 2886 venturus
1541 2843 1635 2885 est.
1665 2831 1973 2887 Reuschius
1996 2843 2166 2903 putat,

573 2909 787 2971 poetam
810 2916 907 2969 per
927 2901 1251 2971 hypallagen
1270 2903 1489 2958 inverso
1517 2903 1709 2957 ordine
1734 2904 1938 2957 dictum
1967 2902 2167 2957 Christi

573 2969 642 3023 de
674 2971 788 3042 Elia
820 2974 945 3026 novi
967 2969 1234 3028 'Ftederis
1266 2975 1633 3028 testimonium
1668 2974 1992 3028 enuntiare:
2027 2975 2169 3042 quod

572 3041 881 3105 artiﬁcium,
912 3043 1080 3102 addit.
1106 3044 1717 3114 glossatoridisplicuit,
1747 3045 1837 3115 qui
1858 3043 1983 3099 ideo
2005 3046 2169 3100 verba

575 3121 751 3185 textus
773 3116 1092 3185 accuratius
1117 3116 1425 3178 asprimere
1451 3126 1725 3185 satagens,
1774 3116 1921 3170 hunc
1951 3131 2166 3170 versum

2337 1409 2464 1464 547.
2490 1407 2681 1480 item,
2707 1406 2843 1474 Ott.,
2869 1408 3047 1475 missa,
3076 1408 3218 1480 quod
3248 1409 3302 1465 in
3321 1408 3431 1464 Ott.
3458 1383 3655 1462 factum
3678 1414 3758 1462 est
3780 1419 3853 1480 ex

2261 1481 2439 1553 misso.
2486 1478 2632 1553 Reg:
2653 1493 2774 1532 cum
2810 1480 3079 1548 plerisque
3096 1478 3288 1553 editis,
3308 1483 3462 1553 jussu
3492 1496 3511 1533 :
3547 1493 3656 1550 quo
3684 1478 3851 1553 verbo

2258 1548 2899 1621 delectatur’Juvencus.
2945 1554 3144 1619 Aptum
3175 1548 3391 1621 quidem
3427 1551 3529 1606 hoc
3564 1548 3650 1604 est
3682 1549 3749 1621 ad
3780 1548 3857 1603 si-

2264 1620 2613 1676 mulationem
2637 1621 3081 1691 quadrijugorutn
3102 1619 3527 1692 exprimendam,
3551 1636 3673 1691 qua:
3696 1619 3857 1690 jussu

2262 1692 2447 1748 divino
2479 1701 2692 1761 peracta
2724 1702 2825 1747 est.
2859 1693 3031 1747 Aldus
3058 1708 3189 1749 vero
3214 1694 3381 1749 edidit
3412 1696 3587 1746 missa.

2334 1763 2458 1819 548.
2484 1764 2643 1836 Rom.
2675 1764 3069 1836 quadrigarum.
3098 1764 3202 1819 Alii
3224 1765 3675 1835 quadrijugorum,
3704 1760 3848 1832 quod

2188 1826 2236 1884 Β
2266 1836 2460 1890 melius
2488 1826 2728 1907 cohaeret
2754 1826 2884 1889 cuni
2907 1826 3351 1907 Flammipedum.

2336 1907 2462 1962 551.
2506 1906 2758 1971 Hadam.,
2787 1907 3020 1969 Poelm.,
3052 1904 3241 1966 Fabr..
3272 1918 3326 1962 et
3347 1906 3437 1961 alii
3458 1904 3857 1977 frugiferarum.

2336 1924 2462 1962 oar.
2506 1924 2758 1971 nauam.,
2787 1924 3020 1969 vocum,
3054 1924 3241 1966 r‘aur..
3272 1924 3326 1962 et
3347 1924 3437 1961 am
3458 1924 3542 1977 [ru
3583 1924 3857 1968 qerarum.

2267 1978 2394 2032 Mss.
2427 1992 2618 2031 omnes
2644 1977 2813 2031 nostri
2836 1993 2956 2032 cum
2986 1978 3108 2033 Ald.
3142 1989 3195 2033 et
3228 1978 3511 2041 Daventr.,
3539 1924 3863 2047 frugiferen-

2266 2059 2391 2121 tum,
2423 2048 2566 2119 quod
2606 2048 2878 2121 arridebat
2904 2050 3066 2103 etiam
3098 2049 3404 2121 Gallandio,
3445 2049 3572 2119 quia
3605 2051 3720 2121 ham
3749 2061 3861 2100 vox

2268 2118 2502 2175 Lucretii
2542 2131 2624 2174 est
2665 2120 2788 2175 libr.
2829 2136 2845 2174 ι
2891 2135 3030 2175 vers.
3064 2121 3141 2175 5:
3197 2120 3325 2189 Qua:
3354 2118 3496 2175 mare
3533 2118 3859 2190 navigerum,

2265 2207 2379 2259 qua:
2409 2202 2571 2243 terras
2604 2191 2987 2261 frugifer-entes.
3214 2212 3215 2215 ‘

2338 2261 2464 2317 552.
2490 2259 2933 2334 Torn.,‘POelm.,
2958 2278 3055 2333 pro
3076 2262 3129 2317 d.
3155 2279 3227 2331 s.,
3257 2261 3495 2334 Namque
3521 2259 3862 2334 abscondisti.

2268 2332 2510 2406 Westh.,
2543 2332 2601 2387 in
2628 2345 2805 2406 textu,
2839 2334 2910 2388 ita
2930 2332 3039 2398 {ad
3070 2348 3268 2406 σιω-ς..
3297 2332 3501 2406 Caelesti
3526 2350 3663 2388 nunc
3689 2332 3861 2402 quod,

2268 2405 2547 2469 mendose,
2577 2420 2672 2472 pro
2698 2404 2899 2476 Celasli
2917 2423 3051 2459 nunc
3080 2404 3238 2476 quod,
3274 2405 3417 2475 quod
3442 2407 3700 2462 exhibent
3726 2418 3864 2476 tuss.

2268 2485 2323 2530 et
2350 2476 2592 2546 plerique
2612 2476 2762 2531 editi.
2796 2476 2852 2530 In
2873 2475 3011 2542 Οιι.,
3042 2474 3161 2546 post
3183 2474 3325 2533 hunc
3343 2493 3584 2541 versum,
3603 2474 3868 2530 inseritur

2271 2546 2546 2619 lticpalius:
2574 2547 2782 2601 Occulis
2801 2545 2910 2619 hn’c
2931 2549 3193 2619 quondam
3213 2566 3364 2617 parve
3382 2548 3699 2618 sapientibus
3716 2560 3866 2608 orsa,

2269 2617 2836 2693 -—I’__arvulaque,*etc.
2870 2617 3145 2693 Fortasse,
3177 2636 3331 2690 prave
3358 2617 3701 2693 sapientibus.

2344 2689 2469 2744 555.
2514 2690 2647 2759 Reg.
2684 2690 2910 2744 Parvula
2934 2692 3020 2761 qui
3042 2690 3319 2760 infantum,
3348 2689 3493 2759 quod
3526 2690 3867 2745 subobscure

2274 2761 2540 2815 indicatur
2566 2761 2619 2813 in
2642 2761 2825 2819 Rom..
2861 2765 2951 2815 ubi
2985 2761 3241 2818 mendum
3272 2772 3358 2816 est
3381 2764 3467 2817 vix
3494 2777 3593 2832 pro
3616 2767 3713 2832 vis.

2344 2832 2471 2885 554.
2502 2832 2766 2897 Conficiet
2788 2832 2982 2905 aliquis
3011 2848 3076 2887 ex
3103 2843 3253 2905 textu
3277 2830 3578 2905 Evangelii,
3599 2830 3719 2886 lant
3740 2830 3870 2905 mihi

2274 2905 2507 2976 regnanti
2529 2914 2643 2957 sunt
2667 2903 2840 2976 omnia
2866 2904 3059 2957 tradita
3095 2902 3262 2966 Patri,
3298 2919 3396 2976 pro
3421 2901 3452 2958 ἀ
3477 2912 3726 2976 regnante
3758 2901 3873 2976 Pa-

2275 2985 2368 3028 tre.
2392 2974 2545 3030 Solet
2567 2976 2708 3028 enim
2732 2973 3002 3029 Juvencus
3033 2977 3115 3028 his
3142 2975 3339 3030 dativis
3363 2991 3463 3044 pro
3483 2973 3733 3030 ablativis
3761 2974 3870 3030 uti.

2276 3046 2334 3100 ln
2366 3061 2424 3101 re
2456 3046 2709 3111 imcsenti
2746 3046 2906 3100 nimis
2937 3046 3170 3116 implexa
3201 3047 3278 3102 sic
3305 3046 3565 3102 evaderet
3593 3048 3870 3118 syntaxis,

2276 3126 2331 3172 et
2359 3132 2546 3180 parum
2572 3120 2719 3172 clara
2749 3120 3038 3173 sententia.

576 3184 837 3268 olurtisit:
868 3182 991 3268 Ipse
1019 3184 1277 3268 est.Elias
1300 3228 1314 3249 ,
1341 3186 1470 3268 felix
1495 3182 1740 3268 venturus
1770 3188 1822 3240 in
1845 3203 2033 3241 tecum.
2068 3188 2173 3268 Stt-
2199 3202 2247 3268 ο
2349 3188 2733 3268 559ᾏΡοθιηι..
2751 3189 2888 3251 Οιι.,
2916 3204 2945 3242 a
2967 3204 3047 3258 pr.
3075 3204 3171 3249 ιη..
3196 3205 3434 3268 munera,
3458 3204 3654 3268 ex__quo
3676 3189 3732 3242 iu
3754 3188 3875 3245 Ott.

574 3254 827 3327 spicabar
855 3272 869 3309 :
902 3254 967 3327 'S_i
990 3256 1141 3310 vultis
1164 3254 1391 3311 volucris
1431 3258 1720 3327 penetralia
1765 3274 1973 3312 noscere
2004 3258 2167 3326 smcli,

574 3352 645 3364 --
670 3322 793 3400 Ipse
821 3337 892 3380 est
918 3324 1146 3383 Joannes
1174 3330 1304 3400 felix
1344 3322 1590 3385 venturus
1630 3332 1684 3384 in
1707 3345 1874 3385 sevum
1911 3360 1981 3371 —
2020 3322 2170 3386 Eltas

572 3396 833 3466 quondam
860 3414 1031 3469 quem,
1058 3408 1165 3455 etc.

2279 3269 2431 3386 racte
2474 3261 2674 3315 factum
2710 3275 2943 3327 munere,
2987 3260 3453 3316 consentientibus
3482 3261 3602 3316 aliis
3638 3274 3770 3316 mss.
3820 3271 3879 3315 et

2279 3347 2309 3386 e
2352 3344 2461 3386 itis.

2278 3344 2461 3386 θαιιιε.

2346 3403 2473 3458 561.
2507 3394 2918 3474 Schoettgcuius
2939 3404 3252 3476 suspicatur
3275 3408 3413 3476 ferre
3433 3419 3534 3476 pro
3561 3405 3737 3476 forte:
3770 3404 3880 3460 hoc

2097 3514 2329 3572 NOTAE.

646 3606 992 3681 542ηᾼινοιυ,
1025 3610 1079 3664 in
1129 3608 1329 3665 bonam
1377 3620 1609 3681 partem,
1667 3609 1990 3681 vehemens,
2036 3624 2171 3664 con-

579 3690 749 3735 stans.
788 3680 1064 3748 Horatius,
1120 3680 1155 3736 Ι.
1208 3698 1267 3747 ιι,
1299 3680 1391 3737 od.
1422 3684 1475 3745 1,
1534 3696 1675 3736 vers.
1707 3681 1780 3735 25
1813 3699 1827 3734 :
1862 3680 1930 3733 Et
1978 3693 2172 3735 cuncta

578 3762 835 3805 terrarum
858 3751 1076 3806 subacta
1101 3783 1173 3791 —
1194 3751 1397 3807 Prwter
1421 3762 1648 3807 atrocem
1677 3754 1913 3806 animum
1936 3749 2172 3807 Catonis.

580 3822 772 3896 Silius,
802 3822 851 3896 1ἑ
875 3839 949 3891 vt,
966 3839 1111 3879 vers.
1144 3824 1250 3896 578
1267 3842 1279 3876 :
1297 3826 1567 3879 Atroxilla
1584 3826 1735 3896 fides.

652 3891 777 3946 545.
813 3892 1107 3956 Summam.
1151 3895 1339 3957 ﬁnem,
1380 3891 1858 3963 complementum.
1889 3895 2178 3961 Quintilia-

579 3976 705 4029 nus,
738 3963 774 4017 Ι.
807 3979 863 4020 ιιι
886 3979 934 4018 c.
968 3965 1033 4017 Ξῖ
1060 3964 1200 4018 Huic
1225 3966 1473 4030 studium,
1507 3975 1554 4020 et
1583 3967 1955 4020 incrementum
1983 3967 2180 4019 dederit

579 4033 804 4101 utilitas,
829 4051 1083 4089 summam
1106 4037 1238 4088 ratio
1260 4047 1305 4088 et
1330 4037 1648 4091 exercitatio.
1674 4036 1873 4091 Confer
1903 4036 2181 4091 Barthiutn

578 4118 632 4161 et
671 4104 1068 4178 Burmanuum.
1096 4107 1163 4161 ad
1191 4105 1361 4162 Gratii
1389 4107 1652 4178 Cyneget.
1683 4122 1828 4162 vers.
1856 4109 1980 4162 5t7.

653 4176 779 4249 545.
815 4178 1102 4233 Matthaaus
1146 4180 1323 4249 solum
1349 4176 1494 4244 hmo;
1549 4176 1612 4233 Et
1657 4181 1703 4233 si
1743 4178 1900 4233 vultis
1930 4179 2177 4249 recipere.

588 4247 776 4304 Versio
801 4258 954 4305 vetus
984 4252 1038 4304 in
1069 4250 1194 4305 cod.
1226 4247 1466 4305 Golbert.
1498 4266 1619 4305 cum
1648 4250 2010 4317 'l‘ertulliano,
2040 4247 2080 4304 't.
2114 4253 2181 4306 de

585 4320 783 4394 Anima
813 4336 935 4394 cap.
961 4322 1063 4377 35:
1098 4321 1164 4375 Et
1190 4323 1243 4394 si
1256 4321 1420 4394 vultis
1446 4321 1652 4375 audire.
1677 4322 1863 4378 Codex
1891 4321 2177 4394 Sangerm.

587 4390 640 4453 4,
669 4405 791 4444 cum
822 4393 1186 4455 (llaramont..
1222 4393 1286 4447 Et
1313 4395 1358 4447 si
1380 4394 1531 4447 vultis
1559 4394 1713 4447 scire.

658 4462 783 4517 546.
819 4461 995 4536 Verba
1027 4454 1260 4519 Matthxi
1290 4474 1445 4519 sunt:
1482 4462 1606 4536 Ipse
1635 4475 1711 4519 est
1740 4463 1911 4531 Elias,
1941 4465 2030 4534 qui
2055 4482 2179 4519 ven-
2208 4454 2261 4516 D

586 4542 733 4587 turus
780 4543 875 4587 est.
918 4533 1074 4600 Quod
1125 4544 1305 4592 autem
1351 4533 1843 4604 Elias'sumpserit
1892 4536 2184 4591 habitabile

588 4604 1043 4678 corpusJoannis,
1062 4606 1557 4678 mctempsychosin
1576 4608 1805 4662 redolet.
1824 4607 2183 4677 Eratquidcm

592 4674 694 4727 hoc
720 4676 914 4747 dogma
931 4678 1066 4732 satis
1095 4674 1354 4748 frequens
1374 4678 1514 4732 inter
1533 4678 1750 4735 Jndteos
1771 4674 2182 4733 Citristiaitate:

588 4748 677 4818 qui
710 4759 994 4818 propterea
1022 4750 1284 4818 putabant
1304 4750 1581 4806 Christum
1612 4764 1735 4805 esse
1756 4749 2020 4805 Joannem
2050 4749 2185 4816 Bap-

590 4817 795 4884 tistatu,
817 4817 915 4872 aut
942 4817 1261 4882 Jeremiaiu,
1292 4831 1385 4875 aut
1416 4821 1607 4884 tiliam,
1637 4832 1729 4875 aut
1760 4822 1923 4874 alium
1953 4836 2016 4875 ex
2064 4836 2185 4884 pro-

594 4887 790 4961 phetis.
828 4889 1300 4961 Eodentpertinct
1330 4893 1472 4961 quod
1509 4892 1749 4947 Herodes
1793 4892 2006 4947 dicebat
2044 4891 2181 4946 Mul-

596 4958 721 5013 thtci
754 4976 858 5036 xw,
892 4960 927 5014 2
955 4978 983 5036 _:_
1009 4958 1111 5036 Hic
1136 4958 1469 5036 estAJoannes
1499 4962 1773 5036 Baptista:
1808 4966 1919 5036 ipse
1957 4965 2184 5036 surrexit

591 5047 625 5083 η
654 5031 894 5087 mortuis.
928 5034 1176 5088 Christus
1201 5034 1267 5087 de
1286 5036 1495 5090 Joanne
1521 5031 1713 5089 eodem
1743 5035 1907 5089 modo
1928 5035 2030 5087 ait:
2063 5031 2185 5101 Ipse

591 5111 667 5156 est
700 5102 841 5157 tilias
866 5120 885 5168 ;
914 5105 1008 5158 sed
1039 5121 1160 5158 cum
1194 5107 1360 5160 addat
1385 5126 1395 5160 :
1432 5107 1533 5173 Qui
1555 5106 1708 5161 habet
1736 5121 1886 5160 aures
1910 5105 2182 5169 audiendi,

593 5173 797 5240 audiat,
829 5176 1054 5245 mystice
1099 5177 1229 5231 illud
1275 5178 1683 5246 intelligendum
1717 5193 1838 5232 esse
1862 5189 2047 5246 aperte
2085 5177 2184 5230 de-

595 5246 786 5300 clarat.
831 5246 1030 5300 Eadem
1070 5248 1445 5315 interpretatio
1489 5250 1721 5315 quadrat
1761 5252 1813 5302 in
1860 5249 2182 5313 Juvencutn,

596 5317 687 5389 qui
715 5318 861 5372 illico
896 5319 1211 5389 subjuugit:
1244 5320 1438 5373 Audiat
1477 5318 1587 5374 Itth
1613 5320 1765 5373 dictis
1793 5320 2026 5389 pandens
2054 5319 2186 5371 vita-

596 5388 730 5443 libus
756 5406 925 5443 aures.
959 5388 1262 5446 Reuschius
1290 5401 1467 5445 tamen
1494 5388 1802 5459 suspicatur
1827 5407 1892 5446 ex
1921 5392 2022 5444 hoc
2049 5390 2189 5457 loco,

595 5468 650 5513 et
690 5476 755 5515 ex
788 5476 933 5517 vers.
976 5463 1103 5529 524,
1134 5462 1432 5519 Jnvencutn
1464 5479 1532 5518 ex
1562 5462 1802 5518 Platonis
1827 5463 2014 5517 schola
2064 5476 2190 5528 pro-

601 5530 839 5606 diissenzA
858 5536 1104 5606 agnoscit
1138 5535 1280 5590 enim
1324 5547 1569 5606 apertam
1598 5534 2093 5606 tuetempsychosin
2124 5546 2191 5586 eo

602 5602 917 5681 versqbi‘.‘
940 5623 1103 5681 ouem
1136 5608 1217 5664 sic
1246 5602 1413 5680 legit:
1436 5609 1516 5663 Ad
1542 5624 1728 5681 corpus
1752 5602 1986 5662 remeans
2008 5606 2231 5658 animae.

590 5673 707 5741 jam
726 5672 889 5727 libera
914 5678 1094 5732 virtus.

596 5780 623 5807 ιι
669 5742 794 5799 548.
827 5741 1168 5818 Flammipes,
1205 5751 1523 5807 vocabulum
1553 5767 1753 5806 novum
1777 5765 1804 5803 a
1833 5750 2074 5804 Juvunco
2104 5763 2191 5803 ra-

2282 3610 2428 3665 tione
2457 3609 2720 3681 analogiaa
2743 3609 3054 3665 formatum.
3082 3610 3367 3667 Simulatio
3393 3608 3663 3681 interdum
3685 3609 3885 3665 simili-

2284 3681 2523 3736 tudinem
2543 3682 3009 3753 intitationemque
3030 3683 3331 3753 signihcat;
3361 3680 3506 3751 quod
3533 3680 3881 3753 hocJuvenci

2283 3767 2439 3807 versu
2471 3754 2754 3807 continuat
2787 3751 3140 3808 Forcbllimis.
3173 3752 3365 3808 Glossa
3395 3754 3448 3807 in
3473 3751 3595 3805 cod.
3626 3751 3758 3821 lleg.
3792 3764 3886 3809 est

2283 3823 2755 3879 simulatio—sicut
2774 3826 2910 3879 visus
2928 3833 3024 3879 est.
3040 3824 3185 3878 Libr.
3202 3839 3282 3887 III,
3304 3838 3445 3877 vers.
3463 3822 3593 3888 265,
3618 3824 3670 3875 in
3682 3823 3884 3881 eodem

2286 3906 2643 3966 argumento:
2697 3896 2856 3967 Quem
2903 3906 3126 3967 praepete
3173 3892 3640 3967 currite—Turbine
3680 3896 3885 3950 calesti

2286 3967 2550 4039 quondam
2576 3966 2826 4021 simulata
2852 3966 3203 4039 quadrigis—
3226 3966 3392 4039 Astris
3433 3966 3651 4019 inseruit
3678 3967 3889 4039 rapide:

2287 4039 2360 4091 vis
2385 4038 2583 4107 fervida
2611 4041 2857 4109 flammae.
2894 4038 3167 4101 Sedulius,
3202 4052 3241 4103 ι,
3278 4038 3380 4092 165
3410 4055 3422 4090 :
3457 4039 3625 4109 Aurea
3654 4038 3891 4109 [lanuui—

2288 4112 2425 4180 geris
2453 4107 2651 4181 evectus
2680 4110 2731 4163 in
2764 4121 2906 4165 astra
2935 4109 3224 4181 quadrigis.
3256 4107 3783 4181 Arntzeuiuspath.
3815 4109 3885 4173 l;,

2289 4175 2397 4234 iton
2418 4179 2679 4235 dissimile
2708 4184 2785 4235 ait
2812 4175 3066 4237 essehoc
3095 4175 3319 4234 Juveuci
3340 4220 3354 4243 ,
3400 4180 3493 4233 sed
3525 4178 3654 4246 legit
3687 4175 3886 4231 Flam-

2288 4254 2540 4324 migerum
2568 4254 2765 4324 rapuit.
2816 4252 3189 4324 Coulerendus
3218 4256 3302 4306 est
3331 4249 3495 4306 etiam
3529 4248 3787 4304 Muncker
3815 4251 3888 4305 ad

2289 4321 2539 4392 Fu'lgent.
2573 4323 2607 4377 Ι.
2644 4339 2657 4375 t
2686 4323 2999 4448 Mythol.p.
3035 4321 3160 4377 616.

2358 4396 2485 4448 549.
2529 4395 2728 4448 Supra.
2758 4408 2902 4448 vers.
2973 4395 3077 4448 54ε
3126 4394 3160 4447 Α

2358 4391 2485 4452 549.
2529 4391 2902 4465 δευρί-δίνας.
2933 4391 3041 4449 454
3066 4411 3077 4448 :
3126 4391 3355 4447 Auribus
3384 4399 3473 4445 aut
3499 4391 3649 4447 duris
3676 4404 3890 4466 spernet

2288 4467 2466 4521 vitalia
2493 4466 2664 4520 verba.

2361 4540 2487 4595 550.
2510 4537 2762 4608 ,CAPUI‘
2806 4534 2952 4591 XXI.
2991 4536 3261 4608 Confessio
3285 4535 3411 4591 Jesu
3442 4538 3510 4590 ad
3548 4533 3785 4608 Patrem,
3838 4548 3893 4593 et

2278 4613 2466 4681 jugum
2490 4607 2702 4663 Domini
2727 4613 2831 4663 leve
2851 4624 2979 4663 esse.
3008 4607 3196 4664 Matth.
3214 4625 3286 4675 χι,
3311 4609 3383 4665 25
3404 4624 3541 4679 seq.;
3568 4607 3701 4662 Luc.
3732 4624 3784 4676 x,
3812 4609 3883 4665 2|

2289 4696 2443 4747 seqq.
3234 4732 3239 4737 ,

2398 4752 2484 4807 54.
2515 4752 2706 4805 Omnia
2730 4750 2922 4814 Patris,
2951 4765 3145 4820 nempe
3167 4751 3372 4817 omnia,
3393 4767 3511 4818 qua:
3535 4751 3712 4806 Patris
3733 4760 3893 4818 sunt,

2292 4834 2347 4875 ut
2373 4823 2409 4876 Ι.
2438 4823 2493 4878 h.
2526 4839 2668 4879 vers.
2692 4822 2832 4879 199:
2872 4824 3063 4876 Omnia
3094 4823 3305 4885 mundi;
3332 4832 3386 4877 et
3408 4824 3443 4875 Ι.
3472 4838 3547 4890 tv,
3572 4838 3718 4877 vers.
3740 4824 3892 4878 iis:

2295 4892 2483 4949 Omnia
2521 4911 2742 4964 pompm.
2801 4894 3087 4948 Mattltmus
3125 4893 3199 4949 ait
3233 4912 3245 4947 :
3292 4891 3481 4948 Omnia
3520 4895 3648 4949 mihi
3692 4894 3897 4949 tradita

2293 4977 2408 5018 sunt
2430 4984 2462 5019 a
2482 4966 2659 5020 Patre.

2366 5038 2490 5093 560.
2521 5038 2804 5091 Matth’reus
2838 5055 2851 5090 :
2884 5036 2953 5090 Et
2982 5053 3074 5107 ego
3098 5036 3329 5108 reficiam
3355 5052 3462 5090 vos.
3494 5036 3781 5108 Saugerm.
3802 5036 3845 5090 2
3879 5055 3897 5093 :

2300 5108 2362 5181 Et
2392 5126 2484 5181 ego
2514 5110 2768 5177 reficiam,
2797 5125 2890 5181 gos
2918 5107 3470 5181 requiescerefaciam.
3501 5107 3895 5181 Hieronymus.

2295 5180 2351 5235 in
2379 5177 2567 5235 Isaiam
2598 5195 2718 5233 Lvtn
2747 5198 2758 5232 :
2789 5177 2856 5231 Et
2880 5177 3139 5251 ego'vobis
3164 5178 3299 5231 dabo
3321 5179 3580 5251 requiem:
3613 5177 3719 5234 hoc
3740 5181 3900 5234 enim

2296 5252 2588 5321 signilit-at,
2620 5252 2697 5304 ait
2729 5251 2868 5320 ipse,
2911 5249 3195 5306 ἆναπαύσω
3225 5251 3380 5321 ὑμᾶς.
3423 5249 3711 5305 (John-rent
3742 5251 3899 5304 Prin-

2297 5322 2618 5385 destinatus,
2664 5321 2782 5379 libr.
2821 5337 2900 5382 tu,
2945 5333 3075 5377 tom.
3111 5321 3128 5375 I
3157 5321 3457 5380 Sirnmndi,
3489 5332 3684 5376 auctor
3707 5322 3902 5388 operis

2298 5393 2599 5463 imperfecti
2634 5394 2687 5447 in
2726 5393 2897 5463 Matt.,
2940 5405 2996 5448 et
3028 5394 3130 5446 hoc
3161 5394 3282 5447 loco
3310 5391 3603 5447 Juveucns.
3649 5393 3904 5448 Schoett-

2295 5462 2486 5534 genius
2503 5468 2776 5532 observat,
2793 5464 3375 5534 eleganterJuvcncum
3392 5462 3904 5531 circumscripsisse

2294 5533 2354 5593 4τό
2385 5538 2670 5595 ἀναπαύσω
2700 5551 2823 5591 cum
2855 5533 3153 5606 interprete
3189 5533 3347 5606 Syro.
3394 5534 3582 5589 Simile
3608 5536 3736 5604 quid
3762 5537 3899 5588 ani-

2298 5610 2588 5663 madvertit
2618 5608 2686 5663 ad
2715 5623 2833 5678 cap.
2865 5624 2895 5660 v
2928 5608 3079 5678 Matt.
3110 5605 3182 5662 45
3216 5605 3241 5659 τ
3262 5606 3362 5671 Qui
3391 5609 3552 5661 solem
3582 5621 3734 5661 suum
3759 5605 3904 5659 oriri

2295 5681 2419 5748 facit
2444 5695 2595 5748 super
2628 5677 2794 5733 bonos
2813 5688 2858 5732 et
2884 5677 3069 5731 malos.

2365 5748 2489 5805 561.
2518 5749 2678 5805 Forte
2699 5751 3072 5819 accipiendum
3094 5761 3176 5804 est
3196 5750 3437 5805 adverbii
3461 5765 3634 5815 more,
3661 5763 3757 5818 pro
3779 5751 3876 5817 for
3891 5768 3917 5791 ‘-
