  <div class='ocr_page' id='page_1' title='image "/cluster/home/n/w/nwhite01/storage/ocr_20150623/19/hvd.32044096580451/105.png"; bbox 0 0 4154 6176; ppageno 0'>
   <div class='ocr_carea' id='block_1_1' title="bbox 627 158 734 219">
    <p class='ocr_par' dir='ltr' id='par_1_1' title="bbox 627 158 734 219">
     <span class='ocr_line' id='line_1_1' title="bbox 627 158 734 219; baseline -0.019 0"><span class='ocrx_word' id='word_1_1' title='bbox 627 158 734 219; x_wconf 77' lang='lat' dir='ltr'><strong>I99</strong></span> 
     </span>
    </p>
   </div>
   <div class='ocr_carea' id='block_1_2' title="bbox 777 270 1936 338">
    <p class='ocr_par' dir='ltr' id='par_1_2' title="bbox 777 270 1936 338">
     <span class='ocr_line' id='line_1_2' title="bbox 777 270 1936 338; baseline -0.001 -10"><span class='ocrx_word' id='word_1_2' title='bbox 777 271 1072 329; x_wconf 84' lang='lat' dir='ltr'><strong>Verborum</strong></span> <span class='ocrx_word' id='word_1_3' title='bbox 1100 272 1253 331; x_wconf 80' lang='lat' dir='ltr'><strong>rabie</strong></span> <span class='ocrx_word' id='word_1_4' title='bbox 1275 270 1589 338; x_wconf 88' lang='lat' dir='ltr'><strong>violabitur,</strong></span> <span class='ocrx_word' id='word_1_5' title='bbox 1621 270 1936 328; x_wconf 89' lang='lat' dir='ltr'><strong>irrevocatis</strong></span> 
     </span>
    </p>
   </div>
   <div class='ocr_carea' id='block_1_3' title="bbox 776 348 2078 435">
    <p class='ocr_par' dir='ltr' id='par_1_3' title="bbox 776 348 2078 435">
     <span class='ocr_line' id='line_1_3' title="bbox 776 348 2078 435; baseline -0.005 -13"><span class='ocrx_word' id='word_1_6' title='bbox 776 364 1092 435; x_wconf 87' lang='lat' dir='ltr'><strong>Suppliciis,</strong></span> <span class='ocrx_word' id='word_1_7' title='bbox 1130 348 1274 421; x_wconf 88' lang='lat' dir='ltr'><strong>nunc</strong></span> <span class='ocrx_word' id='word_1_8' title='bbox 1294 372 1349 421; x_wconf 91' lang='lat' dir='ltr'><strong>et</strong></span> <span class='ocrx_word' id='word_1_9' title='bbox 1369 377 1589 432; x_wconf 85' lang='lat' dir='ltr'><strong>semper</strong></span> <span class='ocrx_word' id='word_1_10' title='bbox 1619 363 1915 420; x_wconf 89' lang='lat' dir='ltr'><strong>torrebitur</strong></span> <span class='ocrx_word' id='word_1_11' title='bbox 1947 363 2078 434; x_wconf 87' lang='lat' dir='ltr'><strong>igni.</strong></span> 
     </span>
    </p>
   </div>
   <div class='ocr_carea' id='block_1_4' title="bbox 769 459 2076 531">
    <p class='ocr_par' dir='ltr' id='par_1_4' title="bbox 769 459 2076 531">
     <span class='ocr_line' id='line_1_4' title="bbox 769 459 2076 531; baseline -0.002 -16"><span class='ocrx_word' id='word_1_12' title='bbox 769 460 995 530; x_wconf 82' lang='lat' dir='ltr'><strong>Quando</strong></span> <span class='ocrx_word' id='word_1_13' title='bbox 1023 460 1325 518; x_wconf 89' lang='lat' dir='ltr'><strong>veneniferi</strong></span> <span class='ocrx_word' id='word_1_14' title='bbox 1361 459 1633 531; x_wconf 75' lang='lat' dir='ltr'><strong>serpentis</strong></span> <span class='ocrx_word' id='word_1_15' title='bbox 1663 474 1806 514; x_wconf 66' lang='lat' dir='ltr'><strong>saava</strong></span> <span class='ocrx_word' id='word_1_16' title='bbox 1837 473 2076 530; x_wconf 79' lang='lat' dir='ltr'><strong>propago</strong></span> 
     </span>
    </p>
   </div>
   <div class='ocr_carea' id='block_1_5' title="bbox 765 553 2055 627">
    <p class='ocr_par' dir='ltr' id='par_1_5' title="bbox 765 553 2055 627">
     <span class='ocr_line' id='line_1_5' title="bbox 765 553 2055 627; baseline -0.007 -11"><span class='ocrx_word' id='word_1_17' title='bbox 765 558 1090 616; x_wconf 89' lang='lat' dir='ltr'><strong>Sermonum</strong></span> <span class='ocrx_word' id='word_1_18' title='bbox 1117 556 1263 613; x_wconf 88' lang='lat' dir='ltr'><strong>dulci</strong></span> <span class='ocrx_word' id='word_1_19' title='bbox 1285 556 1488 627; x_wconf 90' lang='lat' dir='ltr'><strong>poterit</strong></span> <span class='ocrx_word' id='word_1_20' title='bbox 1516 555 1809 611; x_wconf 75' lang='lat' dir='ltr'><strong>mitescere</strong></span> <span class='ocrx_word' id='word_1_21' title='bbox 1838 553 2055 609; x_wconf 78' lang='lat' dir='ltr'><strong>fructu?</strong></span> 
     </span>
    </p>
   </div>
   <div class='ocr_carea' id='block_1_6' title="bbox 623 645 2143 719">
    <p class='ocr_par' dir='ltr' id='par_1_6' title="bbox 623 645 2143 719">
     <span class='ocr_line' id='line_1_6' title="bbox 623 645 2143 719; baseline -0.005 -11"><span class='ocrx_word' id='word_1_22' title='bbox 623 648 730 708; x_wconf 85' lang='grc'><strong>655</strong></span> <span class='ocrx_word' id='word_1_23' title='bbox 766 649 901 707; x_wconf 87' lang='lat' dir='ltr'><strong>Nam</strong></span> <span class='ocrx_word' id='word_1_24' title='bbox 930 650 1073 705; x_wconf 90' lang='lat' dir='ltr'><strong>bona</strong></span> <span class='ocrx_word' id='word_1_25' title='bbox 1095 648 1372 706; x_wconf 80' lang='lat' dir='ltr'><strong>thesauris</strong></span> <span class='ocrx_word' id='word_1_26' title='bbox 1401 658 1727 719; x_wconf 90' lang='lat' dir='ltr'><strong>promuntur</strong></span> <span class='ocrx_word' id='word_1_27' title='bbox 1756 647 1936 703; x_wconf 82' lang='lat' dir='ltr'><strong>dulcia</strong></span> <span class='ocrx_word' id='word_1_28' title='bbox 1961 645 2143 718; x_wconf 90' lang='lat' dir='ltr'><strong>justis,</strong></span> 
     </span>
    </p>
   </div>
   <div class='ocr_carea' id='block_1_7' title="bbox 768 741 2002 811">
    <p class='ocr_par' dir='ltr' id='par_1_7' title="bbox 768 741 2002 811">
     <span class='ocr_line' id='line_1_7' title="bbox 768 741 2002 811; baseline -0.004 -13"><span class='ocrx_word' id='word_1_29' title='bbox 768 743 836 798; x_wconf 84' lang='lat' dir='ltr'><strong>Et</strong></span> <span class='ocrx_word' id='word_1_30' title='bbox 872 743 1011 799; x_wconf 90' lang='lat' dir='ltr'><strong>mala</strong></span> <span class='ocrx_word' id='word_1_31' title='bbox 1042 741 1298 799; x_wconf 86' lang='lat' dir='ltr'><strong>lethifero</strong></span> <span class='ocrx_word' id='word_1_32' title='bbox 1324 741 1627 811; x_wconf 89' lang='lat' dir='ltr'><strong>procedunt</strong></span> <span class='ocrx_word' id='word_1_33' title='bbox 1654 754 1752 796; x_wconf 88' lang='lat' dir='ltr'><strong>ore</strong></span> <span class='ocrx_word' id='word_1_34' title='bbox 1771 753 2002 795; x_wconf 90' lang='lat' dir='ltr'><strong>venena.</strong></span> 
     </span>
    </p>
   </div>
   <div class='ocr_carea' id='block_1_8' title="bbox 772 830 2216 909">
    <p class='ocr_par' dir='ltr' id='par_1_8' title="bbox 772 830 2216 909">
     <span class='ocr_line' id='line_1_8' title="bbox 772 830 2216 909; baseline -0.005 -16"><span class='ocrx_word' id='word_1_35' title='bbox 772 839 933 909; x_wconf 92' lang='lat'><strong>222</strong></span> <span class='ocrx_word' id='word_1_36' title='bbox 969 835 1268 892; x_wconf 86' lang='lat' dir='ltr'><strong>Verborum</strong></span> <span class='ocrx_word' id='word_1_37' title='bbox 1301 834 1510 891; x_wconf 87' lang='lat' dir='ltr'><strong>meritis</strong></span> <span class='ocrx_word' id='word_1_38' title='bbox 1537 830 1723 891; x_wconf 83' lang='lat' dir='ltr'><strong>veniet</strong></span> <span class='ocrx_word' id='word_1_39' title='bbox 1757 834 1859 889; x_wconf 89' lang='lat' dir='ltr'><strong>sub</strong></span> <span class='ocrx_word' id='word_1_40' title='bbox 1882 832 2065 902; x_wconf 84' lang='lat' dir='ltr'><strong>judice</strong></span> <span class='ocrx_word' id='word_1_41' title='bbox 2085 832 2216 899; x_wconf 86' lang='lat' dir='ltr'><strong>vita,</strong></span> 
     </span>
    </p>
   </div>
   <div class='ocr_carea' id='block_1_9' title="bbox 765 925 2084 997">
    <p class='ocr_par' dir='ltr' id='par_1_9' title="bbox 765 925 2084 997">
     <span class='ocr_line' id='line_1_9' title="bbox 765 925 2084 997; baseline -0.004 -15"><span class='ocrx_word' id='word_1_42' title='bbox 765 926 1072 983; x_wconf 80' lang='lat' dir='ltr'><strong>Verborum</strong></span> <span class='ocrx_word' id='word_1_43' title='bbox 1102 927 1315 983; x_wconf 90' lang='lat' dir='ltr'><strong>meritis</strong></span> <span class='ocrx_word' id='word_1_44' title='bbox 1338 926 1556 982; x_wconf 81' lang='lat' dir='ltr'><strong>dabitur</strong></span> <span class='ocrx_word' id='word_1_45' title='bbox 1576 926 1677 982; x_wconf 88' lang='lat' dir='ltr'><strong>sub</strong></span> <span class='ocrx_word' id='word_1_46' title='bbox 1694 925 1880 997; x_wconf 88' lang='lat' dir='ltr'><strong>judice</strong></span> <span class='ocrx_word' id='word_1_47' title='bbox 1906 939 2084 994; x_wconf 67' lang='lat' dir='ltr'><strong>pinna.</strong></span> 
     </span>
    </p>
   </div>
   <div class='ocr_carea' id='block_1_10' title="bbox 834 1017 2180 1088">
    <p class='ocr_par' dir='ltr' id='par_1_10' title="bbox 834 1017 2180 1088">
     <span class='ocr_line' id='line_1_10' title="bbox 834 1017 2180 1088; baseline -0.004 -12"><span class='ocrx_word' id='word_1_48' title='bbox 834 1021 969 1088; x_wconf 64' lang='lat' dir='ltr'><strong>Qua:</strong></span> <span class='ocrx_word' id='word_1_49' title='bbox 984 1020 1214 1078; x_wconf 75' lang='lat' dir='ltr'><strong>Genitor</strong></span> <span class='ocrx_word' id='word_1_50' title='bbox 1243 1022 1435 1088; x_wconf 89' lang='lat' dir='ltr'><strong>faciet,</strong></span> <span class='ocrx_word' id='word_1_51' title='bbox 1465 1020 1761 1076; x_wconf 84' lang='lat' dir='ltr'><strong>sectabitur</strong></span> <span class='ocrx_word' id='word_1_52' title='bbox 1782 1020 1962 1074; x_wconf 86' lang='lat' dir='ltr'><strong>omnia</strong></span> <span class='ocrx_word' id='word_1_53' title='bbox 1990 1017 2180 1073; x_wconf 86' lang='lat' dir='ltr'><strong>Natus.</strong></span> 
     </span>
    </p>
   </div>
   <div class='ocr_carea' id='block_1_11' title="bbox 631 1108 2219 1184">
    <p class='ocr_par' dir='ltr' id='par_1_11' title="bbox 631 1108 2219 1184">
     <span class='ocr_line' id='line_1_11' title="bbox 631 1108 2219 1184; baseline -0.004 -15"><span class='ocrx_word' id='word_1_54' title='bbox 631 1112 738 1170; x_wconf 69' lang='lat'><strong>640</strong></span> <span class='ocrx_word' id='word_1_55' title='bbox 772 1112 1018 1184; x_wconf 87' lang='lat' dir='ltr'><strong>Namque</strong></span> <span class='ocrx_word' id='word_1_56' title='bbox 1061 1113 1205 1169; x_wconf 89' lang='lat' dir='ltr'><strong>idem</strong></span> <span class='ocrx_word' id='word_1_57' title='bbox 1234 1112 1373 1168; x_wconf 84' lang='lat' dir='ltr'><strong>Nato</strong></span> <span class='ocrx_word' id='word_1_58' title='bbox 1401 1112 1719 1168; x_wconf 81' lang='lat' dir='ltr'><strong>manifestat</strong></span> <span class='ocrx_word' id='word_1_59' title='bbox 1741 1119 1932 1167; x_wconf 89' lang='lat' dir='ltr'><strong>cuncta</strong></span> <span class='ocrx_word' id='word_1_60' title='bbox 1963 1108 2219 1175; x_wconf 89' lang='lat' dir='ltr'><strong>videnda,</strong></span> 
     </span>
    </p>
   </div>
   <div class='ocr_carea' id='block_1_12' title="bbox 769 1202 2045 1275">
    <p class='ocr_par' dir='ltr' id='par_1_12' title="bbox 769 1202 2045 1275">
     <span class='ocr_line' id='line_1_12' title="bbox 769 1202 2045 1275; baseline -0.005 -14"><span class='ocrx_word' id='word_1_61' title='bbox 769 1205 838 1261; x_wconf 89' lang='lat' dir='ltr'><strong>Et</strong></span> <span class='ocrx_word' id='word_1_62' title='bbox 867 1206 1075 1275; x_wconf 87' lang='lat' dir='ltr'><strong>potiora</strong></span> <span class='ocrx_word' id='word_1_63' title='bbox 1092 1203 1291 1260; x_wconf 86' lang='lat' dir='ltr'><strong>dehinc</strong></span> <span class='ocrx_word' id='word_1_64' title='bbox 1320 1204 1519 1259; x_wconf 86' lang='lat' dir='ltr'><strong>tribuet</strong></span> <span class='ocrx_word' id='word_1_65' title='bbox 1548 1202 1812 1257; x_wconf 90' lang='lat' dir='ltr'><strong>miracula</strong></span> <span class='ocrx_word' id='word_1_66' title='bbox 1839 1216 2045 1257; x_wconf 92' lang='lat' dir='ltr'><strong>rerum.</strong></span> 
     </span>
    </p>
   </div>
   <div class='ocr_carea' id='block_1_13' title="bbox 766 1292 2144 1365">
    <p class='ocr_par' dir='ltr' id='par_1_13' title="bbox 766 1292 2144 1365">
     <span class='ocr_line' id='line_1_13' title="bbox 766 1292 2144 1365; baseline -0.005 -11"><span class='ocrx_word' id='word_1_67' title='bbox 766 1297 919 1354; x_wconf 86' lang='lat' dir='ltr'><strong>Sicut</strong></span> <span class='ocrx_word' id='word_1_68' title='bbox 943 1297 1090 1353; x_wconf 92' lang='lat' dir='ltr'><strong>enim</strong></span> <span class='ocrx_word' id='word_1_69' title='bbox 1122 1295 1355 1353; x_wconf 87' lang='lat' dir='ltr'><strong>Genitor</strong></span> <span class='ocrx_word' id='word_1_70' title='bbox 1384 1296 1669 1351; x_wconf 85' lang='lat' dir='ltr'><strong>demortua</strong></span> <span class='ocrx_word' id='word_1_71' title='bbox 1700 1308 1936 1365; x_wconf 90' lang='lat' dir='ltr'><strong>corpora</strong></span> <span class='ocrx_word' id='word_1_72' title='bbox 1967 1292 2144 1349; x_wconf 89' lang='lat' dir='ltr'><strong>reddit</strong></span> 
     </span>
    </p>
   </div>
   <div class='ocr_carea' id='block_1_14' title="bbox 769 1386 1996 1456">
    <p class='ocr_par' dir='ltr' id='par_1_14' title="bbox 769 1386 1996 1456">
     <span class='ocr_line' id='line_1_14' title="bbox 769 1386 1996 1456; baseline -0.007 -7"><span class='ocrx_word' id='word_1_73' title='bbox 769 1390 852 1449; x_wconf 90' lang='lat' dir='ltr'><strong>Ad</strong></span> <span class='ocrx_word' id='word_1_74' title='bbox 879 1391 1088 1448; x_wconf 87' lang='lat' dir='ltr'><strong>claram</strong></span> <span class='ocrx_word' id='word_1_75' title='bbox 1110 1390 1237 1446; x_wconf 62' lang='lat' dir='ltr'><strong>vitae</strong></span> <span class='ocrx_word' id='word_1_76' title='bbox 1256 1390 1456 1456; x_wconf 90' lang='lat' dir='ltr'><strong>lucem,</strong></span> <span class='ocrx_word' id='word_1_77' title='bbox 1486 1390 1567 1444; x_wconf 90' lang='lat' dir='ltr'><strong>sic</strong></span> <span class='ocrx_word' id='word_1_78' title='bbox 1597 1388 1782 1444; x_wconf 88' lang='lat' dir='ltr'><strong>omnia</strong></span> <span class='ocrx_word' id='word_1_79' title='bbox 1808 1386 1996 1454; x_wconf 89' lang='lat' dir='ltr'><strong>Natus,</strong></span> 
     </span>
    </p>
   </div>
   <div class='ocr_carea' id='block_1_15' title="bbox 1895 155 2661 231">
    <p class='ocr_par' dir='ltr' id='par_1_15' title="bbox 1895 155 2661 231">
     <span class='ocr_line' id='line_1_15' title="bbox 1895 155 2661 231; baseline 0.001 -14"><span class='ocrx_word' id='word_1_80' title='bbox 1895 160 1955 217; x_wconf 94' lang='lat' dir='ltr'><strong>C.</strong></span> <span class='ocrx_word' id='word_1_81' title='bbox 1995 155 2062 218; x_wconf 69' lang='grc' dir='ltr'><strong>ν.</strong></span> <span class='ocrx_word' id='word_1_82' title='bbox 2105 158 2336 231; x_wconf 75' lang='grc' dir='ltr'><strong>Αρυιι..</strong></span> <span class='ocrx_word' id='word_1_83' title='bbox 2372 157 2661 219; x_wconf 75' lang='lat' dir='ltr'><strong>JUVENCI</strong></span> 
     </span>
    </p>
   </div>
   <div class='ocr_carea' id='block_1_16' title="bbox 2253 282 2305 339">
    <p class='ocr_par' dir='ltr' id='par_1_16' title="bbox 2253 282 2305 339">
     <span class='ocr_line' id='line_1_16' title="bbox 2253 282 2305 339; baseline 0 0"><span class='ocrx_word' id='word_1_84' title='bbox 2253 282 2305 339; x_wconf 83' lang='lat' dir='ltr'><strong>A</strong></span> 
     </span>
    </p>
   </div>
   <div class='ocr_carea' id='block_1_17' title="bbox 2473 267 3907 341">
    <p class='ocr_par' dir='ltr' id='par_1_17' title="bbox 2473 267 3907 341">
     <span class='ocr_line' id='line_1_17' title="bbox 2473 267 3907 341; baseline -0.001 -16"><span class='ocrx_word' id='word_1_85' title='bbox 2473 271 2604 337; x_wconf 78' lang='lat' dir='ltr'><strong>Qua:</strong></span> <span class='ocrx_word' id='word_1_86' title='bbox 2634 270 2802 336; x_wconf 88' lang='lat' dir='ltr'><strong>volet,</strong></span> <span class='ocrx_word' id='word_1_87' title='bbox 2834 268 2901 326; x_wconf 89' lang='lat' dir='ltr'><strong>ad</strong></span> <span class='ocrx_word' id='word_1_88' title='bbox 2930 282 3162 341; x_wconf 89' lang='lat' dir='ltr'><strong>superos</strong></span> <span class='ocrx_word' id='word_1_89' title='bbox 3182 268 3459 340; x_wconf 72' lang='lat' dir='ltr'><strong>surgentia</strong></span> <span class='ocrx_word' id='word_1_90' title='bbox 3485 281 3716 339; x_wconf 80' lang='lat' dir='ltr'><strong>corpora</strong></span> <span class='ocrx_word' id='word_1_91' title='bbox 3740 267 3907 327; x_wconf 83' lang='lat' dir='ltr'><strong>ducet.</strong></span> 
     </span>
    </p>
   </div>
   <div class='ocr_carea' id='block_1_18' title="bbox 2322 362 3909 436">
    <p class='ocr_par' dir='ltr' id='par_1_18' title="bbox 2322 362 3909 436">
     <span class='ocr_line' id='line_1_18' title="bbox 2322 362 3909 436; baseline 0 -18"><span class='ocrx_word' id='word_1_92' title='bbox 2322 363 2427 419; x_wconf 69' lang='grc'><strong>645</strong></span> <span class='ocrx_word' id='word_1_93' title='bbox 2454 364 2615 436; x_wconf 83' lang='lat'><strong>223</strong></span> <span class='ocrx_word' id='word_1_94' title='bbox 2642 362 2755 420; x_wconf 86' lang='lat' dir='ltr'><strong>Nec</strong></span> <span class='ocrx_word' id='word_1_95' title='bbox 2780 362 3008 421; x_wconf 87' lang='lat' dir='ltr'><strong>Genitor</strong></span> <span class='ocrx_word' id='word_1_96' title='bbox 3032 378 3360 435; x_wconf 87' lang='lat' dir='ltr'><strong>quemquam</strong></span> <span class='ocrx_word' id='word_1_97' title='bbox 3391 363 3583 431; x_wconf 85' lang='lat' dir='ltr'><strong>vestri,</strong></span> <span class='ocrx_word' id='word_1_98' title='bbox 3625 378 3687 418; x_wconf 88' lang='lat' dir='ltr'><strong>se</strong></span> <span class='ocrx_word' id='word_1_99' title='bbox 3715 362 3909 433; x_wconf 85' lang='lat' dir='ltr'><strong>judice,</strong></span> 
     </span>
    </p>
   </div>
   <div class='ocr_carea' id='block_1_19' title="bbox 3605 454 3848 528">
    <p class='ocr_par' dir='ltr' id='par_1_19' title="bbox 3605 454 3848 528">
     <span class='ocr_line' id='line_1_19' title="bbox 3605 454 3848 528; baseline -0.008 -16"><span class='ocrx_word' id='word_1_100' title='bbox 3605 454 3848 528; x_wconf 75' lang='lat' dir='ltr'><strong>[quzerit,</strong></span> 
     </span>
    </p>
   </div>
   <div class='ocr_carea' id='block_1_20' title="bbox 2468 548 3911 621">
    <p class='ocr_par' dir='ltr' id='par_1_20' title="bbox 2468 548 3911 621">
     <span class='ocr_line' id='line_1_20' title="bbox 2468 548 3911 621; baseline -0.001 -14"><span class='ocrx_word' id='word_1_101' title='bbox 2468 549 2577 607; x_wconf 85' lang='lat' dir='ltr'><strong>Sed</strong></span> <span class='ocrx_word' id='word_1_102' title='bbox 2608 549 2760 606; x_wconf 90' lang='lat' dir='ltr'><strong>dedit</strong></span> <span class='ocrx_word' id='word_1_103' title='bbox 2788 549 2908 606; x_wconf 70' lang='lat' dir='ltr'><strong>haec</strong></span> <span class='ocrx_word' id='word_1_104' title='bbox 2936 549 3077 606; x_wconf 87' lang='lat' dir='ltr'><strong>Nato</strong></span> <span class='ocrx_word' id='word_1_105' title='bbox 3107 548 3393 621; x_wconf 70' lang='lat' dir='ltr'><strong>quaerendi</strong></span> <span class='ocrx_word' id='word_1_106' title='bbox 3414 549 3535 620; x_wconf 87' lang='lat' dir='ltr'><strong>jura</strong></span> <span class='ocrx_word' id='word_1_107' title='bbox 3568 564 3671 620; x_wconf 91' lang='lat' dir='ltr'><strong>per</strong></span> <span class='ocrx_word' id='word_1_108' title='bbox 3696 550 3911 618; x_wconf 88' lang='lat' dir='ltr'><strong>orbem,</strong></span> 
     </span>
    </p>
   </div>
   <div class='ocr_carea' id='block_1_21' title="bbox 2465 643 3851 715">
    <p class='ocr_par' dir='ltr' id='par_1_21' title="bbox 2465 643 3851 715">
     <span class='ocr_line' id='line_1_21' title="bbox 2465 643 3851 715; baseline 0 -16"><span class='ocrx_word' id='word_1_109' title='bbox 2465 643 2650 700; x_wconf 91' lang='lat' dir='ltr'><strong>Gloria</strong></span> <span class='ocrx_word' id='word_1_110' title='bbox 2674 659 2783 715; x_wconf 90' lang='lat' dir='ltr'><strong>quo</strong></span> <span class='ocrx_word' id='word_1_111' title='bbox 2813 652 3033 699; x_wconf 89' lang='lat' dir='ltr'><strong>maneat</strong></span> <span class='ocrx_word' id='word_1_112' title='bbox 3060 643 3257 700; x_wconf 85' lang='lat' dir='ltr'><strong>similis</strong></span> <span class='ocrx_word' id='word_1_113' title='bbox 3283 643 3550 714; x_wconf 87' lang='lat' dir='ltr'><strong>Natoque,</strong></span> <span class='ocrx_word' id='word_1_114' title='bbox 3574 643 3851 714; x_wconf 86' lang='lat' dir='ltr'><strong>Patrique.</strong></span> 
     </span>
    </p>
   </div>
   <div class='ocr_carea' id='block_1_22' title="bbox 2467 736 3885 809">
    <p class='ocr_par' dir='ltr' id='par_1_22' title="bbox 2467 736 3885 809">
     <span class='ocr_line' id='line_1_22' title="bbox 2467 736 3885 809; baseline 0.003 -17"><span class='ocrx_word' id='word_1_115' title='bbox 2467 736 2711 809; x_wconf 87' lang='lat' dir='ltr'><strong>Namque</strong></span> <span class='ocrx_word' id='word_1_116' title='bbox 2739 739 2994 809; x_wconf 90' lang='lat' dir='ltr'><strong>repulsus</strong></span> <span class='ocrx_word' id='word_1_117' title='bbox 3023 738 3129 793; x_wconf 89' lang='lat' dir='ltr'><strong>erit</strong></span> <span class='ocrx_word' id='word_1_118' title='bbox 3156 746 3341 794; x_wconf 90' lang='lat' dir='ltr'><strong>vestro</strong></span> <span class='ocrx_word' id='word_1_119' title='bbox 3367 738 3414 792; x_wconf 89' lang='lat' dir='ltr'><strong>si</strong></span> <span class='ocrx_word' id='word_1_120' title='bbox 3444 737 3612 794; x_wconf 84' lang='lat' dir='ltr'><strong>Natus</strong></span> <span class='ocrx_word' id='word_1_121' title='bbox 3641 738 3885 806; x_wconf 75' lang='lat' dir='ltr'><strong>honore,</strong></span> 
     </span>
    </p>
   </div>
   <div class='ocr_carea' id='block_1_23' title="bbox 2466 826 3682 900">
    <p class='ocr_par' dir='ltr' id='par_1_23' title="bbox 2466 826 3682 900">
     <span class='ocr_line' id='line_1_23' title="bbox 2466 826 3682 900; baseline 0.004 -18"><span class='ocrx_word' id='word_1_122' title='bbox 2466 826 2822 900; x_wconf 82' lang='lat' dir='ltr'><strong>improbitate</strong></span> <span class='ocrx_word' id='word_1_123' title='bbox 2849 829 2965 899; x_wconf 91' lang='lat' dir='ltr'><strong>pari</strong></span> <span class='ocrx_word' id='word_1_124' title='bbox 2996 830 3313 886; x_wconf 90' lang='lat' dir='ltr'><strong>Genitorem</strong></span> <span class='ocrx_word' id='word_1_125' title='bbox 3343 828 3682 898; x_wconf 83' lang='lat' dir='ltr'><strong>despicietis.</strong></span> 
     </span>
    </p>
   </div>
   <div class='ocr_carea' id='block_1_24' title="bbox 2322 921 3777 996">
    <p class='ocr_par' dir='ltr' id='par_1_24' title="bbox 2322 921 3777 996">
     <span class='ocr_line' id='line_1_24' title="bbox 2322 921 3777 996; baseline 0.001 -17"><span class='ocrx_word' id='word_1_126' title='bbox 2322 921 2430 979; x_wconf 88' lang='lat'><strong>650</strong></span> <span class='ocrx_word' id='word_1_127' title='bbox 2469 921 2576 979; x_wconf 91' lang='lat' dir='ltr'><strong>Sed</strong></span> <span class='ocrx_word' id='word_1_128' title='bbox 2608 923 2689 978; x_wconf 88' lang='lat' dir='ltr'><strong>sui</strong></span> <span class='ocrx_word' id='word_1_129' title='bbox 2717 932 2905 979; x_wconf 88' lang='lat' dir='ltr'><strong>nostra</strong></span> <span class='ocrx_word' id='word_1_130' title='bbox 2938 923 3101 978; x_wconf 80' lang='lat' dir='ltr'><strong>fidem</strong></span> <span class='ocrx_word' id='word_1_131' title='bbox 3142 925 3412 980; x_wconf 91' lang='lat' dir='ltr'><strong>sermonis</strong></span> <span class='ocrx_word' id='word_1_132' title='bbox 3435 926 3611 995; x_wconf 90' lang='lat' dir='ltr'><strong>gratia</strong></span> <span class='ocrx_word' id='word_1_133' title='bbox 3642 925 3777 996; x_wconf 84' lang='lat' dir='ltr'><strong>figit,</strong></span> 
     </span>
    </p>
   </div>
   <div class='ocr_carea' id='block_1_25' title="bbox 2466 1012 3799 1084">
    <p class='ocr_par' dir='ltr' id='par_1_25' title="bbox 2466 1012 3799 1084">
     <span class='ocr_line' id='line_1_25' title="bbox 2466 1012 3799 1084; baseline 0.005 -17"><span class='ocrx_word' id='word_1_134' title='bbox 2466 1012 2585 1067; x_wconf 80' lang='lat' dir='ltr'><strong>Mox</strong></span> <span class='ocrx_word' id='word_1_135' title='bbox 2619 1029 2705 1068; x_wconf 91' lang='lat' dir='ltr'><strong>me</strong></span> <span class='ocrx_word' id='word_1_136' title='bbox 2725 1013 2988 1069; x_wconf 85' lang='lat' dir='ltr'><strong>mittentis</strong></span> <span class='ocrx_word' id='word_1_137' title='bbox 3012 1013 3291 1070; x_wconf 89' lang='lat' dir='ltr'><strong>Genitoris</strong></span> <span class='ocrx_word' id='word_1_138' title='bbox 3320 1015 3467 1070; x_wconf 88' lang='lat' dir='ltr'><strong>dona</strong></span> <span class='ocrx_word' id='word_1_139' title='bbox 3499 1027 3799 1084; x_wconf 86' lang='lat' dir='ltr'><strong>patescent.</strong></span> 
     </span>
    </p>
   </div>
   <div class='ocr_carea' id='block_1_26' title="bbox 2464 1103 3865 1177">
    <p class='ocr_par' dir='ltr' id='par_1_26' title="bbox 2464 1103 3865 1177">
     <span class='ocr_line' id='line_1_26' title="bbox 2464 1103 3865 1177; baseline 0.004 -17"><span class='ocrx_word' id='word_1_140' title='bbox 2464 1103 2857 1176; x_wconf 69' lang='lat' dir='ltr'><strong>Eternamque</strong></span> <span class='ocrx_word' id='word_1_141' title='bbox 2880 1107 3032 1163; x_wconf 86' lang='lat' dir='ltr'><strong>dabit</strong></span> <span class='ocrx_word' id='word_1_142' title='bbox 3061 1121 3302 1177; x_wconf 60' lang='lat' dir='ltr'><strong>praesens</strong></span> <span class='ocrx_word' id='word_1_143' title='bbox 3327 1111 3635 1164; x_wconf 86' lang='lat' dir='ltr'><strong>constantia</strong></span> <span class='ocrx_word' id='word_1_144' title='bbox 3669 1109 3865 1166; x_wconf 86' lang='lat' dir='ltr'><strong>vitam.</strong></span> 
     </span>
    </p>
   </div>
   <div class='ocr_carea' id='block_1_27' title="bbox 2474 1198 3815 1273">
    <p class='ocr_par' dir='ltr' id='par_1_27' title="bbox 2474 1198 3815 1273">
     <span class='ocr_line' id='line_1_27' title="bbox 2474 1198 3815 1273; baseline 0.004 -18"><span class='ocrx_word' id='word_1_145' title='bbox 2474 1198 2855 1270; x_wconf 85' lang='lat' dir='ltr'><strong>Judiciumque</strong></span> <span class='ocrx_word' id='word_1_146' title='bbox 2886 1199 2964 1255; x_wconf 91' lang='lat' dir='ltr'><strong>illi</strong></span> <span class='ocrx_word' id='word_1_147' title='bbox 2992 1214 3099 1255; x_wconf 91' lang='lat' dir='ltr'><strong>non</strong></span> <span class='ocrx_word' id='word_1_148' title='bbox 3128 1209 3235 1267; x_wconf 89' lang='lat' dir='ltr'><strong>est,</strong></span> <span class='ocrx_word' id='word_1_149' title='bbox 3260 1201 3358 1258; x_wconf 88' lang='lat' dir='ltr'><strong>sed</strong></span> <span class='ocrx_word' id='word_1_150' title='bbox 3385 1202 3582 1273; x_wconf 80' lang='lat' dir='ltr'><strong>migrat</strong></span> <span class='ocrx_word' id='word_1_151' title='bbox 3607 1205 3676 1258; x_wconf 87' lang='lat' dir='ltr'><strong>ab</strong></span> <span class='ocrx_word' id='word_1_152' title='bbox 3694 1209 3815 1260; x_wconf 71' lang='lat' dir='ltr'><strong>“atra</strong></span> 
     </span>
    </p>
   </div>
   <div class='ocr_carea' id='block_1_28' title="bbox 2472 1292 3917 1367">
    <p class='ocr_par' dir='ltr' id='par_1_28' title="bbox 2472 1292 3917 1367">
     <span class='ocr_line' id='line_1_28' title="bbox 2472 1292 3917 1367; baseline 0.005 -18"><span class='ocrx_word' id='word_1_153' title='bbox 2472 1292 2646 1350; x_wconf 75' lang='lat' dir='ltr'><strong>Morte</strong></span> <span class='ocrx_word' id='word_1_154' title='bbox 2674 1295 2888 1366; x_wconf 90' lang='lat' dir='ltr'><strong>procul,</strong></span> <span class='ocrx_word' id='word_1_155' title='bbox 2926 1295 3169 1366; x_wconf 87' lang='lat' dir='ltr'><strong>lucisque</strong></span> <span class='ocrx_word' id='word_1_156' title='bbox 3197 1297 3386 1367; x_wconf 84' lang='lat' dir='ltr'><strong>vigens</strong></span> <span class='ocrx_word' id='word_1_157' title='bbox 3411 1296 3479 1353; x_wconf 90' lang='lat' dir='ltr'><strong>ad</strong></span> <span class='ocrx_word' id='word_1_158' title='bbox 3509 1298 3696 1354; x_wconf 88' lang='lat' dir='ltr'><strong>limina</strong></span> <span class='ocrx_word' id='word_1_159' title='bbox 3725 1299 3917 1356; x_wconf 89' lang='lat' dir='ltr'><strong>tendit.</strong></span> 
     </span>
    </p>
   </div>
   <div class='ocr_carea' id='block_1_29' title="bbox 2328 1383 3878 1462">
    <p class='ocr_par' dir='ltr' id='par_1_29' title="bbox 2328 1383 3878 1462">
     <span class='ocr_line' id='line_1_29' title="bbox 2328 1383 3878 1462; baseline 0.005 -21"><span class='ocrx_word' id='word_1_160' title='bbox 2328 1383 2435 1441; x_wconf 88' lang='grc'><strong>655</strong></span> <span class='ocrx_word' id='word_1_161' title='bbox 2471 1384 2739 1443; x_wconf 83' lang='lat' dir='ltr'><strong>Adveniet</strong></span> <span class='ocrx_word' id='word_1_162' title='bbox 2766 1395 3001 1459; x_wconf 89' lang='lat' dir='ltr'><strong>tempus,</strong></span> <span class='ocrx_word' id='word_1_163' title='bbox 3024 1403 3146 1444; x_wconf 93' lang='lat' dir='ltr'><strong>cum</strong></span> <span class='ocrx_word' id='word_1_164' title='bbox 3177 1400 3394 1445; x_wconf 90' lang='lat' dir='ltr'><strong>mortua</strong></span> <span class='ocrx_word' id='word_1_165' title='bbox 3419 1405 3652 1462; x_wconf 87' lang='lat' dir='ltr'><strong>corpora</strong></span> <span class='ocrx_word' id='word_1_166' title='bbox 3683 1406 3878 1449; x_wconf 88' lang='lat' dir='ltr'><strong>vocem</strong></span> 
     </span>
    </p>
   </div>
   <div class='ocr_carea' id='block_1_30' title="bbox 1868 1522 2817 1601">
    <p class='ocr_par' dir='ltr' id='par_1_30' title="bbox 1868 1522 2817 1601">
     <span class='ocr_line' id='line_1_30' title="bbox 1868 1522 2817 1601; baseline 0.001 -19"><span class='ocrx_word' id='word_1_167' title='bbox 1868 1522 2251 1582; x_wconf 87' lang='lat' dir='ltr'><strong>LECTIONES</strong></span> <span class='ocrx_word' id='word_1_168' title='bbox 2296 1524 2706 1583; x_wconf 76' lang='lat' dir='ltr'><strong>VARIANTES.</strong></span> <span class='ocrx_word' id='word_1_169' title='bbox 2810 1596 2817 1601; x_wconf 92' lang='lat'>_</span> 
     </span>
    </p>
   </div>
   <div class='ocr_carea' id='block_1_31' title="bbox 690 1618 3925 1695">
    <p class='ocr_par' dir='ltr' id='par_1_31' title="bbox 690 1618 3925 1695">
     <span class='ocr_line' id='line_1_31' title="bbox 690 1618 3925 1695; baseline 0 -13"><span class='ocrx_word' id='word_1_170' title='bbox 690 1625 815 1682; x_wconf 75' lang='lat'><strong>652.</strong></span> <span class='ocrx_word' id='word_1_171' title='bbox 851 1625 1008 1695; x_wconf 81' lang='lat' dir='ltr'><strong>Beg.,</strong></span> <span class='ocrx_word' id='word_1_172' title='bbox 1034 1625 1311 1680; x_wconf 88' lang='lat' dir='ltr'><strong>torrebitur</strong></span> <span class='ocrx_word' id='word_1_173' title='bbox 1337 1623 1466 1693; x_wconf 79' lang='lat' dir='ltr'><strong>igni,</strong></span> <span class='ocrx_word' id='word_1_174' title='bbox 1502 1622 1646 1694; x_wconf 90' lang='lat' dir='ltr'><strong>quod</strong></span> <span class='ocrx_word' id='word_1_175' title='bbox 1682 1619 2032 1695; x_wconf 81' lang='lat' dir='ltr'><strong>editum_ft_ti_t</strong></span> <span class='ocrx_word' id='word_1_176' title='bbox 2060 1618 2217 1695; x_wconf 85' lang='lat' dir='ltr'><strong>a_Fa-</strong></span> <span class='ocrx_word' id='word_1_177' title='bbox 2250 1619 2297 1679; x_wconf 90' lang='lat' dir='ltr'><strong>B</strong></span> <span class='ocrx_word' id='word_1_178' title='bbox 2326 1618 2557 1675; x_wconf 79' lang='lat' dir='ltr'><strong>fortasse</strong></span> <span class='ocrx_word' id='word_1_179' title='bbox 2587 1630 2646 1675; x_wconf 91' lang='lat' dir='ltr'><strong>ut</strong></span> <span class='ocrx_word' id='word_1_180' title='bbox 2673 1619 2938 1695; x_wconf 70' lang='lat' dir='ltr'><strong>effugeret</strong></span> <span class='ocrx_word' id='word_1_181' title='bbox 2960 1622 3157 1691; x_wconf 88' lang='lat' dir='ltr'><strong>aliquis</strong></span> <span class='ocrx_word' id='word_1_182' title='bbox 3182 1622 3462 1686; x_wconf 90' lang='lat' dir='ltr'><strong>librarius,</strong></span> <span class='ocrx_word' id='word_1_183' title='bbox 3494 1626 3722 1680; x_wconf 87' lang='lat' dir='ltr'><strong>mutavit</strong></span> <span class='ocrx_word' id='word_1_184' title='bbox 3762 1624 3925 1682; x_wconf 84' lang='lat' dir='ltr'><strong>Geni-</strong></span> 
     </span>
    </p>
   </div>
   <div class='ocr_carea' id='block_1_32' title="bbox 621 1690 2220 1766">
    <p class='ocr_par' dir='ltr' id='par_1_32' title="bbox 621 1690 2220 1766">
     <span class='ocr_line' id='line_1_32' title="bbox 621 1690 2220 1766; baseline -0.004 -13"><span class='ocrx_word' id='word_1_185' title='bbox 621 1697 818 1760; x_wconf 88' lang='lat' dir='ltr'><strong>bricio,</strong></span> <span class='ocrx_word' id='word_1_186' title='bbox 842 1706 899 1753; x_wconf 90' lang='lat' dir='ltr'><strong>et</strong></span> <span class='ocrx_word' id='word_1_187' title='bbox 926 1690 1057 1752; x_wconf 77' lang='lat' dir='ltr'><strong>mihi</strong></span> <span class='ocrx_word' id='word_1_188' title='bbox 1084 1696 1309 1761; x_wconf 85' lang='lat' dir='ltr'><strong>arridet,</strong></span> <span class='ocrx_word' id='word_1_189' title='bbox 1347 1690 1473 1766; x_wconf 87' lang='lat' dir='ltr'><strong>quia</strong></span> <span class='ocrx_word' id='word_1_190' title='bbox 1505 1690 1945 1766; x_wconf 24' lang='lat' dir='ltr'><strong>magisiconcinit</strong></span> <span class='ocrx_word' id='word_1_191' title='bbox 1964 1690 2220 1746; x_wconf 78' lang='lat' dir='ltr'><strong>Mattbaeo</strong></span> 
     </span>
    </p>
   </div>
   <div class='ocr_carea' id='block_1_33' title="bbox 621 1764 2217 1836">
    <p class='ocr_par' dir='ltr' id='par_1_33' title="bbox 621 1764 2217 1836">
     <span class='ocr_line' id='line_1_33' title="bbox 621 1764 2217 1836; baseline -0.006 -12"><span class='ocrx_word' id='word_1_192' title='bbox 621 1785 717 1836; x_wconf 78' lang='lat' dir='ltr'><strong>xu,</strong></span> <span class='ocrx_word' id='word_1_193' title='bbox 748 1769 819 1823; x_wconf 72' lang='lat'><strong>52</strong></span> <span class='ocrx_word' id='word_1_194' title='bbox 852 1786 864 1821; x_wconf 91' lang='lat'>:</span> <span class='ocrx_word' id='word_1_195' title='bbox 902 1766 1007 1833; x_wconf 88' lang='lat' dir='ltr'><strong>Qui</strong></span> <span class='ocrx_word' id='word_1_196' title='bbox 1033 1777 1207 1823; x_wconf 88' lang='lat' dir='ltr'><strong>autem</strong></span> <span class='ocrx_word' id='word_1_197' title='bbox 1237 1764 1430 1823; x_wconf 66' lang='lat' dir='ltr'><strong>dixerit</strong></span> <span class='ocrx_word' id='word_1_198' title='bbox 1453 1764 1631 1820; x_wconf 87' lang='lat' dir='ltr'><strong>contra</strong></span> <span class='ocrx_word' id='word_1_199' title='bbox 1656 1764 1914 1836; x_wconf 78' lang='lat' dir='ltr'><strong>Spiritum</strong></span> <span class='ocrx_word' id='word_1_200' title='bbox 1950 1773 2217 1836; x_wconf 85' lang='lat' dir='ltr'><strong>sanctum,</strong></span> 
     </span>
    </p>
   </div>
   <div class='ocr_carea' id='block_1_34' title="bbox 622 1835 2215 1910">
    <p class='ocr_par' dir='ltr' id='par_1_34' title="bbox 622 1835 2215 1910">
     <span class='ocr_line' id='line_1_34' title="bbox 622 1835 2215 1910; baseline -0.004 -17"><span class='ocrx_word' id='word_1_201' title='bbox 622 1857 728 1910; x_wconf 84' lang='lat' dir='ltr'><strong>non</strong></span> <span class='ocrx_word' id='word_1_202' title='bbox 747 1840 1034 1894; x_wconf 81' lang='lat' dir='ltr'><strong>remittetur</strong></span> <span class='ocrx_word' id='word_1_203' title='bbox 1054 1840 1100 1893; x_wconf 91' lang='lat' dir='ltr'><strong>ei</strong></span> <span class='ocrx_word' id='word_1_204' title='bbox 1126 1856 1289 1910; x_wconf 88' lang='lat' dir='ltr'><strong>neque</strong></span> <span class='ocrx_word' id='word_1_205' title='bbox 1311 1839 1366 1891; x_wconf 90' lang='lat' dir='ltr'><strong>in</strong></span> <span class='ocrx_word' id='word_1_206' title='bbox 1397 1838 1493 1891; x_wconf 87' lang='lat' dir='ltr'><strong>Itoc</strong></span> <span class='ocrx_word' id='word_1_207' title='bbox 1515 1835 1725 1900; x_wconf 67' lang='lat' dir='ltr'><strong>sarculo,</strong></span> <span class='ocrx_word' id='word_1_208' title='bbox 1745 1851 1915 1910; x_wconf 71' lang='lat' dir='ltr'><strong>neque</strong></span> <span class='ocrx_word' id='word_1_209' title='bbox 1940 1835 2215 1910; x_wconf 78' lang='lat' dir='ltr'><strong>infuturo.</strong></span> 
     </span>
    </p>
   </div>
   <div class='ocr_carea' id='block_1_35' title="bbox 623 1905 2053 1979">
    <p class='ocr_par' dir='ltr' id='par_1_35' title="bbox 623 1905 2053 1979">
     <span class='ocr_line' id='line_1_35' title="bbox 623 1905 2053 1979; baseline -0.006 -13"><span class='ocrx_word' id='word_1_210' title='bbox 623 1909 731 1966; x_wconf 81' lang='lat' dir='ltr'><strong>Alii</strong></span> <span class='ocrx_word' id='word_1_211' title='bbox 766 1929 780 1964; x_wconf 89' lang='lat'><strong>:</strong></span> <span class='ocrx_word' id='word_1_212' title='bbox 816 1910 1107 1979; x_wconf 72' lang='lat' dir='ltr'><strong>Suppliciis</strong></span> <span class='ocrx_word' id='word_1_213' title='bbox 1134 1905 1268 1963; x_wconf 73' lang='lat' dir='ltr'><strong>nunc</strong></span> <span class='ocrx_word' id='word_1_214' title='bbox 1291 1919 1339 1963; x_wconf 89' lang='lat' dir='ltr'><strong>et</strong></span> <span class='ocrx_word' id='word_1_215' title='bbox 1370 1924 1571 1978; x_wconf 80' lang='lat' dir='ltr'><strong>semper</strong></span> <span class='ocrx_word' id='word_1_216' title='bbox 1602 1907 1875 1979; x_wconf 87' lang='lat' dir='ltr'><strong>torrebitur</strong></span> <span class='ocrx_word' id='word_1_217' title='bbox 1897 1905 2053 1979; x_wconf 74' lang='lat' dir='ltr'><strong>ignis.</strong></span> 
     </span>
    </p>
   </div>
   <div class='ocr_carea' id='block_1_36' title="bbox 572 1974 2219 2050">
    <p class='ocr_par' dir='ltr' id='par_1_36' title="bbox 572 1974 2219 2050">
     <span class='ocr_line' id='line_1_36' title="bbox 572 1974 2219 2050; baseline -0.005 -12"><span class='ocrx_word' id='word_1_218' title='bbox 572 1984 589 1994; x_wconf 81' lang='lat'><strong>&#39;</strong></span> <span class='ocrx_word' id='word_1_219' title='bbox 696 1980 820 2037; x_wconf 74' lang='lat'><strong>635.</strong></span> <span class='ocrx_word' id='word_1_220' title='bbox 868 1974 1025 2036; x_wconf 69' lang='lat' dir='ltr'><strong>Rom.</strong></span> <span class='ocrx_word' id='word_1_221' title='bbox 1060 1981 1325 2050; x_wconf 79' lang='lat' dir='ltr'><strong>ueneniﬁci</strong></span> <span class='ocrx_word' id='word_1_222' title='bbox 1352 1997 1368 2034; x_wconf 94' lang='lat'><em>:</em></span> <span class='ocrx_word' id='word_1_223' title='bbox 1392 1974 1501 2044; x_wconf 82' lang='lat' dir='ltr'><strong>alii,</strong></span> <span class='ocrx_word' id='word_1_224' title='bbox 1539 1978 1839 2050; x_wconf 84' lang='lat' dir='ltr'><strong>veneniferi,</strong></span> <span class='ocrx_word' id='word_1_225' title='bbox 1873 1974 2015 2047; x_wconf 85' lang='lat' dir='ltr'><strong>quod</strong></span> <span class='ocrx_word' id='word_1_226' title='bbox 2048 1974 2219 2050; x_wconf 74' lang='lat' dir='ltr'><strong>magis</strong></span> 
     </span>
    </p>
   </div>
   <div class='ocr_carea' id='block_1_37' title="bbox 561 2047 2216 2117">
    <p class='ocr_par' dir='ltr' id='par_1_37' title="bbox 561 2047 2216 2117">
     <span class='ocr_line' id='line_1_37' title="bbox 561 2047 2216 2117; baseline -0.004 -8"><span class='ocrx_word' id='word_1_227' title='bbox 561 2106 569 2117; x_wconf 86' lang='grc'><em>,</em></span> <span class='ocrx_word' id='word_1_228' title='bbox 621 2052 872 2109; x_wconf 84' lang='lat' dir='ltr'><strong>Latinum</strong></span> <span class='ocrx_word' id='word_1_229' title='bbox 903 2062 1008 2110; x_wconf 87' lang='lat' dir='ltr'><strong>est.</strong></span> <span class='ocrx_word' id='word_1_230' title='bbox 1042 2060 1099 2106; x_wconf 92' lang='lat' dir='ltr'><strong>et</strong></span> <span class='ocrx_word' id='word_1_231' title='bbox 1123 2052 1191 2104; x_wconf 90' lang='lat' dir='ltr'><strong>ab</strong></span> <span class='ocrx_word' id='word_1_232' title='bbox 1221 2047 1440 2113; x_wconf 85' lang='lat' dir='ltr'><strong>Ovidio,</strong></span> <span class='ocrx_word' id='word_1_233' title='bbox 1473 2050 1596 2103; x_wconf 87' lang='lat' dir='ltr'><strong>libr.</strong></span> <span class='ocrx_word' id='word_1_234' title='bbox 1626 2065 1681 2103; x_wconf 88' lang='lat' dir='ltr'><strong>Ill</strong></span> <span class='ocrx_word' id='word_1_235' title='bbox 1709 2049 1927 2104; x_wconf 83' lang='lat' dir='ltr'><strong>Metam.</strong></span> <span class='ocrx_word' id='word_1_236' title='bbox 1957 2061 2098 2103; x_wconf 86' lang='lat' dir='ltr'><strong>vers.</strong></span> <span class='ocrx_word' id='word_1_237' title='bbox 2126 2047 2216 2113; x_wconf 83' lang='lat'><strong>85,</strong></span> 
     </span>
    </p>
   </div>
   <div class='ocr_carea' id='block_1_38' title="bbox 623 2120 2081 2192">
    <p class='ocr_par' dir='ltr' id='par_1_38' title="bbox 623 2120 2081 2192">
     <span class='ocr_line' id='line_1_38' title="bbox 623 2120 2081 2192; baseline -0.004 -14"><span class='ocrx_word' id='word_1_238' title='bbox 623 2136 964 2192; x_wconf 89' lang='lat' dir='ltr'><strong>usurpatum.</strong></span> <span class='ocrx_word' id='word_1_239' title='bbox 994 2121 1295 2190; x_wconf 84' lang='lat' dir='ltr'><strong>Fabricius,</strong></span> <span class='ocrx_word' id='word_1_240' title='bbox 1332 2120 1612 2183; x_wconf 89' lang='lat' dir='ltr'><strong>mendose,</strong></span> <span class='ocrx_word' id='word_1_241' title='bbox 1642 2135 1773 2186; x_wconf 65' lang='lat' dir='ltr'><strong>suae,</strong></span> <span class='ocrx_word' id='word_1_242' title='bbox 1805 2134 1903 2188; x_wconf 90' lang='lat' dir='ltr'><strong>pro</strong></span> <span class='ocrx_word' id='word_1_243' title='bbox 1928 2135 2081 2173; x_wconf 62' lang='lat' dir='ltr'><strong>serua.</strong></span> 
     </span>
    </p>
   </div>
   <div class='ocr_carea' id='block_1_39' title="bbox 698 2189 2219 2263">
    <p class='ocr_par' dir='ltr' id='par_1_39' title="bbox 698 2189 2219 2263">
     <span class='ocr_line' id='line_1_39' title="bbox 698 2189 2219 2263; baseline -0.005 -12"><span class='ocrx_word' id='word_1_244' title='bbox 698 2189 823 2251; x_wconf 67' lang='lat'><strong>654.</strong></span> <span class='ocrx_word' id='word_1_245' title='bbox 863 2195 1000 2262; x_wconf 87' lang='lat' dir='ltr'><strong>0tt.,</strong></span> <span class='ocrx_word' id='word_1_246' title='bbox 1052 2209 1083 2248; x_wconf 90' lang='lat' dir='ltr'><strong>a</strong></span> <span class='ocrx_word' id='word_1_247' title='bbox 1127 2208 1208 2263; x_wconf 90' lang='lat' dir='ltr'><strong>pr.</strong></span> <span class='ocrx_word' id='word_1_248' title='bbox 1252 2208 1352 2259; x_wconf 91' lang='lat' dir='ltr'><strong>m.,</strong></span> <span class='ocrx_word' id='word_1_249' title='bbox 1395 2192 1679 2257; x_wconf 86' lang='lat' dir='ltr'><strong>mitiscere;</strong></span> <span class='ocrx_word' id='word_1_250' title='bbox 1710 2206 1739 2245; x_wconf 90' lang='lat' dir='ltr'><strong>a</strong></span> <span class='ocrx_word' id='word_1_251' title='bbox 1768 2205 1879 2247; x_wconf 89' lang='lat' dir='ltr'><strong>sec.</strong></span> <span class='ocrx_word' id='word_1_252' title='bbox 1922 2205 2019 2258; x_wconf 94' lang='lat' dir='ltr'><strong>m.,</strong></span> <span class='ocrx_word' id='word_1_253' title='bbox 2071 2189 2219 2243; x_wconf 89' lang='lat' dir='ltr'><strong>mite-</strong></span> 
     </span>
    </p>
   </div>
   <div class='ocr_carea' id='block_1_40' title="bbox 623 2282 782 2321">
    <p class='ocr_par' dir='ltr' id='par_1_40' title="bbox 623 2282 782 2321">
     <span class='ocr_line' id='line_1_40' title="bbox 623 2282 782 2321; baseline -0.006 0"><span class='ocrx_word' id='word_1_254' title='bbox 623 2282 782 2321; x_wconf 86' lang='lat' dir='ltr'><strong>scere.</strong></span> 
     </span>
    </p>
   </div>
   <div class='ocr_carea' id='block_1_41' title="bbox 695 2333 1805 2408">
    <p class='ocr_par' dir='ltr' id='par_1_41' title="bbox 695 2333 1805 2408">
     <span class='ocr_line' id='line_1_41' title="bbox 695 2333 1805 2408; baseline -0.006 -15"><span class='ocrx_word' id='word_1_255' title='bbox 695 2336 820 2393; x_wconf 84' lang='lat'><strong>655.</strong></span> <span class='ocrx_word' id='word_1_256' title='bbox 850 2336 1011 2408; x_wconf 78' lang='lat' dir='ltr'><strong>Reg.,</strong></span> <span class='ocrx_word' id='word_1_257' title='bbox 1034 2343 1345 2408; x_wconf 73' lang='lat' dir='ltr'><strong>promuntur</strong></span> <span class='ocrx_word' id='word_1_258' title='bbox 1377 2351 1603 2406; x_wconf 86' lang='lat' dir='ltr'><strong>congrua</strong></span> <span class='ocrx_word' id='word_1_259' title='bbox 1624 2333 1805 2408; x_wconf 78' lang='lat' dir='ltr'><strong>justis.</strong></span> 
     </span>
    </p>
   </div>
   <div class='ocr_carea' id='block_1_42' title="bbox 620 2405 2212 2473">
    <p class='ocr_par' dir='ltr' id='par_1_42' title="bbox 620 2405 2212 2473">
     <span class='ocr_line' id='line_1_42' title="bbox 620 2405 2212 2473; baseline -0.005 -10"><span class='ocrx_word' id='word_1_260' title='bbox 620 2408 630 2421; x_wconf 91' lang='lat'><strong><em>&#39;</em></strong></span> <span class='ocrx_word' id='word_1_261' title='bbox 697 2409 821 2463; x_wconf 83' lang='lat'><strong>657.</strong></span> <span class='ocrx_word' id='word_1_262' title='bbox 867 2405 1047 2473; x_wconf 39' lang='lat' dir='ltr'><strong>Rom;</strong></span> <span class='ocrx_word' id='word_1_263' title='bbox 1077 2407 1228 2471; x_wconf 88' lang='lat' dir='ltr'><strong>Ald.,</strong></span> <span class='ocrx_word' id='word_1_264' title='bbox 1261 2406 1407 2472; x_wconf 90' lang='lat' dir='ltr'><strong>Bas.,</strong></span> <span class='ocrx_word' id='word_1_265' title='bbox 1454 2405 1701 2459; x_wconf 84' lang='lat' dir='ltr'><strong>referunt</strong></span> <span class='ocrx_word' id='word_1_266' title='bbox 1752 2405 1897 2459; x_wconf 87' lang='lat' dir='ltr'><strong>hunc</strong></span> <span class='ocrx_word' id='word_1_267' title='bbox 1944 2419 2212 2459; x_wconf 90' lang='lat' dir='ltr'><strong>versum:</strong></span> 
     </span>
    </p>
   </div>
   <div class='ocr_carea' id='block_1_43' title="bbox 628 2475 2218 2539">
    <p class='ocr_par' dir='ltr' id='par_1_43' title="bbox 628 2475 2218 2539">
     <span class='ocr_line' id='line_1_43' title="bbox 628 2475 2218 2539; baseline -0.004 -4"><span class='ocrx_word' id='word_1_268' title='bbox 628 2479 911 2535; x_wconf 85' lang='lat' dir='ltr'><strong>Verborum</strong></span> <span class='ocrx_word' id='word_1_269' title='bbox 934 2479 1133 2534; x_wconf 86' lang='lat' dir='ltr'><strong>meritis</strong></span> <span class='ocrx_word' id='word_1_270' title='bbox 1155 2478 1363 2531; x_wconf 85' lang='lat' dir='ltr'><strong>dabitur</strong></span> <span class='ocrx_word' id='word_1_271' title='bbox 1392 2477 1487 2532; x_wconf 92' lang='lat' dir='ltr'><strong>sub</strong></span> <span class='ocrx_word' id='word_1_272' title='bbox 1507 2476 1686 2539; x_wconf 84' lang='lat' dir='ltr'><strong>judice</strong></span> <span class='ocrx_word' id='word_1_273' title='bbox 1729 2477 1853 2539; x_wconf 86' lang='lat' dir='ltr'><strong>vita,</strong></span> <span class='ocrx_word' id='word_1_274' title='bbox 1877 2484 1932 2530; x_wconf 92' lang='lat' dir='ltr'><strong>et</strong></span> <span class='ocrx_word' id='word_1_275' title='bbox 1957 2475 2218 2529; x_wconf 90' lang='lat' dir='ltr'><strong>omittunt</strong></span> 
     </span>
    </p>
   </div>
   <div class='ocr_carea' id='block_1_44' title="bbox 621 2545 2217 2620">
    <p class='ocr_par' dir='ltr' id='par_1_44' title="bbox 621 2545 2217 2620">
     <span class='ocr_line' id='line_1_44' title="bbox 621 2545 2217 2620; baseline -0.003 -17"><span class='ocrx_word' id='word_1_276' title='bbox 621 2565 840 2606; x_wconf 88' lang='lat' dir='ltr'><strong>versum</strong></span> <span class='ocrx_word' id='word_1_277' title='bbox 892 2562 1230 2620; x_wconf 85' lang='lat' dir='ltr'><strong>sequentem.</strong></span> <span class='ocrx_word' id='word_1_278' title='bbox 1278 2547 1391 2603; x_wconf 88' lang='lat' dir='ltr'><strong>Ott.</strong></span> <span class='ocrx_word' id='word_1_279' title='bbox 1428 2545 1619 2604; x_wconf 87' lang='lat' dir='ltr'><strong>Solum</strong></span> <span class='ocrx_word' id='word_1_280' title='bbox 1670 2546 1834 2604; x_wconf 86' lang='lat' dir='ltr'><strong>habet</strong></span> <span class='ocrx_word' id='word_1_281' title='bbox 1871 2563 1885 2600; x_wconf 90' lang='lat'><strong>:</strong></span> <span class='ocrx_word' id='word_1_282' title='bbox 1929 2545 2217 2620; x_wconf 76' lang='lat' dir='ltr'><strong>Verborum</strong></span> 
     </span>
    </p>
   </div>
   <div class='ocr_carea' id='block_1_45' title="bbox 620 2616 2217 2691">
    <p class='ocr_par' dir='ltr' id='par_1_45' title="bbox 620 2616 2217 2691">
     <span class='ocr_line' id='line_1_45' title="bbox 620 2616 2217 2691; baseline -0.003 -16"><span class='ocrx_word' id='word_1_283' title='bbox 620 2621 814 2677; x_wconf 90' lang='lat' dir='ltr'><strong>meritis</strong></span> <span class='ocrx_word' id='word_1_284' title='bbox 837 2616 1045 2675; x_wconf 81' lang='lat' dir='ltr'><strong>dabitur</strong></span> <span class='ocrx_word' id='word_1_285' title='bbox 1070 2619 1164 2674; x_wconf 90' lang='lat' dir='ltr'><strong>sub</strong></span> <span class='ocrx_word' id='word_1_286' title='bbox 1178 2619 1364 2691; x_wconf 87' lang='lat' dir='ltr'><strong>judice</strong></span> <span class='ocrx_word' id='word_1_287' title='bbox 1393 2634 1554 2691; x_wconf 70' lang='lat' dir='ltr'><strong>paenae</strong></span> <span class='ocrx_word' id='word_1_288' title='bbox 1574 2662 1590 2691; x_wconf 84' lang='lat'><strong>,</strong></span> <span class='ocrx_word' id='word_1_289' title='bbox 1632 2633 1794 2691; x_wconf 79' lang='lat' dir='ltr'><strong>supra</strong></span> <span class='ocrx_word' id='word_1_290' title='bbox 1820 2635 1970 2691; x_wconf 76' lang='lat' dir='ltr'><strong>paena</strong></span> <span class='ocrx_word' id='word_1_291' title='bbox 1995 2658 2009 2681; x_wconf 93' lang='lat'><strong>,</strong></span> <span class='ocrx_word' id='word_1_292' title='bbox 2059 2626 2115 2672; x_wconf 89' lang='lat' dir='ltr'><strong>et</strong></span> <span class='ocrx_word' id='word_1_293' title='bbox 2160 2616 2217 2671; x_wconf 90' lang='lat' dir='ltr'><strong>in</strong></span> 
     </span>
    </p>
   </div>
   <div class='ocr_carea' id='block_1_46' title="bbox 620 2689 2216 2763">
    <p class='ocr_par' dir='ltr' id='par_1_46' title="bbox 620 2689 2216 2763">
     <span class='ocr_line' id='line_1_46' title="bbox 620 2689 2216 2763; baseline -0.002 -16"><span class='ocrx_word' id='word_1_294' title='bbox 620 2695 889 2763; x_wconf 89' lang='lat' dir='ltr'><strong>principio</strong></span> <span class='ocrx_word' id='word_1_295' title='bbox 911 2693 1123 2763; x_wconf 71' lang='lat' dir='ltr'><strong>pagina:</strong></span> <span class='ocrx_word' id='word_1_296' title='bbox 1154 2689 1297 2745; x_wconf 84' lang='lat' dir='ltr'><strong>idem</strong></span> <span class='ocrx_word' id='word_1_297' title='bbox 1328 2689 1521 2763; x_wconf 87' lang='lat' dir='ltr'><strong>versus</strong></span> <span class='ocrx_word' id='word_1_298' title='bbox 1548 2689 1888 2763; x_wconf 79' lang='lat' dir='ltr'><strong>describitur</strong></span> <span class='ocrx_word' id='word_1_299' title='bbox 1914 2704 2037 2743; x_wconf 84' lang='lat' dir='ltr'><strong>cum</strong></span> <span class='ocrx_word' id='word_1_300' title='bbox 2081 2702 2216 2763; x_wconf 80' lang='lat' dir='ltr'><strong>voce</strong></span> 
     </span>
    </p>
   </div>
   <div class='ocr_carea' id='block_1_47' title="bbox 659 2759 2218 2829">
    <p class='ocr_par' dir='ltr' id='par_1_47' title="bbox 659 2759 2218 2829">
     <span class='ocr_line' id='line_1_47' title="bbox 659 2759 2218 2829; baseline -0.004 -11"><span class='ocrx_word' id='word_1_301' title='bbox 659 2759 929 2818; x_wconf 40' lang='lat' dir='ltr'><strong>acum—Hic—</strong></span> <span class='ocrx_word' id='word_1_302' title='bbox 962 2759 1114 2819; x_wconf 78' lang='lat' dir='ltr'><strong>solus</strong></span> <span class='ocrx_word' id='word_1_303' title='bbox 1165 2776 1352 2816; x_wconf 85' lang='lat' dir='ltr'><strong>versus</strong></span> <span class='ocrx_word' id='word_1_304' title='bbox 1403 2760 1497 2815; x_wconf 88' lang='lat' dir='ltr'><strong>sub</strong></span> <span class='ocrx_word' id='word_1_305' title='bbox 1527 2760 1713 2829; x_wconf 85' lang='lat' dir='ltr'><strong>judice</strong></span> <span class='ocrx_word' id='word_1_306' title='bbox 1752 2777 1903 2829; x_wconf 72' lang='lat' dir='ltr'><strong>paena</strong></span> <span class='ocrx_word' id='word_1_307' title='bbox 1943 2767 2120 2814; x_wconf 81' lang='lat' dir='ltr'><strong>exstat</strong></span> <span class='ocrx_word' id='word_1_308' title='bbox 2162 2759 2218 2813; x_wconf 90' lang='lat' dir='ltr'><strong>in</strong></span> 
     </span>
    </p>
   </div>
   <div class='ocr_carea' id='block_1_48' title="bbox 665 2831 2217 2903">
    <p class='ocr_par' dir='ltr' id='par_1_48' title="bbox 665 2831 2217 2903">
     <span class='ocr_line' id='line_1_48' title="bbox 665 2831 2217 2903; baseline -0.003 -14"><span class='ocrx_word' id='word_1_309' title='bbox 665 2852 783 2889; x_wconf 87' lang='lat' dir='ltr'><strong>orn.</strong></span> <span class='ocrx_word' id='word_1_310' title='bbox 817 2835 870 2889; x_wconf 90' lang='lat' dir='ltr'><strong>In</strong></span> <span class='ocrx_word' id='word_1_311' title='bbox 902 2834 1035 2903; x_wconf 82' lang='lat' dir='ltr'><strong>Reg.</strong></span> <span class='ocrx_word' id='word_1_312' title='bbox 1060 2842 1187 2888; x_wconf 89' lang='lat' dir='ltr'><strong>sunt</strong></span> <span class='ocrx_word' id='word_1_313' title='bbox 1220 2832 1275 2886; x_wconf 92' lang='lat' dir='ltr'><strong>hi</strong></span> <span class='ocrx_word' id='word_1_314' title='bbox 1300 2833 1410 2888; x_wconf 93' lang='lat' dir='ltr'><strong>duo</strong></span> <span class='ocrx_word' id='word_1_315' title='bbox 1442 2849 1454 2885; x_wconf 94' lang='lat'>:</span> <span class='ocrx_word' id='word_1_316' title='bbox 1497 2831 1782 2886; x_wconf 83' lang='lat' dir='ltr'><strong>Verborum</strong></span> <span class='ocrx_word' id='word_1_317' title='bbox 1811 2832 2007 2886; x_wconf 89' lang='lat' dir='ltr'><strong>meritis</strong></span> <span class='ocrx_word' id='word_1_318' title='bbox 2054 2831 2217 2903; x_wconf 71' lang='lat' dir='ltr'><strong>ueniet</strong></span> 
     </span>
    </p>
   </div>
   <div class='ocr_carea' id='block_1_49' title="bbox 619 2901 2218 2978">
    <p class='ocr_par' dir='ltr' id='par_1_49' title="bbox 619 2901 2218 2978">
     <span class='ocr_line' id='line_1_49' title="bbox 619 2901 2218 2978; baseline -0.003 -19"><span class='ocrx_word' id='word_1_319' title='bbox 619 2906 712 2978; x_wconf 80' lang='lat' dir='ltr'><strong>sub</strong></span> <span class='ocrx_word' id='word_1_320' title='bbox 727 2906 908 2978; x_wconf 79' lang='lat' dir='ltr'><strong>judice</strong></span> <span class='ocrx_word' id='word_1_321' title='bbox 934 2901 1076 2978; x_wconf 49' lang='lat' dir='ltr'><strong>vita,</strong></span> <span class='ocrx_word' id='word_1_322' title='bbox 1091 2933 1163 2945; x_wconf 91' lang='lat'><strong><em>—</em></strong></span> <span class='ocrx_word' id='word_1_323' title='bbox 1190 2903 1478 2978; x_wconf 79' lang='lat' dir='ltr'><strong>Verborum</strong></span> <span class='ocrx_word' id='word_1_324' title='bbox 1520 2903 1969 2978; x_wconf 44' lang='lat' dir='ltr'><strong>meritisdabitur-</strong></span> <span class='ocrx_word' id='word_1_325' title='bbox 1994 2901 2084 2978; x_wconf 79' lang='lat' dir='ltr'><strong>sub</strong></span> <span class='ocrx_word' id='word_1_326' title='bbox 2124 2902 2218 2973; x_wconf 87' lang='lat' dir='ltr'><strong>ju-</strong></span> 
     </span>
    </p>
   </div>
   <div class='ocr_carea' id='block_1_50' title="bbox 621 2971 2288 3064">
    <p class='ocr_par' dir='ltr' id='par_1_50' title="bbox 621 2971 2288 3064">
     <span class='ocr_line' id='line_1_50' title="bbox 621 2971 2288 3064; baseline -0.004 -34"><span class='ocrx_word' id='word_1_327' title='bbox 621 2971 931 3059; x_wconf 54' lang='lat' dir='ltr'><strong>dice&#39;paena.</strong></span> <span class='ocrx_word' id='word_1_328' title='bbox 954 2976 1017 3058; x_wconf 82' lang='lat' dir='ltr'><strong>_ln</strong></span> <span class='ocrx_word' id='word_1_329' title='bbox 1048 2976 1309 3064; x_wconf 45' lang='lat' dir='ltr'><strong>Daventlr.</strong></span> <span class='ocrx_word' id='word_1_330' title='bbox 1332 3016 1347 3038; x_wconf 94' lang='lat'><strong>,</strong></span> <span class='ocrx_word' id='word_1_331' title='bbox 1392 2974 1614 3029; x_wconf 89' lang='lat' dir='ltr'><strong>inverso</strong></span> <span class='ocrx_word' id='word_1_332' title='bbox 1635 2973 1826 3064; x_wconf 54' lang='lat' dir='ltr'><strong>ordine</strong></span> <span class='ocrx_word' id='word_1_333' title='bbox 1847 3016 1861 3039; x_wconf 91' lang='lat'><strong>,</strong></span> <span class='ocrx_word' id='word_1_334' title='bbox 1925 2971 2213 3064; x_wconf 61' lang='lat' dir='ltr'><strong>Verborum</strong></span> <span class='ocrx_word' id='word_1_335' title='bbox 2243 3000 2288 3064; x_wconf 65' lang='grc' dir='ltr'>Ο</span> 
     </span>
    </p>
   </div>
   <div class='ocr_carea' id='block_1_51' title="bbox 618 3043 2215 3118">
    <p class='ocr_par' dir='ltr' id='par_1_51' title="bbox 618 3043 2215 3118">
     <span class='ocr_line' id='line_1_51' title="bbox 618 3043 2215 3118; baseline -0.003 -18"><span class='ocrx_word' id='word_1_336' title='bbox 618 3043 824 3101; x_wconf 84' lang='lat' dir='ltr'><strong>meritis</strong></span> <span class='ocrx_word' id='word_1_337' title='bbox 850 3048 1014 3101; x_wconf 79' lang='lat' dir='ltr'><strong>veniet</strong></span> <span class='ocrx_word' id='word_1_338' title='bbox 1043 3045 1136 3100; x_wconf 87' lang='lat' dir='ltr'><strong>sub</strong></span> <span class='ocrx_word' id='word_1_339' title='bbox 1167 3045 1348 3118; x_wconf 85' lang='lat' dir='ltr'><strong>judice</strong></span> <span class='ocrx_word' id='word_1_340' title='bbox 1377 3061 1558 3118; x_wconf 70' lang='lat' dir='ltr'><strong>poena,</strong></span> <span class='ocrx_word' id='word_1_341' title='bbox 1584 3074 1655 3118; x_wconf 55' lang='grc' dir='ltr'><strong>τ-</strong></span> <span class='ocrx_word' id='word_1_342' title='bbox 1692 3043 1991 3118; x_wconf 63' lang='lat' dir='ltr'><strong>Verborunt</strong></span> <span class='ocrx_word' id='word_1_343' title='bbox 2017 3043 2215 3118; x_wconf 82' lang='lat' dir='ltr'><strong>meritis</strong></span> 
     </span>
    </p>
   </div>
   <div class='ocr_carea' id='block_1_52' title="bbox 619 3115 2213 3187">
    <p class='ocr_par' dir='ltr' id='par_1_52' title="bbox 619 3115 2213 3187">
     <span class='ocr_line' id='line_1_52' title="bbox 619 3115 2213 3187; baseline -0.003 -16"><span class='ocrx_word' id='word_1_344' title='bbox 619 3118 829 3172; x_wconf 89' lang='lat' dir='ltr'><strong>dabitur</strong></span> <span class='ocrx_word' id='word_1_345' title='bbox 856 3120 949 3172; x_wconf 91' lang='lat' dir='ltr'><strong>sub</strong></span> <span class='ocrx_word' id='word_1_346' title='bbox 962 3118 1141 3187; x_wconf 86' lang='lat' dir='ltr'><strong>judice</strong></span> <span class='ocrx_word' id='word_1_347' title='bbox 1169 3115 1306 3180; x_wconf 71' lang='lat' dir='ltr'><strong>uita,</strong></span> <span class='ocrx_word' id='word_1_348' title='bbox 1333 3115 1429 3171; x_wconf 88' lang='lat' dir='ltr'><strong>sed</strong></span> <span class='ocrx_word' id='word_1_349' title='bbox 1465 3115 1724 3171; x_wconf 88' lang='lat' dir='ltr'><strong>mendose</strong></span> <span class='ocrx_word' id='word_1_350' title='bbox 1749 3115 1839 3169; x_wconf 88' lang='lat' dir='ltr'><strong>sub</strong></span> <span class='ocrx_word' id='word_1_351' title='bbox 1879 3115 2051 3187; x_wconf 83' lang='lat' dir='ltr'><strong>indice</strong></span> <span class='ocrx_word' id='word_1_352' title='bbox 2087 3116 2213 3187; x_wconf 79' lang='lat' dir='ltr'><strong>vita.</strong></span> 
     </span>
    </p>
   </div>
   <div class='ocr_carea' id='block_1_53' title="bbox 617 3186 2217 3255">
    <p class='ocr_par' dir='ltr' id='par_1_53' title="bbox 617 3186 2217 3255">
     <span class='ocr_line' id='line_1_53' title="bbox 617 3186 2217 3255; baseline -0.003 -12"><span class='ocrx_word' id='word_1_353' title='bbox 617 3188 850 3253; x_wconf 89' lang='lat' dir='ltr'><strong>Poelm.,</strong></span> <span class='ocrx_word' id='word_1_354' title='bbox 880 3188 1130 3255; x_wconf 89' lang='lat' dir='ltr'><strong>lladam.,</strong></span> <span class='ocrx_word' id='word_1_355' title='bbox 1152 3188 1312 3243; x_wconf 83' lang='lat' dir='ltr'><strong>Fabr.</strong></span> <span class='ocrx_word' id='word_1_356' title='bbox 1334 3205 1346 3240; x_wconf 88' lang='lat'><strong>:</strong></span> <span class='ocrx_word' id='word_1_357' title='bbox 1379 3187 1659 3241; x_wconf 87' lang='lat' dir='ltr'><strong>Verborum</strong></span> <span class='ocrx_word' id='word_1_358' title='bbox 1677 3187 1877 3241; x_wconf 89' lang='lat' dir='ltr'><strong>meritis</strong></span> <span class='ocrx_word' id='word_1_359' title='bbox 1898 3186 2106 3239; x_wconf 86' lang='lat' dir='ltr'><strong>dabitur</strong></span> <span class='ocrx_word' id='word_1_360' title='bbox 2123 3186 2217 3239; x_wconf 85' lang='lat' dir='ltr'><strong>sub</strong></span> 
     </span>
    </p>
   </div>
   <div class='ocr_carea' id='block_1_54' title="bbox 607 3258 2217 3341">
    <p class='ocr_par' dir='ltr' id='par_1_54' title="bbox 607 3258 2217 3341">
     <span class='ocr_line' id='line_1_54' title="bbox 607 3258 2217 3341; baseline -0.001 -28"><span class='ocrx_word' id='word_1_361' title='bbox 607 3260 789 3341; x_wconf 66' lang='lat' dir='ltr'><strong>judice</strong></span> <span class='ocrx_word' id='word_1_362' title='bbox 807 3261 1007 3341; x_wconf 72' lang='lat' dir='ltr'><strong>vita,_—:</strong></span> <span class='ocrx_word' id='word_1_363' title='bbox 1023 3259 1303 3341; x_wconf 53' lang='lat' dir='ltr'><strong>Verborum</strong></span> <span class='ocrx_word' id='word_1_364' title='bbox 1329 3259 1522 3341; x_wconf 77' lang='lat' dir='ltr'><strong>meritis</strong></span> <span class='ocrx_word' id='word_1_365' title='bbox 1548 3259 1829 3341; x_wconf 61' lang='lat' dir='ltr'><strong>venietsub</strong></span> <span class='ocrx_word' id='word_1_366' title='bbox 1840 3258 2032 3341; x_wconf 73' lang='lat' dir='ltr'><strong>adice</strong></span> <span class='ocrx_word' id='word_1_367' title='bbox 2048 3272 2217 3341; x_wconf 62' lang='lat' dir='ltr'><strong>paena.</strong></span> 
     </span>
    </p>
   </div>
   <div class='ocr_carea' id='block_1_55' title="bbox 615 3328 2223 3401">
    <p class='ocr_par' dir='ltr' id='par_1_55' title="bbox 615 3328 2223 3401">
     <span class='ocr_line' id='line_1_55' title="bbox 615 3328 2223 3401; baseline -0.003 -16"><span class='ocrx_word' id='word_1_368' title='bbox 615 3328 804 3386; x_wconf 82' lang='lat' dir='ltr'><strong>Matth.</strong></span> <span class='ocrx_word' id='word_1_369' title='bbox 822 3348 916 3394; x_wconf 80' lang='lat' dir='ltr'><strong>xu,</strong></span> <span class='ocrx_word' id='word_1_370' title='bbox 933 3332 1027 3386; x_wconf 83' lang='lat'><strong>57:</strong></span> <span class='ocrx_word' id='word_1_371' title='bbox 1047 3329 1408 3401; x_wconf 75' lang='lat' dir='ltr'><strong>Unusquisque</strong></span> <span class='ocrx_word' id='word_1_372' title='bbox 1432 3330 1566 3383; x_wconf 89' lang='lat' dir='ltr'><strong>enim</strong></span> <span class='ocrx_word' id='word_1_373' title='bbox 1586 3330 1749 3383; x_wconf 80' lang='lat' dir='ltr'><strong>verbis</strong></span> <span class='ocrx_word' id='word_1_374' title='bbox 1770 3328 1878 3383; x_wconf 83' lang='lat' dir='ltr'><strong>suis</strong></span> <span class='ocrx_word' id='word_1_375' title='bbox 1897 3328 2223 3401; x_wconf 66' lang='lat' dir='ltr'><strong>justiﬁeabi-</strong></span> 
     </span>
    </p>
   </div>
   <div class='ocr_carea' id='block_1_56' title="bbox 618 3399 2216 3469">
    <p class='ocr_par' dir='ltr' id='par_1_56' title="bbox 618 3399 2216 3469">
     <span class='ocr_line' id='line_1_56' title="bbox 618 3399 2216 3469; baseline -0.002 -12"><span class='ocrx_word' id='word_1_376' title='bbox 618 3412 703 3457; x_wconf 88' lang='lat' dir='ltr'><strong>tur</strong></span> <span class='ocrx_word' id='word_1_377' title='bbox 718 3443 732 3465; x_wconf 87' lang='lat'><strong>,</strong></span> <span class='ocrx_word' id='word_1_378' title='bbox 756 3413 848 3457; x_wconf 91' lang='lat' dir='ltr'><strong>aut</strong></span> <span class='ocrx_word' id='word_1_379' title='bbox 872 3402 1039 3456; x_wconf 84' lang='lat' dir='ltr'><strong>verbis</strong></span> <span class='ocrx_word' id='word_1_380' title='bbox 1050 3402 1157 3455; x_wconf 86' lang='lat' dir='ltr'><strong>suis</strong></span> <span class='ocrx_word' id='word_1_381' title='bbox 1178 3399 1621 3455; x_wconf 81' lang='lat' dir='ltr'><strong>condemnabitur.</strong></span> <span class='ocrx_word' id='word_1_382' title='bbox 1639 3401 1775 3455; x_wconf 88' lang='lat' dir='ltr'><strong>Hinc</strong></span> <span class='ocrx_word' id='word_1_383' title='bbox 1795 3403 2060 3467; x_wconf 85' lang='lat' dir='ltr'><strong>scriptura</strong></span> <span class='ocrx_word' id='word_1_384' title='bbox 2085 3399 2216 3469; x_wconf 83' lang='lat' dir='ltr'><strong>Reg.</strong></span> 
     </span>
    </p>
   </div>
   <div class='ocr_carea' id='block_1_57' title="bbox 614 3471 2217 3544">
    <p class='ocr_par' dir='ltr' id='par_1_57' title="bbox 614 3471 2217 3544">
     <span class='ocr_line' id='line_1_57' title="bbox 614 3471 2217 3544; baseline -0.002 -16"><span class='ocrx_word' id='word_1_385' title='bbox 614 3474 944 3530; x_wconf 78' lang='lat' dir='ltr'><strong>autiladam.</strong></span> <span class='ocrx_word' id='word_1_386' title='bbox 961 3473 1293 3544; x_wconf 54' lang='lat' dir='ltr'><strong>praeferenda</strong></span> <span class='ocrx_word' id='word_1_387' title='bbox 1310 3472 1787 3544; x_wconf 65' lang='lat' dir='ltr'><strong>est.Praeterquam</strong></span> <span class='ocrx_word' id='word_1_388' title='bbox 1806 3471 1945 3540; x_wconf 69' lang='lat' dir='ltr'><strong>Quod</strong></span> <span class='ocrx_word' id='word_1_389' title='bbox 1962 3471 2217 3544; x_wconf 83' lang='lat' dir='ltr'><strong>frequen-</strong></span> 
     </span>
    </p>
   </div>
   <div class='ocr_carea' id='block_1_58' title="bbox 616 3542 2208 3614">
    <p class='ocr_par' dir='ltr' id='par_1_58' title="bbox 616 3542 2208 3614">
     <span class='ocr_line' id='line_1_58' title="bbox 616 3542 2208 3614; baseline -0.003 -13"><span class='ocrx_word' id='word_1_390' title='bbox 616 3555 699 3601; x_wconf 87' lang='lat' dir='ltr'><strong>tes</strong></span> <span class='ocrx_word' id='word_1_391' title='bbox 712 3556 869 3601; x_wconf 87' lang='lat' dir='ltr'><strong>erant</strong></span> <span class='ocrx_word' id='word_1_392' title='bbox 886 3542 1027 3614; x_wconf 82' lang='lat' dir='ltr'><strong>apud</strong></span> <span class='ocrx_word' id='word_1_393' title='bbox 1052 3554 1267 3599; x_wconf 87' lang='lat' dir='ltr'><strong>veteres</strong></span> <span class='ocrx_word' id='word_1_394' title='bbox 1290 3554 1479 3613; x_wconf 91' lang='lat' dir='ltr'><strong>poetas</strong></span> <span class='ocrx_word' id='word_1_395' title='bbox 1508 3542 1811 3599; x_wconf 83' lang='lat' dir='ltr'><strong>istiusmodi</strong></span> <span class='ocrx_word' id='word_1_396' title='bbox 1838 3542 2208 3612; x_wconf 89' lang='lat' dir='ltr'><strong>repetitiones.</strong></span> 
     </span>
    </p>
   </div>
   <div class='ocr_carea' id='block_1_59' title="bbox 684 3615 1577 3687">
    <p class='ocr_par' dir='ltr' id='par_1_59' title="bbox 684 3615 1577 3687">
     <span class='ocr_line' id='line_1_59' title="bbox 684 3615 1577 3687; baseline -0.003 -15"><span class='ocrx_word' id='word_1_397' title='bbox 684 3617 811 3673; x_wconf 73' lang='lat'><strong>639.</strong></span> <span class='ocrx_word' id='word_1_398' title='bbox 837 3617 986 3682; x_wconf 89' lang='lat' dir='ltr'><strong>Bas.,</strong></span> <span class='ocrx_word' id='word_1_399' title='bbox 1019 3616 1181 3687; x_wconf 90' lang='lat' dir='ltr'><strong>faciat</strong></span> <span class='ocrx_word' id='word_1_400' title='bbox 1206 3632 1224 3669; x_wconf 90' lang='lat'><strong><em>:</em></strong></span> <span class='ocrx_word' id='word_1_401' title='bbox 1247 3616 1367 3685; x_wconf 82' lang='lat' dir='ltr'><strong>lege</strong></span> <span class='ocrx_word' id='word_1_402' title='bbox 1398 3615 1577 3687; x_wconf 80' lang='lat' dir='ltr'><strong>faciet.</strong></span> 
     </span>
    </p>
   </div>
   <div class='ocr_carea' id='block_1_60' title="bbox 682 3685 2208 3757">
    <p class='ocr_par' dir='ltr' id='par_1_60' title="bbox 682 3685 2208 3757">
     <span class='ocr_line' id='line_1_60' title="bbox 682 3685 2208 3757; baseline -0.004 -13"><span class='ocrx_word' id='word_1_403' title='bbox 682 3687 810 3744; x_wconf 72' lang='lat' dir='ltr'><strong>6M.</strong></span> <span class='ocrx_word' id='word_1_404' title='bbox 837 3685 1059 3750; x_wconf 69' lang='lat' dir='ltr'><strong>Ottob..</strong></span> <span class='ocrx_word' id='word_1_405' title='bbox 1090 3702 1174 3757; x_wconf 87' lang='lat' dir='ltr'><strong>pr.</strong></span> <span class='ocrx_word' id='word_1_406' title='bbox 1226 3704 1326 3752; x_wconf 93' lang='lat' dir='ltr'><strong>m.,</strong></span> <span class='ocrx_word' id='word_1_407' title='bbox 1373 3685 1553 3742; x_wconf 79' lang='lat' dir='ltr'><strong>tribuit</strong></span> <span class='ocrx_word' id='word_1_408' title='bbox 1590 3702 1609 3741; x_wconf 91' lang='lat'><strong><em>:</em></strong></span> <span class='ocrx_word' id='word_1_409' title='bbox 1644 3702 1675 3743; x_wconf 91' lang='lat' dir='ltr'><strong>a</strong></span> <span class='ocrx_word' id='word_1_410' title='bbox 1723 3702 1836 3743; x_wconf 89' lang='lat' dir='ltr'><strong>sec.</strong></span> <span class='ocrx_word' id='word_1_411' title='bbox 1869 3702 1969 3751; x_wconf 90' lang='lat' dir='ltr'><strong>m.,</strong></span> <span class='ocrx_word' id='word_1_412' title='bbox 2000 3685 2208 3754; x_wconf 83' lang='lat' dir='ltr'><strong>tribuet,</strong></span> 
     </span>
    </p>
   </div>
   <div class='ocr_carea' id='block_1_61' title="bbox 611 3758 1433 3826">
    <p class='ocr_par' dir='ltr' id='par_1_61' title="bbox 611 3758 1433 3826">
     <span class='ocr_line' id='line_1_61' title="bbox 611 3758 1433 3826; baseline -0.006 -10"><span class='ocrx_word' id='word_1_413' title='bbox 611 3775 738 3817; x_wconf 91' lang='lat' dir='ltr'><strong>cum</strong></span> <span class='ocrx_word' id='word_1_414' title='bbox 768 3759 993 3826; x_wconf 84' lang='lat' dir='ltr'><strong>reliquis</strong></span> <span class='ocrx_word' id='word_1_415' title='bbox 1016 3773 1147 3814; x_wconf 88' lang='lat' dir='ltr'><strong>mss.</strong></span> <span class='ocrx_word' id='word_1_416' title='bbox 1174 3768 1230 3813; x_wconf 92' lang='lat' dir='ltr'><strong>et</strong></span> <span class='ocrx_word' id='word_1_417' title='bbox 1247 3758 1433 3814; x_wconf 83' lang='lat' dir='ltr'><strong>editis.</strong></span> 
     </span>
    </p>
   </div>
   <div class='ocr_carea' id='block_1_62' title="bbox 682 3828 2212 3900">
    <p class='ocr_par' dir='ltr' id='par_1_62' title="bbox 682 3828 2212 3900">
     <span class='ocr_line' id='line_1_62' title="bbox 682 3828 2212 3900; baseline -0.001 -15"><span class='ocrx_word' id='word_1_418' title='bbox 682 3830 810 3886; x_wconf 69' lang='grc'><strong>642.</strong></span> <span class='ocrx_word' id='word_1_419' title='bbox 843 3829 982 3900; x_wconf 67' lang='lat' dir='ltr'><strong>Ott...</strong></span> <span class='ocrx_word' id='word_1_420' title='bbox 1018 3830 1165 3891; x_wconf 83' lang='lat' dir='ltr'><strong>Ald.,</strong></span> <span class='ocrx_word' id='word_1_421' title='bbox 1202 3830 1357 3895; x_wconf 88' lang='lat' dir='ltr'><strong>Bas.,</strong></span> <span class='ocrx_word' id='word_1_422' title='bbox 1400 3841 1649 3884; x_wconf 91' lang='lat' dir='ltr'><strong>emortua.</strong></span> <span class='ocrx_word' id='word_1_423' title='bbox 1683 3829 1844 3900; x_wconf 64' lang='grc' dir='ltr'><strong>εἴθε..</strong></span> <span class='ocrx_word' id='word_1_424' title='bbox 1899 3828 2124 3884; x_wconf 80' lang='lat' dir='ltr'><strong>Hadam.</strong></span> <span class='ocrx_word' id='word_1_425' title='bbox 2157 3838 2212 3883; x_wconf 87' lang='lat' dir='ltr'><strong>et</strong></span> 
     </span>
    </p>
   </div>
   <div class='ocr_carea' id='block_1_63' title="bbox 611 3899 2208 3972">
    <p class='ocr_par' dir='ltr' id='par_1_63' title="bbox 611 3899 2208 3972">
     <span class='ocr_line' id='line_1_63' title="bbox 611 3899 2208 3972; baseline -0.002 -16"><span class='ocrx_word' id='word_1_426' title='bbox 611 3901 854 3972; x_wconf 85' lang='lat' dir='ltr'><strong>plerique</strong></span> <span class='ocrx_word' id='word_1_427' title='bbox 877 3899 1030 3966; x_wconf 85' lang='lat' dir='ltr'><strong>editi,</strong></span> <span class='ocrx_word' id='word_1_428' title='bbox 1063 3900 1355 3972; x_wconf 70' lang='lat' dir='ltr'><strong>demortua.</strong></span> <span class='ocrx_word' id='word_1_429' title='bbox 1405 3899 1593 3963; x_wconf 81' lang='lat' dir='ltr'><strong>Rom.,</strong></span> <span class='ocrx_word' id='word_1_430' title='bbox 1639 3899 1818 3965; x_wconf 84' lang='lat' dir='ltr'><strong>male,</strong></span> <span class='ocrx_word' id='word_1_431' title='bbox 1852 3900 2065 3954; x_wconf 78' lang='lat' dir='ltr'><strong>Genitor</strong></span> <span class='ocrx_word' id='word_1_432' title='bbox 2114 3916 2208 3953; x_wconf 87' lang='lat' dir='ltr'><strong>sua</strong></span> 
     </span>
    </p>
   </div>
   <div class='ocr_carea' id='block_1_64' title="bbox 610 3970 2207 4041">
    <p class='ocr_par' dir='ltr' id='par_1_64' title="bbox 610 3970 2207 4041">
     <span class='ocr_line' id='line_1_64' title="bbox 610 3970 2207 4041; baseline -0.002 -13"><span class='ocrx_word' id='word_1_433' title='bbox 610 3970 815 4028; x_wconf 78' lang='lat' dir='ltr'><strong>mortua</strong></span> <span class='ocrx_word' id='word_1_434' title='bbox 837 3988 1077 4041; x_wconf 86' lang='lat' dir='ltr'><strong>corpora.</strong></span> <span class='ocrx_word' id='word_1_435' title='bbox 1122 3970 1363 4027; x_wconf 85' lang='lat' dir='ltr'><strong>Verbum</strong></span> <span class='ocrx_word' id='word_1_436' title='bbox 1412 3972 1699 4026; x_wconf 81' lang='lat' dir='ltr'><strong>Ciceronis</strong></span> <span class='ocrx_word' id='word_1_437' title='bbox 1741 3979 1826 4025; x_wconf 88' lang='lat' dir='ltr'><strong>est</strong></span> <span class='ocrx_word' id='word_1_438' title='bbox 1871 3972 2207 4036; x_wconf 88' lang='lat' dir='ltr'><strong>demortuus;</strong></span> 
     </span>
    </p>
   </div>
   <div class='ocr_carea' id='block_1_65' title="bbox 608 4041 2209 4111">
    <p class='ocr_par' dir='ltr' id='par_1_65' title="bbox 608 4041 2209 4111">
     <span class='ocr_line' id='line_1_65' title="bbox 608 4041 2209 4111; baseline -0.002 -10"><span class='ocrx_word' id='word_1_439' title='bbox 608 4044 707 4101; x_wconf 91' lang='lat' dir='ltr'><strong>sed</strong></span> <span class='ocrx_word' id='word_1_440' title='bbox 739 4042 869 4100; x_wconf 87' lang='lat' dir='ltr'><strong>mihi</strong></span> <span class='ocrx_word' id='word_1_441' title='bbox 904 4058 1011 4097; x_wconf 89' lang='lat' dir='ltr'><strong>non</strong></span> <span class='ocrx_word' id='word_1_442' title='bbox 1037 4042 1350 4111; x_wconf 87' lang='lat' dir='ltr'><strong>displiceret</strong></span> <span class='ocrx_word' id='word_1_443' title='bbox 1374 4052 1604 4097; x_wconf 87' lang='lat' dir='ltr'><strong>emortua</strong></span> <span class='ocrx_word' id='word_1_444' title='bbox 1637 4043 1690 4097; x_wconf 91' lang='lat' dir='ltr'><strong>in</strong></span> <span class='ocrx_word' id='word_1_445' title='bbox 1719 4041 1981 4106; x_wconf 78' lang='lat' dir='ltr'><strong>JuvenCo,</strong></span> <span class='ocrx_word' id='word_1_446' title='bbox 2010 4043 2079 4097; x_wconf 85' lang='lat' dir='ltr'><strong>de</strong></span> <span class='ocrx_word' id='word_1_447' title='bbox 2101 4056 2209 4111; x_wconf 90' lang='lat' dir='ltr'><strong>quo</strong></span> 
     </span>
    </p>
   </div>
   <div class='ocr_carea' id='block_1_66' title="bbox 604 4112 2205 4185">
    <p class='ocr_par' dir='ltr' id='par_1_66' title="bbox 604 4112 2205 4185">
     <span class='ocr_line' id='line_1_66' title="bbox 604 4112 2205 4185; baseline -0.002 -15"><span class='ocrx_word' id='word_1_448' title='bbox 604 4115 870 4172; x_wconf 88' lang='lat' dir='ltr'><strong>vocabulo</strong></span> <span class='ocrx_word' id='word_1_449' title='bbox 888 4115 1099 4178; x_wconf 88' lang='lat' dir='ltr'><strong>confer.</strong></span> <span class='ocrx_word' id='word_1_450' title='bbox 1124 4115 1168 4185; x_wconf 87' lang='lat' dir='ltr'><strong>si</strong></span> <span class='ocrx_word' id='word_1_451' title='bbox 1194 4113 1363 4180; x_wconf 91' lang='lat' dir='ltr'><strong>lubet,</strong></span> <span class='ocrx_word' id='word_1_452' title='bbox 1392 4129 1513 4185; x_wconf 75' lang='lat' dir='ltr'><strong>quze</strong></span> <span class='ocrx_word' id='word_1_453' title='bbox 1531 4114 1715 4170; x_wconf 86' lang='lat' dir='ltr'><strong>notavi</strong></span> <span class='ocrx_word' id='word_1_454' title='bbox 1736 4114 1802 4168; x_wconf 90' lang='lat' dir='ltr'><strong>ad</strong></span> <span class='ocrx_word' id='word_1_455' title='bbox 1832 4112 2205 4185; x_wconf 87' lang='lat' dir='ltr'><strong>Dracontium,</strong></span> 
     </span>
    </p>
   </div>
   <div class='ocr_carea' id='block_1_67' title="bbox 608 4184 2207 4253">
    <p class='ocr_par' dir='ltr' id='par_1_67' title="bbox 608 4184 2207 4253">
     <span class='ocr_line' id='line_1_67' title="bbox 608 4184 2207 4253; baseline -0.001 -12"><span class='ocrx_word' id='word_1_456' title='bbox 608 4187 732 4241; x_wconf 89' lang='lat' dir='ltr'><strong>libr.</strong></span> <span class='ocrx_word' id='word_1_457' title='bbox 756 4202 816 4253; x_wconf 86' lang='lat' dir='ltr'><strong>tt,</strong></span> <span class='ocrx_word' id='word_1_458' title='bbox 874 4201 1020 4242; x_wconf 84' lang='lat' dir='ltr'><strong>vers.</strong></span> <span class='ocrx_word' id='word_1_459' title='bbox 1076 4184 1202 4241; x_wconf 71' lang='lat'><strong>625.</strong></span> <span class='ocrx_word' id='word_1_460' title='bbox 1250 4184 1510 4241; x_wconf 82' lang='lat' dir='ltr'><strong>Soletune</strong></span> <span class='ocrx_word' id='word_1_461' title='bbox 1535 4194 1621 4241; x_wconf 91' lang='lat' dir='ltr'><strong>est</strong></span> <span class='ocrx_word' id='word_1_462' title='bbox 1652 4185 1853 4241; x_wconf 86' lang='lat' dir='ltr'><strong>nostris</strong></span> <span class='ocrx_word' id='word_1_463' title='bbox 1896 4184 2207 4239; x_wconf 80' lang='lat' dir='ltr'><strong>Christianis</strong></span> 
     </span>
    </p>
   </div>
   <div class='ocr_carea' id='block_1_68' title="bbox 606 4253 2206 4329">
    <p class='ocr_par' dir='ltr' id='par_1_68' title="bbox 606 4253 2206 4329">
     <span class='ocr_line' id='line_1_68' title="bbox 606 4253 2206 4329; baseline -0.002 -15"><span class='ocrx_word' id='word_1_464' title='bbox 606 4258 806 4329; x_wconf 79' lang='lat' dir='ltr'><strong>poetis,</strong></span> <span class='ocrx_word' id='word_1_465' title='bbox 830 4266 890 4312; x_wconf 92' lang='lat' dir='ltr'><strong>ut</strong></span> <span class='ocrx_word' id='word_1_466' title='bbox 917 4257 1129 4313; x_wconf 86' lang='lat' dir='ltr'><strong>ratione</strong></span> <span class='ocrx_word' id='word_1_467' title='bbox 1176 4271 1401 4313; x_wconf 72' lang='lat' dir='ltr'><strong>caesura:</strong></span> <span class='ocrx_word' id='word_1_468' title='bbox 1432 4257 1651 4313; x_wconf 87' lang='lat' dir='ltr'><strong>brevem</strong></span> <span class='ocrx_word' id='word_1_469' title='bbox 1682 4257 1987 4328; x_wconf 88' lang='lat' dir='ltr'><strong>producant</strong></span> <span class='ocrx_word' id='word_1_470' title='bbox 2022 4274 2035 4309; x_wconf 88' lang='lat'><strong>:</strong></span> <span class='ocrx_word' id='word_1_471' title='bbox 2064 4253 2206 4327; x_wconf 90' lang='lat' dir='ltr'><strong>quod</strong></span> 
     </span>
    </p>
   </div>
   <div class='ocr_carea' id='block_1_69' title="bbox 2325 1692 3926 1764">
    <p class='ocr_par' dir='ltr' id='par_1_69' title="bbox 2325 1692 3926 1764">
     <span class='ocr_line' id='line_1_69' title="bbox 2325 1692 3926 1764; baseline 0.007 -21"><span class='ocrx_word' id='word_1_472' title='bbox 2325 1699 2661 1764; x_wconf 88' lang='lat' dir='ltr'><strong>tor_emortua</strong></span> <span class='ocrx_word' id='word_1_473' title='bbox 2707 1694 2761 1747; x_wconf 89' lang='lat' dir='ltr'><strong>in</strong></span> <span class='ocrx_word' id='word_1_474' title='bbox 2796 1692 3014 1748; x_wconf 81' lang='lat' dir='ltr'><strong>Genitor</strong></span> <span class='ocrx_word' id='word_1_475' title='bbox 3050 1695 3340 1749; x_wconf 88' lang='lat' dir='ltr'><strong>demortua.</strong></span> <span class='ocrx_word' id='word_1_476' title='bbox 3376 1694 3481 1751; x_wconf 90' lang='lat' dir='ltr'><strong>Sed</strong></span> <span class='ocrx_word' id='word_1_477' title='bbox 3528 1697 3782 1764; x_wconf 90' lang='lat' dir='ltr'><strong>qu0niam</strong></span> <span class='ocrx_word' id='word_1_478' title='bbox 3819 1699 3926 1755; x_wconf 86' lang='lat' dir='ltr'><strong>fide</strong></span> 
     </span>
    </p>
   </div>
   <div class='ocr_carea' id='block_1_70' title="bbox 2324 1761 3926 1835">
    <p class='ocr_par' dir='ltr' id='par_1_70' title="bbox 2324 1761 3926 1835">
     <span class='ocr_line' id='line_1_70' title="bbox 2324 1761 3926 1835; baseline 0.007 -20"><span class='ocrx_word' id='word_1_479' title='bbox 2324 1761 2530 1835; x_wconf 86' lang='lat' dir='ltr'><strong>codicis</strong></span> <span class='ocrx_word' id='word_1_480' title='bbox 2549 1780 2652 1818; x_wconf 91' lang='lat' dir='ltr'><strong>ms.</strong></span> <span class='ocrx_word' id='word_1_481' title='bbox 2682 1764 2810 1833; x_wconf 83' lang='lat' dir='ltr'><strong>Reg.</strong></span> <span class='ocrx_word' id='word_1_482' title='bbox 2856 1766 2991 1819; x_wconf 89' lang='lat' dir='ltr'><strong>tueri</strong></span> <span class='ocrx_word' id='word_1_483' title='bbox 3025 1780 3315 1835; x_wconf 76' lang='lat' dir='ltr'><strong>possumus</strong></span> <span class='ocrx_word' id='word_1_484' title='bbox 3339 1761 3631 1833; x_wconf 83' lang='lat' dir='ltr'><strong>demortua,</strong></span> <span class='ocrx_word' id='word_1_485' title='bbox 3654 1769 3705 1823; x_wconf 89' lang='lat' dir='ltr'><strong>id</strong></span> <span class='ocrx_word' id='word_1_486' title='bbox 3731 1770 3926 1826; x_wconf 87' lang='lat' dir='ltr'><strong>libenti</strong></span> 
     </span>
    </p>
   </div>
   <div class='ocr_carea' id='block_1_71' title="bbox 2324 1834 3631 1903">
    <p class='ocr_par' dir='ltr' id='par_1_71' title="bbox 2324 1834 3631 1903">
     <span class='ocr_line' id='line_1_71' title="bbox 2324 1834 3631 1903; baseline 0.005 -17"><span class='ocrx_word' id='word_1_487' title='bbox 2324 1834 2506 1887; x_wconf 89' lang='lat' dir='ltr'><strong>animo</strong></span> <span class='ocrx_word' id='word_1_488' title='bbox 2532 1836 2849 1891; x_wconf 84' lang='lat' dir='ltr'><strong>retinemus.</strong></span> <span class='ocrx_word' id='word_1_489' title='bbox 2884 1834 3222 1903; x_wconf 30' lang='lat' dir='ltr'><strong>Ott.,’reddet</strong></span> <span class='ocrx_word' id='word_1_490' title='bbox 3250 1853 3269 1891; x_wconf 91' lang='lat'><strong><em>:</em></strong></span> <span class='ocrx_word' id='word_1_491' title='bbox 3294 1838 3409 1902; x_wconf 88' lang='lat' dir='ltr'><strong>alii,</strong></span> <span class='ocrx_word' id='word_1_492' title='bbox 3444 1839 3631 1892; x_wconf 81' lang='lat' dir='ltr'><strong>reddit.</strong></span> 
     </span>
    </p>
   </div>
   <div class='ocr_carea' id='block_1_72' title="bbox 2395 1902 3926 1981">
    <p class='ocr_par' dir='ltr' id='par_1_72' title="bbox 2395 1902 3926 1981">
     <span class='ocr_line' id='line_1_72' title="bbox 2395 1902 3926 1981; baseline 0.007 -22"><span class='ocrx_word' id='word_1_493' title='bbox 2395 1902 2707 1981; x_wconf 47' lang='lat' dir='ltr'><strong>64}.Reg.,</strong></span> <span class='ocrx_word' id='word_1_494' title='bbox 2740 1907 2810 1961; x_wconf 90' lang='lat' dir='ltr'><strong>ad</strong></span> <span class='ocrx_word' id='word_1_495' title='bbox 2830 1902 3319 1981; x_wconf 67' lang='lat' dir='ltr'><strong>lumensurgeutia.</strong></span> <span class='ocrx_word' id='word_1_496' title='bbox 3366 1910 3521 1975; x_wconf 81' lang='lat' dir='ltr'><strong>Ald.,</strong></span> <span class='ocrx_word' id='word_1_497' title='bbox 3552 1910 3727 1975; x_wconf 83' lang='lat' dir='ltr'><strong>ducit,</strong></span> <span class='ocrx_word' id='word_1_498' title='bbox 3777 1915 3926 1981; x_wconf 85' lang='lat' dir='ltr'><strong>quod</strong></span> 
     </span>
    </p>
   </div>
   <div class='ocr_carea' id='block_1_73' title="bbox 2323 1973 3925 2050">
    <p class='ocr_par' dir='ltr' id='par_1_73' title="bbox 2323 1973 3925 2050">
     <span class='ocr_line' id='line_1_73' title="bbox 2323 1973 3925 2050; baseline 0.007 -22"><span class='ocrx_word' id='word_1_499' title='bbox 2323 1973 2506 2050; x_wconf 67' lang='lat' dir='ltr'><strong>fuitin</strong></span> <span class='ocrx_word' id='word_1_500' title='bbox 2532 1973 2761 2050; x_wconf 56' lang='lat' dir='ltr'><strong>t_)tt.:,ex</strong></span> <span class='ocrx_word' id='word_1_501' title='bbox 2792 1994 2899 2045; x_wconf 85' lang='lat' dir='ltr'><strong>quo</strong></span> <span class='ocrx_word' id='word_1_502' title='bbox 2939 1973 3144 2033; x_wconf 73' lang='lat' dir='ltr'><strong>factuui</strong></span> <span class='ocrx_word' id='word_1_503' title='bbox 3170 1980 3344 2044; x_wconf 84' lang='lat' dir='ltr'><strong>ducet,</strong></span> <span class='ocrx_word' id='word_1_504' title='bbox 3375 1973 3516 2050; x_wconf 73' lang='lat' dir='ltr'><strong>quzn</strong></span> <span class='ocrx_word' id='word_1_505' title='bbox 3540 1992 3625 2037; x_wconf 90' lang='lat' dir='ltr'><strong>est</strong></span> <span class='ocrx_word' id='word_1_506' title='bbox 3670 1973 3925 2039; x_wconf 76' lang='lat' dir='ltr'><strong>cominu-</strong></span> 
     </span>
    </p>
   </div>
   <div class='ocr_carea' id='block_1_74' title="bbox 2323 2047 3922 2123">
    <p class='ocr_par' dir='ltr' id='par_1_74' title="bbox 2323 2047 3922 2123">
     <span class='ocr_line' id='line_1_74' title="bbox 2323 2047 3922 2123; baseline 0.006 -24"><span class='ocrx_word' id='word_1_507' title='bbox 2323 2047 2408 2123; x_wconf 87' lang='lat' dir='ltr'><strong>ni_s</strong></span> <span class='ocrx_word' id='word_1_508' title='bbox 2430 2047 2614 2123; x_wconf 66' lang='lat' dir='ltr'><strong>lectio.</strong></span> <span class='ocrx_word' id='word_1_509' title='bbox 2641 2048 2924 2123; x_wconf 78' lang='lat' dir='ltr'><strong>Legcrem,</strong></span> <span class='ocrx_word' id='word_1_510' title='bbox 2958 2050 3003 2103; x_wconf 82' lang='lat' dir='ltr'><strong>si</strong></span> <span class='ocrx_word' id='word_1_511' title='bbox 3028 2065 3125 2120; x_wconf 92' lang='lat' dir='ltr'><strong>per</strong></span> <span class='ocrx_word' id='word_1_512' title='bbox 3151 2066 3286 2105; x_wconf 87' lang='lat' dir='ltr'><strong>mss.</strong></span> <span class='ocrx_word' id='word_1_513' title='bbox 3325 2047 3546 2123; x_wconf 68' lang='lat' dir='ltr'><strong>liceret,</strong></span> <span class='ocrx_word' id='word_1_514' title='bbox 3602 2052 3732 2119; x_wconf 80' lang='lat' dir='ltr'><strong>Qun:</strong></span> <span class='ocrx_word' id='word_1_515' title='bbox 3781 2055 3922 2123; x_wconf 76' lang='lat' dir='ltr'><strong>rufi,</strong></span> 
     </span>
    </p>
   </div>
   <div class='ocr_carea' id='block_1_75' title="bbox 2322 2116 3925 2190">
    <p class='ocr_par' dir='ltr' id='par_1_75' title="bbox 2322 2116 3925 2190">
     <span class='ocr_line' id='line_1_75' title="bbox 2322 2116 3925 2190; baseline 0.006 -18"><span class='ocrx_word' id='word_1_516' title='bbox 2322 2116 2391 2190; x_wconf 74' lang='lat' dir='ltr'><strong>qd</strong></span> <span class='ocrx_word' id='word_1_517' title='bbox 2421 2117 2651 2186; x_wconf 86' lang='lat' dir='ltr'><strong>Superos</strong></span> <span class='ocrx_word' id='word_1_518' title='bbox 2681 2116 2945 2190; x_wconf 80' lang='lat' dir='ltr'><strong>surgentia</strong></span> <span class='ocrx_word' id='word_1_519' title='bbox 2968 2116 3193 2187; x_wconf 67' lang='lat' dir='ltr'><strong>corpora</strong></span> <span class='ocrx_word' id='word_1_520' title='bbox 3217 2123 3379 2186; x_wconf 89' lang='lat' dir='ltr'><strong>ducit,</strong></span> <span class='ocrx_word' id='word_1_521' title='bbox 3414 2139 3482 2178; x_wconf 83' lang='lat' dir='ltr'><strong>ex</strong></span> <span class='ocrx_word' id='word_1_522' title='bbox 3510 2116 3704 2180; x_wconf 74' lang='lat' dir='ltr'><strong>Joann.</strong></span> <span class='ocrx_word' id='word_1_523' title='bbox 3735 2141 3787 2183; x_wconf 92' lang='lat' dir='ltr'><strong>v.</strong></span> <span class='ocrx_word' id='word_1_524' title='bbox 3812 2128 3885 2181; x_wconf 54' lang='grc' dir='ltr'><strong>τι</strong></span> <span class='ocrx_word' id='word_1_525' title='bbox 3912 2116 3925 2182; x_wconf 75' lang='grc' dir='ltr'>Ξ</span> 
     </span>
    </p>
   </div>
   <div class='ocr_carea' id='block_1_76' title="bbox 2324 2187 3926 2270">
    <p class='ocr_par' dir='ltr' id='par_1_76' title="bbox 2324 2187 3926 2270">
     <span class='ocr_line' id='line_1_76' title="bbox 2324 2187 3926 2270; baseline 0.006 -29"><span class='ocrx_word' id='word_1_526' title='bbox 2324 2187 2489 2270; x_wconf 46' lang='lat' dir='ltr'><strong>Sicnet</strong></span> <span class='ocrx_word' id='word_1_527' title='bbox 2519 2190 2708 2255; x_wconf 80' lang='lat' dir='ltr'><strong>Filius,</strong></span> <span class='ocrx_word' id='word_1_528' title='bbox 2741 2187 2871 2262; x_wconf 79' lang='lat' dir='ltr'><strong>quos</strong></span> <span class='ocrx_word' id='word_1_529' title='bbox 2900 2194 3044 2258; x_wconf 86' lang='lat' dir='ltr'><strong>vult,</strong></span> <span class='ocrx_word' id='word_1_530' title='bbox 3075 2194 3321 2263; x_wconf 76' lang='lat' dir='ltr'><strong>vivi/icui.</strong></span> <span class='ocrx_word' id='word_1_531' title='bbox 3356 2193 3667 2270; x_wconf 81' lang='lat' dir='ltr'><strong>Reuschius</strong></span> <span class='ocrx_word' id='word_1_532' title='bbox 3693 2197 3926 2270; x_wconf 64' lang='lat' dir='ltr'><strong>fatetur,</strong></span> 
     </span>
    </p>
   </div>
   <div class='ocr_carea' id='block_1_77' title="bbox 2322 2260 3929 2338">
    <p class='ocr_par' dir='ltr' id='par_1_77' title="bbox 2322 2260 3929 2338">
     <span class='ocr_line' id='line_1_77' title="bbox 2322 2260 3929 2338; baseline 0.007 -25"><span class='ocrx_word' id='word_1_533' title='bbox 2322 2260 2376 2313; x_wconf 91' lang='lat' dir='ltr'><strong>in</strong></span> <span class='ocrx_word' id='word_1_534' title='bbox 2406 2260 2595 2316; x_wconf 63' lang='lat' dir='ltr'><strong>Graeco</strong></span> <span class='ocrx_word' id='word_1_535' title='bbox 2625 2260 2923 2338; x_wconf 59' lang='lat' dir='ltr'><strong>tenuasse</strong></span> <span class='ocrx_word' id='word_1_536' title='bbox 2958 2260 3479 2338; x_wconf 24' lang='lat' dir='ltr'><strong>tempusiprazsmts;</strong></span> <span class='ocrx_word' id='word_1_537' title='bbox 3506 2267 3601 2338; x_wconf 89' lang='lat' dir='ltr'><strong>sed</strong></span> <span class='ocrx_word' id='word_1_538' title='bbox 3629 2278 3794 2338; x_wconf 86' lang='lat' dir='ltr'><strong>putat,</strong></span> <span class='ocrx_word' id='word_1_539' title='bbox 3820 2260 3929 2324; x_wconf 80' lang='lat' dir='ltr'><strong>Ju-</strong></span> 
     </span>
    </p>
   </div>
   <div class='ocr_carea' id='block_1_78' title="bbox 2322 2333 3735 2403">
    <p class='ocr_par' dir='ltr' id='par_1_78' title="bbox 2322 2333 3735 2403">
     <span class='ocr_line' id='line_1_78' title="bbox 2322 2333 3735 2403; baseline 0.006 -19"><span class='ocrx_word' id='word_1_540' title='bbox 2322 2346 2553 2403; x_wconf 83' lang='lat' dir='ltr'><strong>vencum</strong></span> <span class='ocrx_word' id='word_1_541' title='bbox 2588 2335 2653 2389; x_wconf 92' lang='lat' dir='ltr'><strong>ad</strong></span> <span class='ocrx_word' id='word_1_542' title='bbox 2680 2333 2947 2403; x_wconf 88' lang='lat' dir='ltr'><strong>judicium</strong></span> <span class='ocrx_word' id='word_1_543' title='bbox 2982 2336 3340 2391; x_wconf 87' lang='lat' dir='ltr'><strong>novissimum</strong></span> <span class='ocrx_word' id='word_1_544' title='bbox 3383 2336 3431 2391; x_wconf 92' lang='lat' dir='ltr'><strong>id</strong></span> <span class='ocrx_word' id='word_1_545' title='bbox 3461 2333 3735 2394; x_wconf 83' lang='lat' dir='ltr'><strong>retulisse.</strong></span> 
     </span>
    </p>
   </div>
   <div class='ocr_carea' id='block_1_79' title="bbox 2391 2402 3931 2482">
    <p class='ocr_par' dir='ltr' id='par_1_79' title="bbox 2391 2402 3931 2482">
     <span class='ocr_line' id='line_1_79' title="bbox 2391 2402 3931 2482; baseline 0.007 -26"><span class='ocrx_word' id='word_1_546' title='bbox 2391 2402 2718 2482; x_wconf 37' lang='lat' dir='ltr'><strong>645.“Reg.,</strong></span> <span class='ocrx_word' id='word_1_547' title='bbox 2764 2406 2951 2482; x_wconf 70' lang='lat' dir='ltr'><strong>Bom.,</strong></span> <span class='ocrx_word' id='word_1_548' title='bbox 2981 2406 3367 2482; x_wconf 77' lang='lat' dir='ltr'><strong>Poeltn.,__pro</strong></span> <span class='ocrx_word' id='word_1_549' title='bbox 3409 2408 3566 2482; x_wconf 84' lang='lat' dir='ltr'><strong>d._s.,</strong></span> <span class='ocrx_word' id='word_1_550' title='bbox 3615 2426 3931 2482; x_wconf 84' lang='lat' dir='ltr'><strong>quemquam</strong></span> 
     </span>
    </p>
   </div>
   <div class='ocr_carea' id='block_1_80' title="bbox 2320 2474 3931 2555">
    <p class='ocr_par' dir='ltr' id='par_1_80' title="bbox 2320 2474 3931 2555">
     <span class='ocr_line' id='line_1_80' title="bbox 2320 2474 3931 2555; baseline 0.007 -28"><span class='ocrx_word' id='word_1_551' title='bbox 2320 2476 2490 2530; x_wconf 85' lang='lat' dir='ltr'><strong>vestri.</strong></span> <span class='ocrx_word' id='word_1_552' title='bbox 2520 2474 2658 2555; x_wconf 80' lang='lat' dir='ltr'><strong>Ott_.,</strong></span> <span class='ocrx_word' id='word_1_553' title='bbox 2690 2478 2963 2555; x_wconf 82' lang='lat' dir='ltr'><strong>quicquam</strong></span> <span class='ocrx_word' id='word_1_554' title='bbox 3003 2479 3176 2532; x_wconf 86' lang='lat' dir='ltr'><strong>vestri.</strong></span> <span class='ocrx_word' id='word_1_555' title='bbox 3210 2474 3400 2555; x_wconf 69' lang='lat' dir='ltr'><strong>Plures</strong></span> <span class='ocrx_word' id='word_1_556' title='bbox 3427 2479 3595 2555; x_wconf 58' lang='grc' dir='ltr'><strong>(ξίῘίιί,⁸</strong></span> <span class='ocrx_word' id='word_1_557' title='bbox 3612 2474 3931 2555; x_wconf 80' lang='lat' dir='ltr'><strong>quemquam</strong></span> 
     </span>
    </p>
   </div>
   <div class='ocr_carea' id='block_1_81' title="bbox 2319 2549 3933 2622">
    <p class='ocr_par' dir='ltr' id='par_1_81' title="bbox 2319 2549 3933 2622">
     <span class='ocr_line' id='line_1_81' title="bbox 2319 2549 3933 2622; baseline 0.009 -24"><span class='ocrx_word' id='word_1_558' title='bbox 2319 2555 2564 2622; x_wconf 68' lang='lat' dir='ltr'><strong>eestrum.</strong></span> <span class='ocrx_word' id='word_1_559' title='bbox 2599 2549 2760 2622; x_wconf 63' lang='lat' dir='ltr'><strong>Beg.,</strong></span> <span class='ocrx_word' id='word_1_560' title='bbox 2795 2550 3020 2622; x_wconf 59' lang='lat' dir='ltr'><strong>quierit;</strong></span> <span class='ocrx_word' id='word_1_561' title='bbox 3072 2550 3516 2622; x_wconf 64' lang='lat' dir='ltr'><strong>casteri,quteret.</strong></span> <span class='ocrx_word' id='word_1_562' title='bbox 3549 2549 3714 2622; x_wconf 77' lang='lat' dir='ltr'><strong>Magis</strong></span> <span class='ocrx_word' id='word_1_563' title='bbox 3760 2549 3933 2613; x_wconf 75' lang='lat' dir='ltr'><strong>acce-</strong></span> 
     </span>
    </p>
   </div>
   <div class='ocr_carea' id='block_1_82' title="bbox 2318 2616 3933 2697">
    <p class='ocr_par' dir='ltr' id='par_1_82' title="bbox 2318 2616 3933 2697">
     <span class='ocr_line' id='line_1_82' title="bbox 2318 2616 3933 2697; baseline 0.007 -26"><span class='ocrx_word' id='word_1_564' title='bbox 2318 2616 2992 2697; x_wconf 28' lang='lat' dir='ltr'><strong>ditadnverba’livangelii</strong></span> <span class='ocrx_word' id='word_1_565' title='bbox 3031 2621 3237 2688; x_wconf 68' lang='lat' dir='ltr'><strong>quierit.</strong></span> <span class='ocrx_word' id='word_1_566' title='bbox 3269 2616 3559 2697; x_wconf 78' lang='lat' dir='ltr'><strong>Jo_aun_._v,</strong></span> <span class='ocrx_word' id='word_1_567' title='bbox 3586 2616 3698 2678; x_wconf 62' lang='grc' dir='ltr'><strong>εἷς</strong></span> <span class='ocrx_word' id='word_1_568' title='bbox 3735 2624 3933 2697; x_wconf 75' lang='lat' dir='ltr'><strong>Neque</strong></span> 
     </span>
    </p>
   </div>
   <div class='ocr_carea' id='block_1_83' title="bbox 2318 2689 3930 2813">
    <p class='ocr_par' dir='ltr' id='par_1_83' title="bbox 2318 2689 3930 2813">
     <span class='ocr_line' id='line_1_83' title="bbox 2318 2689 3930 2813; baseline 0.007 -72"><span class='ocrx_word' id='word_1_569' title='bbox 2318 2689 2473 2812; x_wconf 48' lang='lat' dir='ltr'><strong>(quin;w</strong></span> <span class='ocrx_word' id='word_1_570' title='bbox 2483 2689 2641 2813; x_wconf 41' lang='lat' dir='ltr'><strong>.ll’ater</strong></span> <span class='ocrx_word' id='word_1_571' title='bbox 2652 2692 2861 2762; x_wconf 84' lang='lat' dir='ltr'><strong>judicat</strong></span> <span class='ocrx_word' id='word_1_572' title='bbox 2877 2689 3220 2762; x_wconf 86' lang='lat' dir='ltr'><strong>quemquam:</strong></span> <span class='ocrx_word' id='word_1_573' title='bbox 3251 2693 3343 2748; x_wconf 84' lang='lat' dir='ltr'><strong>sed</strong></span> <span class='ocrx_word' id='word_1_574' title='bbox 3356 2693 3625 2762; x_wconf 84' lang='lat' dir='ltr'><strong>judicium</strong></span> <span class='ocrx_word' id='word_1_575' title='bbox 3652 2713 3798 2751; x_wconf 73' lang='lat' dir='ltr'><strong>autne</strong></span> <span class='ocrx_word' id='word_1_576' title='bbox 3827 2689 3930 2753; x_wconf 69' lang='lat' dir='ltr'><strong>ile-</strong></span> 
     </span>
     <span class='ocr_line' id='line_1_84' title="bbox 2357 2777 2588 2813; baseline 0.004 -1"><span class='ocrx_word' id='word_1_577' title='bbox 2357 2777 2371 2812; x_wconf 84' lang='lat' dir='ltr'><strong>t</strong></span> <span class='ocrx_word' id='word_1_578' title='bbox 2477 2777 2490 2812; x_wconf 90' lang='lat' dir='ltr'><strong>t</strong></span> <span class='ocrx_word' id='word_1_579' title='bbox 2518 2778 2588 2813; x_wconf 76' lang='lat' dir='ltr'><strong>io.</strong></span> 
     </span>
    </p>
   </div>
   <div class='ocr_carea' id='block_1_84' title="bbox 2357 2770 2588 2814">
    <p class='ocr_par' dir='ltr' id='par_1_84' title="bbox 2357 2770 2588 2814">
     <span class='ocr_line' id='line_1_85' title="bbox 2357 2770 2588 2814; baseline 0.009 -2"><span class='ocrx_word' id='word_1_580' title='bbox 2357 2770 2395 2812; x_wconf 79' lang='grc' dir='ltr'><strong>ιι</strong></span> <span class='ocrx_word' id='word_1_581' title='bbox 2423 2770 2588 2814; x_wconf 70' lang='lat' dir='ltr'><strong>Filio.</strong></span> 
     </span>
    </p>
   </div>
   <div class='ocr_carea' id='block_1_85' title="bbox 2392 2829 3928 2907">
    <p class='ocr_par' dir='ltr' id='par_1_85' title="bbox 2392 2829 3928 2907">
     <span class='ocr_line' id='line_1_86' title="bbox 2392 2829 3928 2907; baseline 0.007 -23"><span class='ocrx_word' id='word_1_582' title='bbox 2392 2829 2517 2887; x_wconf 85' lang='grc'><strong>650.</strong></span> <span class='ocrx_word' id='word_1_583' title='bbox 2553 2831 2740 2907; x_wconf 50' lang='lat' dir='ltr'><strong>Febr,</strong></span> <span class='ocrx_word' id='word_1_584' title='bbox 2776 2834 2911 2907; x_wconf 82' lang='lat' dir='ltr'><strong>figit,</strong></span> <span class='ocrx_word' id='word_1_585' title='bbox 2940 2849 3063 2907; x_wconf 87' lang='lat' dir='ltr'><strong>cum</strong></span> <span class='ocrx_word' id='word_1_586' title='bbox 3093 2833 3301 2890; x_wconf 90' lang='lat' dir='ltr'><strong>Poelm.</strong></span> <span class='ocrx_word' id='word_1_587' title='bbox 3324 2845 3379 2891; x_wconf 91' lang='lat' dir='ltr'><strong>et</strong></span> <span class='ocrx_word' id='word_1_588' title='bbox 3405 2836 3619 2901; x_wconf 88' lang='lat' dir='ltr'><strong>0ttob.,</strong></span> <span class='ocrx_word' id='word_1_589' title='bbox 3645 2852 3673 2891; x_wconf 91' lang='lat' dir='ltr'><strong>a</strong></span> <span class='ocrx_word' id='word_1_590' title='bbox 3702 2853 3785 2907; x_wconf 91' lang='lat' dir='ltr'><strong>pr.</strong></span> <span class='ocrx_word' id='word_1_591' title='bbox 3811 2856 3928 2903; x_wconf 88' lang='lat' dir='ltr'><strong>m.,</strong></span> 
     </span>
    </p>
   </div>
   <div class='ocr_carea' id='block_1_86' title="bbox 2320 2902 3931 2978">
    <p class='ocr_par' dir='ltr' id='par_1_86' title="bbox 2320 2902 3931 2978">
     <span class='ocr_line' id='line_1_87' title="bbox 2320 2902 3931 2978; baseline 0.007 -22"><span class='ocrx_word' id='word_1_592' title='bbox 2320 2916 2385 2956; x_wconf 86' lang='lat' dir='ltr'><strong>ex</strong></span> <span class='ocrx_word' id='word_1_593' title='bbox 2417 2917 2525 2971; x_wconf 86' lang='lat' dir='ltr'><strong>quo</strong></span> <span class='ocrx_word' id='word_1_594' title='bbox 2557 2902 2753 2978; x_wconf 69' lang='lat' dir='ltr'><strong>itrOtt.</strong></span> <span class='ocrx_word' id='word_1_595' title='bbox 2777 2902 3002 2978; x_wconf 67' lang='lat' dir='ltr'><strong>videtur</strong></span> <span class='ocrx_word' id='word_1_596' title='bbox 3035 2905 3234 2978; x_wconf 84' lang='lat' dir='ltr'><strong>factum</strong></span> <span class='ocrx_word' id='word_1_597' title='bbox 3260 2908 3404 2977; x_wconf 83' lang='lat' dir='ltr'><strong>ﬁget,</strong></span> <span class='ocrx_word' id='word_1_598' title='bbox 3429 2908 3571 2978; x_wconf 85' lang='lat' dir='ltr'><strong>quod</strong></span> <span class='ocrx_word' id='word_1_599' title='bbox 3598 2902 3801 2965; x_wconf 80' lang='lat' dir='ltr'><strong>habent</strong></span> <span class='ocrx_word' id='word_1_600' title='bbox 3823 2902 3931 2968; x_wconf 83' lang='lat' dir='ltr'><strong>alii</strong></span> 
     </span>
    </p>
   </div>
   <div class='ocr_carea' id='block_1_87' title="bbox 2321 2975 3931 3050">
    <p class='ocr_par' dir='ltr' id='par_1_87' title="bbox 2321 2975 3931 3050">
     <span class='ocr_line' id='line_1_88' title="bbox 2321 2975 3931 3050; baseline 0.007 -24"><span class='ocrx_word' id='word_1_601' title='bbox 2321 2987 2453 3027; x_wconf 89' lang='lat' dir='ltr'><strong>mss.</strong></span> <span class='ocrx_word' id='word_1_602' title='bbox 2484 2984 2539 3050; x_wconf 85' lang='lat' dir='ltr'><strong>et</strong></span> <span class='ocrx_word' id='word_1_603' title='bbox 2570 2975 2725 3050; x_wconf 82' lang='lat' dir='ltr'><strong>editi.</strong></span> <span class='ocrx_word' id='word_1_604' title='bbox 2757 2977 2998 3050; x_wconf 81' lang='lat' dir='ltr'><strong>Joannes</strong></span> <span class='ocrx_word' id='word_1_605' title='bbox 3025 2978 3099 3031; x_wconf 85' lang='lat' dir='ltr'><strong>ait</strong></span> <span class='ocrx_word' id='word_1_606' title='bbox 3125 2977 3279 3050; x_wconf 38' lang='lat' dir='ltr'><strong>{Qui</strong></span> <span class='ocrx_word' id='word_1_607' title='bbox 3300 2975 3508 3033; x_wconf 69' lang='lat' dir='ltr'><strong>uerbum</strong></span> <span class='ocrx_word' id='word_1_608' title='bbox 3538 2997 3703 3034; x_wconf 85' lang='lat' dir='ltr'><strong>meum</strong></span> <span class='ocrx_word' id='word_1_609' title='bbox 3743 2983 3931 3050; x_wconf 87' lang='lat' dir='ltr'><strong>audit,</strong></span> 
     </span>
    </p>
   </div>
   <div class='ocr_carea' id='block_1_88' title="bbox 2321 3046 3931 3118">
    <p class='ocr_par' dir='ltr' id='par_1_88' title="bbox 2321 3046 3931 3118">
     <span class='ocr_line' id='line_1_89' title="bbox 2321 3046 3931 3118; baseline 0.008 -21"><span class='ocrx_word' id='word_1_610' title='bbox 2321 3052 2367 3097; x_wconf 88' lang='lat' dir='ltr'><strong>et</strong></span> <span class='ocrx_word' id='word_1_611' title='bbox 2398 3046 2559 3099; x_wconf 88' lang='lat' dir='ltr'><strong>credit</strong></span> <span class='ocrx_word' id='word_1_612' title='bbox 2593 3048 2659 3115; x_wconf 89' lang='lat' dir='ltr'><strong>ei,</strong></span> <span class='ocrx_word' id='word_1_613' title='bbox 2702 3049 2792 3118; x_wconf 86' lang='lat' dir='ltr'><strong>qui</strong></span> <span class='ocrx_word' id='word_1_614' title='bbox 2823 3049 2958 3102; x_wconf 86' lang='lat' dir='ltr'><strong>misit</strong></span> <span class='ocrx_word' id='word_1_615' title='bbox 2998 3064 3096 3103; x_wconf 89' lang='lat' dir='ltr'><strong>me.</strong></span> <span class='ocrx_word' id='word_1_616' title='bbox 3130 3049 3434 3105; x_wconf 85' lang='lat' dir='ltr'><strong>Reuscltius</strong></span> <span class='ocrx_word' id='word_1_617' title='bbox 3467 3061 3672 3105; x_wconf 78' lang='lat' dir='ltr'><strong>textum</strong></span> <span class='ocrx_word' id='word_1_618' title='bbox 3701 3046 3931 3110; x_wconf 75' lang='lat' dir='ltr'><strong>sacruni</strong></span> 
     </span>
    </p>
   </div>
   <div class='ocr_carea' id='block_1_89' title="bbox 2321 3120 3935 3192">
    <p class='ocr_par' dir='ltr' id='par_1_89' title="bbox 2321 3120 3935 3192">
     <span class='ocr_line' id='line_1_90' title="bbox 2321 3120 3935 3192; baseline 0.01 -25"><span class='ocrx_word' id='word_1_619' title='bbox 2321 3125 2563 3192; x_wconf 80' lang='lat' dir='ltr'><strong>secutus,</strong></span> <span class='ocrx_word' id='word_1_620' title='bbox 2596 3128 2847 3173; x_wconf 79' lang='lat' dir='ltr'><strong>ceSsaute</strong></span> <span class='ocrx_word' id='word_1_621' title='bbox 2887 3120 3156 3192; x_wconf 90' lang='lat' dir='ltr'><strong>euallage,</strong></span> <span class='ocrx_word' id='word_1_622' title='bbox 3189 3136 3349 3191; x_wconf 86' lang='lat' dir='ltr'><strong>quam</strong></span> <span class='ocrx_word' id='word_1_623' title='bbox 3396 3123 3449 3176; x_wconf 92' lang='lat' dir='ltr'><strong>in</strong></span> <span class='ocrx_word' id='word_1_624' title='bbox 3480 3122 3935 3191; x_wconf 66' lang='lat' dir='ltr'><strong>procedentibus</strong></span> 
     </span>
    </p>
   </div>
   <div class='ocr_carea' id='block_1_90' title="bbox 2320 3186 3930 3266">
    <p class='ocr_par' dir='ltr' id='par_1_90' title="bbox 2320 3186 3930 3266">
     <span class='ocr_line' id='line_1_91' title="bbox 2320 3186 3930 3266; baseline 0.009 -27"><span class='ocrx_word' id='word_1_625' title='bbox 2320 3186 2639 3266; x_wconf 78' lang='lat' dir='ltr'><strong>admiserat,</strong></span> <span class='ocrx_word' id='word_1_626' title='bbox 2672 3204 2911 3259; x_wconf 66' lang='lat' dir='ltr'><strong>prtesens</strong></span> <span class='ocrx_word' id='word_1_627' title='bbox 2953 3206 3049 3259; x_wconf 87' lang='lat' dir='ltr'><strong>pro</strong></span> <span class='ocrx_word' id='word_1_628' title='bbox 3071 3186 3280 3266; x_wconf 72' lang='lat' dir='ltr'><strong>Tutore</strong></span> <span class='ocrx_word' id='word_1_629' title='bbox 3311 3186 3536 3259; x_wconf 83' lang='lat' dir='ltr'><strong>recepit.</strong></span> <span class='ocrx_word' id='word_1_630' title='bbox 3565 3194 3692 3266; x_wconf 87' lang='lat' dir='ltr'><strong>_Nec</strong></span> <span class='ocrx_word' id='word_1_631' title='bbox 3721 3196 3930 3266; x_wconf 85' lang='lat' dir='ltr'><strong>refert,</strong></span> 
     </span>
    </p>
   </div>
   <div class='ocr_carea' id='block_1_91' title="bbox 2322 3258 3933 3340">
    <p class='ocr_par' dir='ltr' id='par_1_91' title="bbox 2322 3258 3933 3340">
     <span class='ocr_line' id='line_1_92' title="bbox 2322 3258 3933 3340; baseline 0.01 -31"><span class='ocrx_word' id='word_1_632' title='bbox 2322 3258 2463 3327; x_wconf 86' lang='lat' dir='ltr'><strong>quod</strong></span> <span class='ocrx_word' id='word_1_633' title='bbox 2508 3258 2805 3340; x_wconf 18' lang='lat' dir='ltr'><strong>versiseq.</strong></span> <span class='ocrx_word' id='word_1_634' title='bbox 2838 3266 2909 3340; x_wconf 80' lang='lat' dir='ltr'><strong>sit</strong></span> <span class='ocrx_word' id='word_1_635' title='bbox 2949 3258 3228 3340; x_wconf 67' lang='lat' dir='ltr'><strong>patescent.</strong></span> <span class='ocrx_word' id='word_1_636' title='bbox 3259 3263 3337 3318; x_wconf 85' lang='lat' dir='ltr'><strong>Ita</strong></span> <span class='ocrx_word' id='word_1_637' title='bbox 3370 3258 3515 3320; x_wconf 88' lang='lat' dir='ltr'><strong>enim</strong></span> <span class='ocrx_word' id='word_1_638' title='bbox 3562 3264 3738 3321; x_wconf 89' lang='lat' dir='ltr'><strong>Latini</strong></span> <span class='ocrx_word' id='word_1_639' title='bbox 3769 3258 3933 3340; x_wconf 82' lang='lat' dir='ltr'><strong>loqui</strong></span> 
     </span>
    </p>
   </div>
   <div class='ocr_carea' id='block_1_92' title="bbox 2322 3332 3037 3401">
    <p class='ocr_par' dir='ltr' id='par_1_92' title="bbox 2322 3332 3037 3401">
     <span class='ocr_line' id='line_1_93' title="bbox 2322 3332 3037 3401; baseline 0.007 -19"><span class='ocrx_word' id='word_1_640' title='bbox 2322 3339 2528 3401; x_wconf 85' lang='lat' dir='ltr'><strong>amant,</strong></span> <span class='ocrx_word' id='word_1_641' title='bbox 2566 3332 2627 3387; x_wconf 89' lang='lat' dir='ltr'><strong>Si</strong></span> <span class='ocrx_word' id='word_1_642' title='bbox 2648 3332 2766 3398; x_wconf 88' lang='lat' dir='ltr'><strong>das,</strong></span> <span class='ocrx_word' id='word_1_643' title='bbox 2794 3335 3037 3401; x_wconf 84' lang='lat' dir='ltr'><strong>accipies.</strong></span> 
     </span>
    </p>
   </div>
   <div class='ocr_carea' id='block_1_93' title="bbox 2393 3400 3932 3469">
    <p class='ocr_par' dir='ltr' id='par_1_93' title="bbox 2393 3400 3932 3469">
     <span class='ocr_line' id='line_1_94' title="bbox 2393 3400 3932 3469; baseline 0.01 -15"><span class='ocrx_word' id='word_1_644' title='bbox 2393 3400 2518 3456; x_wconf 83' lang='grc'><strong>651.</strong></span> <span class='ocrx_word' id='word_1_645' title='bbox 2551 3401 2736 3459; x_wconf 71' lang='lat' dir='ltr'><strong>Codex</strong></span> <span class='ocrx_word' id='word_1_646' title='bbox 2770 3402 2896 3469; x_wconf 87' lang='lat' dir='ltr'><strong>Uu.,</strong></span> <span class='ocrx_word' id='word_1_647' title='bbox 2931 3404 3060 3459; x_wconf 72' lang='lat' dir='ltr'><strong><em>MOCE</em></strong></span> <span class='ocrx_word' id='word_1_648' title='bbox 3085 3422 3165 3460; x_wconf 89' lang='lat' dir='ltr'><strong>me</strong></span> <span class='ocrx_word' id='word_1_649' title='bbox 3187 3407 3484 3462; x_wconf 88' lang='lat' dir='ltr'><strong>emitteutis.</strong></span> <span class='ocrx_word' id='word_1_650' title='bbox 3517 3408 3817 3465; x_wconf 83' lang='lat' dir='ltr'><strong>Reuscltius</strong></span> <span class='ocrx_word' id='word_1_651' title='bbox 3849 3427 3932 3468; x_wconf 78' lang='lat' dir='ltr'><strong>ex</strong></span> 
     </span>
    </p>
   </div>
   <div class='ocr_carea' id='block_1_94' title="bbox 2322 3472 3931 3548">
    <p class='ocr_par' dir='ltr' id='par_1_94' title="bbox 2322 3472 3931 3548">
     <span class='ocr_line' id='line_1_95' title="bbox 2322 3472 3931 3548; baseline 0.007 -23"><span class='ocrx_word' id='word_1_652' title='bbox 2322 3472 2485 3548; x_wconf 75' lang='lat' dir='ltr'><strong>eodd.</strong></span> <span class='ocrx_word' id='word_1_653' title='bbox 2514 3477 2752 3548; x_wconf 83' lang='lat' dir='ltr'><strong>restituit</strong></span> <span class='ocrx_word' id='word_1_654' title='bbox 2770 3476 2908 3529; x_wconf 85' lang='lat' dir='ltr'><strong>dona</strong></span> <span class='ocrx_word' id='word_1_655' title='bbox 2922 3486 3200 3544; x_wconf 75' lang='lat' dir='ltr'><strong>patescant,</strong></span> <span class='ocrx_word' id='word_1_656' title='bbox 3232 3480 3374 3545; x_wconf 87' lang='lat' dir='ltr'><strong>qttod</strong></span> <span class='ocrx_word' id='word_1_657' title='bbox 3397 3480 3564 3535; x_wconf 84' lang='lat' dir='ltr'><strong>nostri</strong></span> <span class='ocrx_word' id='word_1_658' title='bbox 3584 3496 3712 3535; x_wconf 75' lang='lat' dir='ltr'><strong>mss.</strong></span> <span class='ocrx_word' id='word_1_659' title='bbox 3732 3484 3931 3548; x_wconf 75' lang='lat' dir='ltr'><strong>llom.,</strong></span> 
     </span>
    </p>
   </div>
   <div class='ocr_carea' id='block_1_95' title="bbox 2323 3542 3931 3618">
    <p class='ocr_par' dir='ltr' id='par_1_95' title="bbox 2323 3542 3931 3618">
     <span class='ocr_line' id='line_1_96' title="bbox 2323 3542 3931 3618; baseline 0.007 -21"><span class='ocrx_word' id='word_1_660' title='bbox 2323 3542 2481 3618; x_wconf 58' lang='lat' dir='ltr'><strong>Reg,</strong></span> <span class='ocrx_word' id='word_1_661' title='bbox 2514 3546 3064 3618; x_wconf 8' lang='lat' dir='ltr'><strong>Qtt.,gcomprobant.</strong></span> <span class='ocrx_word' id='word_1_662' title='bbox 3101 3542 3327 3605; x_wconf 79' lang='lat' dir='ltr'><strong>Veteres</strong></span> <span class='ocrx_word' id='word_1_663' title='bbox 3363 3552 3631 3607; x_wconf 86' lang='lat' dir='ltr'><strong>editiones</strong></span> <span class='ocrx_word' id='word_1_664' title='bbox 3657 3554 3793 3606; x_wconf 87' lang='lat' dir='ltr'><strong>dona</strong></span> <span class='ocrx_word' id='word_1_665' title='bbox 3834 3542 3931 3609; x_wconf 48' lang='lat' dir='ltr'><strong>ri;</strong></span> 
     </span>
    </p>
   </div>
   <div class='ocr_carea' id='block_1_96' title="bbox 2321 3616 3931 3694">
    <p class='ocr_par' dir='ltr' id='par_1_96' title="bbox 2321 3616 3931 3694">
     <span class='ocr_line' id='line_1_97' title="bbox 2321 3616 3931 3694; baseline 0.009 -25"><span class='ocrx_word' id='word_1_666' title='bbox 2321 3617 2477 3694; x_wconf 80' lang='lat' dir='ltr'><strong>debit.</strong></span> <span class='ocrx_word' id='word_1_667' title='bbox 2509 3616 2704 3694; x_wconf 81' lang='lat' dir='ltr'><strong>Omisit</strong></span> <span class='ocrx_word' id='word_1_668' title='bbox 2746 3616 3233 3694; x_wconf 63' lang='lat' dir='ltr'><strong>iuvencus__dattdi</strong></span> <span class='ocrx_word' id='word_1_669' title='bbox 3264 3636 3448 3676; x_wconf 90' lang='lat' dir='ltr'><strong>casum</strong></span> <span class='ocrx_word' id='word_1_670' title='bbox 3486 3624 3531 3677; x_wconf 87' lang='lat' dir='ltr'><strong>ei</strong></span> <span class='ocrx_word' id='word_1_671' title='bbox 3552 3638 3572 3677; x_wconf 90' lang='lat'><strong><em>:</em></strong></span> <span class='ocrx_word' id='word_1_672' title='bbox 3616 3624 3760 3694; x_wconf 90' lang='lat' dir='ltr'><strong>quod</strong></span> <span class='ocrx_word' id='word_1_673' title='bbox 3790 3625 3931 3683; x_wconf 87' lang='lat' dir='ltr'><strong>aliis</strong></span> 
     </span>
    </p>
   </div>
   <div class='ocr_carea' id='block_1_97' title="bbox 2321 3688 3305 3760">
    <p class='ocr_par' dir='ltr' id='par_1_97' title="bbox 2321 3688 3305 3760">
     <span class='ocr_line' id='line_1_98' title="bbox 2321 3688 3305 3760; baseline 0.004 -19"><span class='ocrx_word' id='word_1_674' title='bbox 2321 3688 2483 3760; x_wconf 79' lang='lat' dir='ltr'><strong>etiam</strong></span> <span class='ocrx_word' id='word_1_675' title='bbox 2512 3689 2874 3760; x_wconf 80' lang='lat' dir='ltr'><strong>scriptoribus</strong></span> <span class='ocrx_word' id='word_1_676' title='bbox 2908 3689 3176 3746; x_wconf 79' lang='lat' dir='ltr'><strong>familiare</strong></span> <span class='ocrx_word' id='word_1_677' title='bbox 3203 3702 3305 3745; x_wconf 78' lang='lat' dir='ltr'><strong>est.</strong></span> 
     </span>
    </p>
   </div>
   <div class='ocr_carea' id='block_1_98' title="bbox 2392 3758 3930 3831">
    <p class='ocr_par' dir='ltr' id='par_1_98' title="bbox 2392 3758 3930 3831">
     <span class='ocr_line' id='line_1_99' title="bbox 2392 3758 3930 3831; baseline 0.007 -18"><span class='ocrx_word' id='word_1_678' title='bbox 2392 3758 2516 3813; x_wconf 74' lang='lat'><strong>652.</strong></span> <span class='ocrx_word' id='word_1_679' title='bbox 2544 3758 2601 3814; x_wconf 87' lang='lat' dir='ltr'><strong>In</strong></span> <span class='ocrx_word' id='word_1_680' title='bbox 2629 3758 2838 3825; x_wconf 83' lang='lat' dir='ltr'><strong>Ottob.,</strong></span> <span class='ocrx_word' id='word_1_681' title='bbox 2868 3777 2896 3815; x_wconf 91' lang='lat' dir='ltr'><strong>a</strong></span> <span class='ocrx_word' id='word_1_682' title='bbox 2928 3777 3011 3831; x_wconf 92' lang='lat' dir='ltr'><strong>pr.</strong></span> <span class='ocrx_word' id='word_1_683' title='bbox 3042 3778 3142 3830; x_wconf 92' lang='lat' dir='ltr'><strong>m.,</strong></span> <span class='ocrx_word' id='word_1_684' title='bbox 3177 3761 3386 3817; x_wconf 87' lang='lat' dir='ltr'><strong>videtur</strong></span> <span class='ocrx_word' id='word_1_685' title='bbox 3413 3764 3577 3821; x_wconf 88' lang='lat' dir='ltr'><strong>fuisse</strong></span> <span class='ocrx_word' id='word_1_686' title='bbox 3606 3764 3930 3822; x_wconf 72' lang='lat' dir='ltr'><strong>.Eternum-</strong></span> 
     </span>
    </p>
   </div>
   <div class='ocr_carea' id='block_1_99' title="bbox 2320 3831 3891 3903">
    <p class='ocr_par' dir='ltr' id='par_1_99' title="bbox 2320 3831 3891 3903">
     <span class='ocr_line' id='line_1_100' title="bbox 2320 3831 3891 3903; baseline 0.007 -18"><span class='ocrx_word' id='word_1_687' title='bbox 2320 3846 2437 3903; x_wconf 82' lang='lat' dir='ltr'><strong>quc,</strong></span> <span class='ocrx_word' id='word_1_688' title='bbox 2470 3831 2610 3903; x_wconf 81' lang='lat' dir='ltr'><strong>quod</strong></span> <span class='ocrx_word' id='word_1_689' title='bbox 2642 3846 2793 3903; x_wconf 80' lang='lat' dir='ltr'><strong>more</strong></span> <span class='ocrx_word' id='word_1_690' title='bbox 2821 3831 3060 3888; x_wconf 85' lang='lat' dir='ltr'><strong>adverbii</strong></span> <span class='ocrx_word' id='word_1_691' title='bbox 3086 3850 3192 3889; x_wconf 92' lang='lat' dir='ltr'><strong>non</strong></span> <span class='ocrx_word' id='word_1_692' title='bbox 3223 3845 3368 3889; x_wconf 90' lang='lat' dir='ltr'><strong>esset</strong></span> <span class='ocrx_word' id='word_1_693' title='bbox 3397 3838 3891 3896; x_wconf 88' lang='lat' dir='ltr'><strong>contemnendum.</strong></span> 
     </span>
    </p>
   </div>
   <div class='ocr_carea' id='block_1_100' title="bbox 2384 3902 3924 3978">
    <p class='ocr_par' dir='ltr' id='par_1_100' title="bbox 2384 3902 3924 3978">
     <span class='ocr_line' id='line_1_101' title="bbox 2384 3902 3924 3978; baseline 0.004 -19"><span class='ocrx_word' id='word_1_694' title='bbox 2384 3902 2513 3961; x_wconf 70' lang='grc'><strong>654.</strong></span> <span class='ocrx_word' id='word_1_695' title='bbox 2544 3902 2732 3978; x_wconf 46' lang='lat' dir='ltr'><strong>fore&quot;</strong></span> <span class='ocrx_word' id='word_1_696' title='bbox 2763 3902 2951 3971; x_wconf 82' lang='lat' dir='ltr'><strong>Rom.,</strong></span> <span class='ocrx_word' id='word_1_697' title='bbox 2976 3904 3197 3978; x_wconf 87' lang='lat' dir='ltr'><strong>lumina,</strong></span> <span class='ocrx_word' id='word_1_698' title='bbox 3229 3906 3373 3976; x_wconf 93' lang='lat' dir='ltr'><strong>quod</strong></span> <span class='ocrx_word' id='word_1_699' title='bbox 3394 3906 3776 3978; x_wconf 85' lang='lat' dir='ltr'><strong>Schoettgenio</strong></span> <span class='ocrx_word' id='word_1_700' title='bbox 3796 3910 3924 3965; x_wconf 79' lang='lat' dir='ltr'><strong>dis-</strong></span> 
     </span>
    </p>
   </div>
   <div class='ocr_carea' id='block_1_101' title="bbox 2314 3974 3927 4043">
    <p class='ocr_par' dir='ltr' id='par_1_101' title="bbox 2314 3974 3927 4043">
     <span class='ocr_line' id='line_1_102' title="bbox 2314 3974 3927 4043; baseline 0.006 -16"><span class='ocrx_word' id='word_1_701' title='bbox 2314 3974 2495 4041; x_wconf 83' lang='lat' dir='ltr'><strong>plicet.</strong></span> <span class='ocrx_word' id='word_1_702' title='bbox 2547 3974 2797 4043; x_wconf 83' lang='lat' dir='ltr'><strong>Plerique</strong></span> <span class='ocrx_word' id='word_1_703' title='bbox 2836 3990 2971 4031; x_wconf 89' lang='lat' dir='ltr'><strong>mss.</strong></span> <span class='ocrx_word' id='word_1_704' title='bbox 3005 3984 3060 4031; x_wconf 90' lang='lat' dir='ltr'><strong>et</strong></span> <span class='ocrx_word' id='word_1_705' title='bbox 3089 3974 3260 4043; x_wconf 46' lang='lat' dir='ltr'><strong>editi,‘</strong></span> <span class='ocrx_word' id='word_1_706' title='bbox 3276 3978 3479 4031; x_wconf 85' lang='lat' dir='ltr'><strong>limina.</strong></span> <span class='ocrx_word' id='word_1_707' title='bbox 3508 3974 3927 4036; x_wconf 63' lang='lat' dir='ltr'><strong>Non&#39;dissimu-</strong></span> 
     </span>
    </p>
   </div>
   <div class='ocr_carea' id='block_1_102' title="bbox 2312 4045 3926 4170">
    <p class='ocr_par' dir='ltr' id='par_1_102' title="bbox 2312 4045 3926 4170">
     <span class='ocr_line' id='line_1_103' title="bbox 2312 4045 3926 4170; baseline 0.007 -72"><span class='ocrx_word' id='word_1_708' title='bbox 2312 4045 2436 4170; x_wconf 67' lang='lat' dir='ltr'><strong>llabo</strong></span> <span class='ocrx_word' id='word_1_709' title='bbox 2464 4056 2668 4111; x_wconf 90' lang='lat' dir='ltr'><strong>tamen,</strong></span> <span class='ocrx_word' id='word_1_710' title='bbox 2694 4045 2749 4100; x_wconf 89' lang='lat' dir='ltr'><strong>h.</strong></span> <span class='ocrx_word' id='word_1_711' title='bbox 2785 4046 2823 4101; x_wconf 94' lang='lat' dir='ltr'><strong>l.</strong></span> <span class='ocrx_word' id='word_1_712' title='bbox 2846 4061 2992 4101; x_wconf 90' lang='lat' dir='ltr'><strong>vers.</strong></span> <span class='ocrx_word' id='word_1_713' title='bbox 3018 4047 3145 4115; x_wconf 79' lang='grc'><strong>519,</strong></span> <span class='ocrx_word' id='word_1_714' title='bbox 3173 4064 3202 4101; x_wconf 91' lang='lat' dir='ltr'><strong>a</strong></span> <span class='ocrx_word' id='word_1_715' title='bbox 3228 4047 3468 4103; x_wconf 83' lang='lat' dir='ltr'><strong>Juvenco</strong></span> <span class='ocrx_word' id='word_1_716' title='bbox 3489 4049 3695 4105; x_wconf 86' lang='lat' dir='ltr'><strong>dictum</strong></span> <span class='ocrx_word' id='word_1_717' title='bbox 3718 4053 3926 4109; x_wconf 83' lang='lat' dir='ltr'><strong>lumine</strong></span> 
     </span>
     <span class='ocr_line' id='line_1_104' title="bbox 2340 4133 2469 4170; baseline 0 0"><span class='ocrx_word' id='word_1_718' title='bbox 2340 4133 2469 4170; x_wconf 75' lang='grc' dir='ltr'><strong>υσεδ.</strong></span> 
     </span>
    </p>
   </div>
   <div class='ocr_carea' id='block_1_103' title="bbox 2340 4133 2469 4171">
    <p class='ocr_par' dir='ltr' id='par_1_103' title="bbox 2340 4133 2469 4171">
     <span class='ocr_line' id='line_1_105' title="bbox 2340 4133 2469 4171; baseline 0 0"><span class='ocrx_word' id='word_1_719' title='bbox 2340 4133 2469 4171; x_wconf 72' lang='grc' dir='ltr'><strong>υσεδ.</strong></span> 
     </span>
    </p>
   </div>
   <div class='ocr_carea' id='block_1_104' title="bbox 2383 4188 3917 4261">
    <p class='ocr_par' dir='ltr' id='par_1_104' title="bbox 2383 4188 3917 4261">
     <span class='ocr_line' id='line_1_106' title="bbox 2383 4188 3917 4261; baseline 0.005 -18"><span class='ocrx_word' id='word_1_720' title='bbox 2383 4188 2510 4261; x_wconf 84' lang='grc'><strong>655.</strong></span> <span class='ocrx_word' id='word_1_721' title='bbox 2539 4188 2891 4261; x_wconf 23' lang='lat' dir='ltr'><strong>Reg.,0tt.,i</strong></span> <span class='ocrx_word' id='word_1_722' title='bbox 2910 4189 3095 4255; x_wconf 82' lang='lat' dir='ltr'><strong>Rom.,</strong></span> <span class='ocrx_word' id='word_1_723' title='bbox 3128 4198 3326 4261; x_wconf 83' lang='lat' dir='ltr'><strong>tempus</strong></span> <span class='ocrx_word' id='word_1_724' title='bbox 3354 4206 3474 4243; x_wconf 88' lang='lat' dir='ltr'><strong>cum</strong></span> <span class='ocrx_word' id='word_1_725' title='bbox 3500 4197 3719 4244; x_wconf 88' lang='lat' dir='ltr'><strong>mortua.</strong></span> <span class='ocrx_word' id='word_1_726' title='bbox 3755 4194 3917 4261; x_wconf 87' lang='lat' dir='ltr'><strong>Ald.,</strong></span> 
     </span>
    </p>
   </div>
   <div class='ocr_carea' id='block_1_105' title="bbox 2311 4257 3917 4336">
    <p class='ocr_par' dir='ltr' id='par_1_105' title="bbox 2311 4257 3917 4336">
     <span class='ocr_line' id='line_1_107' title="bbox 2311 4257 3917 4336; baseline 0.004 -23"><span class='ocrx_word' id='word_1_727' title='bbox 2311 4257 2567 4327; x_wconf 82' lang='lat' dir='ltr'><strong>Hadam.,</strong></span> <span class='ocrx_word' id='word_1_728' title='bbox 2593 4257 2824 4327; x_wconf 84' lang='lat' dir='ltr'><strong>Poelm.,</strong></span> <span class='ocrx_word' id='word_1_729' title='bbox 2851 4260 3064 4318; x_wconf 81' lang='lat' dir='ltr'><strong>Fabric.</strong></span> <span class='ocrx_word' id='word_1_730' title='bbox 3091 4257 3287 4336; x_wconf 75' lang='lat' dir='ltr'><strong>tempus</strong></span> <span class='ocrx_word' id='word_1_731' title='bbox 3304 4276 3407 4332; x_wconf 92' lang='lat' dir='ltr'><strong>quo</strong></span> <span class='ocrx_word' id='word_1_732' title='bbox 3429 4269 3648 4318; x_wconf 89' lang='lat' dir='ltr'><strong>mortua.</strong></span> <span class='ocrx_word' id='word_1_733' title='bbox 3673 4257 3917 4320; x_wconf 55' lang='lat' dir='ltr'><strong>Accam;</strong></span> 
     </span>
    </p>
   </div>
   <div class='ocr_carea' id='block_1_106' title="bbox 2153 4371 2386 4431">
    <p class='ocr_par' dir='ltr' id='par_1_106' title="bbox 2153 4371 2386 4431">
     <span class='ocr_line' id='line_1_108' title="bbox 2153 4371 2386 4431; baseline 0.017 -4"><span class='ocrx_word' id='word_1_734' title='bbox 2153 4371 2386 4431; x_wconf 68' lang='lat' dir='ltr'><strong>NOTAE.</strong></span> 
     </span>
    </p>
   </div>
   <div class='ocr_carea' id='block_1_107' title="bbox 674 4370 3906 4542">
    <p class='ocr_par' dir='ltr' id='par_1_107' title="bbox 674 4370 3906 4542">
     <span class='ocr_line' id='line_1_109' title="bbox 2153 4371 2386 4431; baseline 0.017 -4"><span class='ocrx_word' id='word_1_735' title='bbox 2153 4371 2199 4427; x_wconf 85' lang='lat' dir='ltr'><strong>N</strong></span> <span class='ocrx_word' id='word_1_736' title='bbox 2367 4411 2386 4431; x_wconf 89' lang='lat'><strong>.</strong></span> 
     </span>
     <span class='ocr_line' id='line_1_110' title="bbox 674 4370 3906 4542; baseline -0 -17"><span class='ocrx_word' id='word_1_737' title='bbox 674 4468 801 4526; x_wconf 77' lang='grc'><strong>651.</strong></span> <span class='ocrx_word' id='word_1_738' title='bbox 846 4466 1156 4542; x_wconf 78' lang='lat' dir='ltr'><strong>Irrevocatis</strong></span> <span class='ocrx_word' id='word_1_739' title='bbox 1187 4485 1213 4542; x_wconf 12' lang='lat'><strong>:7</strong></span> <span class='ocrx_word' id='word_1_740' title='bbox 1245 4467 1351 4524; x_wconf 85' lang='lat' dir='ltr'><strong>hac</strong></span> <span class='ocrx_word' id='word_1_741' title='bbox 1376 4482 1511 4542; x_wconf 81' lang='lat' dir='ltr'><strong>voce</strong></span> <span class='ocrx_word' id='word_1_742' title='bbox 1553 4466 1815 4542; x_wconf 79' lang='lat' dir='ltr'><strong>Horatius</strong></span> <span class='ocrx_word' id='word_1_743' title='bbox 1861 4474 1915 4542; x_wconf 73' lang='lat' dir='ltr'><strong>et</strong></span> <span class='ocrx_word' id='word_1_744' title='bbox 1968 4370 2493 4542; x_wconf 47' lang='lat' dir='ltr'><strong>Ovidittsogﬂ659.</strong></span> <span class='ocrx_word' id='word_1_745' title='bbox 2516 4466 2745 4542; x_wconf 77' lang='lat' dir='ltr'><strong>CAP_l_lT</strong></span> <span class='ocrx_word' id='word_1_746' title='bbox 2787 4466 2952 4524; x_wconf 78' lang='lat' dir='ltr'><strong>XXV.</strong></span> <span class='ocrx_word' id='word_1_747' title='bbox 2987 4426 3334 4539; x_wconf 65' lang='lat' dir='ltr'><strong>Quacumque</strong></span> <span class='ocrx_word' id='word_1_748' title='bbox 3368 4465 3531 4522; x_wconf 86' lang='lat' dir='ltr'><strong>Pater</strong></span> <span class='ocrx_word' id='word_1_749' title='bbox 3555 4469 3725 4540; x_wconf 79' lang='lat' dir='ltr'><strong>fecerit</strong></span> <span class='ocrx_word' id='word_1_750' title='bbox 3752 4511 3767 4537; x_wconf 89' lang='lat'><strong>,</strong></span> <span class='ocrx_word' id='word_1_751' title='bbox 3818 4474 3906 4542; x_wconf 79' lang='lat' dir='ltr'><strong>fa-</strong></span> 
     </span>
    </p>
   </div>
   <div class='ocr_carea' id='block_1_108' title="bbox 602 4537 2207 4666">
    <p class='ocr_par' dir='ltr' id='par_1_108' title="bbox 602 4537 2207 4666">
     <span class='ocr_line' id='line_1_111' title="bbox 602 4537 2207 4666; baseline -0.003 -70"><span class='ocrx_word' id='word_1_752' title='bbox 602 4549 847 4666; x_wconf 45' lang='lat' dir='ltr'><strong>ﬁgitur.</strong></span> <span class='ocrx_word' id='word_1_753' title='bbox 878 4540 1151 4597; x_wconf 86' lang='lat' dir='ltr'><strong>Juvencus</strong></span> <span class='ocrx_word' id='word_1_754' title='bbox 1197 4539 1499 4595; x_wconf 77' lang='lat' dir='ltr'><strong>irrevocatis</strong></span> <span class='ocrx_word' id='word_1_755' title='bbox 1548 4539 1706 4608; x_wconf 92' lang='lat' dir='ltr'><strong>ponit</strong></span> <span class='ocrx_word' id='word_1_756' title='bbox 1744 4553 1843 4609; x_wconf 84' lang='lat' dir='ltr'><strong>pro</strong></span> <span class='ocrx_word' id='word_1_757' title='bbox 1895 4537 2207 4591; x_wconf 81' lang='lat' dir='ltr'><strong>irrevocabi-</strong></span> 
     </span>
     <span class='ocr_line' id='line_1_112' title="bbox 626 4627 757 4666; baseline 0 0"><span class='ocrx_word' id='word_1_758' title='bbox 626 4627 641 4666; x_wconf 82' lang='lat' dir='ltr'><strong>t</strong></span> <span class='ocrx_word' id='word_1_759' title='bbox 742 4652 757 4666; x_wconf 92' lang='lat'><strong>.</strong></span> 
     </span>
    </p>
   </div>
   <div class='ocr_carea' id='block_1_109' title="bbox 626 4627 757 4668">
    <p class='ocr_par' dir='ltr' id='par_1_109' title="bbox 626 4627 757 4668">
     <span class='ocr_line' id='line_1_113' title="bbox 626 4627 757 4668; baseline 0.015 -2"><span class='ocrx_word' id='word_1_760' title='bbox 626 4627 757 4668; x_wconf 73' lang='lat' dir='ltr'><strong>im.</strong></span> 
     </span>
    </p>
   </div>
   <div class='ocr_carea' id='block_1_110' title="bbox 627 4678 2205 4811">
    <p class='ocr_par' dir='ltr' id='par_1_110' title="bbox 627 4678 2205 4811">
     <span class='ocr_line' id='line_1_114' title="bbox 627 4678 2205 4811; baseline -0.003 -72"><span class='ocrx_word' id='word_1_761' title='bbox 627 4682 801 4811; x_wconf 55' lang='lat' dir='ltr'><strong>M6315.</strong></span> <span class='ocrx_word' id='word_1_762' title='bbox 857 4683 1136 4739; x_wconf 85' lang='lat' dir='ltr'><strong>Thesauris</strong></span> <span class='ocrx_word' id='word_1_763' title='bbox 1169 4684 1331 4757; x_wconf 88' lang='lat' dir='ltr'><strong>justis</strong></span> <span class='ocrx_word' id='word_1_764' title='bbox 1360 4681 1746 4752; x_wconf 86' lang='lat' dir='ltr'><strong>:Evangelista</strong></span> <span class='ocrx_word' id='word_1_765' title='bbox 1793 4679 1906 4746; x_wconf 86' lang='lat' dir='ltr'><strong>ait,</strong></span> <span class='ocrx_word' id='word_1_766' title='bbox 1956 4678 2034 4735; x_wconf 89' lang='lat' dir='ltr'><strong>I)e</strong></span> <span class='ocrx_word' id='word_1_767' title='bbox 2071 4686 2205 4735; x_wconf 86' lang='lat' dir='ltr'><strong>bono</strong></span> 
     </span>
     <span class='ocr_line' id='line_1_115' title="bbox 753 4772 870 4809; baseline 0.009 -1"><span class='ocrx_word' id='word_1_768' title='bbox 753 4772 870 4809; x_wconf 89' lang='lat' dir='ltr'><strong>uro.</strong></span> 
     </span>
    </p>
   </div>
   <div class='ocr_carea' id='block_1_111' title="bbox 605 4763 870 4809">
    <p class='ocr_par' dir='ltr' id='par_1_111' title="bbox 605 4763 870 4809">
     <span class='ocr_line' id='line_1_116' title="bbox 605 4763 870 4809; baseline 0 0"><span class='ocrx_word' id='word_1_769' title='bbox 605 4763 870 4809; x_wconf 80' lang='lat' dir='ltr'><strong>thesauro.</strong></span> 
     </span>
    </p>
   </div>
   <div class='ocr_carea' id='block_1_112' title="bbox 680 4822 2198 4896">
    <p class='ocr_par' dir='ltr' id='par_1_112' title="bbox 680 4822 2198 4896">
     <span class='ocr_line' id='line_1_117' title="bbox 680 4822 2198 4896; baseline -0.002 -15"><span class='ocrx_word' id='word_1_770' title='bbox 680 4826 806 4883; x_wconf 87' lang='lat'><strong>656.</strong></span> <span class='ocrx_word' id='word_1_771' title='bbox 841 4826 1109 4882; x_wconf 86' lang='lat' dir='ltr'><strong>Venenum</strong></span> <span class='ocrx_word' id='word_1_772' title='bbox 1141 4841 1286 4894; x_wconf 63' lang='lat' dir='ltr'><strong>stripe</strong></span> <span class='ocrx_word' id='word_1_773' title='bbox 1315 4826 1367 4880; x_wconf 93' lang='lat' dir='ltr'><strong>in</strong></span> <span class='ocrx_word' id='word_1_774' title='bbox 1410 4823 1608 4880; x_wconf 89' lang='lat' dir='ltr'><strong>malam</strong></span> <span class='ocrx_word' id='word_1_775' title='bbox 1632 4822 2159 4896; x_wconf 24' lang='lat' dir='ltr'><strong>partemhaccipitur</strong></span> <span class='ocrx_word' id='word_1_776' title='bbox 2185 4840 2198 4889; x_wconf 90' lang='lat'><strong>;</strong></span> 
     </span>
    </p>
   </div>
   <div class='ocr_carea' id='block_1_113' title="bbox 602 4894 2201 4968">
    <p class='ocr_par' dir='ltr' id='par_1_113' title="bbox 602 4894 2201 4968">
     <span class='ocr_line' id='line_1_118' title="bbox 602 4894 2201 4968; baseline -0.003 -14"><span class='ocrx_word' id='word_1_777' title='bbox 602 4898 701 4955; x_wconf 88' lang='lat' dir='ltr'><strong>sed</strong></span> <span class='ocrx_word' id='word_1_778' title='bbox 732 4914 802 4953; x_wconf 83' lang='lat' dir='ltr'><strong>ex</strong></span> <span class='ocrx_word' id='word_1_779' title='bbox 851 4899 1022 4968; x_wconf 85' lang='lat' dir='ltr'><strong>prima</strong></span> <span class='ocrx_word' id='word_1_780' title='bbox 1066 4897 1468 4968; x_wconf 76' lang='lat' dir='ltr'><strong>significatione</strong></span> <span class='ocrx_word' id='word_1_781' title='bbox 1489 4911 1589 4968; x_wconf 52' lang='lat' dir='ltr'><strong>vos</strong></span> <span class='ocrx_word' id='word_1_782' title='bbox 1622 4894 1705 4950; x_wconf 81' lang='lat' dir='ltr'><strong>est</strong></span> <span class='ocrx_word' id='word_1_783' title='bbox 1736 4894 1912 4968; x_wconf 80' lang='lat' dir='ltr'><strong>media</strong></span> <span class='ocrx_word' id='word_1_784' title='bbox 1933 4935 1946 4956; x_wconf 90' lang='lat'><strong>,</strong></span> <span class='ocrx_word' id='word_1_785' title='bbox 1992 4910 2121 4968; x_wconf 63' lang='lat' dir='ltr'><strong>quae</strong></span> <span class='ocrx_word' id='word_1_786' title='bbox 2145 4896 2201 4968; x_wconf 77' lang='lat' dir='ltr'><strong>in</strong></span> 
     </span>
    </p>
   </div>
   <div class='ocr_carea' id='block_1_114' title="bbox 601 4965 2192 5041">
    <p class='ocr_par' dir='ltr' id='par_1_114' title="bbox 601 4965 2192 5041">
     <span class='ocr_line' id='line_1_119' title="bbox 601 4965 2192 5041; baseline -0.003 -16"><span class='ocrx_word' id='word_1_787' title='bbox 601 4965 888 5041; x_wconf 84' lang='lat' dir='ltr'><strong>utramque</strong></span> <span class='ocrx_word' id='word_1_788' title='bbox 911 4965 1287 5041; x_wconf 61' lang='lat' dir='ltr'><strong>partem&#39;sumi</strong></span> <span class='ocrx_word' id='word_1_789' title='bbox 1319 4976 1518 5041; x_wconf 75' lang='lat' dir='ltr'><strong>potest.</strong></span> <span class='ocrx_word' id='word_1_790' title='bbox 1569 4967 1718 5022; x_wconf 87' lang='lat' dir='ltr'><strong>Libr.</strong></span> <span class='ocrx_word' id='word_1_791' title='bbox 1745 4983 1775 5021; x_wconf 82' lang='grc' dir='ltr'><strong>ι.</strong></span> <span class='ocrx_word' id='word_1_792' title='bbox 1798 4966 1915 5041; x_wconf 74' lang='lat' dir='ltr'><strong>Dig.</strong></span> <span class='ocrx_word' id='word_1_793' title='bbox 1956 4966 2050 5041; x_wconf 91' lang='lat' dir='ltr'><strong>_tit.</strong></span> <span class='ocrx_word' id='word_1_794' title='bbox 2100 4965 2192 5041; x_wconf 68' lang='lat' dir='ltr'><strong>l6,</strong></span> 
     </span>
    </p>
   </div>
   <div class='ocr_carea' id='block_1_115' title="bbox 599 5037 2198 5111">
    <p class='ocr_par' dir='ltr' id='par_1_115' title="bbox 599 5037 2198 5111">
     <span class='ocr_line' id='line_1_120' title="bbox 599 5037 2198 5111; baseline -0.004 -14"><span class='ocrx_word' id='word_1_795' title='bbox 599 5041 669 5097; x_wconf 91' lang='lat' dir='ltr'><strong>de</strong></span> <span class='ocrx_word' id='word_1_796' title='bbox 695 5037 920 5097; x_wconf 75' lang='lat' dir='ltr'><strong>verbor.</strong></span> <span class='ocrx_word' id='word_1_797' title='bbox 948 5038 1130 5110; x_wconf 89' lang='lat' dir='ltr'><strong>signif.</strong></span> <span class='ocrx_word' id='word_1_798' title='bbox 1157 5040 1262 5111; x_wconf 88' lang='lat' dir='ltr'><strong>leg.</strong></span> <span class='ocrx_word' id='word_1_799' title='bbox 1293 5039 1404 5095; x_wconf 74' lang='lat'><strong>256</strong></span> <span class='ocrx_word' id='word_1_800' title='bbox 1428 5056 1441 5093; x_wconf 88' lang='lat'><strong>:</strong></span> <span class='ocrx_word' id='word_1_801' title='bbox 1466 5039 1562 5105; x_wconf 88' lang='lat' dir='ltr'><strong>Qui</strong></span> <span class='ocrx_word' id='word_1_802' title='bbox 1588 5054 1831 5093; x_wconf 82' lang='lat' dir='ltr'><strong>venenum</strong></span> <span class='ocrx_word' id='word_1_803' title='bbox 1860 5037 1986 5090; x_wconf 85' lang='lat' dir='ltr'><strong>dicit</strong></span> <span class='ocrx_word' id='word_1_804' title='bbox 2010 5080 2024 5103; x_wconf 93' lang='lat'><strong>,</strong></span> <span class='ocrx_word' id='word_1_805' title='bbox 2058 5038 2198 5110; x_wconf 86' lang='lat' dir='ltr'><strong>adji-</strong></span> 
     </span>
    </p>
   </div>
   <div class='ocr_carea' id='block_1_116' title="bbox 598 5110 2195 5178">
    <p class='ocr_par' dir='ltr' id='par_1_116' title="bbox 598 5110 2195 5178">
     <span class='ocr_line' id='line_1_121' title="bbox 598 5110 2195 5178; baseline -0.004 -10"><span class='ocrx_word' id='word_1_806' title='bbox 598 5129 714 5168; x_wconf 83' lang='lat' dir='ltr'><strong>cere</strong></span> <span class='ocrx_word' id='word_1_807' title='bbox 738 5113 917 5175; x_wconf 87' lang='lat' dir='ltr'><strong>debet,</strong></span> <span class='ocrx_word' id='word_1_808' title='bbox 944 5124 1121 5165; x_wconf 88' lang='lat' dir='ltr'><strong>utrum</strong></span> <span class='ocrx_word' id='word_1_809' title='bbox 1154 5110 1367 5178; x_wconf 83' lang='lat' dir='ltr'><strong>malum,</strong></span> <span class='ocrx_word' id='word_1_810' title='bbox 1396 5127 1463 5164; x_wconf 89' lang='lat' dir='ltr'><strong>an</strong></span> <span class='ocrx_word' id='word_1_811' title='bbox 1495 5117 1681 5165; x_wconf 81' lang='lat' dir='ltr'><strong>bonum</strong></span> <span class='ocrx_word' id='word_1_812' title='bbox 1705 5126 1724 5164; x_wconf 82' lang='lat'><strong>.&#39;</strong></span> <span class='ocrx_word' id='word_1_813' title='bbox 1747 5126 1865 5163; x_wconf 84' lang='lat' dir='ltr'><strong>nam</strong></span> <span class='ocrx_word' id='word_1_814' title='bbox 1893 5117 1939 5162; x_wconf 88' lang='lat' dir='ltr'><strong>et</strong></span> <span class='ocrx_word' id='word_1_815' title='bbox 1967 5110 2195 5163; x_wconf 86' lang='lat' dir='ltr'><strong>medica-</strong></span> 
     </span>
    </p>
   </div>
   <div class='ocr_carea' id='block_1_117' title="bbox 595 5180 2192 5250">
    <p class='ocr_par' dir='ltr' id='par_1_117' title="bbox 595 5180 2192 5250">
     <span class='ocr_line' id='line_1_122' title="bbox 595 5180 2192 5250; baseline -0.002 -12"><span class='ocrx_word' id='word_1_816' title='bbox 595 5195 766 5240; x_wconf 87' lang='lat' dir='ltr'><strong>menta</strong></span> <span class='ocrx_word' id='word_1_817' title='bbox 797 5200 995 5239; x_wconf 82' lang='lat' dir='ltr'><strong>venena</strong></span> <span class='ocrx_word' id='word_1_818' title='bbox 1021 5191 1166 5238; x_wconf 89' lang='lat' dir='ltr'><strong>sunt.</strong></span> <span class='ocrx_word' id='word_1_819' title='bbox 1191 5181 1404 5247; x_wconf 87' lang='lat' dir='ltr'><strong>Cicero,</strong></span> <span class='ocrx_word' id='word_1_820' title='bbox 1439 5197 1536 5250; x_wconf 81' lang='lat' dir='ltr'><strong>pro</strong></span> <span class='ocrx_word' id='word_1_821' title='bbox 1558 5182 1809 5236; x_wconf 81' lang='lat' dir='ltr'><strong>Cluentio</strong></span> <span class='ocrx_word' id='word_1_822' title='bbox 1830 5194 1950 5249; x_wconf 81' lang='lat' dir='ltr'><strong>cap.</strong></span> <span class='ocrx_word' id='word_1_823' title='bbox 1986 5180 2056 5236; x_wconf 69' lang='grc'><strong>54</strong></span> <span class='ocrx_word' id='word_1_824' title='bbox 2078 5221 2092 5245; x_wconf 92' lang='grc'><em>,</em></span> <span class='ocrx_word' id='word_1_825' title='bbox 2127 5195 2192 5235; x_wconf 79' lang='lat' dir='ltr'><strong>ex</strong></span> 
     </span>
    </p>
   </div>
   <div class='ocr_carea' id='block_1_118' title="bbox 597 5252 2013 5326">
    <p class='ocr_par' dir='ltr' id='par_1_118' title="bbox 597 5252 2013 5326">
     <span class='ocr_line' id='line_1_123' title="bbox 597 5252 2013 5326; baseline -0.002 -20"><span class='ocrx_word' id='word_1_826' title='bbox 597 5258 767 5311; x_wconf 83' lang='lat' dir='ltr'><strong>veteri</strong></span> <span class='ocrx_word' id='word_1_827' title='bbox 801 5256 924 5326; x_wconf 87' lang='lat' dir='ltr'><strong>lege</strong></span> <span class='ocrx_word' id='word_1_828' title='bbox 950 5271 964 5310; x_wconf 87' lang='lat'><strong>:</strong></span> <span class='ocrx_word' id='word_1_829' title='bbox 996 5254 1099 5322; x_wconf 87' lang='lat' dir='ltr'><strong>Qui</strong></span> <span class='ocrx_word' id='word_1_830' title='bbox 1130 5270 1383 5308; x_wconf 84' lang='lat' dir='ltr'><strong>venenum</strong></span> <span class='ocrx_word' id='word_1_831' title='bbox 1410 5254 1606 5326; x_wconf 77' lang='lat' dir='ltr'><strong>malum</strong></span> <span class='ocrx_word' id='word_1_832' title='bbox 1635 5253 1785 5324; x_wconf 90' lang='lat' dir='ltr'><strong>fecit,</strong></span> <span class='ocrx_word' id='word_1_833' title='bbox 1812 5252 2013 5322; x_wconf 80' lang='lat' dir='ltr'><strong>fecerit.</strong></span> 
     </span>
    </p>
   </div>
   <div class='ocr_carea' id='block_1_119' title="bbox 670 5323 2197 5392">
    <p class='ocr_par' dir='ltr' id='par_1_119' title="bbox 670 5323 2197 5392">
     <span class='ocr_line' id='line_1_124' title="bbox 670 5323 2197 5392; baseline -0.004 -9"><span class='ocrx_word' id='word_1_834' title='bbox 670 5327 796 5383; x_wconf 88' lang='lat'><strong>657.</strong></span> <span class='ocrx_word' id='word_1_835' title='bbox 826 5323 1167 5383; x_wconf 60' lang='lat' dir='ltr'><strong>S&#39;abatierius</strong></span> <span class='ocrx_word' id='word_1_836' title='bbox 1223 5326 1503 5391; x_wconf 82' lang='lat' dir='ltr'><strong>observat,</strong></span> <span class='ocrx_word' id='word_1_837' title='bbox 1548 5323 1844 5378; x_wconf 75' lang='lat' dir='ltr'><strong>iuvencum</strong></span> <span class='ocrx_word' id='word_1_838' title='bbox 1894 5323 2197 5392; x_wconf 72' lang='lat' dir='ltr'><strong>pt&#39;wlermi-</strong></span> 
     </span>
    </p>
   </div>
   <div class='ocr_carea' id='block_1_120' title="bbox 592 5395 2193 5465">
    <p class='ocr_par' dir='ltr' id='par_1_120' title="bbox 592 5395 2193 5465">
     <span class='ocr_line' id='line_1_125' title="bbox 592 5395 2193 5465; baseline -0.002 -14"><span class='ocrx_word' id='word_1_839' title='bbox 592 5396 734 5454; x_wconf 86' lang='lat' dir='ltr'><strong>sisse</strong></span> <span class='ocrx_word' id='word_1_840' title='bbox 757 5414 906 5454; x_wconf 86' lang='lat' dir='ltr'><strong>vers.</strong></span> <span class='ocrx_word' id='word_1_841' title='bbox 939 5400 1010 5454; x_wconf 87' lang='lat'><strong>56</strong></span> <span class='ocrx_word' id='word_1_842' title='bbox 1032 5396 1271 5452; x_wconf 64' lang='lat' dir='ltr'><strong>Matthaai</strong></span> <span class='ocrx_word' id='word_1_843' title='bbox 1300 5414 1313 5450; x_wconf 88' lang='lat'><strong>:</strong></span> <span class='ocrx_word' id='word_1_844' title='bbox 1354 5395 1483 5450; x_wconf 91' lang='lat' dir='ltr'><strong>Dico</strong></span> <span class='ocrx_word' id='word_1_845' title='bbox 1521 5403 1694 5449; x_wconf 85' lang='lat' dir='ltr'><strong>autent</strong></span> <span class='ocrx_word' id='word_1_846' title='bbox 1737 5395 1875 5448; x_wconf 83' lang='lat' dir='ltr'><strong>vobis</strong></span> <span class='ocrx_word' id='word_1_847' title='bbox 1901 5436 1914 5459; x_wconf 94' lang='lat'><strong>,</strong></span> <span class='ocrx_word' id='word_1_848' title='bbox 1946 5395 2193 5465; x_wconf 84' lang='lat' dir='ltr'><strong>quoniam</strong></span> 
     </span>
    </p>
   </div>
   <div class='ocr_carea' id='block_1_121' title="bbox 593 5467 2191 5554">
    <p class='ocr_par' dir='ltr' id='par_1_121' title="bbox 593 5467 2191 5554">
     <span class='ocr_line' id='line_1_126' title="bbox 593 5467 2191 5554; baseline -0.002 -33"><span class='ocrx_word' id='word_1_849' title='bbox 593 5482 744 5554; x_wconf 52' lang='lat' dir='ltr'><strong>cuius</strong></span> <span class='ocrx_word' id='word_1_850' title='bbox 788 5469 997 5553; x_wconf 73' lang='lat' dir='ltr'><strong>verbum</strong></span> <span class='ocrx_word' id='word_1_851' title='bbox 1037 5471 1282 5554; x_wconf 71' lang='lat' dir='ltr'><strong>otiosum,</strong></span> <span class='ocrx_word' id='word_1_852' title='bbox 1316 5467 1458 5554; x_wconf 66' lang='lat' dir='ltr'><strong>quod</strong></span> <span class='ocrx_word' id='word_1_853' title='bbox 1496 5468 1656 5554; x_wconf 56' lang='lat' dir='ltr'><strong>locuti</strong></span> <span class='ocrx_word' id='word_1_854' title='bbox 1683 5468 1897 5554; x_wconf 43' lang='lat' dir='ltr'><strong>.fue‘iinjt</strong></span> <span class='ocrx_word' id='word_1_855' title='bbox 1929 5467 2191 5554; x_wconf 46' lang='lat' dir='ltr'><strong>flamines,</strong></span> 
     </span>
    </p>
   </div>
   <div class='ocr_carea' id='block_1_122' title="bbox 593 5536 2193 5613">
    <p class='ocr_par' dir='ltr' id='par_1_122' title="bbox 593 5536 2193 5613">
     <span class='ocr_line' id='line_1_127' title="bbox 593 5536 2193 5613; baseline 0 -22"><span class='ocrx_word' id='word_1_856' title='bbox 593 5538 810 5613; x_wconf 72' lang='lat' dir='ltr'><strong>reddent</strong></span> <span class='ocrx_word' id='word_1_857' title='bbox 828 5543 1085 5595; x_wconf 87' lang='lat' dir='ltr'><strong>rationem</strong></span> <span class='ocrx_word' id='word_1_858' title='bbox 1126 5542 1191 5597; x_wconf 85' lang='lat' dir='ltr'><strong>de</strong></span> <span class='ocrx_word' id='word_1_859' title='bbox 1220 5557 1282 5613; x_wconf 89' lang='lat' dir='ltr'><strong>eo</strong></span> <span class='ocrx_word' id='word_1_860' title='bbox 1318 5536 1371 5595; x_wconf 85' lang='lat' dir='ltr'><strong>in</strong></span> <span class='ocrx_word' id='word_1_861' title='bbox 1405 5540 1487 5593; x_wconf 86' lang='lat' dir='ltr'><strong>die</strong></span> <span class='ocrx_word' id='word_1_862' title='bbox 1518 5536 1714 5613; x_wconf 76' lang='lat' dir='ltr'><strong>judicii</strong></span> <span class='ocrx_word' id='word_1_863' title='bbox 1739 5555 1757 5592; x_wconf 94' lang='lat'><em>:</em></span> <span class='ocrx_word' id='word_1_864' title='bbox 1782 5536 1889 5613; x_wconf 81' lang='lat' dir='ltr'><strong>Sed</strong></span> <span class='ocrx_word' id='word_1_865' title='bbox 1922 5536 2193 5613; x_wconf 71' lang='lat' dir='ltr'><strong>Juvencus</strong></span> 
     </span>
    </p>
   </div>
   <div class='ocr_carea' id='block_1_123' title="bbox 597 5605 2195 5681">
    <p class='ocr_par' dir='ltr' id='par_1_123' title="bbox 597 5605 2195 5681">
     <span class='ocr_line' id='line_1_128' title="bbox 597 5605 2195 5681; baseline -0.005 -12"><span class='ocrx_word' id='word_1_866' title='bbox 597 5605 779 5681; x_wconf 61' lang='lat' dir='ltr'><strong>hocet</strong></span> <span class='ocrx_word' id='word_1_867' title='bbox 806 5626 923 5681; x_wconf 81' lang='lat' dir='ltr'><strong>seq.</strong></span> <span class='ocrx_word' id='word_1_868' title='bbox 955 5627 1105 5667; x_wconf 84' lang='lat' dir='ltr'><strong>vers.</strong></span> <span class='ocrx_word' id='word_1_869' title='bbox 1128 5612 1261 5667; x_wconf 88' lang='lat' dir='ltr'><strong>satis</strong></span> <span class='ocrx_word' id='word_1_870' title='bbox 1285 5605 1609 5670; x_wconf 75' lang='lat' dir='ltr'><strong>sententiam</strong></span> <span class='ocrx_word' id='word_1_871' title='bbox 1642 5609 1788 5665; x_wconf 84' lang='lat' dir='ltr'><strong>hanc</strong></span> <span class='ocrx_word' id='word_1_872' title='bbox 1814 5610 1983 5680; x_wconf 90' lang='lat' dir='ltr'><strong>ipsam</strong></span> <span class='ocrx_word' id='word_1_873' title='bbox 2016 5608 2195 5663; x_wconf 85' lang='lat' dir='ltr'><strong>Evan—</strong></span> 
     </span>
    </p>
   </div>
   <div class='ocr_carea' id='block_1_124' title="bbox 591 5678 1186 5751">
    <p class='ocr_par' dir='ltr' id='par_1_124' title="bbox 591 5678 1186 5751">
     <span class='ocr_line' id='line_1_129' title="bbox 591 5678 1186 5751; baseline -0.005 -14"><span class='ocrx_word' id='word_1_874' title='bbox 591 5678 722 5751; x_wconf 73' lang='lat' dir='ltr'><strong>gelii</strong></span> <span class='ocrx_word' id='word_1_875' title='bbox 750 5678 1186 5751; x_wconf 82' lang='lat' dir='ltr'><strong>comprehendit.</strong></span> 
     </span>
    </p>
   </div>
   <div class='ocr_carea' id='block_1_125' title="bbox 2311 4538 3908 4601">
    <p class='ocr_par' dir='ltr' id='par_1_125' title="bbox 2311 4538 3908 4601">
     <span class='ocr_line' id='line_1_130' title="bbox 2311 4538 3908 4601; baseline 0.003 -10"><span class='ocrx_word' id='word_1_876' title='bbox 2311 4546 2515 4592; x_wconf 88' lang='lat' dir='ltr'><strong>cturum</strong></span> <span class='ocrx_word' id='word_1_877' title='bbox 2541 4548 2589 4593; x_wconf 90' lang='lat' dir='ltr'><strong>et</strong></span> <span class='ocrx_word' id='word_1_878' title='bbox 2621 4538 2838 4597; x_wconf 79' lang='lat' dir='ltr'><strong>Filium,</strong></span> <span class='ocrx_word' id='word_1_879' title='bbox 2862 4548 2909 4591; x_wconf 89' lang='lat' dir='ltr'><strong>et</strong></span> <span class='ocrx_word' id='word_1_880' title='bbox 2930 4556 3069 4593; x_wconf 84' lang='lat' dir='ltr'><strong>nunc</strong></span> <span class='ocrx_word' id='word_1_881' title='bbox 3090 4556 3198 4594; x_wconf 89' lang='lat' dir='ltr'><strong>esse</strong></span> <span class='ocrx_word' id='word_1_882' title='bbox 3225 4538 3426 4601; x_wconf 85' lang='lat' dir='ltr'><strong>horam,</strong></span> <span class='ocrx_word' id='word_1_883' title='bbox 3448 4538 3565 4601; x_wconf 38' lang='lat' dir='ltr'><strong>qua‘</strong></span> <span class='ocrx_word' id='word_1_884' title='bbox 3582 4544 3770 4595; x_wconf 90' lang='lat' dir='ltr'><strong>mortui</strong></span> <span class='ocrx_word' id='word_1_885' title='bbox 3807 4538 3908 4596; x_wconf 82' lang='lat' dir='ltr'><strong>au-</strong></span> 
     </span>
    </p>
   </div>
   <div class='ocr_carea' id='block_1_126' title="bbox 2310 4608 3909 4680">
    <p class='ocr_par' dir='ltr' id='par_1_126' title="bbox 2310 4608 3909 4680">
     <span class='ocr_line' id='line_1_131' title="bbox 2310 4608 3909 4680; baseline 0.004 -17"><span class='ocrx_word' id='word_1_886' title='bbox 2310 4610 2452 4680; x_wconf 70' lang='lat' dir='ltr'><strong>client</strong></span> <span class='ocrx_word' id='word_1_887' title='bbox 2478 4626 2648 4663; x_wconf 76' lang='lat' dir='ltr'><strong>vocem</strong></span> <span class='ocrx_word' id='word_1_888' title='bbox 2672 4610 2774 4680; x_wconf 81' lang='lat' dir='ltr'><strong>filii</strong></span> <span class='ocrx_word' id='word_1_889' title='bbox 2803 4608 2924 4675; x_wconf 89' lang='lat' dir='ltr'><strong>Dei,</strong></span> <span class='ocrx_word' id='word_1_890' title='bbox 2949 4618 2994 4664; x_wconf 90' lang='lat' dir='ltr'><strong>et</strong></span> <span class='ocrx_word' id='word_1_891' title='bbox 3041 4611 3151 4664; x_wconf 91' lang='lat' dir='ltr'><strong>alia</strong></span> <span class='ocrx_word' id='word_1_892' title='bbox 3196 4611 3317 4665; x_wconf 87' lang='lat' dir='ltr'><strong>item</strong></span> <span class='ocrx_word' id='word_1_893' title='bbox 3357 4608 3525 4663; x_wconf 82' lang='lat' dir='ltr'><strong>multa</strong></span> <span class='ocrx_word' id='word_1_894' title='bbox 3570 4612 3697 4665; x_wconf 80' lang='lat' dir='ltr'><strong>dicit</strong></span> <span class='ocrx_word' id='word_1_895' title='bbox 3751 4612 3909 4669; x_wconf 70' lang='lat' dir='ltr'><strong>Iesus</strong></span> 
     </span>
    </p>
   </div>
   <div class='ocr_carea' id='block_1_127' title="bbox 2308 4678 3906 4753">
    <p class='ocr_par' dir='ltr' id='par_1_127' title="bbox 2308 4678 3906 4753">
     <span class='ocr_line' id='line_1_132' title="bbox 2308 4678 3906 4753; baseline 0.003 -19"><span class='ocrx_word' id='word_1_896' title='bbox 2308 4678 2531 4735; x_wconf 66' lang='lat' dir='ltr'><strong>Iudaeis.</strong></span> <span class='ocrx_word' id='word_1_897' title='bbox 2565 4678 2726 4736; x_wconf 80' lang='lat' dir='ltr'><strong>Joan.</strong></span> <span class='ocrx_word' id='word_1_898' title='bbox 2753 4697 2806 4746; x_wconf 82' lang='grc' dir='ltr'><strong>ν,</strong></span> <span class='ocrx_word' id='word_1_899' title='bbox 2849 4683 2935 4736; x_wconf 79' lang='grc'><strong>19.</strong></span> <span class='ocrx_word' id='word_1_900' title='bbox 2973 4681 3277 4736; x_wconf 82' lang='lat' dir='ltr'><strong>Sectabitur</strong></span> <span class='ocrx_word' id='word_1_901' title='bbox 3301 4682 3446 4737; x_wconf 90' lang='lat' dir='ltr'><strong>idem</strong></span> <span class='ocrx_word' id='word_1_902' title='bbox 3481 4691 3565 4737; x_wconf 88' lang='lat' dir='ltr'><strong>est</strong></span> <span class='ocrx_word' id='word_1_903' title='bbox 3599 4697 3667 4738; x_wconf 85' lang='lat' dir='ltr'><strong>ac</strong></span> <span class='ocrx_word' id='word_1_904' title='bbox 3706 4684 3906 4753; x_wconf 82' lang='lat' dir='ltr'><strong>faciet,</strong></span> 
     </span>
    </p>
   </div>
   <div class='ocr_carea' id='block_1_128' title="bbox 2307 4753 3001 4824">
    <p class='ocr_par' dir='ltr' id='par_1_128' title="bbox 2307 4753 3001 4824">
     <span class='ocr_line' id='line_1_133' title="bbox 2307 4753 3001 4824; baseline -0.001 -17"><span class='ocrx_word' id='word_1_905' title='bbox 2307 4753 2623 4816; x_wconf 86' lang='lat' dir='ltr'><strong>imitabitur,</strong></span> <span class='ocrx_word' id='word_1_906' title='bbox 2649 4762 3001 4824; x_wconf 77' lang='lat' dir='ltr'><strong>exsequetur.</strong></span> 
     </span>
    </p>
   </div>
   <div class='ocr_carea' id='block_1_129' title="bbox 2378 4823 3906 4894">
    <p class='ocr_par' dir='ltr' id='par_1_129' title="bbox 2378 4823 3906 4894">
     <span class='ocr_line' id='line_1_134' title="bbox 2378 4823 3906 4894; baseline 0 -14"><span class='ocrx_word' id='word_1_907' title='bbox 2378 4824 2502 4880; x_wconf 59' lang='lat'><strong>655.</strong></span> <span class='ocrx_word' id='word_1_908' title='bbox 2537 4823 2818 4879; x_wconf 85' lang='lat' dir='ltr'><strong>Notandus</strong></span> <span class='ocrx_word' id='word_1_909' title='bbox 2862 4833 2949 4879; x_wconf 88' lang='lat' dir='ltr'><strong>est</strong></span> <span class='ocrx_word' id='word_1_910' title='bbox 2995 4823 3263 4879; x_wconf 89' lang='lat' dir='ltr'><strong>ablativus</strong></span> <span class='ocrx_word' id='word_1_911' title='bbox 3310 4824 3593 4879; x_wconf 86' lang='lat' dir='ltr'><strong>absolutus</strong></span> <span class='ocrx_word' id='word_1_912' title='bbox 3626 4839 3685 4879; x_wconf 90' lang='lat' dir='ltr'><strong>se</strong></span> <span class='ocrx_word' id='word_1_913' title='bbox 3698 4826 3906 4894; x_wconf 87' lang='lat' dir='ltr'><strong>judice,</strong></span> 
     </span>
    </p>
   </div>
   <div class='ocr_carea' id='block_1_130' title="bbox 2306 4895 3909 4966">
    <p class='ocr_par' dir='ltr' id='par_1_130' title="bbox 2306 4895 3909 4966">
     <span class='ocr_line' id='line_1_135' title="bbox 2306 4895 3909 4966; baseline 0.002 -16"><span class='ocrx_word' id='word_1_914' title='bbox 2306 4911 2503 4966; x_wconf 90' lang='lat' dir='ltr'><strong>nempe</strong></span> <span class='ocrx_word' id='word_1_915' title='bbox 2536 4898 2655 4965; x_wconf 92' lang='lat' dir='ltr'><strong>ipse</strong></span> <span class='ocrx_word' id='word_1_916' title='bbox 2676 4896 2867 4965; x_wconf 79' lang='lat' dir='ltr'><strong>judex.</strong></span> <span class='ocrx_word' id='word_1_917' title='bbox 2899 4895 3065 4950; x_wconf 88' lang='lat' dir='ltr'><strong>Plura</strong></span> <span class='ocrx_word' id='word_1_918' title='bbox 3099 4897 3300 4949; x_wconf 87' lang='lat' dir='ltr'><strong>similia</strong></span> <span class='ocrx_word' id='word_1_919' title='bbox 3332 4911 3401 4951; x_wconf 84' lang='lat' dir='ltr'><strong>ex</strong></span> <span class='ocrx_word' id='word_1_920' title='bbox 3428 4895 3611 4960; x_wconf 87' lang='lat' dir='ltr'><strong>Avito,</strong></span> <span class='ocrx_word' id='word_1_921' title='bbox 3640 4895 3909 4966; x_wconf 84' lang='lat' dir='ltr'><strong>Aratore,</strong></span> 
     </span>
    </p>
   </div>
   <div class='ocr_carea' id='block_1_131' title="bbox 2302 4966 3907 5037">
    <p class='ocr_par' dir='ltr' id='par_1_131' title="bbox 2302 4966 3907 5037">
     <span class='ocr_line' id='line_1_136' title="bbox 2302 4966 3907 5037; baseline -0.001 -14"><span class='ocrx_word' id='word_1_922' title='bbox 2302 4966 2602 5023; x_wconf 83' lang='lat' dir='ltr'><strong>Fortunato</strong></span> <span class='ocrx_word' id='word_1_923' title='bbox 2655 4970 2865 5037; x_wconf 78' lang='lat' dir='ltr'><strong>profert</strong></span> <span class='ocrx_word' id='word_1_924' title='bbox 2908 4966 3243 5021; x_wconf 84' lang='lat' dir='ltr'><strong>Arntzeuius</strong></span> <span class='ocrx_word' id='word_1_925' title='bbox 3272 4968 3338 5022; x_wconf 93' lang='lat' dir='ltr'><strong>ad</strong></span> <span class='ocrx_word' id='word_1_926' title='bbox 3394 4967 3707 5033; x_wconf 90' lang='lat' dir='ltr'><strong>Sedulium,</strong></span> <span class='ocrx_word' id='word_1_927' title='bbox 3756 4968 3791 5021; x_wconf 97' lang='grc' dir='ltr'><strong>Ι.</strong></span> <span class='ocrx_word' id='word_1_928' title='bbox 3826 4984 3907 5033; x_wconf 84' lang='grc' dir='ltr'><strong>ιν,</strong></span> 
     </span>
    </p>
   </div>
   <div class='ocr_carea' id='block_1_132' title="bbox 2302 5038 3909 5111">
    <p class='ocr_par' dir='ltr' id='par_1_132' title="bbox 2302 5038 3909 5111">
     <span class='ocr_line' id='line_1_137' title="bbox 2302 5038 3909 5111; baseline 0.002 -19"><span class='ocrx_word' id='word_1_929' title='bbox 2302 5055 2446 5094; x_wconf 89' lang='lat' dir='ltr'><strong>vers.</strong></span> <span class='ocrx_word' id='word_1_930' title='bbox 2478 5040 2532 5105; x_wconf 84' lang='lat'><strong>8,</strong></span> <span class='ocrx_word' id='word_1_931' title='bbox 2584 5039 2654 5094; x_wconf 89' lang='lat' dir='ltr'><strong>Se</strong></span> <span class='ocrx_word' id='word_1_932' title='bbox 2694 5038 2875 5111; x_wconf 85' lang='lat' dir='ltr'><strong>judice</strong></span> <span class='ocrx_word' id='word_1_933' title='bbox 2902 5049 3133 5111; x_wconf 67' lang='lat' dir='ltr'><strong>prmstut.</strong></span> <span class='ocrx_word' id='word_1_934' title='bbox 3184 5038 3241 5111; x_wconf 79' lang='grc' dir='ltr'><strong>ιη</strong></span> <span class='ocrx_word' id='word_1_935' title='bbox 3288 5038 3743 5109; x_wconf 75' lang='lat' dir='ltr'><strong>inscriptionibus</strong></span> <span class='ocrx_word' id='word_1_936' title='bbox 3794 5055 3909 5096; x_wconf 86' lang='lat' dir='ltr'><strong>non</strong></span> 
     </span>
    </p>
   </div>
   <div class='ocr_carea' id='block_1_133' title="bbox 2302 5057 3912 5181">
    <p class='ocr_par' dir='ltr' id='par_1_133' title="bbox 2302 5057 3912 5181">
     <span class='ocr_line' id='line_1_138' title="bbox 2302 5057 3909 5111; baseline 0.002 -19"><span class='ocrx_word' id='word_1_937' title='bbox 2302 5057 2446 5094; x_wconf 67' lang='grc' dir='ltr'><strong>νοτε.</strong></span> <span class='ocrx_word' id='word_1_938' title='bbox 2478 5057 2532 5105; x_wconf 79' lang='grc' dir='ltr'><strong>δ,</strong></span> <span class='ocrx_word' id='word_1_939' title='bbox 2584 5057 2654 5094; x_wconf 72' lang='lat' dir='ltr'><strong>oe</strong></span> <span class='ocrx_word' id='word_1_940' title='bbox 2694 5057 2875 5111; x_wconf 72' lang='lat' dir='ltr'><strong>juarce</strong></span> <span class='ocrx_word' id='word_1_941' title='bbox 2941 5057 3133 5092; x_wconf 70' lang='lat' dir='ltr'><strong>TfL&#39;Sft&quot;.</strong></span> <span class='ocrx_word' id='word_1_942' title='bbox 3184 5057 3241 5091; x_wconf 82' lang='lat' dir='ltr'><strong>In</strong></span> <span class='ocrx_word' id='word_1_943' title='bbox 3288 5057 3743 5109; x_wconf 79' lang='lat' dir='ltr'><strong>lnSCl&#39;lplIOHIDUS</strong></span> <span class='ocrx_word' id='word_1_944' title='bbox 3794 5057 3909 5096; x_wconf 86' lang='lat' dir='ltr'><strong>non</strong></span> 
     </span>
     <span class='ocr_line' id='line_1_139' title="bbox 2302 5057 3912 5181; baseline -0.001 -16"><span class='ocrx_word' id='word_1_945' title='bbox 2302 5126 2484 5165; x_wconf 89' lang='lat' dir='ltr'><strong>rarum</strong></span> <span class='ocrx_word' id='word_1_946' title='bbox 2515 5121 2598 5165; x_wconf 89' lang='lat' dir='ltr'><strong>est</strong></span> <span class='ocrx_word' id='word_1_947' title='bbox 2620 5126 2675 5164; x_wconf 90' lang='lat' dir='ltr'><strong>se</strong></span> <span class='ocrx_word' id='word_1_948' title='bbox 2712 5112 2842 5175; x_wconf 78' lang='lat' dir='ltr'><strong>vivo,</strong></span> <span class='ocrx_word' id='word_1_949' title='bbox 2879 5057 3019 5181; x_wconf 50' lang='lat' dir='ltr'><strong>fﬁcit.</strong></span> <span class='ocrx_word' id='word_1_950' title='bbox 3055 5109 3274 5181; x_wconf 79' lang='lat' dir='ltr'><strong>Quwrit,</strong></span> <span class='ocrx_word' id='word_1_951' title='bbox 3312 5110 3370 5181; x_wconf 84' lang='lat' dir='ltr'><strong>in</strong></span> <span class='ocrx_word' id='word_1_952' title='bbox 3403 5111 3769 5179; x_wconf 66' lang='lat' dir='ltr'><strong>quiestioncm</strong></span> <span class='ocrx_word' id='word_1_953' title='bbox 3806 5127 3912 5163; x_wconf 83' lang='lat' dir='ltr'><strong>vu-</strong></span> 
     </span>
    </p>
   </div>
   <div class='ocr_carea' id='block_1_134' title="bbox 2303 5179 3911 5251">
    <p class='ocr_par' dir='ltr' id='par_1_134' title="bbox 2303 5179 3911 5251">
     <span class='ocr_line' id='line_1_140' title="bbox 2303 5179 3911 5251; baseline 0.002 -17"><span class='ocrx_word' id='word_1_954' title='bbox 2303 5190 2410 5245; x_wconf 85' lang='lat' dir='ltr'><strong>cat,</strong></span> <span class='ocrx_word' id='word_1_955' title='bbox 2454 5181 2680 5249; x_wconf 81' lang='lat' dir='ltr'><strong>inquirit</strong></span> <span class='ocrx_word' id='word_1_956' title='bbox 2710 5181 2764 5235; x_wconf 92' lang='lat' dir='ltr'><strong>in</strong></span> <span class='ocrx_word' id='word_1_957' title='bbox 2812 5179 3159 5251; x_wconf 81' lang='lat' dir='ltr'><strong>quemquam.</strong></span> <span class='ocrx_word' id='word_1_958' title='bbox 3208 5179 3354 5236; x_wconf 86' lang='lat' dir='ltr'><strong>Salis</strong></span> <span class='ocrx_word' id='word_1_959' title='bbox 3380 5182 3600 5251; x_wconf 73' lang='lat' dir='ltr'><strong>vulgata</strong></span> <span class='ocrx_word' id='word_1_960' title='bbox 3649 5191 3739 5236; x_wconf 82' lang='lat' dir='ltr'><strong>est</strong></span> <span class='ocrx_word' id='word_1_961' title='bbox 3786 5182 3911 5237; x_wconf 68' lang='lat' dir='ltr'><strong>haec</strong></span> 
     </span>
    </p>
   </div>
   <div class='ocr_carea' id='block_1_135' title="bbox 2303 5251 3906 5323">
    <p class='ocr_par' dir='ltr' id='par_1_135' title="bbox 2303 5251 3906 5323">
     <span class='ocr_line' id='line_1_141' title="bbox 2303 5251 3906 5323; baseline 0.001 -17"><span class='ocrx_word' id='word_1_962' title='bbox 2303 5251 2630 5321; x_wconf 78' lang='lat' dir='ltr'><strong>signiﬁcatio</strong></span> <span class='ocrx_word' id='word_1_963' title='bbox 2671 5252 2823 5307; x_wconf 88' lang='lat' dir='ltr'><strong>verbi</strong></span> <span class='ocrx_word' id='word_1_964' title='bbox 2854 5267 3027 5322; x_wconf 76' lang='lat' dir='ltr'><strong>quwro</strong></span> <span class='ocrx_word' id='word_1_965' title='bbox 3052 5269 3070 5306; x_wconf 93' lang='lat'><strong><em>:</em></strong></span> <span class='ocrx_word' id='word_1_966' title='bbox 3110 5266 3176 5309; x_wconf 83' lang='lat' dir='ltr'><strong>ex</strong></span> <span class='ocrx_word' id='word_1_967' title='bbox 3206 5265 3315 5322; x_wconf 92' lang='lat' dir='ltr'><strong>quo</strong></span> <span class='ocrx_word' id='word_1_968' title='bbox 3342 5251 3584 5322; x_wconf 70' lang='lat' dir='ltr'><strong>quastio,</strong></span> <span class='ocrx_word' id='word_1_969' title='bbox 3612 5260 3669 5307; x_wconf 90' lang='lat' dir='ltr'><strong>et</strong></span> <span class='ocrx_word' id='word_1_970' title='bbox 3707 5253 3906 5323; x_wconf 64' lang='lat' dir='ltr'><strong>quasi-</strong></span> 
     </span>
    </p>
   </div>
   <div class='ocr_carea' id='block_1_136' title="bbox 2302 5322 2739 5379">
    <p class='ocr_par' dir='ltr' id='par_1_136' title="bbox 2302 5322 2739 5379">
     <span class='ocr_line' id='line_1_142' title="bbox 2302 5322 2739 5379; baseline 0 -3"><span class='ocrx_word' id='word_1_971' title='bbox 2302 5332 2437 5377; x_wconf 81' lang='lat' dir='ltr'><strong>tores</strong></span> <span class='ocrx_word' id='word_1_972' title='bbox 2466 5322 2739 5379; x_wconf 88' lang='lat' dir='ltr'><strong>dicuntur.</strong></span> 
     </span>
    </p>
   </div>
   <div class='ocr_carea' id='block_1_137' title="bbox 2371 5392 3909 5467">
    <p class='ocr_par' dir='ltr' id='par_1_137' title="bbox 2371 5392 3909 5467">
     <span class='ocr_line' id='line_1_143' title="bbox 2371 5392 3909 5467; baseline 0 -17"><span class='ocrx_word' id='word_1_973' title='bbox 2371 5394 2498 5451; x_wconf 70' lang='grc'><strong>648.</strong></span> <span class='ocrx_word' id='word_1_974' title='bbox 2534 5396 2792 5466; x_wconf 82' lang='lat' dir='ltr'><strong>Repulsus</strong></span> <span class='ocrx_word' id='word_1_975' title='bbox 2822 5395 3019 5450; x_wconf 87' lang='lat' dir='ltr'><strong>honore</strong></span> <span class='ocrx_word' id='word_1_976' title='bbox 3047 5411 3142 5466; x_wconf 92' lang='lat' dir='ltr'><strong>pro</strong></span> <span class='ocrx_word' id='word_1_977' title='bbox 3172 5392 3434 5467; x_wconf 78' lang='lat' dir='ltr'><strong>repulsus_</strong></span> <span class='ocrx_word' id='word_1_978' title='bbox 3437 5394 3501 5447; x_wconf 92' lang='lat' dir='ltr'><strong>ab</strong></span> <span class='ocrx_word' id='word_1_979' title='bbox 3529 5392 3743 5448; x_wconf 80' lang='lat' dir='ltr'><strong>honore.</strong></span> <span class='ocrx_word' id='word_1_980' title='bbox 3770 5394 3909 5450; x_wconf 66' lang='lat' dir='ltr'><strong>Ovio</strong></span> 
     </span>
    </p>
   </div>
   <div class='ocr_carea' id='block_1_138' title="bbox 2297 5464 3909 5537">
    <p class='ocr_par' dir='ltr' id='par_1_138' title="bbox 2297 5464 3909 5537">
     <span class='ocr_line' id='line_1_144' title="bbox 2297 5464 3909 5537; baseline 0.001 -19"><span class='ocrx_word' id='word_1_981' title='bbox 2297 5466 2443 5531; x_wconf 86' lang='lat' dir='ltr'><strong>dius,</strong></span> <span class='ocrx_word' id='word_1_982' title='bbox 2478 5482 2535 5521; x_wconf 82' lang='grc' dir='ltr'>ιιι</span> <span class='ocrx_word' id='word_1_983' title='bbox 2560 5464 2774 5533; x_wconf 64' lang='lat' dir='ltr'><strong>Anton,</strong></span> <span class='ocrx_word' id='word_1_984' title='bbox 2808 5468 2949 5536; x_wconf 90' lang='lat' dir='ltr'><strong>eleg.</strong></span> <span class='ocrx_word' id='word_1_985' title='bbox 2978 5464 3067 5535; x_wconf 76' lang='lat' dir='ltr'><strong>il,</strong></span> <span class='ocrx_word' id='word_1_986' title='bbox 3095 5464 3237 5522; x_wconf 59' lang='lat' dir='ltr'><strong>vers;</strong></span> <span class='ocrx_word' id='word_1_987' title='bbox 3263 5465 3298 5521; x_wconf 91' lang='lat'><strong>9</strong></span> <span class='ocrx_word' id='word_1_988' title='bbox 3327 5482 3340 5519; x_wconf 91' lang='lat'><strong>:</strong></span> <span class='ocrx_word' id='word_1_989' title='bbox 3380 5464 3529 5537; x_wconf 84' lang='lat' dir='ltr'><strong>Ergo</strong></span> <span class='ocrx_word' id='word_1_990' title='bbox 3555 5482 3647 5537; x_wconf 84' lang='lat' dir='ltr'><strong>ego</strong></span> <span class='ocrx_word' id='word_1_991' title='bbox 3677 5467 3909 5520; x_wconf 84' lang='lat' dir='ltr'><strong>sustinui</strong></span> 
     </span>
    </p>
   </div>
   <div class='ocr_carea' id='block_1_139' title="bbox 2298 5536 3897 5611">
    <p class='ocr_par' dir='ltr' id='par_1_139' title="bbox 2298 5536 3897 5611">
     <span class='ocr_line' id='line_1_145' title="bbox 2298 5536 3897 5611; baseline -0.001 -20"><span class='ocrx_word' id='word_1_992' title='bbox 2298 5537 2494 5611; x_wconf 85' lang='lat' dir='ltr'><strong>foribus</strong></span> <span class='ocrx_word' id='word_1_993' title='bbox 2538 5551 2642 5592; x_wconf 89' lang='lat' dir='ltr'><strong>tam</strong></span> <span class='ocrx_word' id='word_1_994' title='bbox 2699 5553 2833 5610; x_wconf 66' lang='lat' dir='ltr'><strong>sape</strong></span> <span class='ocrx_word' id='word_1_995' title='bbox 2870 5540 3158 5611; x_wconf 46' lang='lat' dir='ltr'><strong>repulsus,</strong></span> <span class='ocrx_word' id='word_1_996' title='bbox 3204 5545 3313 5592; x_wconf 86' lang='lat' dir='ltr'><strong>etc.</strong></span> <span class='ocrx_word' id='word_1_997' title='bbox 3360 5536 3524 5611; x_wconf 85' lang='lat' dir='ltr'><strong>Adde</strong></span> <span class='ocrx_word' id='word_1_998' title='bbox 3576 5536 3897 5611; x_wconf 57' lang='lat' dir='ltr'><strong>Horatittm,</strong></span> 
     </span>
    </p>
   </div>
   <div class='ocr_carea' id='block_1_140' title="bbox 2293 5606 3905 5680">
    <p class='ocr_par' dir='ltr' id='par_1_140' title="bbox 2293 5606 3905 5680">
     <span class='ocr_line' id='line_1_146' title="bbox 2293 5606 3905 5680; baseline -0.002 -15"><span class='ocrx_word' id='word_1_999' title='bbox 2293 5606 2472 5665; x_wconf 81' lang='lat' dir='ltr'><strong>Serm.</strong></span> <span class='ocrx_word' id='word_1_1000' title='bbox 2524 5611 2560 5664; x_wconf 94' lang='lat' dir='ltr'><strong>l.</strong></span> <span class='ocrx_word' id='word_1_1001' title='bbox 2596 5626 2658 5680; x_wconf 84' lang='lat' dir='ltr'><strong>tt,</strong></span> <span class='ocrx_word' id='word_1_1002' title='bbox 2709 5606 2816 5666; x_wconf 79' lang='lat' dir='ltr'><strong>sat.</strong></span> <span class='ocrx_word' id='word_1_1003' title='bbox 2867 5606 2947 5666; x_wconf 68' lang='lat' dir='ltr'><strong>7i</strong></span> <span class='ocrx_word' id='word_1_1004' title='bbox 3002 5607 3328 5680; x_wconf 83' lang='lat' dir='ltr'><strong>Foribusqus</strong></span> <span class='ocrx_word' id='word_1_1005' title='bbox 3375 5606 3733 5680; x_wconf 81' lang='lat' dir='ltr'><strong>repulsum—</strong></span> <span class='ocrx_word' id='word_1_1006' title='bbox 3768 5607 3905 5662; x_wconf 84' lang='lat' dir='ltr'><strong>Per-</strong></span> 
     </span>
    </p>
   </div>
   <div class='ocr_carea' id='block_1_141' title="bbox 2294 5680 2688 5754">
    <p class='ocr_par' dir='ltr' id='par_1_141' title="bbox 2294 5680 2688 5754">
     <span class='ocr_line' id='line_1_147' title="bbox 2294 5680 2688 5754; baseline 0.013 -20"><span class='ocrx_word' id='word_1_1007' title='bbox 2294 5680 2466 5753; x_wconf 85' lang='lat' dir='ltr'><strong>fundit</strong></span> <span class='ocrx_word' id='word_1_1008' title='bbox 2493 5682 2688 5754; x_wconf 81' lang='lat' dir='ltr'><strong>gelida.</strong></span> 
     </span>
    </p>
   </div>
   <div class='ocr_carea' id='block_1_142' title="bbox 4079 2007 4090 2521">
    <p class='ocr_par' dir='ltr' id='par_1_142' title="bbox 4079 2007 4087 2415">
     <span class='ocr_line' id='line_1_148' title="bbox 4079 2007 4081 2069; baseline 0 0"><span class='ocrx_word' id='word_1_1009' title='bbox 4079 2007 4081 2069; x_wconf 67' lang='grc' dir='ltr'>ι</span> 
     </span>
     <span class='ocr_line' id='line_1_149' title="bbox 4081 2076 4083 2189; baseline 0 0"><span class='ocrx_word' id='word_1_1010' title='bbox 4081 2076 4083 2189; x_wconf 53' lang='grc' dir='ltr'>ψ</span> 
     </span>
     <span class='ocr_line' id='line_1_150' title="bbox 4083 2214 4085 2299; baseline 0 0"><span class='ocrx_word' id='word_1_1011' title='bbox 4083 2214 4085 2299; x_wconf 54' lang='lat' dir='ltr'><strong>i</strong></span> 
     </span>
     <span class='ocr_line' id='line_1_151' title="bbox 4086 2352 4087 2415; baseline 0 0"><span class='ocrx_word' id='word_1_1012' title='bbox 4086 2352 4087 2415; x_wconf 62' lang='grc' dir='ltr'>ι</span> 
     </span>
    </p>
   </div>
  </div>
