4154 6176
478 230 590 286 215

1745 229 1806 286 C.
1850 230 1916 286 V.
1959 229 2190 299 AQUIL.
2229 227 2518 319 JUVENCI

3668 223 3785 282 216

1645 431 1992 515 LIBER
2064 429 2573 515 TERTIUS

1897 585 2352 608 ~—

624 724 788 798 m
815 725 1055 782 Fuderat
1102 725 1157 780 in
1197 733 1374 782 terras
1415 738 1633 782 roseum
1671 725 1832 796 jubar
1871 726 2076 798 ignico-

1789 816 1944 891 [mus
1969 819 2075 876 sol.

627 915 888 986 Discipuli
917 915 1184 986 rogitant,
1215 912 1355 969 Lolii
1379 912 1508 984 quid
1555 913 1785 984 quaestio
1806 914 2006 980 vellet,

630 1011 694 1063 Et
731 1010 972 1080 segetis:
1006 1008 1190 1062 clarus
1217 1007 1414 1078 quibus
1446 1006 1565 1061 haec
1591 1005 1864 1077 depromit
1891 1005 2075 1063 Iesus:

623 1102 839 1171 Optima
861 1099 954 1172 qui
982 1099 1142 1155 farris
1167 1099 1514 1154 commendat
1539 1099 1746 1154 semina
1777 1098 1979 1169 glebis.

553 1193 587 1246 5
625 1192 800 1248 Filius
840 1203 920 1248 est
959 1191 1234 1246 hominis:
1265 1190 1525 1245 mundum
1555 1190 1657 1246 sub
1687 1190 1906 1246 nomine
1936 1191 2078 1245 ruris

626 1285 893 1356 Accipite,
917 1291 1078 1354 atque
1100 1281 1350 1338 homines
1373 1297 1508 1352 puro
1526 1297 1625 1353 pro
1648 1282 1859 1338 semine
1877 1281 2074 1352 justos.

629 1384 700 1434 At
725 1378 938 1433 Lolium
967 1375 1155 1432 infelix
1175 1375 1420 1446 cooperti
1452 1373 1718 1430 daemonis
1749 1383 1866 1429 arte

622 1469 760 1526 Sunt
793 1468 1040 1524 homines
1082 1484 1095 1521 :
1129 1465 1384 1522 inimicus
1408 1465 1544 1530 erit,
1573 1466 1656 1520 vis
1688 1465 1932 1530 horrida,
1963 1465 2074 1522 daa-

1829 1558 2000 1632 [mon.

624 1655 915 1710 Extremus
944 1652 1131 1708 mundi
1160 1651 1285 1706 linis
1313 1665 1414 1722 pro
1443 1660 1694 1720 tempore
1723 1650 1943 1706 messis.

522 1749 591 1804 ιο
629 1748 905 1804 Messores
937 1744 1097 1816 patrii
1129 1744 1351 1798 venient
1377 1757 1474 1813 per
1501 1756 1628 1797 rura
1659 1741 1932 1810 ministri,

621 1841 770 1908 Quos
799 1838 1040 1893 hominis
1070 1844 1231 1891 natus
1259 1835 1467 1906 proprii
1497 1834 1567 1890 de
1593 1849 1822 1904 corpore
1849 1834 2004 1904 regni

627 1931 902 1999 Colligere
931 1928 1137 1983 erroris
1167 1927 1409 1997 laqueos,
1442 1925 1732 1995 labemque
1756 1925 1992 1995 jubebit,

623 2023 782 2098 251
799 2022 1176 2091 Collectosque
1187 2019 1564 2091 simul,rapidis
1573 2033 1804 2075 exurere
1820 2019 2074 2075 ﬂammis.

2104 691 2159 752 Α

2325 726 2590 782 Dentibus
2611 725 2703 782 hic
2719 724 2922 780 stridor
2944 735 3184 793 semper,
3207 721 3474 791 fletusque
3494 718 3779 790 perennis:

2182 821 2252 877 15
2323 821 2672 891 Secretisque
2711 819 2818 889 piis
2847 815 3030 874 veniet
3061 817 3156 871 lux
3185 829 3349 870 aurea
3382 815 3526 880 vitae,

2321 915 2549 972 Sedibus
2579 923 2635 968 ut
2662 913 2786 969 caeli
2814 912 3095 967 vibrantur
3123 909 3330 963 lumina
3360 907 3514 962 solis.

2381 1003 2717 1069 l-Iaecdocuit,
2737 1002 3073 1072 patriamque
3086 995 3548 1055 reditSalvatorin
3563 996 3779 1064 urbem,

2319 1095 2431 1151 Illic
2456 1094 2748 1163 expediens
2776 1092 2989 1162 populis
3017 1090 3296 1162 (mirabile
3323 1089 3502 1158 dictu)

2318 1187 2554 1244 Justitize
2588 1187 2758 1256 leges,
2782 1184 3019 1254 vitaeque
3044 1180 3280 1237 salubria
3299 1180 3475 1249 jussa,

2177 1279 2249 1336 ΞΟ
2322 1279 2562 1335 Virtutes
2603 1277 2806 1348 patrias
2833 1275 2996 1330 simul
3030 1271 3363 1329 insinuando
3388 1270 3636 1327 docebat.

2323 1375 2476 1431 Tunc
2503 1375 2674 1430 livore
2698 1372 2853 1444 gravi
2882 1371 3070 1442 plebes
3097 1379 3368 1426 commota
3390 1383 3637 1433 suorum,

2325 1468 2722 1537 Praesentisque
2751 1465 2910 1521 simul
2955 1464 3168 1520 Domini
3198 1462 3461 1518 miracula
3490 1461 3741 1528 volvens,

2325 1561 2394 1617 Et
2419 1561 2637 1632 generis
2666 1560 2779 1615 noti
2805 1568 3066 1629 reputans
3091 1572 3163 1613 ex
3196 1555 3389 1612 ordine
3417 1565 3657 1626 gentem,

2325 1656 2452 1711 Haec
2481 1657 2626 1712 inter
2656 1671 2782 1712 sese
2813 1653 3077 1710 mussanti
3106 1667 3244 1708 voce
3269 1660 3559 1707 susurrant
3584 1668 3601 1706 :

2180 1749 2252 1804 25
2322 1747 2485 1822 242
2524 1747 2716 1804 Nonne
2758 1747 2847 1804 hic
2885 1756 2971 1804 est
3008 1746 3141 1804 fabri
3181 1745 3422 1814 soboles,
3449 1744 3539 1800 cui
3568 1757 3770 1800 nomen

3453 1835 3671 1909 [Ioseph
3687 1835 3711 1888 ?

2329 1932 2444 1988 Non
2469 1933 2637 1988 Maria
2656 1941 2735 1989 est
2756 1930 2988 2004 genitrix
3007 1931 3148 1986 tuon
3164 1930 3389 2009 fratrum
3401 1938 3528 1985 nota
3541 1941 3782 1999 propago

3554 2018 3660 2092 [est
3677 2019 3702 2074 ?

1719 2154 2106 2215 LECTIONES
2145 2159 2562 2216 VARIANTES.

560 2259 734 2314 Versu
767 2259 818 2312 1.
851 2255 992 2324 Ott.,
1034 2253 1220 2318 Rom.,
1267 2251 1322 2306 in
1353 2251 1543 2305 terris:
1573 2249 1704 2322 Reg.
1735 2265 1856 2304 cum
1886 2250 2047 2306 editis
2067 2295 2081 2322 ,
2116 2255 2165 2314 B
2194 2263 2367 2324 textu,
2414 2253 2675 2321 Reuscb.,
2719 2253 2912 2322 'l‘orn.,
2945 2271 3053 2310 sese
3082 2257 3358 2310 summissa
3382 2270 3507 2309 voce
3533 2253 3790 2308 volutant.

485 2333 542 2385 in
574 2340 765 2384 terras.

553 2401 612 2455 2.
663 2400 804 2463 Ott.,
850 2398 1002 2462 velit,
1056 2394 1278 2462 factum,
1313 2401 1372 2447 ut
1401 2391 1614 2448 videtur
1653 2407 1720 2448 ex
1753 2392 1921 2447 vellet.
1971 2392 2080 2448 Lex

485 2470 746 2528 carminis
774 2469 948 2538 poscit
977 2464 1145 2521 vellet.

550 2545 606 2599 5.
649 2533 807 2612 Regi,
835 2538 900 2594 Et
920 2538 1126 2610 segetis,
1150 2534 1382 2592 Christus
1405 2534 1592 2606 quibus
1616 2550 1635 2589 :
1654 2533 1836 2590 caeteri
1851 2577 1866 2600 ,
1889 2533 2080 2600 clarus,

492 2631 594 2686 pro
621 2613 878 2668 Christus.

559 2683 647 2762 to:
688 2682 817 2737 Mss.
846 2681 1172 2762 Reg.,_0tt_..,
1197 2675 1718 2762 Rom.cuin‘1:orn;,
1739 2675 2082 2762 Poelmann.,

481 2771 585 2826 pro
615 2755 672 2809 d.
701 2769 777 2818 s.,
808 2761 874 2826 et
894 2747 1217 2826 _Gallaudio,
1252 2747 1621 2826 patriiLAldq
1654 2747 1930 2826 Daveuti"
1962 2749 2084 2826 ἠδ.

485 2817 659 2893 dam.,
679 2824 866 2896 patris.
894 2822 998 2877 Pro
1021 2822 1215 2876 venient
1245 2817 1396 2885 Ald.,
1427 2817 1576 2884 Bas.,
1599 2819 1831 2873 veniunt.
1856 2818 2086 2874 Retineo

488 2898 712 2952 venient.

559 2969 648 3022 12.
681 2965 828 3032 Οιι.,
858 2962 1172 3035 Corrigere_:
1204 2961 1262 3035 in
1316 2960 1449 3031 Reg.
1500 2959 1751 3035 fortasse
1773 2960 1942 3016 etiam
1986 2959 2089 3016 fuit

487 3038 784 3109 Corrigere,
815 3030 980 3089 'nunc
1009 3030 1866 3109 est_Col_l_igere,.quod_verbum
1912 3047 1980 3086 ex
2028 3048 2088 3087 re

490 3110 602 3180 ipsa
640 3101 707 3180 ἰιι
759 3123 826 3161 ex
879 3105 1151 3160 sententia
1201 3101 1483 3172 Evangelii
1535 3103 1695 3158 unice
1744 3117 1934 3157 verum
1965 3117 2088 3158 esse

489 3179 822 3236 ostenditur.

562 3250 652 3305 11.
683 3248 871 3311 Rom.,
901 3245 1060 3317 Reg.,
1093 3244 1244 3317 ald”
1267 3243 1502 3317 Poelm.,
1527 3259 1626 3314 pro
1651 3243 1709 3309 d,
1738 3258 1810 3317 s.,
1837 3246 2090 3317 [fetusque

525 3322 747 3376 erennis.
792 3319 897 3374 Alii
935 3314 1058 3372 cum
1095 3316 1232 3387 Ott.,
1278 3316 1544 3384 luctusque
1577 3314 1845 3387 perennis.
1868 3314 2003 3369 Tum
2037 3316 2087 3368 in

538 3391 739 3462 ulgata,
778 3399 890 3445 tum
924 3389 976 3462 in
998 3386 1613 3462 rversionibusantiqtﬁtis
1645 3387 1748 3462 hoc
1775 3387 1893 3462 loco
1924 3399 2090 3440 voca-

490 3455 677 3518 bulum
708 3463 858 3522 ﬂetus
885 3460 1190 3514 adhibetur.
1228 3457 1485 3512 Putabam
1512 3455 1766 3511 Dentibus
1795 3458 1896 3510 hic.

565 3534 655 3588 17.
685 3533 846 3603 Reg.,
880 3531 1064 3596 Rom.,
1095 3528 1345 3603 Servatur
1374 3543 1394 3582 :
1423 3529 1667 3603 aliicum
1688 3525 1799 3582 Ott.
1826 3528 2090 3603 Salvator.

492 3603 552 3659 In
589 3597 794 3669 Rom.,
831 3603 1149 3672 primamque
1188 3598 1443 3655 mendum
1475 3597 1694 3653 videtur
1722 3613 1818 3666 pro
1843 3601 2092 3668 patriam-
2124 3641 2170 3704 Ο

493 3692 613 3746 que.

565 3745 658 3800 20.
687 3745 870 3810 Rom.,
899 3744 1091 3816 primas
1121 3760 1141 3798 :
1167 3743 1283 3813 lege
1309 3741 1532 3816 patrias.

565 3817 660 3871 24.
691 3816 831 3877 Ott.,
861 3811 1044 3882 R'om.,
1076 3830 1184 3868 sese
1209 3811 1478 3882 musitanti
1502 3828 1626 3882 voce,
1647 3811 1903 3882 volutant.
1929 3811 2087 3882 Reg.,

495 3904 606 3943 sese
625 3887 878 3940 mussanti
895 3901 1015 3938 voce
1033 3891 1326 3938 susurrant.
1352 3881 1502 3950 Ald.,
1523 3881 1772 3950 Hadam.,
1788 3881 1993 3940 Poelnt.
2006 3926 2021 3950 ,
2037 3883 2090 3938 in

2190 2323 2403 2380 Fabric.
2430 2367 2445 2388 ,
2497 2325 2893 2393 Poelmannus,
2938 2343 3036 2390 pro
3074 2325 3132 2381 d.
3181 2342 3229 2382 s.
3255 2373 3270 2394 ,
3317 2325 3636 2382 Gallandius
3676 2341 3786 2378 sese

2186 2397 2444 2467 mussanti
2483 2412 2602 2450 voce
2629 2396 2884 2452 volutant.
2921 2397 3104 2452 Placet
3135 2412 3248 2467 prie
3282 2397 3496 2452 caeteris
3523 2397 3792 2464 scriptura

2186 2465 2345 2536 Reg.,
2375 2482 2484 2521 sese
2511 2469 2764 2521 mussanti
2791 2483 2912 2521 voce
2938 2465 3233 2522 susurrant.
3266 2467 3507 2522 Mussare
3537 2476 3625 2522 est
3652 2468 3793 2522 clam

2189 2549 2549 2603 murmurare,
2597 2539 2738 2602 apud
2780 2538 3069 2608 Virgilium
3113 2551 3168 2595 et
3209 2539 3367 2594 alios.
3413 2537 3542 2592 Inde
3587 2536 3644 2608 fit
3682 2537 3789 2592 fre-

2186 2609 2558 2678 quentativum
2585 2610 2818 2676 musu'to,
2851 2607 2993 2676 quod
3023 2611 3079 2664 in
3109 2613 3221 2664 Ott.
3251 2618 3308 2665 et
3338 2609 3500 2664 Rom.
3531 2607 3672 2664 male
3698 2615 3797 2669 es!

2187 2680 2441 2750 primitur
2483 2694 2579 2749 per
2620 2681 2883 2734 musitanli
2921 2696 2940 2734 :
2981 2697 3158 2750 neque
3201 2689 3437 2734 metrum
3473 2681 3700 2750 patitur,
3731 2688 3793 2734 ut

2189 2749 2400 2804 dicatur
2443 2751 2761 2804 mussitanli.
2815 2749 3104 2806 Susurrare
3151 2751 3315 2807 simili
3363 2749 3524 2804 modo
3569 2757 3654 2806 est
3697 2765 3793 2805 oc-

2189 2823 2332 2876 culte
2361 2835 2643 2876 sermones
2671 2837 2874 2877 serere.
2902 2822 3156 2886 Ovidius,
3185 2820 3405 2877 Heroid.
3430 2821 3592 2889 epist.
3616 2820 3790 2876 ultim.

2191 2906 2334 2964 vers.
2373 2891 2482 2946 255
2529 2909 2542 2945 :
2588 2890 2644 2945 Is
2683 2908 2906 2964 quoque,
2951 2895 3123 2948 nescio
3163 2908 3341 2964 quam,
3387 2908 3525 2964 nunc
3564 2900 3796 2964 utguaga

2193 2963 2334 3088 {ama
2346 2960 2987 3034 susurrat,—Neg'lectam
3002 2960 3234 3036 queritur
3255 2964 3397 3017 testis
3419 2960 3605 3015 habere
3615 2962 3793 3026 Iidem.

2218 3034 2329 3088 linc
2358 3050 2660 3088 susurrones
2703 3035 2772 3088 ab
2802 3035 3155 3088 scriptoribus
3182 3033 3496 3088 christianis
3518 3033 3671 3088 dicti.
3701 3034 3793 3088 aui

2218 3034 2329 3088 linc
2358 3050 2660 3089 susurrones
2703 3033 2782 3089 abi
2802 3033 3155 3102 scriptoribus
3182 3033 3496 3089 christianis
3518 3033 3671 3100 dicti,
3701 3034 3794 3103 qui

2192 3105 2404 3228 occ'ulte
2422 3105 2770 3175 maledicunt,
2789 3116 2842 3160 et
2858 3105 3228 3162 dissensiones
3244 3105 3483 3161 susurris
3505 3103 3794 3160 interalios

2195 3189 2286 3228 mo
2309 3185 2509 3228 nuntur.

2195 3185 2509 3230 metiuntur.

2264 3246 2358 3300 25.
2403 3245 2589 3312 Rom.,
2637 3247 2763 3302 Nun
2805 3247 2890 3301 hic
2931 3265 2948 3302 :
2991 3246 3222 3303 fortasse
3265 3243 3523 3303 librarius
3554 3245 3800 3303 scribere

2195 3317 2365 3372 voluit
2402 3317 2614 3373 Numne
2656 3319 2756 3372 hic.
2804 3319 2964 3387 Ald.,
3007 3319 3131 3374 Bas.
3157 3364 3172 3388 ,
3217 3319 3413 3374 soboles
3459 3318 3591 3384 fabri
3631 3334 3650 3372 :
3681 3316 3796 3384 alii,

2198 3389 2334 3458 fabri
2361 3389 2580 3443 soboles.

2265 3459 2356 3533 26.
2389 3458 2715 3533 _(_)tt.,_lVon
2764 3458 3247 3533 Mariargenelrix?
3289 3458 3407 3533 sine
3451 3469 3551 3516 est.
3593 3460 3754 3514 Rom.
3781 3498 3797 3522 ,

2198 3529 2344 3597 Ald.,
2380 3529 2430 3582 Ν
2440 3548 2523 3584 um
2556 3529 2737 3602 Maria
2754 3540 2826 3583 est
2851 3529 3112 3602 genii’rix‘?
3132 3548 3255 3584 num
3282 3531 3509 3601 fratrum
3531 3541 3654 3602 nota
3677 3545 3799 3602 pro-

2199 3617 2332 3673 pago
2369 3603 2483 3656 est?
2521 3601 2644 3665 Alii,
2686 3599 2808 3673 Non
2849 3599 3030 3673 Maria,
3051 3610 3125 3656 est
3155 3599 3550 3673 gettiti'ix?_ttott
3579 3599 3801 3672 fratrum

2205 3671 2327 3745 uota
2353 3689 2586 3745 prapago
2614 3673 2731 3726 est?
2754 3672 2960 3745 Omitto
2990 3671 3223 3735 Vallum,
3255 3673 3348 3742 qui
3373 3671 3600 3745 Mariam
3623 3673 3805 3745 inno-

2205 3741 2468 3866 zninativo
2508 3741 2724 3814 semper
2763 3743 3050 3814 legendum
3093 3741 3361 3814 putat,’ut
3397 3744 3590 3809 Adam,
3637 3741 3805 3798 Abra-

2242 3831 2354 3866 am.
3483 3863 3489 3866 .

2242 3831 2354 3868 ant.

2041 3996 2270 4055 NOTAE.

570 4094 730 4151 Vers.
761 4095 814 4148 1.
851 4090 1080 4148 CAPUT
1113 4089 1153 4144 Ι.
1190 4088 1572 4162 Interpretatur
1618 4088 1889 4162 discipulis
1914 4091 2091 4162 'para-

500 4166 671 4222 bolum
692 4166 755 4220 de
776 4164 998 4219 zizania.
1021 4162 1256 4218 Matthaei
1281 4159 1395 4226 xm,
1420 4159 1489 4215 56
1510 4174 1662 4286 sein].
1687 4159 2092 4217 Primum'hunc

500 4251 715 4286 versum
744 4237 1016 4286 Iuvencus
1054 4234 1124 4286 de
1165 4245 1264 4286 suo
1311 4231 1534 4286 addidit.
1639 4229 1874 4286 atthaaus
1915 4232 2091 4286 solum

498 4251 715 4293 versum
744 4237 1016 4292 Juvencus
1054 4234 1124 4288 de
1165 4245 1264 4288 suo
1311 4231 1534 4286 addidit.
1583 4229 1874 4286 Matthaaus
1915 4232 2091 4287 solum

501 4309 612 4362 ait:
641 4306 788 4360 Tunc
818 4306 1045 4358 dimissis
1073 4303 1254 4368 turbis,
1287 4305 1418 4356 venit
1439 4302 1495 4355 in
1522 4302 1767 4369 domum;
1795 4312 1844 4356 et
1867 4317 2095 4358 accesse-

501 4387 626 4433 runt
663 4379 732 4447 ad
762 4393 877 4430 eum
904 4375 1144 4446 discipuli
1184 4377 1295 4447 ejus
1336 4374 1563 4447 dicentes
1593 4389 1613 4427 :
1659 4372 1901 4447 Edissere
1947 4374 2094 4447 nobis

503 4445 808 4520 parabolam
833 4443 1148 4520 zizaniorum
1174 4443 1306 4520 a'gri.
1336 4443 1454 4520 Lib.
1485 4458 1564 4509 iv,
1597 4459 1744 4520 vers.
1772 4443 1895 4520 151,
1920 4445 2096 4520 stella:

503 4513 758 4576 dicuntur
780 4518 1071 4588 ignicomat.
1101 4513 1247 4572 Voc'e
1275 4516 1563 4588 ignicomus
1596 4513 1878 4588 Ausonius
1907 4515 2094 4588 ethNe-

503 4590 778 4645 mesianus
801 4585 894 4642 usi
924 4597 1084 4654 sunt,
1129 4585 1365 4643 Avienus
1392 4588 1557 4641 etiam
1574 4587 1905 4655 ,iguicomans
1935 4585 2094 4642 dixit.

502 4658 702 4715 Comas
733 4660 890 4742 soli,
937 4658 1344 4742 stellis,‘immo
1381 4666 1437 4712 et
1478 4654 1586 4726 igni
1609 4654 1816 4726 passim
1849 4656 2098 4712 tribuunt

505 4741 698 4802 poetae.
733 4731 870 4785 Hinc
895 4731 1059 4785 etiam
1087 4727 1166 4783 sol
1189 4729 1506 4782 auricomus.

575 4799 943 4880 7..Vir_gilius,
982 4801 1155 4869 cclog.
1189 4800 1245 4863 5,
1276 4812 1433 4880 vers._
1459 4799 1526 4852 57
1553 4817 1566 4854 :
1594 4797 1794 4880 Infelix
1816 4797 2034 4880 lolium,-
2051 4808 2099 4852 et

507 4871 706 4927 steriles
736 4868 1294 4940 dbminanturiavenc.
1327 4868 1567 4924 Isidorus
1586 4911 1602 4935 ,
1631 4869 1756 4924 libr.
1786 4885 1921 4924 xvu.
1944 4869 2094 4940 Orig.

503 4958 624 5014 cap.
643 4943 698 5007 9,
733 4959 883 5014 num.
906 4941 1009 4996 1ὄῖ
1033 4959 1052 5014 εγ
1071 4939 1308 5014 Ζὶιιιηίιι,
1335 4941 1476 5014 quod
1504 4950 1668 5012 poeta:
1693 4957 1892 5014 semper
1918 4939 2102 5014 infelix

501 5011 686 5069 lolium
703 5013 898 5077 dicunt,
912 5013 1053 5084 quod
1074 5011 1140 5066 sit
1155 5013 1362 5077 inutile,
1387 5021 1434 5064 et
1450 5011 1826 5084 infacundum.
1848 5011 2102 5084 Synlaxis

499 5094 623 5140 est:
668 5079 935 5140 Homines
977 5084 1219 5152 cooperti
1265 5089 1386 5137 arte
1432 5079 1697 5138 dwiuonis
1745 5079 2103 5138 sunt'lolium

507 5154 951 5225 infelix,inuti|e.
980 5151 1221 5225 Coeperti
1247 5152 1496 5208 dtemanis
1516 5165 1628 5209 arte
1660 5155 1729 5210 ab
1757 5153 2102 5225 Evangelista

503 5225 764 5282 dicuntur
791 5225 892 5296 filii
916 5241 1158 5296 nequam.

577 5300 631 5354 8.
663 5293 874 5354 Sensus
903 5293 1020 5352 est:
1057 5293 1314 5350 Inimicus
1336 5294 1447 5350 erit
1477 5295 1713 5364 daemon,
1747 5297 1829 5351 vis
1861 5295 2101 5351 horrida.

2197 4107 2342 4165 vers.
2377 4093 2446 4165 9_8
2470 4110 2484 4146 :
2514 4091 2804 4150 Credulitas
2826 4093 3022 4165 laqueis
3047 4101 3311 4148 errantum
3333 4095 3709 4165 praecipitetur.

2271 4163 2359 4236 15.
2385 4163 2630 4236 secretis,
2653 4163 2970 4235 segregatis.
2994 4165 3298 4236 Moxavers.
3329 4163 3397 4221 96
3424 4183 3438 4219 :
3464 4163 3810 4236 Secretusque

2197 4233 2382 4288 dehinc
2397 4233 2666 4307 Cenitoris
2684 4233 2874 4290 numen
2901 4236 3107 4290 adorat.
3136 4234 3476 4307 Virgiliustl.
3505 4251 3622 4302 vni,
3649 4233 3801 4292 vers.

2198 4307 2304 4378 670
2337 4323 2351 4357 :
2383 4304 2718 4378 secretosque
2745 4309 2882 4378 pios,
2900 4308 2993 4378 [iis
3022 4304 3668 4378 dantem'juraCatonem.

2271 4327 2304 4359 υ
2337 4327 2351 4357 ζ
2383 4327 2718 4376 aecrewsque
2745 4327 2882 4378 ριοε,
2912 4327 2993 4360 ηη
3022 4327 3232 4360 nantem
3281 4327 3374 4362 ura
3401 4327 3668 4362 catonem.

2271 4377 2361 4430 16.
2403 4377 2576 4450 Sacer
2612 4377 2783 4450 codex
2831 4395 2845 4430 :
2894 4377 3200 4450 Tuncjusti
3230 4327 3521 4450 fingebant,
3551 4379 3686 4450 sicut
3712 4380 3794 4434 sol

2198 4448 2251 4501 in
2282 4463 2441 4516 regno
2474 4447 2649 4519 Patris
2679 4464 2874 4502 eorum.
2914 4449 3018 4503 Pro
3040 4447 3248 4517 fulgent
3271 4447 3492 4518 ponitur
3511 4448 3804 4519 vibrantur,

2200 4533 2298 4588 pro
2335 4534 2443 4589 quo
2482 4517 2572 4573 alii
2613 4518 2802 4574 dicunt
2837 4519 3063 4585 vibrant,
3107 4519 3196 4574 ubi
3231 4519 3558 4590 intelligitur
3583 4517 3809 4576 accusa4

2200 4590 2340 4663 tivus
2366 4591 2626 4659 ﬂammas,
2657 4598 2750 4644 aut
2773 4590 2974 4663 aliquid
3001 4590 3200 4663 simile.
3230 4589 3450 4663 Vibrare
3479 4593 3702 4663 proprie
3721 4601 3810 4647 est

2203 4661 2505 4743 prpjicere,
2535 4671 2847 4743 concutere:
2871 4660 3161 4743 "Virgilius,
3194 4677 3267 4717 vlt
3295 4660 3425 4718 En.
3459 4660 3604 4718 versi
3645 4663 3753 4718 524
3785 4682 3801 4718 :

2207 4731 2469 4802 Vibratus
2499 4731 2779 4802 abiattltere
2813 4732 3009 4802 fulgor.

2276 4802 2364 4856 17.
2402 4800 2632 4875 CAPl_J_T
2674 4801 2737 4856 ll.
2789 4800 3103 4875 Propltetam
3140 4802 3196 4858 in
3233 4805 3406 4875 patria
3445 4820 3540 4859 sua
3568 4804 3808 4875 εἰπε]ιο-

2203 4889 2329 4928 nore
2362 4889 2503 4944 esse.
2548 4872 2736 4927 Matth.
2779 4872 2905 4944 aut,
2939 4873 3009 4929 55
3050 4887 3170 4944 seq.
3194 4891 3209 4939 ;
3233 4872 3420 4930 Marc.
3463 4890 3539 4942 vn,
3571 4875 3600 4930 1
3625 4891 3640 4941 ;
3670 4873 3806 4931 Luc.

2203 4960 2278 5009 tv,
2314 4943 2414 5007 16;
2444 4942 2637 4999 luann.
2667 4959 2744 5010 VI,
2774 4942 2868 5001 η.

2244 5015 2368 5140 018.
2418 5012 2750 5088 Expediens,
2795 5014 3115 5086 explicans,
3163 5030 3468 5086 exponens.
3520 5016 3812 5089 Elegantia

2304 5102 2356 5139 a.

2207 5102 2356 5142 "Olli.

2274 5156 2365 5212 20.
2409 5155 2691 5212 Insinuare
2734 5172 2789 5211 se
2827 5163 2913 5211 est.
2967 5155 3170 5211 aditum
3215 5156 3314 5213 sibi
3357 5157 3539 5216 facere
3577 5158 3644 5215 ad
3683 5174 3812 5214 catt-

2205 5242 2342 5282 sam.
2375 5227 2650 5284 Interdum
2693 5238 2984 5294 usurpatur
3008 5229 3281 5282 insinuare
3311 5238 3626 5285 neutrorum
3655 5245 3813 5286 more

2206 5299 2326 5355 sine
2348 5300 2684 5366 accusativo,
2719 5301 2810 5368 qui
2847 5298 3006 5370 facile
3032 5298 3374 5355 subauditur.
3411 5300 3525 5358 Hoc
3551 5302 3674 5356 loco
3708 5317 3810 5370 po-

518 5367 607 5453 Yis
659 5369 880 5453 horrida
931 5367 1444 5453 casusOappositus.
1498 5366 1646 5425 Libr.
1695 5382 1744 5434 t,
1801 5382 1944 5423 vers.
1969 5367 2095 5433 420,
2123 5391 2180 5453 D
2207 5379 2311 5426 test
2357 5369 2513 5453 idem
2549 5366 2888 5453 accusativus
2932 5369 3145 5424 virtutes
3194 5370 3491 5453 deservire
3524 5388 3627 5443 pro
3671 5366 3806 5427 iusi-

505 5439 719 5494 daamon
749 5439 952 5496 dicitur
981 5438 1055 5493 vis
1081 5438 1259 5492 livida.

581 5508 668 5564 12.
703 5511 815 5566 Hoc
840 5509 879 5565 ι.
911 5524 1053 5565 vers.
1087 5508 1190 5564 58:
1227 5506 1438 5564 Erroris
1463 5511 1652 5577 labem,
1688 5518 1744 5565 et
1768 5523 1912 5566 vers.
1955 5509 2097 5574 402,

2203 5440 2433 5504 nuando,
2465 5451 2520 5496 et
2549 5439 2796 5505 docebat,
2827 5447 2886 5495 ut
2910 5455 3056 5509 saepe
3083 5442 3265 5496 evenit
3295 5442 3435 5510 apud
3465 5439 3797 5500 Ju‘vencnm.

2204 5510 2507 5583 Insinuatio
2548 5512 2827 5583 rhetorica
2867 5511 2997 5582 quid
3043 5511 3134 5579 sit,
3179 5511 3348 5569 docet
3383 5512 3602 5583 Cicero,
3629 5515 3668 5570 l.
3693 5529 3714 5568 ι
3742 5513 3816 5570 de

505 5576 716 5634 Erroris
744 5581 988 5649 laqueos;
1015 5590 1072 5636 et
1104 5581 1142 5636 l.
1185 5595 1239 5636 tv
1259 5621 1273 5646 ,
1306 5595 1451 5640 vers.
1499 5576 1644 5650 752,7
1672 5595 1862 5638 rursus
1892 5579 2100 5637 Erroris
2204 5582 2416 5638 lnvent.
2449 5599 2570 5650 cap.
2604 5581 2692 5638 15.

504 5651 738 5721 laqueos.
769 5653 860 5708 Sic
883 5652 1108 5720 exponit
1131 5667 1323 5708 vocem
1371 5653 1641 5721 scandala,
1687 5663 1746 5708 ut
1792 5654 1830 5706 Ι.
1873 5666 1919 5719 I,
1949 5667 2094 5708 vers.

501 5718 638 5779 B59:
661 5718 723 5776 Si
753 5731 800 5776 te
827 5718 967 5789 forte
985 5721 1123 5775 oculi
1150 5723 1318 5778 dextri
1347 5718 1662 5792 laqueaverit
1679 5739 1856 5788 error;
1882 5718 1935 5777 et
1963 5724 1997 5780 Ι.
2016 5734 2091 5790 tv,

2268 5654 2359 5709 Ἦ.
2399 5653 2649 5720 Suarum,
2691 5655 2889 5712 civium
2931 5652 3166 5710 scilicet.
3209 5653 3290 5712 De
3328 5655 3493 5711 simili
3539 5656 3801 5722 loquendi

2201 5725 2414 5783 ratiune'
2444 5725 2665 5784 consule
2695 5735 2808 5784 not.
2837 5724 2905 5781 ad
2937 5725 3192 5783 Dracont.
3223 5727 3262 5782 1.
3295 5740 3378 5795 ιιι,
3403 5743 3549 5784 vers.
3581 5727 3713 5785 255.
