4154 6176
479 225 588 286 225

483 435 589 493 100
624 437 725 493 Ast
769 440 860 496 ubi
887 440 998 510 jam
1038 440 1265 512 vigilum
1296 453 1491 514 quarta
1521 445 1760 502 statione
1793 447 2079 518 premebat

625 529 813 586 Noctis
842 533 968 600 iter,
1003 534 1224 602 rapidos
1252 535 1509 593 attollens
1535 537 1728 595 lucifer
1753 549 1930 608 ortus,

623 621 910 679 Fluctibus
941 625 994 680 in
1027 625 1248 698 liquidis
1279 628 1426 683 sicco
1454 628 1680 702 vestigia
1706 645 1897 701 gressu

625 714 937 786 Suspensus
964 720 1225 790 carpebat
1247 721 1373 786 iter,
1403 721 1656 779 mirabile
1682 725 1837 780 visu!

628 807 858 880 Jamque
884 811 1283 883 propinquabat
1312 816 1502 886 puppi,
1540 817 1636 872 sed
1674 818 1859 874 nescia
1902 828 2082 876 nauta:

485 901 591 957 105
632 903 860 959 AttOniti
895 905 1130 960 tremulo
1151 907 1441 963 vibrabant
1470 908 1637 964 corda
1667 925 1890 980 pavore,

622 991 1042 1065 Clamoremque
1073 999 1233 1052 simul
1261 999 1488 1056 confusa
1525 1015 1660 1057 voce
1683 1003 1970 1060 dederunt.

626 1084 765 1142 Tum
807 1087 1024 1158 pavidis
1063 1090 1315 1146 Christus
1353 1091 1592 1162 loquitur
1626 1110 1640 1148 :
1672 1093 1862 1150 Timor
1909 1096 2088 1150 omnis

1763 1185 1978 1258 [abesto
1997 1229 2012 1254 ,

622 1269 1063 1345 Credentumque
1075 1284 1497 1347 regatvegetans
1507 1279 1810 1334 constantia
1826 1288 2086 1336 mentem.

637 1363 717 1418 En
747 1379 849 1435 ego
874 1381 1021 1433 sum,
1051 1376 1248 1423 vestrae
1277 1367 1556 1425 doctorem
1580 1371 1789 1426 noscite
1815 1371 1971 1426 lucis.

488 1451 591 1508 110
627 1454 791 1527 250
815 1455 920 1511 Olli
943 1458 1229 1514 conlidens
1258 1460 1559 1531 respondet
1589 1461 1719 1517 talia
1743 1462 1936 1518 Petrus
1965 1479 1978 1518 :

628 1548 684 1602 Si
715 1558 804 1602 tua
837 1563 940 1604 nos
966 1565 1098 1606 vere
1121 1550 1373 1622 dignatur
1396 1553 1576 1609 visere
1605 1555 1798 1622 virtus,

630 1640 714 1696 Me
741 1643 946 1712 pariter
977 1644 1237 1713 permitte
1267 1654 1361 1701 tuo
1388 1659 1558 1715 super
1583 1662 1801 1719 aequora
1826 1648 1986 1718 jussu

631 1731 914 1789 Fluctibus
953 1735 1007 1790 in
1053 1736 1273 1806 liquidis
1315 1738 1607 1794 immersos
1647 1739 1813 1810 figere
1839 1753 2082 1810 gressus.
2115 1752 2165 1812 Β

629 1826 835 1881 Annuit
853 1826 937 1883 his
957 1827 1220 1884 Dominus
1246 1843 1464 1884 :navem
1484 1830 1872 1902 moxlinquere
1891 1829 2082 1886 Petrus

489 1919 591 1976 115
630 1918 826 1988 Audet,
859 1929 914 1975 et
940 1920 1159 1976 innixus
1191 1919 1307 1994 figit
1336 1922 1565 1993 vestigia
1597 1932 1784 1992 ponto.

1735 239 1800 296 ϐ.
1848 240 1911 296 ν.
1948 241 2180 310 Αρυιι..
2221 240 2514 303 JUVENCI

623 345 786 419 249
811 345 1020 404 iactata
1046 347 1279 406 adverso
1305 350 1581 423 surgentis
1611 352 1834 410 ﬂamine
1866 356 2038 412 venti.
2097 364 2152 426 Α

3666 249 3776 306 2?‘

2322 359 2524 416 Verum
2569 361 2662 418 ubi
2705 368 2976 416 tantarum
3007 371 3247 418 mentem
3291 363 3554 420 miracula
3591 378 3777 421 rerum

2325 451 2670 519 Terrilicant,
2703 455 2961 526 ventique
3000 454 3174 511 minas
3201 456 3557 514 crebrescere
3576 459 3777 528 cernit,

2327 545 2596 602 Paulatim
2621 547 2822 604 cedunt
2841 548 3005 604 dubio
3035 549 3322 617 liquefacta
3347 552 3563 622 timore,

2323 636 2455 705 Quae
2483 638 2727 695 validum
2754 639 2882 696 fidei
2908 640 3195 711 gestabant
3221 658 3439 711 aequora
3467 646 3654 702 robur.

2185 728 2290 784 120
2327 728 2559 800 Jamque
2587 731 2798 798 Simon,
2833 733 3015 790 medio
3043 749 3381 792 summersus
3396 750 3650 810 corpore,
3668 739 3788 796 cla-

3537 832 3673 906 [mat
3693 853 3705 890 ε

2341 916 2630 973 Fructibus
2653 917 2942 975 horrendis
2965 931 3282 992 pereuntem
3311 923 3520 993 deripe,
3544 923 3784 982 Christe.

2329 1012 2558 1067 Dextera
2578 1011 2864 1067 confestim
2893 1015 3234 1084 protenditur
3260 1015 3416 1071 obvia
3446 1017 3641 1087 Petro,

2333 1105 2402 1159 Et
2430 1104 2674 1160 dubitata
2707 1105 2842 1161 lldes
2870 1107 3052 1162 verbis
3080 1107 3353 1164 mulcetur
3379 1109 3604 1177 amaris,

2333 1199 2702 1268 Ascensmque
2732 1200 2834 1253 rati
2864 1201 3142 1255 contraria
3168 1201 3386 1256 flamina
3409 1201 3631 1258 cedunt.

2193 1290 2298 1348 125
2336 1291 2496 1364 251
2542 1291 2980 1363 Praesentemque
3009 1291 3097 1348 dei
3129 1293 3374 1349 sobolem
3408 1305 3668 1366 stupuere
3695 1308 3792 1350 ro-

3562 1386 3582 1459 [
3598 1397 3791 1460 gantes

2335 1474 2556 1542 Cuncti,
2587 1476 2804 1548 navigio
2833 1478 3018 1534 socios
3048 1493 3186 1548 quos
3217 1494 3377 1535 casus
3403 1478 3660 1536 habebat.

2337 1566 2656 1624 Transierat
2684 1570 2900 1626 tandem
2929 1571 3151 1628 sulcans
3177 1573 3314 1628 freta
3347 1573 3550 1629 fervida
3573 1574 3793 1645 puppis,

2338 1657 2704 1732 Optatumque
2732 1663 2915 1734 gravis
2943 1663 3365 1735 comprenderat
3401 1663 3638 1722 anchora
3668 1680 3799 1738 por-

2337 1826 2679 1882 Conveniunt
2707 1826 2890 1897 populi
2919 1826 3108 1896 rapido
3137 1842 3232 1898 per
3258 1827 3443 1883 littora
3470 1757 3718 1895 cur-[sltltlfm

2209 1919 2312 1975 150
2351 1918 2636 1974 Portantes
2664 1933 2861 1990 mgros,
2899 1920 3183 1992 vestisque
3212 1921 3477 1993 attingere
3504 1920 3594 1976 fila

1709 2035 2099 2094 LECTIONES
2139 2035 2179 2091 ν
2195 2034 2558 2093 ARIANTES.

561 2134 686 2210 101.
713 2132 851 2210 (_)tt.,
879 2131 1448 2210 attollitileg‘endum,
1480 2129 1744 2210 attollens.
1790 2201 1802 2210 _
1907 2202 1919 2210 _
1993 2200 2038 2210 η

561 2206 685 2260 105.
715 2204 877 2274 Reg.,
909 2204 1144 2258 mirabile
1174 2201 1318 2258 dictu
1346 2221 1364 2258 :
1394 2203 1591 2259 melius
1620 2201 1826 2270 eteteri,
1850 2201 2087 2256 mirabile

492 2293 628 2331 υιδιι.

559 2345 681 2416 106.
715 2345 866 2411 Ald.,
896 2347 1110 2416 confusa
1139 2356 1323 2400 mente.

561 2415 686 2473 107.
722 2417 876 2484 Mss,
913 2415 1081 2484 Tum;
1111 2416 1266 2480 editi,
1295 2416 1448 2484 Cum,
1482 2417 1568 2471 vel
1596 2417 1746 2470 Tum.

564 2487 683 2544 108.
717 2483 874 2555 Reg.,
905 2486 1215 2559 Credentum
1243 2497 1386 2559 regat
1467 2488 1625 2542 metri
1657 2490 1742 2542 lex
1770 2487 1937 2555 exigit
1965 2483 2088 2540 Cre-

487 2561 796 2630 delatumque
807 2558 1102 2630 regat.0tt.
1119 2568 1214 2614 eta
1232 2557 1406 2630 prim.
1424 2557 1558 2627 Reg.
1572 2559 1818 2630 scribunt
1831 2559 2079 2628 vegituns.

562 2629 681 2684 110.
716 2629 902 2700 Rom.,
928 2629 1075 2694 Ald.,
1103 2629 1368 2700 respondit
1401 2631 1558 2695 :alii,
1592 2629 1883 2700 respondet.

562 2701 683 2755 115.
716 2699 878 2770 Reg.,
923 2717 1024 2753 non
1071 2698 1297 2766 mersos;
1335 2700 1523 2768 reliqui
1568 2698 1834 2754 imniersos
1878 2717 1895 2754 :
1931 2698 2087 2767 cujus

484 2774 686 2843 glossa,
702 2771 1152 2843 sivegexplicatio,
1169 2786 1252 2826 εει
1274 2787 1378 2824 non
1402 2787 1615 2843 mersos.
1635 2772 1710 2824 Rc
1733 2785 1860 2826 vera
1875 2771 2085 2824 immer-

486 2841 576 2898 sus
608 2841 749 2910 apud
783 2841 1072 2910 plerosque
1103 2843 1401 2907 scriptores
1439 2842 1580 2895 idem
1624 2852 1725 2904 est,
1762 2857 1825 2896 ac
1864 2857 2081 2894 mersus.

484 2913 590 2970 Sed
625 2915 936 2982 praepositio
958 2914 1012 2966 in
1045 2915 1095 2966 in
1121 2912 1429 2982 hujusmodi
1463 2913 1782 2980 compositis
1814 2911 2082 2966 interdum

488 2995 648 3056 negat
678 3003 690 3036 :
721 2999 789 3038 ex
834 2999 943 3056 quo
995 2983 1195 3056 duplex
1227 2985 1503 3038 contraria
1532 2985 1708 3038 oritur
1736 2982 2082 3056 significatio,

487 3051 806 3110 ut'intectus
833 3051 1097 3123 accipitur
1141 3069 1238 3122 pro
1267 3064 1394 3107 tecto
1413 3095 1426 3118 ,
1474 3064 1538 3124 et
1570 3070 1668 3124 pro
1687 3051 1805 3124 non
1835 3061 1984 3106 tecto.
2023 3051 2080 3106 lu

485 3127 652 3197 Tom.
686 3124 936 3179 mendum
979 3133 1097 3197 erat
1126 3127 1314 3197 vigere,
1347 3124 1490 3192 quod
1517 3123 1769 3180 Latinius
1796 3124 1850 3178 in
1882 3124 2082 3178 Biblio-

487 3196 644 3252 theca
672 3211 769 3251 suo
797 3194 1108 3250 emendavit
1130 3194 1224 3264 per
1251 3197 1425 3266 ﬁgere.

560 3269 681 3322 111.
715 3266 872 3335 Reg.,
900 3276 1012 3335 post
1045 3281 1142 3336 pro
1174 3284 1313 3321 mox.
1345 3269 1499 3320 Rom.
1530 3267 1724 3320 scribit
1749 3267 1940 3321 navim.

561 3338 684 3392 119.
721 3336 906 3408 Rom.,
936 3354 1141 3407 aequore
1170 3355 1188 3392 :
1219 3353 1414 3392 sensus
1447 3341 1681 3407 postulat
1713 3355 1941 3408 (equom.

561 3407 886 3482 121.A_Reg..
928 3411 1038 3464 Ott.
1084 3425 1205 3464 cum
1252 3409 1437 3464 multis
1477 3408 1640 3464 editis
1670 3407 1848 3482 deripe
1881 3425 1900 3463 :
1925 3410 2080 3464 Rom.

487 3495 608 3535 cum
636 3479 755 3536 aliis
785 3483 970 3552 diripe.

2264 2127 2387 2202 122.
2415 2127 2473 2182 ln
2498 2127 2682 2183 Ottob.
2711 2128 2925 2202 videtur
2953 2129 3117 2202 fuisse
3137 2144 3165 2183 a
3198 2144 3282 2200 pr.
3308 2147 3386 2187 m.
3417 2133 3755 2202 prtelenditur
3777 2147 3800 2190 :

2191 2199 2331 2269 quod
2380 2213 2512 2322 (sione
2543 2215 2651 2254 non
2701 2199 2980 2270 disnlieet.
3035 2199 3356 2257 Communis
3407 2199 3676 2273 Scriptura
3712 2214 3800 2260 est

2191 2279 2373 2322 molen
2415 2281 2542 2322 stur.

2229 2271 2542 2324 rotenditur.

2191 2289 2542 2342 ριόιιηιαιιην.

2263 2341 2388 2396 124.
2420 2346 2558 2406 Utt.,
2599 2349 2657 2396 et
2700 2343 2859 2398 Rom.
2911 2342 3155 2399 scribunt
3183 2344 3524 2411 Ascenseque,
3563 2361 3670 2400 non
3701 2349 3801 2402 As-

2192 2428 2457 2484 cettsa’que
2501 2430 2519 2466 :
2559 2413 2788 2468 fortasse
2819 2414 3105 2480 legendum
3139 2414 3460 2483 Ascensaque
3487 2418 3589 2471 rati
3615 2419 3666 2471 in
3696 2433 3800 2472 au-

2193 2484 2399 2537 ferendi
2423 2500 2573 2537 casu.
2597 2485 2653 2538 ln
2676 2485 2806 2555 Reg.
2874 2487 3012 2538 lossa
3031 2492 3115 2540 est
3153 2486 3621 2555 Ascensteque—a
3653 2487 3801 2544 Chri-

2193 2564 2290 2608 sto.
2317 2553 2508 2609 Matth.
2535 2571 2645 2610 xlv.
2667 2556 2737 2610 52
2764 2575 2776 2610 :
2806 2501 3001 2610 Egtcum
3023 2557 3370 2610 ascendissent
3396 2559 3450 2610 in
3481 2559 3796 2610 nauiculam-

2192 2564 2290 2608 sto.
2317 2553 2508 2609 Matth.
2535 2571 2645 2618 xlv,
2667 2556 2737 2627 δέ
2763 2553 2778 2610 Ξ
2806 2553 3001 2610 Etcum
3023 2557 3370 2611 ascendissent
3396 2553 3450 2610 in
3481 2559 3796 2627 naviculam,

2194 2627 2660 2698 cessavit__ventus.
2717 2625 2774 2680 In
2826 2629 3050 2698 antiqua
3079 2643 3206 2681 vero
3261 2629 3515 2683 versione
3568 2646 3632 2684 ex
3689 2625 3796 2686 ms.

2190 2694 2368 2758 0011)..
2401 2695 2468 2750 Ει
2500 2715 2614 2751 cum
2643 2694 2976 2752 ascendisset
3004 2699 3055 2751 in
3096 2698 3407 2767 naviculam,
3437 2701 3653 2756 cessavit
3678 2717 3799 2756 ven-

2191 2777 2292 2822 tus.
2321 2767 2412 2823 Sic
2443 2771 2627 2831 etiam,
2653 2778 2746 2822 aut
2771 2770 2934 2823 simili
2962 2769 3122 2822 mmlo
3148 2771 3240 2823 alii
3271 2779 3489 2825 veteres
3537 2772 3754 2828 codices
3781 2792 3792 2828 :

2188 2839 2281 2913 seti
2314 2839 2592 2913 Cantabr“
2623 2838 3108 2913 Etasccndentibus
3135 2841 3187 2892 in
3214 2841 3356 2904 navi,
3381 2843 3572 2912 quievit
3597 2854 3794 2913 uentus,

2189 2910 2525 2983 Sabatierius
2550 2927 2646 2978 pro
2673 2911 2742 2983 d.
2763 2927 2810 2966 s.
2844 2913 2894 2964 itt
2933 2911 3175 2983 Juvenco
3207 2910 3441 2983 exhibet
3469 2915 3708 2983 ﬂamina,
3737 2910 3793 2970 et

2190 2983 2305 3049 ipse
2349 2982 2567 3050 przeiert
2595 2982 2834 3052 ﬂumina,
2869 2981 3035 3048 quod,
3071 2982 3276 3050 nescio,
3313 2981 3532 3038 ubinam
3566 2985 3796 3040 invene-

2189 3054 2298 3108 rit:
2335 3068 2646 3126 namgtnssq
2690 3061 2745 3126 et
2785 3053 2939 3126 editi.
2962 3067 3109 3126 quos
3138 3053 3267 3126 viiii,
3309 3053 3509 3110 habent
3551 3057 3790 3126 flamina,

2187 3136 2241 3180 et
2265 3133 2440 3178 textus
2474 3123 2750 3194 Evangelii
2775 3124 3000 3193 requirit
3037 3125 3278 3194 ﬂamina.

2265 3194 2386 3250 126.
2420 3193 2778 3256 Altl..Cuncti
2815 3193 3193 3266 navigiosocii,
3237 3214 3364 3265 quos
3396 3212 3414 3251 :
3464 3196 3658 3252 melius
3701 3199 3797 3254 alii

2195 3271 2384 3335 socios,
2411 3267 2506 3322 sed
2537 3269 2591 3320 in
2635 3266 2913 3338 plerisque
2941 3267 3120 3320 minus
3157 3280 3466 3334 opportune
3511 3269 3799 3338 distingui-

2199 3352 2283 3396 tur
2303 3348 2564 3413 rogantes,
2596 3368 2667 3378 --
2688 3337 2872 3392 Cuncti
2901 3338 3110 3407 navigio
3146 3340 3313 3393 socios
3349 3354 3476 3410 quos
3505 3355 3654 3395 casus
3684 3337 3796 3394 ilia.

2195 3413 2364 3467 bebat.

2267 3483 2390 3540 130.
2418 3481 2606 3547 Rom.,
2636 3479 2916 3551 adjungere
2949 3496 2966 3534 :
2995 3479 3111 3551 lege
3136 3480 3408 3553 attingere.

1991 3576 2222 3634 NOTAE.

560 3669 682 3724 100.
714 3669 996 3725 Matthteus
1027 3687 1042 3724 :
1087 3669 1288 3737 Quarta
1313 3678 1486 3723 autem
1525 3668 1702 3738 vigilia
1728 3671 1912 3723 noctis.
1945 3670 2086 3738 Qua-

485 3751 613 3797 tuor
631 3751 783 3796 erant
815 3741 1014 3810 vigiliae
1037 3743 1236 3803 noctis,
1271 3757 1501 3806 quarum
1534 3739 1761 3810 singqu
1785 3740 1960 3796 tribus
1991 3745 2086 3795 ho-

487 3813 563 3867 ris
591 3814 954 3866 eonstahant:
982 3811 1066 3865 hae
1089 3821 1266 3865 autem
1301 3821 1409 3866 tres
1446 3812 1596 3865 horte
1625 3811 1812 3864 aestivo
1841 3822 2086 3879 tempore

485 3882 768 3938 breviores
794 3892 972 3946 erant,
1009 3881 1224 3935 hiemali
1256 3881 1548 3949 longiores.
1585 3881 1749 3936 Statio
1785 3891 1870 3937 est
1912 3883 2084 3948 locus,

487 3953 791 4032 tibimilites
805 3960 948 4006 stant
965 3952 1198 4032 prtesidii
1211 3966 1394 4032 causa,
1408 3965 1458 4007 et
1471 3952 1708 4032 sumitur
1720 3967 1820 4032 pro
1839 3954 1968 4022 ipsis
1988 3956 2059 4032 ini
2075 3985 2089 3994 -

487 4024 692 4088 litibus,
725 4037 823 4093 pro
849 4022 1117 4088 custodia,
1151 4032 1207 4076 et
1234 4023 1436 4093 vigilia.
1471 4021 1608 4076 Hinc
1655 4021 1810 4090 origo
1849 4021 2092 4093 nominis

485 4092 782 4150 stationum
795 4092 1316 4158 ecclesiasticarum,
1331 4095 1400 4147 tle
1412 4093 1610 4160 quibus
1622 4106 1815 4163 magna
1823 4092 2091 4163 doctrinae

484 4169 637 4235 copia
659 4168 768 4233 agit
791 4165 852 4220 V.
871 4163 935 4220 C.
962 4165 1022 4219 D.
1045 4163 1255 4232 Gaspar
1281 4163 1638 4235 Bertalazone
1657 4162 1790 4218 can.
1818 4162 1950 4234 Reg.
1969 4165 2088 4222 Lat.

486 4233 668 4293 Abbas
692 4247 983 4304 perpetuus
1001 4236 1054 4290 in
1075 4235 1302 4291 Dissert.
1325 4235 1394 4291 de
1416 4233 1593 4291 Festis
1615 4244 1756 4305 part.
1781 4249 1841 4303 ιι,
1865 4233 1985 4306 cap.
2006 4237 2084 4302 5.,

484 4322 549 4362 ac
580 4321 767 4361 rursus
797 4308 849 4362 in
882 4322 1050 4375 Opere
1089 4307 1161 4361 De
1181 4305 1414 4376 jejunio.

558 4378 681 4433 105.
725 4377 1056 4464 Suspensus,
1088 4377 1363 4464 sublatus,
1415 4391 1794 4464 non.mer;sus.
1828 4377 2085 4447 Virgilius
2113 4403 2168 4464 D

484 4448 523 4503 1.
562 4465 654 4516 vtt,
687 4447 940 4521 νει-91310
965 4465 977 4501 :
1016 4447 1110 4503 Vel
1138 4466 1278 4521 mare
1297 4466 1387 4521 per
1406 4449 1628 4503 medium
1649 4449 1816 4521 ﬂuctu
1835 4465 2085 4521 suspensa

485 4518 859 4575 tumenti—F
861 4529 992 4574 erret
1022 4521 1138 4575 iter.
1173 4518 1382 4576 Plinius
1411 4521 1449 4574 Ι.
1484 4534 1598 4586 vttt,
1644 4534 1730 4589 ep.
1763 4519 1834 4576 20
1866 4536 1879 4572 :
1909 4518 2085 4574 Radix

482 4607 615 4661 aqua
641 4593 832 4662 pariter
857 4608 1124 4662 suspensa,
1156 4601 1205 4645 et
1235 4607 1419 4646 mersa.

558 4662 680 4717 105.
712 4661 898 4716 Nauta:
925 4659 1191 4716 uibrabant
1223 4662 1380 4716 corda
1403 4676 1587 4728 pavore
1609 4660 1823 4714 videtur
1854 4659 2086 4729 ﬁgurate

486 4731 690 4788 dictum
722 4747 821 4804 pro
865 4751 1024 4804 pavor
1068 4734 1298 4787 vibrabat
1328 4733 1488 4804 corda
1514 4739 1812 4804 nautarum.
1841 4730 2088 4786 Claudia-

487 4820 588 4858 nus
620 4805 656 4857 l.
685 4819 744 4857 Ill
784 4801 1040 4871 tle'ltapt.
1083 4805 1239 4858 Pros.
1271 4820 1324 4858 v.
1354 4803 1457 4858 152
1500 4821 1512 4856 :
1545 4801 1676 4855 lmis
1703 4802 1865 4855 vibrat
1896 4811 2086 4857 tremor

481 4891 598 4930 ossa
638 4873 898 4932 medullis.
937 4873 1160 4930 Ovidius
1191 4874 1416 4930 Heroitl.
1451 4873 1608 4942 epist.
1643 4873 1732 4938 11,
1765 4887 1912 4928 vers.
1953 4875 2020 4928 77
2067 4893 2082 4930 :

484 4946 575 5001 Sic
600 4963 712 5000 mea
741 4945 929 4998 vibrari
952 4944 1198 5014 pallentia
1231 4949 1454 5000 membra
1483 4944 1699 4998 videres.

555 5019 679 5074 107.
715 5015 891 5071 Timor
919 5019 1084 5071 omnis
1134 5015 1308 5070 abesto
1357 5033 1425 5072 ex
1471 5015 1696 5084 Virgilio
1737 5014 1776 5068 l.
1821 5031 1896 5070 x1.
1952 5014 2085 5072 Vide

478 5089 639 5144 etiam
669 5087 1018 5144 Prudentium
1050 5088 1147 5159 lgn
1172 5099 1361 5142 contra
1388 5088 1600 5159 Symtn,
1633 5101 1683 5138 v.
1718 5086 1842 5141 756.

556 5162 679 5216 108.
709 5160 995 5215 Matthteus
1022 5177 1034 5212 :
1061 5157 1262 5212 Ilabete
1289 5157 1538 5226 ﬁduciam
1570 5171 1588 5210 :
1613 5173 1706 5227 ego
1733 5173 1847 5210 sunt
1877 5173 1897 5210 :
1923 5157 2085 5212 nolite

477 5232 676 5287 timere.
716 5231 990 5286 iuvencus
1032 5230 1190 5282 aliam
1235 5232 1539 5284 versionem
1578 5228 1808 5294 viderat,
1830 5243 1961 5298 qua:
1987 5245 2085 5281 ex-

478 5313 584 5356 stat
633 5304 685 5358 in
735 5317 865 5357 mss.
909 5301 1198 5371 Saugerm.
1252 5316 1292 5366 t,
1341 5301 1510 5356 Corb.
1555 5307 1680 5354 t‘et
1715 5299 1771 5363 2,
1814 5296 2082 5371 Clarom.,

481 5371 781 5428 Constantes
823 5383 982 5428 estote
1025 5370 1044 5426 ἑ
1089 5371 1246 5425 nolite
1289 5373 1464 5426 timere
1508 5386 1526 5424 :
1566 5385 1658 5439 ego
1697 5386 1812 5423 sum
1827 5386 1845 5436 ;
1893 5371 1986 5425 sed
2031 5370 2085 5425 in

479 5442 644 5500 Corb.
674 5461 691 5498 ι
717 5444 896 5499 solum
927 5454 1010 5498 est
1041 5461 1052 5496 :
1080 5441 1388 5498 Constantes
1409 5450 1589 5503 estote,
1620 5449 1666 5494 et
1696 5441 1858 5495 nolite
1884 5441 2084 5496 timere.

480 5512 717 5568 Hilarius
743 5516 810 5570 ad
835 5517 976 5569 hunc
1005 5514 1182 5570 locum
1216 5533 1228 5568 :
1267 5514 1467 5582 Quibus
1500 5528 1618 5566 mos:
1651 5510 1904 5566 Dominus
1929 5515 2077 5566 locu-

476 5593 559 5657 tus
593 5593 688 5648 est,
739 5596 787 5638 et
827 5597 1126 5657 constantes
1166 5602 1274 5641 esse
1308 5587 1503 5657 jussit;
1536 5593 1593 5657 et
1618 5594 1806 5657 postea
1838 5602 1852 5638 ;
1887 5582 2033 5640 Dicet
2066 5599 2087 5639 :

476 5653 592 5731 Q19
612 5670 800 5731 _sum.__
826 5655 1081 5729 Vegetans
1122 5653 1414 5731 constantia
1445 5653 1718 5731 esttides,
1767 5669 1893 5726 quae
1935 5669 2081 5711 vers.

473 5719 581 5783 677
612 5725 650 5782 l.
685 5737 723 5778 tt
750 5719 1005 5781 dietavest
1036 5728 1278 5782 credendi
1304 5721 1614 5782 substantiat

2267 3671 2391 3725 117.
2425 3667 2728 3738 Terri/icant
2756 3684 2774 3722 :
2803 3667 3028 3724 verbum
3055 3668 3314 3730 Lucretii,
3345 3667 3574 3738 Virgilii,
3605 3670 3789 3736 Statii,

2194 3753 2250 3798 et
2289 3743 2518 3796 aliorum
2573 3750 2875 3807 poetarum.
2909 3739 3142 3793 Probum
3193 3739 3397 3808 pariter
3444 3741 3668 3796 verbum
3713 3754 3794 3798 est

2195 3813 2527 3874 crebrescere,
2557 3813 2694 3874 sive,
2728 3821 2786 3864 ut
2811 3811 2897 3865 alii
2929 3810 3194 3876 scribunt,
3224 3812 3524 3865 crebescere.

2269 3884 2393 3938 118.
2434 3881 2760 3953 Liquefacla,
2790 3883 2914 3948 quia
2950 3880 3170 3936 Petrum
3210 3892 3367 3937 antea
3398 3883 3790 3951 sustinuerant,

2196 3953 2424 4024 perinde
2443 3951 2599 4024 quasi
2627 3951 2805 4024 solida
2827 3961 3034 4024 essent.

2270 4024 2396 4079 119.
2439 4023 2682 4076 Validam
2734 4022 2856 4087 ﬁdei
2907 4023 3098 4089 robur,
3151 4022 3312 4078 fidem
3343 4064 3358 4088 ,
3398 4038 3522 4079 cum
3572 4025 3791 4082 robusta

2195 4106 2334 4160 erat,
2367 4103 2422 4148 ιιι
2456 4093 2652 4164 valida.
2704 4091 2906 4148 Similis
2937 4093 3166 4164 phrasis
3212 4098 3452 4151 occurrit
3487 4095 3542 4150 lt.
3578 4099 3615 4152 l.
3643 4114 3790 4155 vers.

2201 4165 2328 4227 191,
2360 4165 2488 4219 277.
2525 4163 2659 4218 Vide
2689 4173 2803 4219 not.
2834 4165 2902 4220 ad
2933 4163 2971 4221 l.
3004 4181 3021 4218 ι
3052 4179 3196 4221 vers.
3224 4164 3352 4220 478.

2265 4235 2388 4310 122.
2431 4235 2716 4310 Matthzeus
2761 4252 2775 4288 :
2817 4235 3122 4310 Extendcns
3167 4253 3403 4302 manum,
3452 4239 3792 4310 apprehendit

2192 4323 2329 4362 etim.
2356 4307 2629 4362 Juveucus
2655 4305 2936 4379 dexteram
2979 4306 3243 4379 nominat,
3278 4322 3382 4376 qua
3410 4305 3609 4379 saepius
3635 4314 3791 4366 auxi-

2192 4379 2322 4434 lium
2357 4388 2678 4447 prtestatur;
2707 4393 2829 4447 quae
2853 4378 3016 4432 etiam
3041 4377 3185 4445 fidei,
3217 4389 3271 4434 et
3296 4377 3555 4448 potentia:
3579 4382 3789 4452 signum

2191 4460 2298 4506 est.

2262 4521 2386 4576 ηδ.
2422 4519 2690 4590 Dubitata,
2723 4519 2906 4576 dubia.
2940 4519 3056 4592 Non
3087 4519 3336 4575 dissimili
3373 4519 3674 4592 significatu
3696 4524 3790 4580 alii

2189 4591 2294 4646 hoc
2326 4591 2719 4666 participiousi
2746 4601 2894 4646 sunt.
2925 4591 3298 4666 Albinovanus
3322 4591 3385 4666 ad
3405 4591 3622 4666 Liviam
3646 4595 3788 4666 eleg.

2189 4678 2226 4724 t.
2265 4677 2411 4716 vers.
2453 4661 2523 4716 84
2561 4681 2574 4716 :
2608 4661 2672 4716 Et
2713 4679 2926 4717 concors
2958 4663 3145 4732 pietas,
3185 4679 3277 4716 nec
3323 4661 3589 4718 dubitatas
3623 4661 3786 4721 amor.

2187 4732 2472 4788 Contraria
2503 4743 2682 4788 autem
2710 4735 2854 4788 inter
2880 4748 2939 4787 se
2964 4733 3216 4787 videntur
3241 4734 3518 4800 mulcetur,
3549 4745 3602 4790 et
3625 4737 3792 4791 verbis

2189 4804 2403 4858 amaris.
2443 4803 2730 4874 Juventius
2760 4805 2812 4858 in
2858 4804 2971 4873 ipsa
3017 4804 3398 4874 objurgatione
3443 4807 3788 4863 clementiam
3849 4855 3864 4870 ,

2189 4875 2495 4930 Salvatoris
2525 4873 2817 4929 collaudat.

2263 4943 2386 5017 125.
2421 4944 2702 5017 Stupuere,
2736 4945 2985 5000 admirati
3011 4953 3161 5017 sunt,
3191 4955 3251 5001 ut
3276 4945 3406 5002 alibi
3427 4947 3653 5003 dictum.
3682 4948 3790 5006 Sed

2188 5016 2316 5088 quid
2347 5016 2452 5072 sibi
2485 5015 2599 5070 vult
2621 5017 2904 5088 rogantes?
2939 5017 3075 5071 Nam
3107 5016 3394 5072 Mattlneus
3438 5020 3614 5074 solum
3664 5023 3739 5075 ait
3772 5041 3784 5075 :

2193 5086 2296 5154 Qui
2325 5097 2494 5141 autem
2520 5089 2572 5140 in
2605 5086 2844 5140 uaricula
2867 5096 3036 5149 erant,
3069 5096 3337 5154 venerunt,
3366 5097 3412 5141 et
3442 5089 3790 5147 adorarerunt

2188 5174 2328 5223 eum,
2359 5158 2585 5211 dicentes
2615 5175 2632 5212 :
2674 5156 2972 5232 Vereﬁlius
3001 5155 3096 5211 Dei
3123 5175 3195 5232 gs.
3231 5157 3409 5232 Sumit
3433 5175 3563 5232 ergo
3591 5161 3794 5219 Juven-

2189 5244 2286 5304 cus
2330 5237 2574 5304 rogantes
2622 5244 2717 5304 pro
2763 5229 3076 5284 adorantes.
3099 5227 3205 5304 ‘De
3253 5227 3567 5304 hoe_verbo
3605 5249 3792 5304 rogare

2190 5299 2512 5424 sitttplicgtser
2539 5300 2717 5370 posito
2749 5316 2848 5370 pro
2872 5316 3058 5371 rogare
3085 5299 3254 5354 Deum
3302 5300 3426 5358 vide
3460 5314 3574 5359 not.
3607 5299 3743 5360 ad'l.
3771 5323 3788 5362 ι

2192 5385 2356 5424 vers..
2469 5411 2482 5423 .

2192 5385 2356 5426 vers..
2391 5385 2482 5424 46.

2261 5441 2385 5518 127.
2402 5439 2644 5518 __Fervida
2670 5439 3260 5518 epitheton__propri_um
3288 5441 3433 5510 freti,
3458 5445 3602 5518 quod
3627 5461 3657 5500 a
3679 5450 3790 5518 fer-

2189 5513 2353 5591 uendo
2383 5512 2610 5591 dicitur,
2644 5521 2702 5566 ut
2730 5511 2894 5568 docet
2945 5512 3113 5568 Varro
3159 5515 3199 5570 1.
3243 5530 3295 5569 vr
3345 5511 3497 5570 num.
3545 5517 3610 5573 15
3652 5511 3786 5591 liug.

2189 5583 2339 5647 ιαμ,
2365 5598 2484 5650 cap.
2517 5584 2573 5637 3.

2262 5654 2388 5730 130.
2426 5653 2718 5730 Vestisﬁla
2763 5662 3015 5720 extrema,
3037 5654 3348 5730 ﬁmbriam
3376 5698 3413 5730 ,_
3442 5666 3501 5714 ut
3546 5654 3786 5730 loquitur

2182 5721 2491 5791 Matthaeus.
2529 5721 2664 5781 Vide
2696 5725 2736 5780 1.
2769 5739 2829 5795 ιι,
2860 5737 3000 5784 vero.
3037 5721 3143 5783 893
3171 5735 3227 5782 et
3255 5721 3413 5798 seq."
