4154 6176
398 302 504 361 241

538 602 769 660 Lumina
790 617 1041 659 convexo
1066 612 1242 660 terras
1268 612 1652 662 transcurrere
1680 608 1823 665 coelo
1840 654 1854 678 ,

541 697 678 754 Tum
705 712 893 755 secum
912 698 1070 770 jubet
1096 699 1390 771 abruptum
1420 700 1800 759 conscendere
1833 718 1994 759 mon-

1787 793 1920 867 [tem

537 884 806 962 Petrum)
835 884 1180 957 Zebedeique
1202 885 1340 942 duos
1370 902 1466 957 per
1493 886 1655 944 devia
1686 896 1866 943 natos.

392 977 502 1036 520
538 980 702 1053 270
744 977 881 1035 Inde
925 979 1019 1036 ubi
1066 989 1392 1052 perventum
1433 983 1633 1039 secreti
1684 982 1890 1038 montis
1933 981 1991 1038 in

1674 1077 1879 1151 [arcem
1897 1119 1912 1148 ,

538 1169 811 1227 Continuo
835 1168 1090 1227 Christus
1115 1170 1309 1227 faciem
1334 1170 1550 1242 fulgore
1574 1186 1806 1228 corusco

533 1264 792 1330 Mutatur,
824 1264 1106 1335 vestisque
1133 1262 1276 1319 nivis
1305 1263 1545 1321 candore
1565 1264 1806 1321 nitescit.

400 1349 418 1358 ’
482 1355 857 1430 ..Respiciunt
878 1357 1108 1415 comites
1129 1400 1145 1426 ,
1183 1358 1535 1433 mediumque
1568 1359 1832 1417 assistere
1863 1374 1987 1417 san-

1791 1456 1916 1529 [ctis

531 1546 669 1603 Elite
686 1588 702 1614 ,
734 1546 986 1617 Mosique
1010 1546 1216 1603 vident.
1245 1546 1383 1604 Tum
1407 1548 1539 1604 talia
1565 1549 1762 1606 Petrus
1791 1569 1804 1604 :

383 1639 495 1698 525
532 1639 765 1713 Respice
785 1682 801 1710 ,
841 1656 974 1698 num
1002 1642 1162 1700 nobis
1186 1641 1684 1717 potiusdiscedere
1707 1645 1870 1718 longe
1890 1688 1906 1715 ,

1472 303 1941 365 EVANGELICE
1979 306 2331 368 HISTORIE
2367 309 2499 368 LIB.
2542 311 2631 369 lll.

396 416 508 473 515
542 415 823 474 Inveniam
842 457 859 485 ,
884 416 1010 472 cmli
1041 415 1252 487 fulgens
1278 431 1403 473 cum
1434 432 1605 489 regna
1633 434 1943 491 capessam.
2022 426 2076 488 Α

605 509 733 565 llaec
759 509 852 565 ubi
874 509 1025 565 dicta
1046 509 1222 579 dedit,
1253 524 1470 583 passus,
1488 511 1573 566 bis
1598 522 1752 568 terna
1782 513 1998 572 dierum

3593 312 3703 371 2η

2244 427 2330 482 Αιι
2359 425 2520 483 isthic
2543 434 2708 482 tantae
2731 426 3042 498 spectacula
3067 440 3305 483 cernere
3333 426 3499 484 molis

2241 519 2551 578 Conveniat
2580 539 2593 575 :
2626 522 2767 576 trina
2796 532 2980 578 tamen
3004 520 3095 577 hic
3125 522 3361 577 tentoria
3390 521 3549 579 vobis
3572 564 3587 590 ,

2244 614 2300 670 Si
2325 615 2551 684 jubeas,
2586 615 2801 671 frondis
2826 615 3022 695 faciam
3054 615 3273 671 diversa
3298 626 3491 686 paratu
3514 660 3530 685 ,
3680 596 3703 611 θ

2248 708 2476 780 Singula
2503 709 2607 765 sub
2634 720 2852 765 noctem
2880 726 3000 780 quae
3032 724 3128 764 vos
3157 709 3330 764 aulaea
3361 717 3669 779 reccptent.

2104 801 2208 857 550
2245 801 2399 857 Talia
2428 802 2556 857 dum
2591 802 2849 873 loquitur,
2883 801 3025 858 cmlo
3052 800 3370 872 praefulgida
3401 803 3573 859 nubes

2247 897 2406 970 271
2438 896 2799 968 Circumjecta
2825 897 3000 952 oculis
3036 894 3269 952 vestth
3295 895 3500 953 lumine
3541 911 3699 951 mon-

2768 1006 2773 1011 ·
3466 986 3623 1061 [tem,

2244 1085 2311 1140 Et
2335 1099 2438 1141 vos
2462 1099 2494 1141 e
2516 1083 2695 1140 medio
2725 1082 2863 1139 lucis
2887 1081 3175 1139 manifesta
3201 1082 3443 1138 cucurrit
3474 1098 3487 1135 :

2241 1178 2446 1236 Unicus
2478 1178 2566 1234 hic
2592 1194 2747 1234 meus
2778 1185 2866 1234 est
2891 1177 3082 1243 Natus,
3117 1192 3236 1232 mea
3262 1176 3377 1232 sola
3410 1174 3690 1240 voluntas;

2239 1269 2690 1341 Hujusjustitiam
2718 1270 2865 1341 justo
2890 1269 3260 1340 comprendite
3294 1267 3478 1324 corde.

2098 1362 2203 1421 555
2242 1363 2500 1433 Discipuli
2528 1363 2723 1434 pavido
2763 1373 3090 1434 presserunt
3138 1376 3375 1433 corpore
3417 1371 3644 1419 terram.

2238 1456 2350 1513 Nec
2382 1458 2536 1525 prius
2566 1472 2597 1513 e
2621 1471 2798 1527 prono
2822 1456 3003 1511 vultus
3032 1455 3324 1510 sustollere
3344 1469 3478 1511 casu

2234 1549 2544 1618 Audebant,
2573 1557 2763 1605 sancto
2792 1546 2994 1604 Christi
3019 1547 3121 1603 nisi
3150 1548 3376 1604 dextera
3404 1558 3547 1605 tactu
3674 1621 3690 1635 Γ

2234 1645 2564 1702 Demulcens
2588 1643 2800 1701 blandis
2832 1644 3104 1701 firmasset
3125 1652 3352 1717 pectora
3381 1642 3565 1701 verbis
3602 1662 3613 1695 :

1636 1802 1932 1860 LECTION
1939 1803 2017 1861 ES
2054 1801 2475 1860 VARIANTES.

379 1921 570 1992 Itaque
601 1935 729 1977 vera
752 1920 916 1976 lectio
945 1919 1163 1976 videtur
1182 1919 1277 1975 sub
1300 1919 1476 1992 limine
1496 1918 1651 1987 lucis,
1685 1926 1747 1974 ut
1770 1919 1895 1975 libr.
1922 1935 1983 1985 ιι,
2016 1924 2065 1983 Β
2093 1920 2256 1975 etiam
2290 1922 2343 1975 in
2390 1921 2549 1992 Reg.,
2580 1920 2678 1977 sed
2709 1921 2764 1977 in
2810 1922 2913 1977 hoc
2951 1919 3303 1977 emendatum
3333 1918 3439 1973 fuit

376 1991 522 2049 vers.
551 1992 657 2049 654
689 2011 702 2047 :
735 1992 993 2065 Lucisque
1014 1993 1191 2062 vigens
1232 1992 1300 2045 ad
1330 1991 1534 2065 limina.
1564 1992 1650 2065 _Et
1701 2001 1884 2065 potest
1926 1992 1979 2046 id

376 2066 613 2137 intelligi
634 2065 704 2121 de
729 2066 834 2119 line
862 2062 980 2137 ipso
1000 2064 1161 2137 vine,
1200 2062 1888 2137 utapudApuleiumlibr.
1918 2078 1976 2117 XI

373 2132 627 2204 blenni,
661 2145 784 2205 post
812 2132 955 2191 med.
995 2151 1007 2187 :
1052 2132 1356 2188 Transactis
1382 2136 1498 2207 vitm
1525 2134 1836 2207 temporibus
1858 2137 1976 2207 jam

373 2153 627 2204 “8130).,
661 2153 784 2205 p051.
812 2153 955 2191 mea.
995 2153 1007 2187 ἶ
1053 2153 1078 2187 1
1099 2153 1356 2188 ταηεαειιδ
1382 2153 1498 2187 ωιαξ
1525 2153 1622 2189 tem
1665 2153 1836 2187 οῐιυιιδ
1858 2153 1976 2207 Ῑαηι

371 2209 427 2262 in
453 2210 567 2280 ipso
613 2207 780 2280 ﬁnita:
831 2204 1554 2280 lncis_limine_ronstitutos.
1590 2153 1827 2280 ῥίψαιςεί
1861 2214 1977 2260 tex-

376 2276 489 2334 tum
518 2276 712 2335 aliide
743 2288 936 2335 exortu
967 2277 1277 2348 Evangelii,
1331 2276 1425 2330 alii
1455 2276 1522 2331 de
1568 2276 1743 2347 gloria
1783 2292 1975 2331 ascen-

373 2351 546 2405 sionis
580 2369 592 2404 :
630 2351 759 2405 item
789 2349 884 2404 alii
906 2349 975 2403 de
996 2348 1208 2404 Joanne
1239 2349 1611 2415 Evangelista,
1652 2348 1743 2400 alii
1775 2349 1845 2401 de
1877 2364 1973 2401 un-

372 2421 552 2494 decim
576 2422 842 2494 apoStolis
860 2429 1152 2494 exponunt
1184 2438 1197 2474 :
1226 2419 1475 2473 nonnulli
1503 2418 1571 2474 de
1594 2417 1974 2490 Transfigura-

378 2493 561 2558 tione,
594 2492 717 2564 qute
748 2492 911 2561 paulo
936 2500 1058 2560 post
1082 2501 1268 2564 secuta
1294 2498 1398 2545 est.

441 2565 570 2621 517.
603 2559 856 2633 Plerique
881 2559 1121 2618 converso
1146 2579 1163 2616 :
1190 2559 1299 2617 Ott.
1334 2576 1434 2633 pro
1453 2560 1508 2615 d.
1529 2575 1601 2628 5.,
1627 2560 1815 2633 Fabr.,
1843 2579 1967 2616 con-

368 2651 518 2703 vexo,
551 2636 694 2707 quod
717 2651 781 2691 ex
816 2634 1002 2707 codice
1028 2632 1449 2707 llelmst._nt_agis
1468 2634 1651 2687 arrisit
1671 2632 1964 2687 Reuschio.

368 2707 427 2762 in
470 2703 630 2762 Rom.
683 2706 936 2762 mendum
988 2721 1216 2760 conuexo
1256 2703 1458 2760 indicat
1504 2707 1672 2759 etiam
1716 2720 1963 2759 convexo.

374 2777 509 2833 Vide
536 2793 698 2841 supra
720 2794 775 2832 v.
801 2776 930 2833 Μ.

422 2849 569 2907 ‘520.
610 2848 770 2921 Reg.,
798 2849 935 2914 Ott.,
965 2849 1473 2921 perventum_secreti
1490 2864 1507 2901 :
1533 2855 1592 2901 ιιι
1612 2847 1796 2921 v.257
1822 2846 1877 2901 b.
1903 2847 1962 2901 l.:

366 2919 503 2976 Inde
545 2922 632 2976 ubi
671 2918 973 2993 perventum
1010 2920 1220 2993 liquidi.
1258 2918 1445 2986 Rom.,
1475 2933 1595 2993 cum
1628 2918 1816 2993 editis,
1848 2935 1966 2990 per-

364 3004 572 3048 ventum
629 2990 813 3047 secreti
864 3002 959 3046 est.
1010 2991 1069 3047 In
1111 2991 1227 3045 Ott.
1267 2999 1338 3055 et,
1368 2999 1427 3044 ut
1464 2990 1704 3057 videtur,
1740 2990 1792 3043 itt
1825 2993 1960 3061 lteg.

363 3066 632 3136 scriptum
649 3063 948 3136 fuitsecreti
964 3063 1020 3116 in
1035 3064 1242 3131 montis,
1280 3066 1585 3136 sedpostea
1617 3061 1859 3117 deletum
1883 3063 1963 3116 in.

434 3133 562 3192 521.
605 3135 662 3191 ln
692 3134 880 3191 Ottob.
930 3150 961 3188 a
1002 3149 1085 3204 pr.
1140 3149 1240 3201 m.,
1292 3134 1395 3188 nisi
1443 3133 1627 3196 fallor,
1677 3143 1959 3187 exaratum

363 3207 465 3263 fuit
488 3208 649 3277 facie,
682 3222 712 3261 a
740 3222 853 3261 sec.
884 3222 984 3272 m.,
1011 3204 1229 3277 faciem:
1258 3219 1379 3274 quae
1406 3211 1493 3260 est
1516 3219 1644 3260 vera
1670 3204 1831 3259 lectio
1860 3219 1961 3275 per

363 3278 722 3335 Graecismum
755 3279 1041 3332 usitatum.

433 3351 559 3405 522.
604 3349 789 3416 Rom.,
831 3350 984 3403 vestis
1016 3348 1187 3413 niveo;
1218 3348 1431 3418 reliqui,
1464 3347 1718 3415 vestisque
1743 3348 1897 3402 nivis.

432 3419 561 3476 524.
581 3420 694 3476 Ott.
709 3462 723 3486 ,
738 3418 1228 3490 Moseique;Rom.,
1249 3420 1298 3472 Μ
1307 3420 1541 3491 oysique;
1562 3418 1951 3491 alii,Mosique.

432 3492 561 3547 526.
607 3493 735 3547 Mss.
783 3502 839 3547 et
886 3488 1136 3563 plerique
1186 3488 1353 3563 editi,
1398 3492 1480 3544 An
1508 3488 1714 3563 _isthic.
1758 3491 1952 3563 Torn.,

364 3563 598 3633 Poelm.,
625 3561 901 3629 Hadam,
923 3564 1070 3617 Anne
1105 3561 1292 3631 isthic,
1326 3563 1468 3632 quod
1499 3561 1735 3617 fortasse
1764 3563 1831 3617 ab
1859 3562 1956 3616 ali-

364 3651 472 3703 quo
499 3634 730 3701 factum,
777 3650 844 3688 ne
875 3650 944 3686 an
976 3633 1335 3703 producatur:
1377 3648 1539 3702 posse
1569 3640 1749 3687 autem
1783 3650 1873 3698 an,
1902 3644 1959 3688 et

362 3707 564 3761 similia
618 3706 1020 3776 monosyllaba,
1071 3719 1194 3771 quac
1240 3706 1429 3760 brewa
1483 3716 1801 3773 censentur,
1858 3705 1957 3758 ali-

361 3775 865 3849 quandoiproduci,
894 3775 1108 3830 ostendi
1140 3777 1353 3849 adlibr.
1385 3792 1442 3841 ll,
1474 3776 1766 3849 vers.5l7.

432 3850 559 3904 527.
591 3848 753 3920 Beg.,
786 3851 924 3902 trino
966 3857 1133 3901 tamen
1166 3847 1249 3901 hic
1278 3848 1500 3900 tentoria
1531 3846 1690 3908 vobis,
1723 3856 1779 3900 et
1805 3847 1952 3920 glos-

362 3930 513 3974 sator
544 3918 748 3975 indicat
797 3921 931 3973 trino
969 3929 1249 3990 apparatu.
1284 3920 1422 3984 Ott.,
1471 3921 1756 3984 Daventr.,
1798 3918 1951 3983 Διά..

363 3990 513 4052 83s.,
538 3990 753 4048 Westb.
784 3991 836 4045 in
861 3999 1034 4053 textu,
1066 3992 1202 4043 trina
1232 4001 1401 4043 tamen
1432 3991 1514 4042 hic
1546 3990 1765 4042 tentoria
1791 3991 1953 4055 vobis,

402 4064 632 4118 roducto
662 4064 868 4119 scilicet
894 4079 924 4114 a
953 4064 1002 4115 in
1027 4062 1162 4114 trina
1182 4061 1393 4116 ratione
1423 4075 1671 4114 ozcsnrtn.
1701 4062 1953 4129 lladam.,

402 4077 632 4118 rouucw
662 4077 868 4119 setltcet
894 4079 924 4114 a
953 4079 1002 4115 tn
1027 4077 1162 4114 mna
1182 4077 1393 4116 ratione
1423 4077 1671 4114 caesura).
1703 4077 1953 4129 Itauam.,

362 4077 596 4199 Boelm.,
638 4135 827 4199 F;lbl‘.,
854 4132 1073 4203 Westb.
1108 4132 1174 4186 ad
1204 4149 1399 4203 marg.,
1424 4133 1619 4200 Torn.,
1654 4133 1793 4185 trina
1821 4142 1959 4186 atta-

362 4223 477 4261 men
498 4208 581 4261 Itic
604 4208 824 4261 tentoria
860 4205 1017 4259 vobis.
1048 4202 1234 4271 Rom.,
1269 4202 1438 4259 tamen
1467 4206 1550 4257 hic
1579 4203 1717 4258 vobis
1739 4204 1958 4259 tentoria

366 4280 523 4332 trina.

434 4350 560 4403 528.
609 4347 767 4419 Reg.,
803 4349 1033 4416 frondes,
1071 4349 1209 4404 bene
1237 4356 1545 4403 correctum
1588 4362 1703 4419 per
1731 4348 1954 4417 frondis.

366 4419 420 4477 ltt
450 4422 566 4478 Ott.
594 4418 875 4489 mendose,
904 4422 1105 4476 diverso
1128 4429 1339 4492 paratu,
1374 4420 1520 4490 quod
1547 4418 1806 4475 mendum
1835 4426 1958 4474 erat

3524 1935 3586 1977 er
3610 1921 3693 1975 di-

2093 1936 2256 1975 euam
2290 1936 2343 1975 tn
2391 1936 2549 1992 ueg.,
2580 1936 2678 1977 seu
2709 1938 2764 1977 tn
2810 1936 2913 1977 noc
2951 1936 3303 1977 emendatum
3333 1936 3439 1973 rutt
3487 1936 3586 1991 per
3610 1936 3682 1975 ai-

2089 2008 2238 2046 versa
2286 2005 2496 2062 paratu.
2547 1993 2720 2048 Error
2762 2008 2981 2064 quoque
3022 1993 3240 2047 videtur
3290 2004 3412 2046 esse
3460 1991 3516 2046 in
3566 1992 3682 2049 Ott.

2086 2064 2274 2133 fronde
2304 2065 2495 2134 faciam
2519 2079 2618 2134 pro
2646 2066 2853 2133 frondis
2882 2064 3091 2135 faciam.

2155 2136 2280 2191 EH9.
2314 2135 2369 2189 In
2414 2136 2629 2205 0ttoh.,
2661 2138 2751 2190 sub
2797 2147 2966 2205 nocte,
3012 2148 3065 2192 et
3120 2137 3172 2191 in
3217 2136 3376 2190 Rom.
3420 2145 3684 2207 receptant

2088 2209 2299 2277 corrige
2332 2223 2427 2269 ner
2454 2208 2546 2261 sub
2568 2221 2790 2271 noctem,
2822 2220 2879 2262 et
2910 2217 3191 2277 reccptent.

2151 2280 2275 2333 551.
2305 2278 2466 2348 Reg,
2500 2279 2765 2344 vestiebat,
2795 2280 2944 2349 quod
3003 2282 3077 2334 ita
3132 2279 3365 2335 fortasse
3420 2278 3683 2348 scriptum

2079 2350 2177 2404 fuit
2203 2353 2255 2403 in
2274 2353 2382 2404 Ott.
2417 2350 2556 2403 Editi
2595 2351 2840 2421 plerique
2864 2366 2986 2405 cum
3020 2353 3131 2406 Ott.
3157 2368 3187 2405 a
3217 2366 3329 2405 sec.
3364 2366 3462 2415 m.,
3486 2349 3675 2418 Rom.,

2076 2422 2310 2475 vestibat.
2345 2421 2629 2486 Daventr.,
2653 2423 2859 2476 Poeltn.
2901 2439 2997 2488 pro
3027 2424 3082 2475 d.
3116 2437 3190 2486 s.,
3244 2421 3514 2475 condebat.
3547 2422 3681 2478 Pro-

2076 2492 2203 2546 bum
2236 2503 2319 2547 est
2340 2493 2557 2546 vestibat
2586 2510 2683 2555 pro
2714 2493 2974 2548 vestiebat.
3031 2493 3316 2563 Virgilius:
3368 2491 3505 2546 Tum
3549 2495 3679 2548 mihi

2074 2564 2243 2633 prima
2266 2566 2425 2632 genas
2450 2564 2821 2636 vestibuli/lore
2835 2567 3071 2636 juventa.

2144 2638 2269 2690 555.
2302 2636 2448 2697 Ald.,
2480 2636 2605 2699 Bis,
2635 2634 2851 2690 Westhl
2875 2638 2927 2690 in
2959 2647 3129 2701 textu,
3168 2635 3354 2690 Vivens
3400 2634 3486 2689 hic
3533 2654 3678 2691 meus

2072 2716 2168 2760 est.
2209 2706 2318 2778 Alii
2366 2706 2521 2772 editi,
2545 2706 2764 2762 Westb.
2797 2707 2864 2761 ad
2897 2723 3069 2778 marg.
3122 2723 3245 2762 cum
3276 2720 3408 2762 mss.
3445 2710 3673 2775 nostris,

2075 2777 2273 2835 Unicus
2300 2776 2383 2831 hic
2410 2795 2552 2833 meus
2579 2788 2673 2833 est.
2708 2779 2857 2840 Ald.,
2907 2776 3070 2845 Basl,
3123 2778 3332 2833 Poelm.
3388 2793 3488 2847 pro
3514 2780 3568 2833 d.
3598 2795 3672 2843 s.,

2071 2850 2263 2915 Torn.,
2285 2854 2542 2922 voluptas.
2568 2849 2696 2904 Mss.
2722 2850 2895 2903 nostri
2917 2867 3045 2922 cum
3058 2850 3180 2904 aliis
3206 2849 3382 2914 editis,
3402 2851 3673 2922 voluntas;

2067 2933 2121 2977 et
2146 2922 2325 2989 glossa
2351 2920 2595 2990 in‘lieg”
2638 2923 2692 2974 in
2722 2937 2822 2991 quo
2855 2920 2983 2974 mihi
3008 2922 3132 2975 bene
3172 2922 3488 2989 complacui.
3548 2920 3669 2977 Etsi

2067 2996 2309 3065 voluptas
2335 2993 2585 3048 videatur
2613 2995 2784 3063 magis
2816 2994 3119 3061 proprium,
3153 3002 3336 3047 tamen
3375 2993 3673 3065 auctorita-

2067 3064 2197 3119 tem'
2231 3080 2363 3117 mss.
2397 3065 2792 3134 exemplarium
2833 3079 3149 3132 sequamur,
3207 3064 3509 3131 praesertim
3539 3065 3666 3131 quia

2064 3136 2132 3189 ad
2169 3136 2508 3191 voluntatem
2545 3138 2805 3206 pertinet,
2852 3135 2995 3202 quod
3035 3136 3259 3196 dicitur,
3308 3135 3359 3188 in
3403 3150 3505 3202 quo
3542 3134 3672 3189 mihi

2064 3206 2190 3262 bene
2244 3205 2562 3279 complacui.
2612 3206 2668 3262 In
2722 3209 2898 3276 primo
2940 3206 3288 3263 hemistichia
3325 3206 3446 3260 sine
3502 3205 3670 3261 dubio

2064 3280 2245 3349 potior
2299 3290 2385 3333 est
2428 3280 2694 3349 scriptura
2738 3281 2990 3334 codicum
3038 3294 3205 3343 mss.,
3263 3292 3388 3331 nam
3441 3281 3667 3349 verbum

2068 3348 2267 3419 Unicus
2290 3347 2567 3418 exprimit,
2598 3351 2740 3419 quod
2768 3354 2819 3404 in
2854 3351 3148 3419 Evangelio
3174 3351 3396 3413 dicitur,
3429 3347 3534 3402 Hic
3592 3357 3667 3404 est

2065 3418 2115 3472 F
2119 3422 2241 3474 ilius
2265 3438 2408 3475 meus
2435 3418 2673 3487 dilectus,
2697 3432 2791 3476 aut
2816 3418 3218 3485 dilectissimus,
3251 3432 3309 3474 nt
3338 3423 3391 3473 in
3413 3420 3668 3476 versione

2062 3498 2283 3562 antiqua
2306 3508 2373 3547 ex
2405 3494 2593 3547 codice
2618 3493 2885 3556 Colhert.,
2910 3498 2997 3548 vel
3019 3494 3356 3562 cltarissimus
3376 3506 3443 3546 ex
3474 3492 3666 3547 codice

2062 3561 2229 3618 Corb.
2263 3580 2300 3617 ι.
2336 3565 2770 3634 Evangeliariunt
2819 3564 3200 3618 'l‘ridentinum
3228 3581 3241 3615 :
3268 3561 3370 3615 Hic
3420 3570 3494 3615 est
3524 3563 3667 3631 ﬁlius

2062 3650 2209 3688 meus
2248 3635 2632 3699 dilectissimus,
2663 3636 2715 3687 in
2744 3651 2846 3704 quo
2874 3637 2999 3687 bene
3039 3634 3195 3688 sensi.

2134 3708 2255 3760 557.
2288 3707 2471 3771 ltom.,
2504 3708 2599 3769 ni;
2650 3701 2811 3774 Regl,
2843 3706 2954 3758 Ott.
3002 3721 3123 3759 cum
3157 3702 3430 3774 nonnullis
3474 3701 3659 3774 editis,

2062 3779 2186 3830 nisi.
2240 3777 2449 3831 Poelm.
2487 3793 2586 3845 pro
2632 3775 2685 3829 d.
2727 3772 2798 3841 ἐ,
2854 3775 3002 3838 Ald.,
3052 3774 3241 3840 Fatbr.,
3268 3773 3417 3837 B.ts.,
3444 3772 3659 3845 Tum"

2060 3865 2235 3919 quam.
2270 3844 2528 3918 Equidem
2555 3848 2691 3903 bene
2720 3847 2964 3919 Latinam
2994 3847 3252 3919 existimo
3277 3847 3416 3898 hanc
3442 3844 3663 3919 loquen-

2062 3915 2117 3973 di
2142 3915 2428 3983 rationem,
2455 3919 2566 3972 Nec
2591 3921 2736 3990 prius
2766 3918 3047 3985 audebant,
3072 3918 3171 3972 nisi
3187 3918 3432 3990 dextera
3454 3915 3663 3985 firmas-

2061 4000 2156 4056 set,
2189 3999 2295 4045 etc.
2331 3991 2448 4044 Non
2473 3987 2600 4045 suni
2623 4003 2773 4045 certe
2824 3990 3049 4043 omnino
3077 3988 3298 4051 similia,
3340 3987 3435 4042 sed
3482 3996 3661 4043 tamen

2065 4078 2172 4116 non
2203 4071 2330 4117 sunt
2368 4062 2527 4115 valde
2578 4062 2862 4115 dissimilia
2909 4059 3025 4115 haec
3057 4080 3069 4110 τ
3098 4063 3280 4114 CmSar
3326 4059 3448 4111 libr.
3485 4059 3659 4114 thll.

2065 4132 2286 4197 Gallie.,
2311 4148 2430 4201 cap.
2452 4134 2515 4187 51
2545 4151 2559 4184 τ
2588 4133 2709 4186 Non
2735 4149 2881 4200 posse
2908 4135 3021 4203 ejus
3040 4130 3257 4203 imperia
3278 4129 3475 4203 diutius
3499 4130 3660 4203 susti-

2064 4206 2199 4271 neri,
2224 4206 2325 4258 nisi
2345 4199 2470 4274 qnid
2493 4206 2546 4257 in
2573 4203 2774 4257 Caesare
2789 4204 2855 4256 sit
2880 4199 3087 4255 auxilii.
3116 4199 3222 4274 Alii
3249 4200 3379 4274 ιιΙὶιὶ
3392 4200 3559 4274 modo
3582 4199 3665 4252 in-

2066 4268 2416 4345 terpungunt.
2474 4275 2728 4329 Horatius
2758 4273 2854 4326 lib.
2897 4289 2939 4345 ι,
2962 4284 3078 4345 διιιᾷ
3094 4273 3149 4333 5,
3170 4286 3321 4345 vers.
3353 4270 3467 4345 19“:
3493 4268 3665 4324 Num—

2064 4339 2223 4419 quam
2242 4339 2560 4417 erepsemus,
2590 4346 2693 4398 nisi
2713 4361 2807 4398 nos
2845 4344 3015 4397 vicina
3039 4342 3228 4399 Trivici
3250 4371 3321 4383 —
3354 4339 3493 4396 Villa
3531 4357 3669 4396 recc~

2066 4419 2243 4490 pisset.

1890 4577 2101 4636 NOTAE
2111 4618 2123 4632 .
2136 4582 2152 4648 ξ

1323 4712 1503 4752 urasse
1559 4714 1612 4751 se
1662 4694 1847 4751 Iesum
1904 4698 1958 4749 in

1310 4783 1424 4823 arc.
1448 4783 1504 4823 ιι
1529 4811 1545 4838 ,
1596 4769 1623 4824 1
1656 4786 1668 4821 :
1701 4769 1833 4823 Luc.
1859 4782 1915 4821 ιχ
1941 4808 1957 4833 ,

431 4700 559 4756 516.
613 4697 841 4755 CAPUT
892 4697 1002 4753 ΧΠ.
1082 4695 1243 4751 Trans

364 4782 556 4827 monte.
584 4770 775 4828 Matth.
814 4785 944 4836 xvtt,
978 4773 1006 4825 1
1037 4782 1229 4840 seqq.;

328 4877 331 4881 Ι
361 4844 562 5041 285ίέ
596 4914 817 4969 Lumina
847 4914 925 4968 bis
952 4923 1101 4967 terna
1124 4912 1326 4966 dierum
1353 4958 1367 4981 ,
1402 4912 1644 4982 positum
1672 4911 1725 4966 id
1755 4919 1838 4967 est
1860 4925 1961 4982 pro

362 5002 460 5041 sex
529 5002 630 5041 res.

362 5002 460 5044 58X
490 5002 630 5042 018‘.

430 5059 559 5115 5‘25.
601 5059 891 5120 Assistere,
944 5057 1137 5112 adesse
1188 5074 1202 5108 :
1266 5056 1460 5111 eodem
1512 5055 1675 5109 modo
1722 5054 1849 5109 libr.
1900 5070 1956 5119 ι,

2069 4698 2271 4754 cellioo
2304 4699 2444 4755 inter
2471 4700 2637 4755 verba
2668 4699 2862 4753 Latina
2893 4698 3216 4753 collocatur.
3246 4695 3521 4756 Omeisius
3550 4715 3670 4758 eam

2069 4785 2258 4853 vocem
2290 4772 2480 4853 tribuit
2505 4771 2670 4826 etiam
2696 4770 2840 4825 Julio
2869 4770 3127 4825 Firmico.
3156 4769 3331 4825 Latini
3360 4773 3672 4845 praefulgens

2070 4844 2254 4911 potius
2283 4842 2491 4898 dicunt.
3468 4842 3475 4844 V
3552 4842 3569 4845 ⁷

2074 4983 2113 4985 μ
2142 4915 2269 4969 551.
2312 4912 2536 4969 Vestibat
2562 4914 2759 4969 lumine
2781 4922 3007 4968 montem
3031 4931 3049 4968 :
3080 4914 3303 4982 elegans
3327 4916 3673 4985 metaphora.

2073 4983 2329 5057 Virgilius
2353 4986 2391 5041 l.
2424 5001 2501 5051 vt,
2537 5001 2686 5041 vers.
2722 4986 2829 5041 610
2857 5003 2867 5037 :
2899 4985 3120 5057 Largior
3139 4985 3224 5038 hic
3264 4983 3490 5056 campos
3516 4985 3675 5057 wther

2067 5063 2119 5129 et
2147 5056 2343 5109 lumine
2372 5060 2523 5112 vestit
2542 5087 2616 5099 --
2644 5057 2920 5129 Purpureo
2947 5099 2961 5122 ,
2984 5056 3263 5129 solemque
3290 5073 3441 5129 suum
3470 5072 3569 5129 sua
3604 5056 3678 5108 si-

362 5145 511 5187 vers.
545 5129 652 5184 617
688 5147 700 5182 :
731 5125 802 5183 Et
830 5128 1065 5201 precibus
1101 5127 1282 5198 gaudii
1308 5128 1536 5199 gaudent
1580 5127 1823 5181 assistere
1850 5135 1963 5181 tur—
1988 5121 2044 5182 D
2068 5125 2191 5201 dera
2219 5138 2431 5181 norunt.
2464 5129 2620 5201 Adde
2643 5121 2953 5182 Lucretium
2980 5128 3017 5183 l.
3042 5143 3100 5193 tt,
3123 5121 3248 5182 vers
3277 5126 3384 5181 142
3417 5144 3430 5179 :
3455 5126 3679 5180 Conces—

363 5202 562 5331 ὺαὲξὸ.
597 5271 886 5343 Matthmus
918 5288 932 5324 :
984 5271 1323 5343 Respondens
1362 5278 1543 5343 αιιιεηι
1564 5268 1781 5335 Petrus,
1829 5268 1972 5343 discit

363 5346 434 5399 ad
459 5343 647 5399 Iesum
678 5360 695 5396 :
727 5341 947 5395 Domine
970 5384 984 5404 ,
1025 5339 1215 5395 bonum
1242 5352 1315 5395 cst
1358 5358 1451 5395 nos
1492 5342 1574 5395 hic
1608 5357 1719 5395 esse
1748 5356 1764 5392 :
1794 5339 1839 5391 si
1860 5341 1967 5408 vis,

365 5418 629 5488 faciamus
646 5414 730 5467 hic
761 5415 861 5488 tria
885 5414 1241 5488 tabernacula,
1273 5413 1560 5488 tibinnum,
1584 5411 1760 5488 Moysi
1786 5426 1968 5488 unum,

368 5481 418 5543 et
448 5488 584 5541 filim
610 5502 790 5540 unum.
821 5483 1099 5540 Juvencus
1130 5486 1180 5538 id
1211 5483 1507 5555 amplilicat
1540 5502 1552 5535 :
1603 5485 1697 5536 sed
1731 5496 1827 5535 cur
1858 5481 1928 5535 ait
1953 5524 1967 5545 ,

368 5558 621 5631 Respice,
642 5573 777 5631 fnum
800 5556 948 5631 nobis
971 5557 1163 5627 potius,
1210 5554 1354 5609 cth?
1381 5554 1636 5631 Fortasse
1669 5555 1970 5631 interroga-

372 5624 491 5686 tive
514 5630 759 5699 legebat,
793 5624 1044 5697 Domine,
1076 5630 1264 5699 bonum
1286 5637 1360 5681 est
1390 5642 1493 5699 nos
1514 5624 1599 5679 hic
1623 5627 1768 5699 esse?

448 5696 842 5763 528fl’aratn,
890 5696 1175 5770 apparatu.
1226 5698 1345 5753 Val.
1384 5696 1614 5753 Flaccus
1640 5697 1678 5752 1.
1706 5713 1743 5752 ιι
1768 5743 1782 5767 ,
1826 5711 1971 5753 vers.

372 5772 503 5831 652.
531 5770 829 5842 Mensa'qnc
850 5769 1035 5842 paratu
1052 5801 1123 5812 ——
1144 5769 1395 5842 chiﬁco.

445 5845 574 5900 550.
608 5840 968 5912 Prwfulgidus
992 5840 1407 5897 soliuslnvenci
1438 5841 1765 5896 auctoritate
1788 5856 1816 5895 a
1843 5840 1977 5895 For-

2080 5198 2177 5253 tire
2194 5216 2290 5253 sna
2316 5200 2633 5266 perfundens
2662 5200 2834 5253 omnia
2859 5202 2993 5252 luce.

2153 5270 2278 5325 552.
2315 5267 2464 5353 Libr.
2498 5287 2537 5335 ι,
2573 5271 2898 5355 vers.._596:
2928 5269 3059 5323 Tum
3116 5285 3215 5324 vox
3238 5270 3397 5323 missa
3436 5267 3533 5323 Dei
3566 5267 3687 5326 lon-

2082 5357 2205 5413 gum
2270 5357 2325 5394 er
2346 5352 2501 5394 inane
2522 5352 2770 5396 cucurrit.

2154 5359 2277 5467 55g.
2308 5410 2523 5467 Unicus.
2547 5413 2882 5467 unieenitus.
2899 5412 3180 5467 adeoattei

2082 5410 2277 5538 a_|551:).
2308 5410 2523 5479 Unicus,
2547 5413 2882 5486 unigenitus,
2899 5412 3148 5483 adeoque
3170 5414 3439 5481 impense,
3460 5428 3517 5467 et
3536 5430 3694 5472 untce

2123 5499 2136 5537 ι
2162 5498 2226 5539 ec
2254 5499 2334 5539 us.

2156 5525 2526 5610 556.“.Prono
2557 5599 2571 5623 ,
2621 5571 2727 5625 quo
2776 5555 2933 5625 proni
2997 5553 3311 5611 ceciderant
3376 5556 3429 5612 in
3484 5556 3684 5616 faciem

2117 5641 2263 5681 nam.

2084 5641 2110 5682 Β
2158 5700 2282 5754 558.
2342 5699 2650 5754 Demulcens
2703 5699 2963 5766 ﬁrmasset
3012 5708 3220 5769 pectora
3267 5716 3286 5755 .·
3331 5700 3473 5755 idem
3524 5717 3687 5759 accu-

2085 5771 2296 5828 sativus
2342 5786 2372 5827 a
2423 5771 2625 5842 duplici
2681 5772 2850 5826 verbo
2902 5774 3151 5841 regitur,
3222 5783 3282 5827 ttt
3353 5787 3500 5843 saepe
3549 5775 3690 5829 vidié

2086 5852 2223 5895 mne.
