4154 6176
392 211 504 271 M5

536 424 810 481 Demersit
838 425 1024 492 letho;
1059 441 1180 481 mox
1211 429 1408 483 saevior
1432 429 1602 485 altera
1636 430 1795 486 sedes

537 513 618 569 En
644 515 884 573 hominis
912 526 1043 574 nato
1064 519 1311 577 trucibus
1336 520 1632 577 laniatibus
1660 522 1846 579 instat.

613 609 739 664 Haec
767 611 866 676 ait,
892 619 948 666 et
978 612 1235 682 populum
1280 615 1502 684 repetit,
1530 624 1883 685 montemque
1907 629 1994 671 re-

1648 704 1893 778 [linquit.

536 797 675 853 Ecce
704 795 803 852 sed
833 794 1050 855 inﬂexis
1070 797 1327 869 genibus,
1357 797 1600 870 ﬂetuque
1641 800 1851 857 solutus

383 890 495 948 565
542 890 641 946 Vir
667 891 874 959 senior,
892 892 1148 967 precibus
1168 892 1442 949 Christum
1457 895 1987 953 veneratusedorat:

530 984 752 1041 Davidis
784 984 1023 1050 soboles,
1058 987 1338 1040 hominum
1370 987 1664 1058 lumenque
1686 988 1961 1058 salusque,

533 1077 611 1133 Te
630 1090 850 1147 precor,
875 1075 1200 1133 horribilem
1244 1080 1355 1133 nati
1377 1079 1445 1135 de
1471 1095 1703 1150 corpore
1738 1080 1988 1137 morbum

530 1170 850 1237 Proturbes,
882 1171 1189 1242 reddasque
1220 1174 1337 1229 seni
1366 1175 1568 1231 solatia
1599 1174 1746 1231 vitae.

527 1261 673 1319 Nam
695 1277 887 1318 cursus
914 1263 1054 1319 lunae
1086 1270 1274 1319 uatum
1308 1264 1440 1319 mihi
1465 1264 1731 1333 dtemouis
1768 1275 1885 1321 arte

379 1354 493 1412 560
532 1355 795 1426 Torquet,
817 1366 874 1412 et
901 1356 953 1413 in
983 1354 1216 1428 liquidas
1241 1357 1514 1429 deiectum
1547 1358 1769 1430 projicit
1793 1358 1986 1427 undas,

527 1450 637 1503 Aut
665 1450 929 1505 miserum
958 1448 1140 1504 medio
1166 1449 1470 1521 projectum
1504 1450 1673 1507 volvit
1699 1450 1755 1505 in
1783 1450 1913 1523 igni.

526 1540 663 1597 Nam
686 1551 774 1596 tua
799 1541 1055 1622 discipuli
1075 1552 1352 1599 sectantes
1368 1544 1545 1614 jussu,
1570 1544 1891 1618 frequenter

524 1636 780 1705 Connixi,
813 1637 956 1693 nulla
985 1638 1038 1693 iu
1062 1639 1297 1695 solidum
1331 1640 1464 1695 mihi
1495 1640 1637 1697 dona
1679 1641 1970 1703 dederunt.

1462 220 1932 284 ΕνΑΝςειιοι
1975 224 2324 286 ιιιετοιιω
2367 227 2497 286 LIB.
2543 228 2627 285 III.

390 331 500 387 550
538 331 705 406 ππ,
737 333 984 406 Ignotum
1004 335 1169 395 veluti
1201 337 1380 394 rabies
1406 352 1566 408 quem
1595 353 1739 394 circa
1791 341 1993 397 luroris
2021 346 2072 404 Α

3589 235 3695 295 illi

2241 342 2402 416 975
2433 344 2570 403 Tum
2600 341 2853 404 Christus
2874 387 2889 414 ,
2923 360 3119 416 magno
3171 359 3479 411 commotus
3529 352 3692 407 corda

3180 508 3187 515 χ
3310 439 3544 515 [dolore
3565 462 3577 498 :

2099 528 2204 584 565
2241 528 2287 584 Ο
2311 543 2448 600 gens
2474 530 2676 589 nullius
2704 531 2851 601 ﬁdei,
2880 547 3017 604 gens
3043 532 3212 591 eﬂ‘ere
3246 550 3487 608 semper,

2243 621 2322 677 En
2351 624 2515 679 etiam
2547 624 2745 694 patiar,
2779 624 3064 683 vobiscum
3099 640 3187 682 me
3217 624 3335 683 lore
3355 628 3563 684 terris?

2241 713 2334 771 Sic
2351 715 2446 783 ait,
2475 726 2532 773 et
2561 731 2787 787 puerum
2815 718 3038 774 mandat
3066 717 3309 789 perferre
3338 719 3551 789 parenti

2246 809 2388 864 Ante
2415 822 2546 864 suos
2571 810 2778 867 vultus.
2806 809 2941 866 Tum
2967 810 3115 867 vocis
3143 810 3385 880 pondere
3412 811 3586 869 multo

2242 897 2518 968 Incubuit,
2553 902 2861 971 mentisque
2880 901 3043 958 simul
3071 903 3326 959 convulsa
3357 918 3565 965 venena

2099 988 2204 1045 570
2240 990 2515 1049 Daemonis
2546 992 2829 1063 horrendi,
2857 1006 3089 1067 purgato
3115 994 3287 1052 corde
3309 1037 3325 1063 ,
3354 994 3582 1068 fugavit.

2240 1080 2501 1153 Discipuli
2525 1085 2761 1155 rogitant
2790 1101 2887 1141 cur
2916 1102 3024 1143 non
3056 1087 3388 1143 successerit
3420 1087 3529 1143 illis

2239 1171 2497 1243 Ejusdem
2531 1176 2689 1246 pueri
2724 1176 2884 1233 toties
2913 1186 3118 1237 tentata
3149 1177 3381 1235 medela.

2238 1263 2537 1335 Respondit
2566 1268 2832 1326 Dominus
2865 1287 2878 1324 :
2910 1269 3082 1327 Labat
3109 1270 3239 1339 quia
3263 1279 3486 1341 pectore
3512 1280 3695 1328 vestro

2238 1357 2517 1415 Instabilis
2542 1359 2667 1419 lidei
2699 1373 2894 1418 nutans
2921 1378 3020 1435 per
3046 1364 3255 1421 lubrica
3286 1378 3532 1436 gressus.

2094 1451 2199 1508 575
2235 1450 2371 1507 Nam
2402 1453 2445 1508 si
2471 1465 2621 1509 certa
2654 1453 2796 1510 foret
2836 1456 3094 1511 credendi
3127 1458 3306 1528 portio
3338 1458 3514 1525 vobis,

2239 1545 2725 1618 2761nstarque
2740 1549 2951 1605 minimi
2971 1559 3155 1618 posset
3179 1561 3440 1621 praestare
3461 1551 3689 1627 sinapis,

2233 1639 2395 1696 Istius
2420 1639 2549 1696 hinc
2575 1643 2777 1697 montis
2811 1643 3047 1714 possetis
3085 1643 3289 1700 vellere
3317 1644 3504 1711 verbo,

1614 1756 2004 1815 LECTIONES
2040 1753 2460 1812 VARIAN'I‘ES.

452 1850 580 1906 55L
634 1848 861 1904 Vat-iant
905 1863 1038 1904 mss.
1085 1858 1143 1905 et
1189 1849 1323 1905 editi
1357 1866 1370 1903 :
1400 1850 1496 1906 sed
1520 1850 1726 1920 melius
1781 1860 1867 1907 est
1905 1852 1995 1905 de-
2023 1852 2073 1914 B
2099 1849 2262 1905 lectio
2285 1846 2500 1903 videtur
2527 1863 2649 1905 esse
2674 1850 2840 1917 labat,
2872 1863 2980 1906 non
3004 1849 3211 1916 titubat,
3236 1851 3484 1920 quamvis
3505 1850 3571 1907 sd
3600 1864 3689 1907 ra-

378 1922 587 1985 mersit,
620 1936 780 1990 quam
810 1922 1065 1976 dimersit.
1096 1921 1465 1991 Conjiciebam
1491 1919 1715 1976 Demisit
1741 1922 1902 1990 letho,
1934 1932 1992 1978 ut

377 2008 536 2049 vers.
592 1992 721 2058 489,
781 1992 919 2046 letho
970 1992 1255 2046 demittere.
1295 1992 1498 2048 Verum
1550 1992 1872 2048 Ilorntiusl.
1908 2009 1989 2059 ιιι,

377 2064 476 2121 od.
512 2064 602 2129 i6,
632 2065 786 2119 dixit.
826 2064 1073 2118 Demersa
1090 2064 1313 2118 excidio.

452 2137 581 2191 551.
612 2133 750 2198 0tt.,
774 2133 941 2203 Inque
973 2136 1194 2191 hominis
1218 2151 1235 2189 :
1262 2136 1435 2190 retine
1452 2134 1531 2188 En
1558 2134 1806 2190 hominis.
1837 2134 1990 2201 Ald.,

381 2207 533 2271 Bas.,
568 2207 914 2271 lauiantibus,
946 2206 1124 2260 retine
1152 2204 1453 2263 laniatibus.
1485 2204 1697 2261 Westlt.
1729 2206 1782 2260 in
1810 2215 1992 2275 textu,

380 2280 580 2342 instat;
608 2277 676 2331 ad
710 2292 906 2347 marg.,
939 2278 1124 2342 instar,
1159 2280 1346 2332 nescio
1368 2294 1475 2344 quo
1519 2292 1703 2332 sensu.

451 2347 580 2404 556.
608 2347 772 2416 Reg.,
802 2349 992 2402 sobolis
1022 2364 1120 2411 pro
1139 2349 1359 2415 soboles,
1382 2358 1440 2402 ut
1476 2350 1528 2403 in
1560 2352 1681 2404 aliis
1713 2348 1993 2406 veteribus

378 2419 671 2491 codicibus
701 2421 857 2490 famis
886 2435 984 2487 pro
1013 2420 1196 2491 fames,
1229 2429 1284 2474 et
1310 2420 1536 2474 similia.

453 2491 582 2546 557.
628 2490 813 2552 Rom.,
848 2500 1047 2557 natum,
1084 2506 1246 2561 supra
1283 2498 1442 2557 nato;
1471 2491 1585 2554 alii,
1614 2492 1745 2546 nati.

454 2562 587 2617 558.
627 2561 759 2634 Mss.
783 2575 906 2634 cum
950 2562 1143 2625 Torn.,
1165 2561 1591 2634 7_Protnrbes,gut
1620 2563 1819 2615 hostem
1867 2579 1993 2634 pro-

381 2635 597 2688 turbare
620 2631 762 2704 npud
797 2632 1029 2704 Livium,
1072 2642 1129 2687 et
1162 2632 1467 2704 Virgilium.
1500 2632 1690 2690 Aldus.
1722 2648 1846 2688 cum
1868 2631 1992 2689 aliis

382 2704 573 2763 editis.
610 2702 910 2758 Perturbes.

455 2775 585 2831 559.
631 2775 820 2840 Rom.,
862 2774 1003 2830 Nam
1033 2775 1175 2831 lume
1219 2790 1403 2830 cursus
1432 2783 1646 2843 natum;
1684 2775 1811 2841 alii,
1847 2774 1990 2831 Nam

385 2863 576 2902 cursus
599 2846 759 2900 (una.

456 2916 586 2974 560.
638 2916 821 2981 Rom.,
862 2918 1157 2990 protrahit;
1196 2917 1402 2983 creteri,
1446 2918 1695 2990 projicit;
1769 2918 1898 2989 Reg.
1932 2928 1990 2973 et

382 2987 501 3044 Ott.
532 2990 781 3042 scribunt
819 2989 1025 3058 proicit.

458 3058 589 3114 564.
621 3060 805 3125 Rom.,
835 3058 1089 3126 Hadom.,
1117 3058 1327 3114 Poelm.
1367 3060 1421 3115 in
1476 3069 1624 3114 textu
1645 3100 1659 3124 ,
1683 3059 1990 3126 corde;Ot-

383 3131 528 3196 tob.,
565 3130 700 3200 Reg.
727 3145 759 3185 ι
808 3143 919 3184 sec.
954 3144 1054 3192 m..
1077 3131 1230 3197 Ald.,
1261 3129 1458 3197 Turn},
1490 3131 1637 3195 Bas.,
1669 3133 1827 3185 corda
1866 3150 1885 3196 ;
1932 3143 1991 3189 et

380 3203 569 3274 gloss:
601 3201 761 3274 Iiegq
794 3216 887 3274 per
911 3200 1091 3256 corda.

459 3273 586 3327 566.
628 3273 825 3337 Rom.,
858 3272 934 3325 An
991 3274 1144 3326 etiam
1201 3275 1372 3344 patiar
1412 3291 1431 3340 ,°

381 3345 560 3399 etiam.

458 3416 586 3471 567.
618 3413 756 3480 OtL,
786 3418 1032 3485 prmferre
1056 3456 1069 3476 ,
1098 3416 1245 3485 quod
1288 3416 1519 3471 lortasse
1568 3415 1667 3470 fuit
1711 3415 1876 3471 etiam
1929 3416 1983 3472 in

381 3474 527 3556 Reg.
556 3486 663 3543 Alii
683 3524 698 3551 ,
729 3474 976 3557 perferre.

461 3557 587 3631 566.
616 3558 799 3631 R_otn.,
824 3557 1052 3631 pondere
1074 3572 1297 3631 magno;
1316 3558 1526 3628 reliqui,
1552 3558 1777 3631 pondere
1795 3558 1980 3615 multo.

461 3627 586 3685 569.
638 3627 772 3698 Reg.
796 3665 813 3691 ,
847 3629 1125 3698 mentis-que
1154 3627 1280 3699 sinu
1318 3640 1412 3692 ;et
1434 3627 1638 3699 ’glo’ssa
1664 3671 1678 3694 ,
1715 3632 1768 3685 id
1809 3640 1920 3695 est,
1952 3647 1984 3683 a

381 3700 581 3768 corde,
614 3707 671 3755 et
720 3708 908 3768 postea
959 3700 1064 3752 alia
1112 3698 1293 3767 glossa
1346 3701 1398 3753 in
1457 3698 1743 3768 convulsa,
1775 3702 1987 3756 scilicet

384 3772 569 3827 eiecta.

405 3789 585 3896 J85Ia5.
620 3841 748 3895 Mss.
780 3854 971 3895 omnes
998 3841 1165 3895 nostri
1196 3857 1316 3896 cum
1346 3843 1629 3908 Dareum,
1657 3841 1808 3906 ΑΜ..
1833 3841 1984 3908 Bas.,

382 3911 548 3968 labat.
593 3911 815 3967 IIadam.
847 3952 863 3977 ,
888 3910 1086 3977 Torn.,
1115 3914 1344 3974 I’oelm.,
1372 3913 1560 3977 Fabr.,
1591 3915 1796 3968 titubat.
1838 3912 1985 3969 Alibi

383 3987 551 4039 etiam
599 3999 665 4038 ex
699 3982 808 4037 lide
852 3985 1233 4038 nonnullorum
1272 3986 1521 4039 codicum
1561 3983 1702 4039 lubat
1734 3985 1975 4039 occurrit

385 4058 564 4126 prima
605 4054 867 4125 producta
899 4096 912 4119 ,
940 4062 997 4109 ut
1021 4056 1053 4109 I.
1086 4070 1145 4120 ιι.
1180 4072 1323 4111 vers.
1352 4058 1482 4113 457.
1523 4055 1769 4113 Genuina
1822 4055 1987 4127 igitur

1485 3273 1685 3329 melius
1726 3265 1859 3338 alii,
1900 3272 1984 3329 En
2014 3236 2061 3302 ο

2098 1922 2302 1992 tionem
2356 1921 2513 1975 metri
2572 1922 2796 1992 propius
2848 1920 3076 1977 accedat
3126 1923 3352 1988 titubat,
3380 1932 3476 1979 aut
3520 1922 3685 1981 etiam

2092 1991 2286 2063 lapsat.

2167 2064 2292 2118 575.
2326 2060 2513 2127 Rom.,
2544 2062 2669 2117 lam
2697 2064 2777 2129 si;
2800 2062 2968 2118 Torn.
2996 2104 3011 2127 ,
3043 2061 3151 2118 Sed
3177 2064 3261 2130 si;
3285 2064 3379 2119 alii
3404 2104 3422 2133 ,
3448 2061 3591 2119 Nam
3616 2066 3683 2125 si.

2093 2133 2231 2207 Ott..
2260 2133 2423 2207 Rom.
2450 2173 2465 2199 ,
2494 2144 2633 2189 certa
2655 2134 2788 2205 foret
2812 2151 2832 2207 ;
2863 2134 3055 2203 reliqui
3082 2174 3098 2200 ,
3126 2144 3271 2189 tanta
3316 2136 3467 2207 foret.
3514 2133 3690 2207 Reus-

2092 2206 2254 2260 ehius
2283 2205 2501 2275 praefert
2529 2217 2668 2260 certa
2691 2247 2706 2271 ,
2734 2206 2858 2275 quia
2900 2206 3179 2274 praecessit
3204 2205 3422 2261 titubare
3445 2247 3461 2272 ,
3494 2207 3577 2262 vel
3605 2205 3689 2261 la-

2095 2278 2234 2335 bare,
2266 2273 2542 2341 instabilis,
2574 2273 2787 2331 nutans.
2822 2273 3072 2341 Hadam.,
3098 2285 3154 2333 et
3175 2277 3383 2333 Poelm.
3415 2292 3513 2348 pro
3533 2277 3589 2335 d.
3612 2292 3686 2342 s..

2096 2349 2266 2413 nobis,
2300 2349 2480 2400 minus
2510 2348 2647 2403 bene
2678 2363 2778 2416 pro
2804 2349 2961 2403 vobis.

2164 2418 2290 2473 576.
2321 2416 2469 2478 Αια..
2497 2418 2621 2473 Bas.
2646 2461 2660 2483 ,
2690 2419 3010 2473 Poelmnnn.
3048 2434 3145 2486 pro
3203 2419 3259 2473 d.
3296 2435 3370 2481 s..
3404 2419 3534 2487 Quas
3585 2422 3685 2475 mi-

2093 2490 2220 2543 nimi
2241 2499 2407 2561 posset
2428 2504 2647 2559 granum
2665 2499 2911 2561 praetore
2929 2489 3146 2561 sinapis.
3180 2489 3339 2559 ch..
3358 2490 3685 2557 Rom.,0tt.,

2093 2576 2215 2616 cum
2242 2559 2529 2633 plerisque
2550 2559 2735 2633 editis,
2775 2559 2952 2633 Instar
2975 2559 3090 2630 quis
3129 2561 3331 2633 minimi
3355 2572 3686 2633 possetprat-

2092 2641 2230 2704 stare
2252 2628 2475 2704 sinapis.
2509 2629 2566 2685 In
2591 2630 2751 2704 Rom.
2778 2639 2883 2686 est.
2915 2628 3093 2685 lnstar
3120 2633 3292 2701 quod;
3322 2628 3375 2687 iu
3399 2628 3682 2704 Ottobou.,

2092 2703 2252 2773 possit
2276 2719 2295 2768 ;
2338 2700 2391 2755 in
2421 2700 2555 2770 Reg.
2593 2702 2777 2772 glossa
2806 2742 2821 2768 ,
2855 2700 3368 2774 prestarHcilicet
3394 2707 3490 2758 hoc
3518 2700 3682 2763 vobis;

2095 2771 2152 2828 In
2179 2778 2390 2843 vulgata
2437 2771 2670 2829 lectione
2709 2771 2939 2843 intelligi
2984 2781 3181 2843 potest.
3232 2771 3291 2829 Si
3333 2784 3480 2829 tanta
3528 2776 3683 2830 vobis

2092 2856 2240 2926 esset
2261 2844 2413 2926 ﬁdes,
2429 2859 2550 2926 quae
2573 2846 2743 2926 instar
2760 2844 2969 2926 minimi
2988 2844 3196 2926 sinapis
3208 2854 3392 2915 posset
3411 2853 3682 2917 praestare.

2093 2914 2197 2971 hoc
2227 2914 2629 2987 est,reminere,
2653 2914 2743 2987 vel
2771 2917 2935 2971 etiam
2960 2914 3225 2987 prodesse
3253 2931 3268 2969 :
3295 2914 3422 2971 nam
3440 2926 3687 2987 pressare

2095 2986 2463 3059 propr-adesse
2490 2986 2783 3055 aliquando
2812 2985 3142 3059 simpliciter
3166 2989 3407 3059 ponitur,
3438 2985 3499 3041 ut
3524 2986 3684 3045 docui

2089 3060 2156 3112 ad
2191 3056 2546 3113 Dracontinm
2580 3072 2725 3113 vers.
2748 3058 2879 3123 607,
2909 3071 3080 3113 carm.
3112 3056 3181 3111 de
3203 3057 3340 3125 Deo,
3372 3060 3497 3113 libr.
3530 3074 3593 3125 ιι,
3623 3069 3682 3116 et

2092 3144 2235 3184 vers.
2271 3130 2361 3184 64.
2383 3126 2662 3185 Satisfact.
2703 3127 2986 3199 Kmuigius
3025 3128 3222 3201 melius
3248 3129 3527 3201 explicat,
3559 3145 3683 3199 quas

2092 3210 2279 3272 posset
2307 3210 2566 3272 praestare
2598 3201 2770 3255 instar
2797 3196 3268 3272 (similitudinem)
3297 3196 3507 3257 minimi
3536 3196 3685 3257 si'nao

2095 3270 2177 3340 pis
2207 3288 2223 3326 :
2262 3285 2386 3325 nam
2426 3271 2595 3324 instar
2622 3270 2859 3326 occurrit
2886 3271 2941 3325 in
2978 3270 3317 3326 nominativo
3343 3316 3357 3339 ,
3382 3281 3439 3327 et
3462 3286 3687 3328 secuss-

2093 3343 2223 3415 tivo.
2257 3342 2358 3397 Pro
2389 3342 2588 3413 sinapis
2615 3342 3176 3415 fortasseﬂlegendum
3209 3344 3382 3415 sinapi
3413 3358 3431 3396 :
3464 3356 3587 3415 nam
3613 3344 3687 3398 si-

2092 3414 2214 3485 napi
2240 3421 2435 3468 neutro
2462 3428 2659 3486 genere
2689 3414 3072 3469 indeclinabile
3098 3420 3203 3480 est,
3232 3414 3428 3486 sinapis
3447 3455 3464 3479 ,
3485 3414 3683 3485 sinapis

2091 3483 2213 3541 cum
2245 3485 2569 3547 declinatur,
2591 3483 2808 3543 feminei
2831 3489 3047 3554 generis
3069 3496 3177 3548 est,
3196 3483 3443 3555 adeoque
3458 3483 3682 3541 deberet

2094 3555 2286 3624 reponi
2311 3556 2558 3627 minimae.
2592 3555 2787 3611 Verum
2816 3557 3236 3627 sinape,sinapis
3262 3566 3455 3613 neutro
3483 3570 3683 3627 genere

2091 3627 2414 3681 declinabile
2444 3626 2592 3679 lllllIlI
2626 3625 3021 3681 :ldmittunt'ex
3057 3628 3350 3689 Petronio.
3381 3636 3439 3680 et
3462 3625 3678 3695 Apicio,

2093 3699 2342 3754 nonnulli
2388 3697 2552 3751 etiam
2593 3712 2659 3751 ex
2714 3696 3031 3752 Columella.
3088 3697 3265 3752 Adisis
3315 3697 3681 3754 Forcellinum

2091 3768 2241 3824 verb.
2274 3767 2481 3835 Sinapi.

2159 3839 2284 3894 577.
2316 3837 2428 3893 Οιι.
2460 3855 2489 3892 n
2517 3853 2601 3909 pr.
2634 3853 2706 3893 m.
2739 3839 2843 3903 hic,
2868 3853 2898 3892 a
2924 3852 3035 3894 sec.
3061 3855 3134 3895 rn.
3155 3840 3277 3894 hinc
3299 3852 3424 3895 cum
3445 3839 3680 3909 ceteris.

2088 3910 2217 3984 Mss.
2243 3911 2417 3984 nostri
2436 3908 2568 3984 cum
2594 3908 2742 3974 Ald.,
2768 3911 2964 3984 ’l‘orn.,
2988 3910 3138 3973 Bes.,
3161 3912 3398 3984 possetis.
3424 3908 3678 3984 Hudson,

2089 3982 2321 4055 Poelm.,
2356 3980 2548 4046 Fabr.,
2575 3982 2830 4055 poteritis,
2862 3982 2940 4036 sic
2965 3980 3249 4054 poterimus
3277 3985 3519 4039 occurrit
3541 3983 3680 4052 apud

2088 4051 2426 4118 Iuvencum,
2454 4051 2613 4109 tertia
2644 4056 2927 4123 producta.

1916 4147 2149 4205 NOTAE.

386 4243 469 4316 de
487 4241 697 4316 Joanne
726 4242 1020 4316 Baptista:
1054 4240 1120 4296 Et
1145 4244 1255 4315 ipse
1301 4245 1552 4316 praecedet
1603 4252 1723 4297 ante
1752 4243 1902 4297 illum
1933 4244 1987 4296 in

384 4314 597 4384 spiritu,
629 4321 676 4367 et
706 4322 892 4367 virtute
914 4312 1066 4384 Elite.

462 4386 585 4440 550.
636 4384 918 4439 Mutthteus
948 4399 961 4438 ε
996 4382 1127 4437 Dico
1156 4393 1325 4439 autem
1354 4385 1516 4450 vobis,
1540 4386 1662 4455 quia
1703 4383 1852 4439 Elius
1876 4388 1989 4451 jam

385 4459 526 4509 venit
543 4500 555 4522 ,
583 4464 627 4511 et
650 4472 755 4530 non
782 4464 1127 4530 cognouerunt
1149 4474 1296 4530 eum,
1326 4458 1415 4530 sed
1440 4458 1669 4530 fecerunt
1692 4458 1743 4511 in
1765 4474 1825 4511 eo
1849 4472 1991 4524 quie-

385 4522 925 4611 cumque-Etolueruitt.
960 4527 1048 4581 Sic
1075 4539 1120 4581 et
1163 4522 1583 4611 ilius-hominis
1617 4522 1879 4611 passurus;
1913 4537 1988 4611 est

384 4596 454 4650 ab
487 4596 580 4652 eis.
610 4597 702 4652 Est
729 4598 888 4668 igitur
916 4598 1252 4668 comparatio
1280 4599 1436 4655 veluti
1477 4596 1762 4655 referenda
1814 4596 1879 4652 ad
1906 4598 1989 4652 al-

386 4679 554 4724 teram
585 4669 773 4724 tardent
791 4710 806 4731 ,
838 4676 943 4722 etc.

463 4740 592 4795 555.
634 4736 864 4795 CAPUT
904 4736 1045 4793 XIII.
1110 4734 1337 4795 Puerum
1392 4738 1683 4794 lunatirum
1753 4750 1987 4795 curantur

385 4826 534 4883 esse:
558 4822 884 4883 montemque
912 4824 938 4864 e
960 4809 1076 4865 loco
1098 4828 1299 4867 movere
1329 4828 1497 4883 posse,
1529 4812 1618 4881 qui
1642 4818 1848 4883 tantum
1889 4810 1987 4864 ha-

385 4881 506 4957 beat
537 4881 990 4957 ﬁdem,_quautum
1019 4890 1089 4957 est
1117 4880 1338 4957 sinapis
1359 4880 1595 4957 granum.
1638 4880 1820 4937 Matth.
1853 4897 1986 4949 xvtt,

387 4953 457 5007 li
488 4969 643 5023 seqq.
675 4953 886 5019 ;Marc.
915 4968 991 5018 ιχ,
1024 4955 1115 5019 ν6;
1144 4953 1272 5008 Luc.
1305 4953 1381 5021 tx',
1406 4954 1495 5009 56.

462 5022 588 5079 555.
639 5023 812 5079 Lucas
845 5024 923 5078 ait
950 5042 961 5072 :
1002 5022 1096 5080 Vir
1124 5025 1350 5079 deturba
1371 5024 1693 5080 exclamavit.
1717 5025 1989 5081 Joveucus

388 5096 647 5166 seniorem
699 5105 882 5157 vocnt,
932 5093 1168 5166 fortasse
1213 5098 1337 5166 quia
1369 5106 1422 5151 et
1448 5095 1531 5150 vir
1561 5106 1700 5160 erat,
1730 5105 1785 5150 et
1813 5107 1987 5166 pater.

387 5165 593 5239 Iterum
615 5178 773 5239 vers.
796 5166 902 5223 558
937 5182 949 5219 :
980 5163 1285 5239 Reddasqite
1306 5168 1417 5239 seni
1466 5166 1651 5239 solatia
1695 5163 1830 5239 ttin.
1879 5163 1993 5239 Iioc

388 5235 557 5292 etiam
583 5238 704 5292 loco
726 5237 870 5291 idetn
926 5235 1263 5293 accusativus
1295 5237 1456 5292 Deum
1486 5236 1831 5309 i-onjnngitur
1860 5236 1996 5292 duo-

390 5309 494 5363 bus
526 5310 709 5363 verbis
734 5318 1004 5364 veneratus
1018 5310 1235 5371 adorat.

463 5378 595 5435 556.
646 5378 796 5435 Libr.
827 5393 866 5446 ι,
898 5394 1043 5435 vers.
1079 5381 1184 5435 512
1218 5401 1229 5434 :
1268 5376 1443 5435 Terris
1477 5382 1769 5452 lumenque,
1824 5378 1992 5435 salus-

428 5465 514 5503 ill’.

390 5466 595 5577 911559.
647 5520 794 5579 Libr.
819 5537 859 5588 ι,
891 5537 1036 5578 vers.
1067 5521 1174 5578 482
1203 5542 1215 5579 :
1247 5521 1387 5577 Nam
1416 5524 1555 5577 (una:
1576 5537 1787 5576 rursum
1835 5524 1997 5577 comi-

392 5600 506 5646 tata
531 5594 743 5647 insania
768 5595 972 5648 mentis.
1693 5624 1718 5637 -

466 5664 595 5719 565.
653 5662 719 5718 In
742 5666 968 5718 solidum
1003 5680 1099 5736 pro
1121 5664 1320 5736 solide,
1369 5666 1549 5734 plane,
1578 5662 1821 5736 integre.
1839 5679 1989 5721 vere.

392 5734 664 5807 Apuleius
698 5736 940 5792 adverbii
978 5734 1130 5793 more
1173 5735 1307 5792 dixit
1352 5735 1578 5791 solidum
1616 5734 1654 5789 I.
1702 5734 1736 5792 v
1776 5734 1995 5792 Metam.

2093 4237 2347 4307 Virgilius
2367 4240 2403 4295 Ι.
2422 4254 2460 4294 ιι
2481 4240 2708 4312 Georg.,
2724 4257 2871 4312 vers.
2886 4243 2976 4298 78:
2993 4243 3094 4298 Aut
3108 4259 3313 4299 rursum
3328 4244 3515 4300 enodes
3540 4252 3685 4303 trun-

2093 4312 2143 4364 ci
2164 4322 2480 4376 reserantur,
2504 4320 2550 4366 et
2575 4311 2679 4367 alte
2704 4343 2775 4354 —-
2802 4311 2850 4365 F
2853 4313 3053 4367 inditur
3072 4314 3127 4368 iu
3148 4314 3372 4369 solidum
3389 4316 3564 4370 cuneis
3577 4316 3681 4377 via,

2094 4381 2190 4457 ubi
2213 4382 2533 4457 subauditur
2556 4384 2778 4457 lignum,
2809 4386 2895 4439 vel
2920 4384 3100 4440 robur.
3132 4387 3209 4441 Ex
3240 4401 3339 4441 usu
3384 4386 3584 4443 forensi
3629 4388 3683 4440 in

2095 4452 2318 4506 solidum
2350 4452 2705 4521 sumitur'pro
2732 4456 2787 4510 in
2841 4465 3032 4523 totum,
3082 4468 3178 4512 aut
3210 4459 3454 4514 omnino.
3499 4458 3685 4515 Οτιιεὶ-

2092 4525 2489 4600 sitisexplicat:
2514 4523 2649 4582 Mihi
2669 4526 2832 4600 solide
2860 4529 3162 4600 satisfacere
3182 4538 3610 4600 nonApotucrunt.

2167 4594 2290 4649 εδδ.
2319 4595 2613 4670 Μειιιιιίιξιιε
2644 4616 2656 4651 :
2697 4596 2768 4652 Et
2792 4594 3069 4670 increpavit
3101 4597 3248 4670 illum
3275 4594 3454 4667 Iesus,
3478 4610 3526 4656 et
3564 4599 3686 4670 exiit

2018 4661 2074 4723 Ι)
2098 4665 2161 4719 ab
2190 4681 2251 4739 eo
2295 4667 2624 4739 daemonium.
2664 4661 3095 4739 Evangeliurium
3141 4661 3520 4729 Tridentiuum
3568 4688 3582 4726 :
3622 4661 3687 4725 Et

2100 4737 2352 4805 corripuit
2377 4738 2529 4794 illum
2556 4738 2731 4803 Iesus,
2758 4737 2987 4796 et'earivit
3028 4742 3088 4796 ab
3130 4758 3188 4795 eo
3225 4742 3560 4799 dwmoniutu.
3594 4741 3689 4801 lii-

2102 4808 2272 4864 larius
2301 4810 2352 4866 in
2388 4811 2531 4867 hunc
2563 4813 2670 4887 loc.
2704 4830 2715 4865 :
2753 4809 3054 4887 Objurgatis
3082 4810 3184 4879 his,
3211 4822 3257 4868 et
3286 4814 3550 4884 increpata
3579 4813 3686 4867 dte-

2100 4893 2268 4954 mo_ne,
2301 4897 2459 4954 sanus
2488 4900 2615 4954 puer
2644 4884 2811 4951 [actus
2830 4884 2936 4938 est;

2172 4949 2299 5005 569.
2328 4951 2380 5005 Μ
2390 4949 2516 5008 eritis
2537 4949 2779 5010 conrulsa
2800 4970 2993 5009 venena
3012 4954 3258 5013 (immanis
3279 4954 3524 5011 horrendi
3541 4971 3560 5009 :
3581 4953 3688 5013 duo

2098 5020 2421 5095 genitiviab
2452 5024 2643 5079 eodem
2676 5026 3019 5080 substantivo
3044 5037 3304 5095 reguntur
3331 5028 3385 5083 in
3413 5022 3686 5095 communi

2104 5091 2204 5147 bac
2234 5094 2534 5162 scriptura,
2565 5108 2619 5149 ut
2649 5098 3003 5153 observatum
3034 5091 3195 5157 etiam
3229 5097 3331 5152 iuit
3356 5112 3386 5152 a
3418 5093 3687 5151 lleuschio

2100 5162 2135 5215 l.
2168 5176 2206 5224 t,
2240 5179 2383 5233 vers.
2416 5165 2534 5221 195.
2570 5164 2706 5223 Vide
2732 5168 2895 5223 etiam
2929 5168 3049 5222 libr.
3081 5183 3142 5232 ιι,
3168 5183 3313 5224 vers.
3340 5167 3465 5233 5'15,
3488 5165 3612 5221 456.

2169 5232 2295 5311 570.
2331 5231 2595 5311 Dwmonis
2609 5237 2907 5311 horrendi:
2937 5238 3063 5293 alibi
3092 5231 3305 5295 diemon
3333 5231 3530 5311 dicitur
3556 5247 3686 5305 uter,

2101 5313 2160 5357 ut
2189 5304 2225 5357 Ι.
2254 5320 2324 5373 ιι,
2354 5323 2499 5365 vers.
2528 5308 2654 5365 459.

2131 5375 2268 5498 “'5'”
2338 5373 2458 5434 Illis
2508 5395 2608 5449 pro
2640 5379 2766 5451 ipsis
2806 5379 3043 5445 positum
3070 5420 3084 5445 ,
3119 5387 3177 5435 ttt
3226 5377 3460 5434 advertit
3504 5376 3688 5439 Omci-

2187 5462 2234 5498 s.

2099 5457 2234 5504 Silis.

2178 5518 2303 5574 574.
2337 5517 2613 5575 Lubricum
2646 5521 2971 5590 substantivi
3001 5536 3154 5579 morc
3179 5519 3454 5590 accipiunt
3483 5520 3691 5579 Plinius

2099 5592 2313 5659 Junior,
2346 5592 2674 5663 Macrobius,
2706 5586 2992 5659 Ulpinnus,
3023 5586 3370 5663 Papinianus,
3399 5599 3459 5649 ut
3481 5604 3692 5649 veteres

2102 5665 2396 5733 scriptores
2426 5661 2770 5718 Christianos
2792 5664 3061 5719 omittam.
