4154 6176
328 279 433 339 249

457 489 562 558 Qui
584 501 722 544 vero
752 501 785 543 e
811 486 995 559 parvis
1023 486 1147 543 istis
1171 484 1451 558 deceperit
1478 472 1670 554 unum,

310 578 426 639 405
461 579 521 636 Si
549 578 746 651 sapiat,
775 587 960 634 nectat
986 592 1122 635 saxo
1150 592 1250 634 sua
1280 579 1419 634 colla
1447 579 1666 647 molari,

460 672 622 750 πθ
656 670 1115 745 Ρι-ωοίρίιθωᾳυθ
1158 670 1328 727 maris
1373 685 1498 728 sese
1542 671 1819 742 jaculetur
1864 670 1920 727 in

1622 763 1852 840 [undas.

455 851 568 916 Nec
590 858 878 930 quisquam
921 857 1063 915 fastu
1092 873 1291 930 parvos
1318 859 1718 931 contempserit
1761 858 1919 916 istos.

459 953 663 1009 Horum
697 952 951 1010 custodes
977 953 1191 1011 caelesti
1220 953 1277 1009 in
1305 952 1437 1009 sede
1468 961 1690 1009 tuentur

457 1044 756 1102 Altitbroni
786 1045 1000 1102 vultum
1030 1045 1295 1118 genitoris
1324 1044 1508 1102 sidera
1534 1059 1723 1116 supra.

238 1196 269 1207 κ
309 1135 423 1194 410
460 1138 570 1195 Sed
600 1138 773 1211 siquis
801 1148 1012 1210 pastor,
1042 1139 1131 1196 cui
1159 1154 1359 1211 pascua
1386 1139 1591 1196 credita
1622 1136 1850 1196 tondent

455 1232 688 1288 Centum
718 1231 988 1301 halantes,
1019 1249 1182 1291 unam
1209 1249 1334 1290 cum
1358 1233 1500 1290 forte
1528 1248 1772 1290 seorsum

457 1323 687 1381 Nescius
717 1340 878 1382 error
902 1326 1086 1395 habet,
1119 1329 1378 1399 quaesitor
1405 1326 1610 1384 deserit
1633 1339 1847 1396 omnes,

458 1417 633 1476 Unius
660 1430 722 1476 et
754 1422 884 1476 totis
909 1420 1108 1477 lustrat
1133 1421 1365 1492 vestigia
1396 1420 1554 1477 silvis
1583 1438 1597 1487 ;

454 1511 608 1568 lllam
636 1512 687 1569 si
716 1528 916 1585 magno
945 1515 1120 1586 possit
1141 1514 1388 1586 reperire
1411 1513 1603 1570 labore
1622 1555 1638 1581 ,

302 1606 419 1666 415
458 1606 668 1666 Laetitia
698 1610 938 1667 inventae
969 1610 1144 1682 major
1168 1618 1283 1667 tum
1311 1610 1558 1667 nascitur
1586 1624 1772 1682 agnte,

1391 273 1852 335 EVANGELICIE
1890 273 2240 336 HISTORIA}
2278 273 2411 333 LIB.
2454 272 2543 332 ll].

455 393 565 452 Sed
595 399 777 449 tamen
809 390 1020 461 infelix,
1052 406 1154 465 per
1177 406 1339 465 quem
1361 391 1714 463 generabitur
1733 404 1907 449 error.
1938 394 1991 455 Α

3515 272 3626 331 250

2162 389 2329 465 280
2362 390 2535 461 Quam
2566 403 2666 462 pro
2694 396 3015 448 cunctarum
3046 403 3278 447 numero
3305 388 3452 463 quod
3480 388 3632 448 nulla

2750 536 2761 545 .
3263 481 3546 557 [resedit:

2164 576 2240 632 Es
2272 576 2390 633 istis
2417 578 2599 649 parvis
2623 577 2856 635 Genitor
2882 577 2965 635 sic
2994 578 3227 650 perdere
3252 593 3585 653 quemquam
3620 580 3630 635 ἶ

2167 669 2285 727 Νοιι
2330 671 2555 742 patitur,
2599 670 2906 742 gaudetque
2932 671 3049 727 suis
3074 671 3389 728 increscere
3424 674 3630 744 regnis;

2245 765 2302 823 Si
2332 764 2557 822 fratrem
2602 767 2883 837 proprium
2926 765 3130 823 delicto
3177 766 3630 825 commaculatum

2030 859 2137 918 420
2173 859 2388 927 Cernis,
2417 869 2633 916 secreto
2664 874 2788 916 mox
2816 859 2982 916 dictis
3008 859 3229 931 corripe
3256 859 3436 917 solus.

2168 952 2225 1009 Si
2256 960 2348 1022 tua
2375 949 2668 1008 verborum
2700 951 2914 1021 patiens
2934 950 3308 1008 moderamina
3339 951 3548 1022 laudat,

2166 1019 2424 1101 Lahéntis
2453 1019 2889 1101 mentem—frater
2918 1044 3204 1101 lucrabere
3229 1044 3439 1102 fratris.

2167 1139 2262 1195 Sin
2288 1148 2378 1194 tua
2402 1138 2573 1195 solius
2597 1146 2912 1196 contemnet
2936 1138 3104 1196 verba
3137 1137 3482 1209 relinquens,

2165 1232 2319 1289 Tunc
2342 1232 2481 1288 alius
2512 1234 2752 1289 monitor
2778 1232 2981 1303 pariter
3012 1233 3097 1303 pia
3118 1232 3272 1302 jussa
3295 1231 3627 1306 frequentet.

2027 1326 2136 1384 425
2173 1327 2280 1384 Sed
2311 1327 2355 1383 si
2383 1326 2621 1384 decutiet
2650 1327 2933 1383 doctorum
2965 1326 3116 1383 frena
3148 1327 3411 1397 duorum,

2171 1420 2330 1493 εει
2369 1418 2524 1475 Tunc
2565 1418 2634 1476 ad
2692 1418 2985 1476 concilium
3039 1417 3357 1476 referantur
3394 1418 3627 1476 crimina

3262 1512 3283 1586 [
3299 1512 3521 1586 plenum
3534 1555 3548 1581 ,

2171 1607 2237 1666 Ut
2264 1608 2450 1681 p0puli
2474 1608 2669 1665 saltem
2697 1615 2928 1665 sanetur
2950 1606 3195 1680 pondere
3217 1607 3418 1665 victus.

1548 1739 1937 1799 LECTIONES
1977 1740 2392 1799 VARIANTES.

374 1856 506 1931 405.
540 1859 698 1929 Reg.,
724 1859 893 1931 collo;
928 1861 1046 1931 lege
1072 1860 1226 1915 colla.

375 1929 506 2002 410.
540 1931 676 1995 Ott.,
712 1929 777 1985 Et
803 1932 961 2000 siquis
982 1929 1003 1997 ξ
1026 1932 1175 1997 Ald.,
1207 1931 1358 1997 Bas.,
1378 1930 1483 1988 Sed
1502 1932 1673 2002 siquas
1699 1948 1718 1998 ;
1746 1930 1906 2002 Reg.,

297 2014 430 2086 eum
458 2001 740 2086 aliis,n8ed
755 2004 957 2086 .st'qttis,‘
988 2002 1204 2086 in_Reg.
1240 2011 1419 2086 tamen
1451 2001 1712 2086 mendose
1740 2001 1911 2086 scrip-

300 2080 422 2145 tum
467 2083 554 2128 est
596 2072 708 2129 Set.
739 2072 888 2140 Ald.,
914 2072 1201 2145 tondanti;
1232 2074 1499 2145 plerique,
1551 2074 1810 2139 tondent;
1854 2072 1907 2128 itt

299 2141 469 2198 Rom.
503 2159 658 2200 error
683 2154 767 2200 est
794 2144 988 2200 tondet.
1025 2141 1358 2202 Sabatierius
1386 2141 1577 2216 edidit,
1613 2144 1719 2201 Sed
1746 2147 1909 2216 siquis

298 2223 487 2284 pastor
509 2232 529 2268 :
549 2217 634 2270 cui
650 2232 841 2287 pascua
858 2218 1074 2281 credita,
1100 2216 1313 2271 tondens
1333 2246 1404 2257 —-
1424 2214 1636 2271 Centum
1654 2214 1905 2284 balantes,

298 2286 480 2360 quod,
510 2287 728 2360 opinor,
752 2303 827 2360 ex
858 2288 1072 2360 ingenio
1097 2287 1213 2357 ejus
1244 2298 1348 2342 est.

373 2356 506 2431 416.
540 2356 689 2424 Ᾰῐά.,
735 2358 885 2431 Quod
913 2356 1037 2431 pro,
1077 2356 1261 2426 postea
1306 2360 1536 2415 obscure
1570 2361 1708 2431 quod
1738 2360 1905 2427 nulla,

295 2428 388 2485 vel
433 2445 597 2503 quant
644 2430 809 2503 nulla.
852 2428 958 2485 Alii
980 2430 1173 2503 _Quam
1215 2446 1310 2503 pro
1354 2428 1653 2485 cunctarum
1681 2435 1909 2500 :numero

295 2501 464 2572 quod.
499 2500 649 2567 Ald.,
684 2501 833 2565 Bas.,
870 2501 1075 2557 Poelm.
1124 2500 1225 2572 pro
1257 2506 1310 2556 d.
1341 2518 1416 2568 s.,
1447 2503 1693 2570 recessit;
1724 2503 1908 2558 cazteri

296 2572 540 2626 resedit:
571 2572 714 2642 quod
758 2574 1101 2641 amplectitur
1132 2572 1450 2628 Reuscltius.
1498 2577 1641 2629 chs
1685 2574 1830 2630 enim
1878 2588 1908 2628 a

294 2657 470 2715 grege
499 2658 646 2710 raro,
672 2654 765 2698 aut
793 2660 1083 2713 numquam
1113 2644 1308 2707 solent,
1344 2646 1623 2701 recedere.
1643 2644 1777 2715 Reg.
1798 2644 1910 2697 dis-

298 2714 527 2783 tinguit,
555 2732 786 2788 numero,
818 2717 958 2786 quod
985 2716 1133 2770 nulla
1150 2716 1338 2788 resedit
1361 2745 1434 2756 —
1465 2716 1546 2771 Ex
1566 2718 1677 2770 istis
1701 2714 1910 2788 :parris

295 2798 431 2859 cum
464 2789 644 2859 glossa
676 2787 728 2841 in
761 2788 934 2859 paruis
958 2818 1029 2827 —
1054 2803 1117 2843 ea:
1142 2786 1367 2859 pusillis.
1402 2787 1599 2844 Parum
1626 2786 1910 2844 commoda

297 2865 386 2913 est
416 2857 541 2913 haec
564 2858 860 2913 distinctio.

371 2928 505 2984 418.
535 2929 667 2993 Ott.,
719 2946 1082 2996 concrescere;
1126 2930 1244 2996 alii,
1292 2932 1603 2997 increscere,
1654 2938 1716 2986 ut
1762 2946 1907 2987 vers.

294 2998 431 3065 402,
464 3014 570 3071 pro
599 3016 841 3057 crescere.

368 3071 503 3127 419.
560 3071 719 3143 Ἆρα..
764 3072 903 3146 Οιῑ.ἔ
952 3075 1247 3146 proprium,
1299 3074 1441 3146 quod
1494 3074 1663 3145 magis
1710 3076 1907 3144 placet,

295 3157 462 3216 quam
492 3148 704 3216 praprio
726 3159 846 3199 cutn
876 3144 1061 3211 Rom.,
1097 3154 1153 3200 et
1175 3144 1352 3201 editis.
1387 3144 1696 3216 Respondet
1727 3156 1906 3201 autem

1940 1869 1989 1929 Β
2083 1858 2215 1914 490.
2255 1859 2440 1926 Rom.,
2493 1858 2721 1930 secretis,
2773 1873 2882 1930 quo
2929 1860 3164 1917 fortasse
3209 1859 3431 1930 respicit
3478 1858 3617 1929 Reg.

2014 1933 2289 1987 secretim:
2316 1945 2640 2002 quamquam
2673 1929 2993 2001 hoc’ipsum
3025 1929 3347 1987 adverbium
3388 1933 3621 1987 secretim

2012 2018 2044 2058 a
2072 2002 2406 2059 Tertulliano
2441 2011 2497 2057 et
2531 2002 2818 2057 Ammiano
2845 2012 3163 2070 usurpatum
3192 2011 3294 2058 est.
3328 2004 3403 2059 De
3429 2002 3622 2059 adver-

2013 2074 2104 2130 bio
2130 2083 2325 2129 secreto
2354 2072 2599 2130 nonnihil
2632 2073 2747 2129 dixi
2776 2073 2842 2128 ad
2876 2089 3020 2130 vers.
3048 2074 3154 2132 205
3179 2073 3299 2129 libri
3329 2074 3511 2144 hujus.

2082 2144 2209 2201 425.
2239 2144 2371 2217 Reg.
2397 2162 2425 2198 a
2442 2160 2555 2217 sec.
2580 2161 2679 2209 m.,
2706 2147 2981 2199 contemnit
3003 2160 3024 2210 ;
3044 2146 3261 2217 videtur
3283 2146 3431 2215 prius
3454 2145 3623 2203 fuisse

2013 2216 2631 2284 contemnet.’0ttobon.,
2663 2217 2822 2287 Reg..
2855 2217 3038 2283 Rom.,
3069 2216 3357 2281 Duventr.,
3386 2225 3440 2273 et
3466 2217 3618 2281 Ald.,

2010 2289 2303 2361 relinquens
2328 2304 2347 2353 ;
2368 2289 2459 2344 alii
2483 2287 2636 2354 editi,
2652 2288 3199 2361 reluctansalietiueo
3225 2287 3539 2361 relinquens,
3564 2296 3625 2344 ut

2014 2359 2155 2415 idem
2184 2362 2528 2415 accusativus
2553 2374 2630 2413 vei
2642 2359 2704 2413 ba
2733 2374 2829 2428 pro
2856 2359 3025 2415 verbo
3067 2359 3381 2424 contemnet,
3407 2369 3463 2415 et
3494 2374 3619 2429 par-

2014 2431 2196 2500 ticipio
2220 2431 2473 2499 praesenti
2506 2430 2798 2500 relinquens
2822 2430 3111 2497 deserviat,
3146 2441 3205 2485 ut
3234 2431 3286 2485 in
3318 2430 3500 2500 phrasi
3545 2432 3620 2487 si-

2012 2503 2124 2586 mili
2149 2501 2351 2557 dictum
2377 2516 2522 2558 vers.
2552 2501 2659 2556 504
2682 2501 2734 2555 ll.
2762 2502 2802 2556 l.
2826 2503 3047 2574 Abneget
3066 2503 3172 2573 ipse
3190 2501 3309 2570 sibi,
3334 2517 3620 2574 corpusque

2012 2589 2341 2642 annuumque
2365 2589 2629 2628 recusans.

2081 2643 2209 2700 4'24.
2256 2645 2383 2701 Mss.
2439 2645 2596 2715 lieg.,
2632 2645 2818 2711 Rom.,
2859 2644 2996 2711 Ott.,
3039 2644 3187 2699 Tunc
3230 2646 3365 2699 alius
3393 2646 3620 2699 monitor

2010 2718 2206 2788 pariter
2235 2733 2253 2781 ;
2281 2718 2334 2771 in
2364 2719 2475 2772 Ott.
2506 2726 2591 2771 est
2617 2715 2773 2782 Tum,
2823 2717 2968 2787 quod
3000 2728 3177 2788 metro
3208 2732 3315 2788 non
3337 2718 3614 2785 congruit,

2011 2787 2065 2843 et
2093 2789 2354 2855 luitalios,
2379 2804 2443 2845 ex
2461 2803 2572 2857 quo
2600 2788 2797 2843 factum
2815 2791 2971 2843 alius.
3002 2787 3191 2859 Fabr.,
3211 2787 3356 2842 Tunc
3378 2788 3513 2841 alius
3526 2805 3622 2859 pa-

2009 2861 2136 2914 riter
2159 2863 2424 2926 monitor;
2450 2860 2697 2930 plerique
2725 2861 2879 2929 editi,
2906 2859 3060 2932 iTuttc
3081 2858 3202 2914 aliis
3223 2862 3420 2932 pariter
3445 2858 3618 2912 moni-

2010 2940 2111 2986 tor.
2128 2932 2334 3003 A'l‘orn.,
2368 2933 2696 3003 frequentes;
2722 2931 2976 2993 emenda,
3011 2931 3312 3002 frequentet.

2081 3001 2208 3060 425.
2241 3001 2427 3071 Rom),
2473 3004 2718 3057 discutiat
2742 3019 2762 3067 ;
2786 3003 2923 3069 Ott.,
2955 3001 3209 3068 dirutiet;
3239 3002 3335 3058 sed
3387 3002 3616 3057 fortasse

2012 3074 2113 3131 fuit
2151 3077 2407 3130 discutiet.
2462 3074 2619 3145 Reg.,
2667 3074 2932 3130 descutiet.
2983 3074 3149 3139 Editi,
3181 3075 3424 3145 decutiet,
3470 3073 3616 3144 quod

2012 3147 2237 3202 verbum
2270 3149 2324 3202 in
2367 3144 2731 3215 discrepantia
2759 3146 3008 3200 codicum
3042 3159 3174 3200 mss.
3217 3144 3614 3213 pra-ferendum

297 3214 529 3307 verbum
563 3214 835 3300 proprium.
877 3217 1049 3307 venbp
1095 3225 1260 3270 timui.
1297 3214 1672 3307 Μαιιιιιζκνιιι,
1798 3236 1826 3307 ε,
1846 3218 1908 3272 Si
1935 3243 1980 3307 ρ
2016 3214 3610 3307 vid-e‘tlurisiquidemoccurritej'iamlilq-olttic_vers.195j

295 3294 471 3340 autem
500 3288 785 3357 peccaverit
818 3289 869 3341 in
922 3289 1156 3361 tejrater
1181 3299 1369 3343 tuus...
1393 3288 1623 3344 lucratus
1650 3290 1751 3345 eris
1797 3291 1907 3361 fra-

294 3364 430 3410 trem
478 3366 668 3426 tuum;
696 3369 751 3416 et
785 3373 926 3416 vers.
966 3358 1071 3414 21:
1123 3358 1183 3416 Si
1223 3363 1505 3431 peccauerit
1550 3363 1600 3415 in
1633 3377 1713 3417 me
1743 3358 1907 3433 frater

295 3444 464 3484 meus.

2084 3289 2211 3346 426.
2254 3289 2429 3347 West.
2488 3291 2540 3343 itt
2609 3296 2799 3354 textu,
2853 3288 3000 3342 Tunc
3051 3288 3119 3341 ad
3172 3287 3489 3353 consilium;
3543 3287 3612 3343 ad

2014 3377 2211 3431 marg.,
2244 3363 2469 3427 rectius,
2495 3358 2645 3415 Tunc
2687 3360 2756 3413 ad
2785 3360 3084 3415 concilium.
3117 3359 3276 3415 Rom.
3335 3359 3389 3413 in
3437 3366 3613 3426 textu,

2015 3435 2324 3501 concilium;
2357 3432 2425 3489 ad
2452 3446 2651 3504 marg.,
2668 3431 2951 3505 judicium.

1835 3571 2066 3630 ΝΟΤιΕ.

290 3688 509 3763 ρει-ειη
533 3700 608 3747 est
636 3690 760 3762 poni
794 3692 935 3747 solet
964 3705 1061 3763 pro
1092 3690 1359 3762 deﬁnitum
1379 3734 1394 3757 ,
1418 3689 1769 3763 deliberatum
1795 3696 1889 3742 est.

289 3762 397 3819 Hic
428 3759 703 3833 significat
731 3780 932 3819 necesse
966 3759 1075 3818 'est.
1113 3759 1548 3826 Observandum,
1596 3759 1893 3833 Juvcncum

288 3830 608 3891 sententias
636 3835 930 3906 trajicere:
962 3850 1083 3889 nam
1117 3833 1257 3899 apud
1287 3833 1593 3888 Blattlizeum
1629 3830 1780 3906 prius
1811 3845 1896 3906 re-

287 3907 508 3977 peritur
535 3950 550 3970 ,
592 3900 732 3977 Qui'
756 3906 1179 3962 scandalizaverit
1228 3922 1391 3957 unum
1435 3906 1498 3977 de
1520 3900 1727 3977 pusillis
1757 3901 1892 3970 istis,

288 3921 508 3977 Ρεῐιιιιι-
535 3950 550 3970 ,
607 3921 709 3973 υιιι
756 3921 1179 3962 scanaauzavertt
1228 3922 1391 3957 unum
1435 3921 1554 4027 (te!

288 3987 431 4048 διο..
462 3975 608 4048 quod
637 3988 825 4045 postea
856 3977 1023 4034 refert
1047 3977 1318 4048 iuvencus
1350 3991 1399 4029 v.
1432 3974 1503 4029 40
1547 4014 1561 4029 .

364 4046 499 4104 405.
532 4047 905 4104 Generabitur:
954 4047 1319 4117 Quintilianus
1364 4048 1490 4102 libr.
1525 4060 1628 4114 vn,
1676 4059 1799 4115 cap.
1832 4046 1893 4100 δε

299 4117 477 4194 Verba
503 4135 621 4194 quae
649 4120 790 4176 litem
819 4130 1085 4194 generant.

363 4188 751 4318 LML'ilgirris,
800 4188 1004 4264 pueris.
1042 4191 1180 4249 Vide
1208 4200 1324 4248 not.
1356 4190 1424 4246 ad
1453 4191 1730 4255 Dracont.,
1766 4188 1802 4243 l.
1834 4203 1895 4256 tt,

364 4277 448 4317 rs.
485 4284 521 4318 ο
596 4304 611 4318 .

290 4276 448 4319 vers.
485 4265 611 4319 5l5.

363 4333 497 4388 405.
529 4334 674 4389 Saxo
702 4335 909 4390 molari.
940 4336 1031 4394 Sic
1058 4335 1413 4401 Prudentius,
1448 4333 1515 4390 de
1546 4333 1601 4389 S.
1636 4332 1891 4398 Quirino.

296 4404 488 4476 hymn.
514 4405 546 4459 7
568 4404 897 4476 Peristeph.,
917 4422 1062 4464 vers.
1083 4407 1149 4462 21
1177 4425 1191 4461 :
1217 4406 1434 4463 Summo
1452 4407 1623 4471 pontis
1648 4404 1711 4459 ab
1739 4405 1894 4457 ardui

2005 3685 2239 3755 pergit;
2266 3685 2334 3739 Et
2384 3687 2429 3739 si
2476 3680 2987 3755 scandalizduerit‘te
3018 3692 3201 3755 manus
3232 3684 3357 3755 tua,
3399 3675 3608 3730 abscide

2003 3746 2169 3812 illam.
2204 3754 2411 3810 Bonum
2441 3764 2513 3810 est
2546 3754 2637 3807 tibi
2668 3752 2887 3805 debilem
2914 3747 3130 3802 introire
3158 3747 3211 3799 in
3240 3746 3415 3817 vitam,
3447 3763 3603 3817 quam

2003 3828 2143 3881 duas
2156 3844 2340 3880 manus
2366 3826 2639 3881 habentem
2662 3825 2735 3877 ire
2756 3824 2810 3877 in
2836 3821 3157 3892 gehennam;
3186 3824 3241 3872 et
3260 3816 3433 3871 Lucas
3456 3816 3606 3892 aper-

2005 3898 2150 3954 tius:
2184 3896 2377 3953 Utilius
2407 3909 2480 3954 est
2510 3896 2622 3961 illi,
2654 3895 2699 3948 si
2734 3889 2868 3964 lapis
2899 3889 3113 3946 molaris
3141 3890 3439 3957 imponatur
3468 3890 3605 3964 circa

2004 3969 2203 4025 collum
2228 3974 2341 4043 ejus
2362 4012 2382 4043 ,Α
2427 3978 2473 4023 et
2505 3960 2814 4043 proﬁciatur
2836 3966 2896 4043 in
2920 3976 3273 4043 m_a_re,_‘quam
3300 3968 3354 4043 ut
3376 3960 3605 4043 sfanf‘la-

2006 4042 2124 4097 lizet
2156 4030 2317 4096 unum
2349 4041 2413 4095 de
2433 4030 2636 4113 pusillis
2664 4039 2796 4113 ist_i_s.
2826 4035 2981 4113 Quod
3004 4035 3055 4088 in
3076 4030 3460 4113 Eimngeliario
3486 4030 3607 4113 Tri-

2005 4113 2229 4169 dentino
2268 4114 2350 4168 sic
2389 4102 2665 4183 refertur;
2713 4102 2979 4171 Expedit,
3025 4103 3261 4183 nt_lapis
3311 4102 3461 4183 mon
3503 4103 3605 4154 cir-
3660 4138 3669 4145 .

2003 4188 2284 4257 cumjectus
2306 4185 2372 4238 sit
2393 4184 2531 4258 circa
2554 4181 2745 4237 collum
2768 4183 2901 4251 ejus,
2929 4188 2976 4230 et
3000 4178 3258 4258 proiectus
3278 4178 3343 4226 sit
3367 4178 3418 4225 in
3440 4186 3605 4237 mare,

2001 4246 2171 4329 quam
2189 4264 2244 4309 ut
2274 4255 2589 4329 scandalizet
2619 4246 2873 4329 unum};
2902 4246 3104 4318 pusillis
3131 4246 3265 4329 istis:

2072 4328 2199 4383 406.
2233 4329 2356 4398 sese
2372 4324 2637 4396 jaculetur
2658 4321 2831 4398 :_vide
2862 4314 2944 4375 L't
2975 4331 3122 4398 vers.
3154 4314 3282 4398 424.

2071 4399 2199 4456 409.
2232 4386 2536 4461 Αιιίεῆτοηὶ,
2587 4403 2648 4451 ut
2678 4394 2713 4448 l.
2765 4408 2805 4458 ι,
2852 4406 2997 4446 vers.
3042 4389 3131 4442 δὲ.
3184 4386 3598 4461 Siderasupra.

295 4455 1775 4552 Z'Easiiie'iiiiii'éﬁuc'iﬁiil;"iiiiigéciiiijni'ni
1798 4455 1893 4552 da;
1922 4486 1974 4546 ι)
2001 4472 2316 4552 praepositio
2344 4455 2664 4552 postpo'sita.
2694 4455 2956 4549 Virgilius
3056 4475 3130 4526 ιι,
3160 4473 3301 4514 vers.
3330 4455 3437 4513 509
3464 4455 3490 4511 ί
3514 4456 3603 4510 Est

296 4556 406 4623 tur,
438 4538 1068 4623 —_Sus'pensum'laqu'eo
1098 4567 1277 4623 gerens
1403 4538 1637 4623 Ingentis
1663 4546 1891 4623 lapidem
1922 4538 1965 4546 ’⁷
1997 4538 2170 4623 omnia
2191 4541 2492 4623 quando—
2525 4538 2631 4593 Iste
2655 4538 2861 4623 animus
2878 4549 3061 4623 supra.

296 4619 470 4673 mole.
491 4617 561 4673 Et
586 4615 901 4677 Lactantius
916 4615 967 4679 c'.
1005 4622 1071 4678 15
1095 4615 1165 4678 de
1191 4620 1404 4675 Mortib.
1438 4615 1750 4675 Persecutx
1778 4615 1891 4670 Do-

294 4691 520 4763 mestici,
548 4690 777 4763 alligatis
802 4693 870 4746 ad
898 4692 1088 4748 collum
1116 4693 1398 4747 molaribus
1425 4690 1684 4763 lapidibus
1707 4732 1721 4755 ,
1762 4689 1895 4763 mari

296 4759 679 4834 mergebantur.
732 4764 906 4819 Lucas
949 4773 1114 4821 vocat
1162 4764 1390 4834 lapidem
1436 4759 1711 4834 molarem,
1758 4759 1894 4815 Mat-

299 4830 474 4887 thmus
514 4842 570 4887 et
604 4833 818 4903 Marcus
844 4837 1036 4891 molam
1065 4830 1381 4893 asinariam.
1412 4832 1538 4903 quia
1566 4833 1703 4900 lapis
1733 4846 1895 4902 snpe-

297 4903 413 4974 ιξίοτ
439 4906 595 4957 mola:
622 4901 731 4969 ὄνος
760 4905 972 4969 Graece.
1004 4906 1107 4962 hoc
1138 4916 1251 4974 est,
1282 4901 1463 4959 asinus
1489 4903 1889 4973 appellabatur.

297 4972 434 5047 Cato
459 4976 528 5029 de
559 4975 639 5031 Re
667 4986 804 5032 rust.
834 4992 885 5033 c.
922 4980 1010 5047 10,
1042 4976 1213 5033 Malas
1239 4972 1496 5032 asinarius
1527 4972 1679 5040 unas,
1711 4983 1893 5047 ettru-

297 5046 471 5118 sutiles
501 5063 664 5112 unas;
706 5050 809 5115 al.,
851 5045 1003 5103 duas.
1033 5049 1188 5118 Quod
1221 5049 1418 5103 attinet
1444 5049 1509 5101 ad
1541 5045 1889 5112 sententiam,

294 5113 705 5193 Iuvencus‘ait,
842 5122 1010 5193 rapiat
1035 5113 1267 5193 ,vncctat,
1301 5130 1436 5185 etc.,
1473 5134 1583 5174 sese
1595 5117 1888 5193 jaculclur,

297 5196 401 5263 etc.
435 5188 721 5263 Mattheus
748 5192 857 5263 ait:
902 5188 1240 5263 Expeditei,
1292 5201 1347 5245 ut
1378 5188 1729 5263 suspendatur
1756 5188 1893 5242 mola

295 5260 630 5336 asinariajn
660 5261 970 5336 collo_ejns,
994 5260 1070 5318 ἐι
1119 5260 1541 5336 άᾳηιενρλιιιιινςὶῃ
1573 5262 1892 5336 profundunt

297 5333 476 5404 maris.
515 5332 754 5387 Marcus:
787 5330 993 5389 Bonum
1022 5343 1097 5388 est
1124 5334 1170 5388 ei
1194 5330 1381 5404 magis,
1411 5334 1455 5387 si
1484 5330 1895 5404 circumdarelur

295 5401 436 5457 mola
464 5404 857 5478 asinaridcollo
889 5408 1004 5478 ejus
1023 5446 1038 5470 ,
1081 5415 1130 5459 et
1156 5405 1208 5459 in
1236 5401 1378 5459 mare
1405 5406 1713 5478 mitteretur.
1755 5401 1894 5478 Sen-

291 5486 395 5546 sus,
424 5485 549 5529 est:
606 5475 709 5541 Qui
740 5473 1190 5532 scandalizaverit
1234 5492 1398 5531 unum
1445 5491 1514 5530 ex
1544 5474 1628 5529 his
1657 5473 1889 5546 pusillis,

292 5545 533 5615 majores
562 5561 755 5617 poenas
776 5548 946 5613 dabit,
980 5562 1140 5618 quam
1165 5548 1211 5601 si
1238 5548 1379 5602 mola
1406 5545 1894 5614 asinaria’suspen-

289 5618 518 5689 deretur
558 5619 703 5689 collo
740 5618 877 5689 ejus,
906 5617 1012 5674 etc.
1064 5617 1340 5675 Juveucus
1370 5619 1581 5674 videtur
1609 5618 1688 5673 sic
1717 5618 1888 5673 inter-

288 5688 529 5762 pretari:
573 5688 781 5762 Potius
808 5690 1010 5762 eligere
1038 5689 1273 5746 deberes
1295 5691 1538 5760 detnergi
1581 5688 1636 5762 in
1669 5692 1892 5759 profun-

287 5760 419 5833 dum
451 5760 655 5833 maris;
687 5773 795 5817 etc.
825 5804 840 5828 ,
886 5760 1049 5833 quam
1082 5768 1245 5816 unum
1274 5777 1339 5816 ex
1374 5762 1457 5815 bis
1489 5761 1702 5831 pusillis
1731 5775 1892 5833 scan—

287 5832 552 5898 dalizare.
586 5829 754 5889 Favet
785 5829 915 5890 ltnic
942 5834 1386 5904 interpretationi
1414 5829 1627 5888 Marcus
1652 5874 1666 5897 ,
1698 5833 1787 5902 qui
1816 5831 1888 5886 ita

2065 4598 2469 4670 ML'Balantes
2493 4625 2591 4681 pro
2611 4608 2805 4681 nvibus
2833 4598 3104 4681 poeiieum
3129 4610 3233 4681 est.
3262 4598 3477 4654 Centum
3507 4612 3606 4668 pro

1997 4700 2225 4741 numero
2271 4671 2555 4740 indefinito
2595 4680 2792 4749 accipit
2836 4675 3127 4733 Omeisius.
3166 4671 3310 4728 Idem
3342 4685 3606 4727 numerus

1996 4756 2048 4811 in
2083 4756 2388 4823 Evangelia
2416 4754 2673 4811 refertur.

2065 4826 2194 4884 415.
2228 4829 2412 4900 Agnce,
2446 4839 2644 4894 nempe
2673 4823 2813 4878 ovis.

2070 4900 2193 4972 116.
2228 4886 2505 4955 ablativus
2535 4886 2657 4951 cum
2707 4891 2995 4972 particulis
3031 4904 3308 4972 quamhpro
3328 4886 3610 4972 eleganter

1998 4970 2217 5041 ponitur
2263 4977 2386 5037 post
2430 4960 2913 5041 comparativum:
2939 4963 3130 5041 Livius
3164 4960 3291 5041 libr.
3327 4975 3387 5026 ι,
3421 4976 3473 5013 c.
3510 4960 3598 5025 14,

1999 5032 2176 5096 Minor
2201 5032 2839 5112 ccedes‘qnantprotenta
2866 5034 3081 5112 victoria
3103 5032 3222 5112 fuit.
3562 5099 3573 5110 ι

2064 5112 2192 5168 419.
2225 5101 2454 5166 CAPUT
2486 5101 2621 5165 XVI.
2649 5108 2887 5174 Quonam
2916 5104 3073 5159 modo
3096 5101 3269 5174 aliena
3290 5101 3414 5154 vitia
3437 5101 3603 5174 corr_i-

1996 5201 2113 5256 llere
2156 5191 2407 5256 oporteat.
2440 5180 2631 5237 Matth.
2666 5170 2817 5256 ἐμω.
2853 5179 2919 5232 ί⁵
2950 5190 3169 5256 δαίνυ.
3190 5170 3602 5256 ιυβλδνθῧονῖῖἒ

1995 5239 2219 5312 Fratres
2250 5266 2301 5309 et
2335 5267 2551 5308 sorores
2580 5267 2643 5307 se
2677 5251 2910 5305 invicem
2938 5239 3285 5316 appellabant
3305 5239 3605 5316 Christiani

1996 5310 2232 5384 veteres.
2258 5324 2496 5381 Consule
2516 5325 2822 5379 Comment.
2844 5320 2911 5377 ad
2932 5310 3188 5374 Prudent.
3214 5313 3398 5384 hymn.
3418 5310 3455 5366 2
3475 5310 3597 5365 Per.

1995 5399 2323 5525 “iisiiss.
2348 5478 2440 5523 tua
2468 5468 2652 5534 solius,
2684 5475 2817 5528 etc..
2848 5463 2894 5519 si
2932 5464 3247 5534 contemnet
3286 5464 3376 5510 tua
3409 5454 3597 5520 verba,

1994 5558 2120 5599 cum
2151 5542 2323 5603 solus,
2358 5549 2414 5595 ct
2442 5533 2654 5595 secreto
2680 5553 2803 5609 eum
2832 5533 3088 5609 corripis.
3208 5601 3221 5609 Δ

2072 5613 2197 5670 424.
2228 5597 2376 5666 Alius
2417 5610 2639 5664 monitor
2666 5624 2683 5661 :
2716 5597 2999 5663 Matina-us
3028 5603 3140 5656 ait:
3186 5597 3385 5670 Adhibe
3428 5597 3603 5652 adhuc

1996 5669 2161 5740 tecum
2188 5700 2369 5752 unum,
2414 5680 2491 5737 vel
2538 5682 2690 5750 duos,
2736 5678 2879 5750 quod
2912 5689 3071 5732 versu
3095 5687 3210 5744 seq.
3241 5669 3476 5743 explicat
3505 5670 3601 5726 Ju-

1996 5771 2447 5899 ηῗὲῗῬορηιῐ,
2482 5830 2677 5897 nempe
2708 5820 3090 5882 multitudinis.
