4154 6176
546 262 656 323 255

693 476 998 550 Alteraque
1027 477 1177 535 illius
1208 478 1467 537 thalamis
1495 480 1797 538 sociabitur
1823 498 1980 552 uxor,

690 567 916 630 Crimen
945 571 1201 630 adulterii
1227 574 1430 646 populo
1460 575 1564 632 sub
1596 584 1738 633 teste
1766 576 1988 634 subibit.

697 662 963 735 Discipuli
988 665 1236 722 referunt
1263 685 1277 723 :
1302 666 1475 740 Urget
1504 668 1587 724 lex
1620 668 1724 725 ista
1751 670 2015 740 virorum,

554 753 665 813 480
700 754 1036 825 Servitiique
1063 759 1263 828 premit
1301 775 1410 816 non
1447 776 1603 832 aequo
1634 761 1876 832 pondere
1902 773 2147 835 partem,

695 849 769 906 Ut
801 849 997 906 melius
1026 849 1195 908 fuerit
1224 852 1479 910 thalamis
1510 856 1754 913 caruisse
1779 857 2012 928 perosis.

695 947 856 1021 287
886 946 1189 1021 Respondit
1214 948 1479 1007 Dominus
1503 968 1517 1007 :
1538 949 1658 1009 Non
1685 967 1880 1010 omnes
1909 952 2153 1026 pondere

1940 1061 2091 1110 tanto

682 1134 987 1206 Subjicient
1017 1135 1284 1196 humeros
1315 1155 1329 1197 :
1361 1140 1522 1199 lecta
1549 1150 1677 1200 sunt
1700 1142 1825 1200 talia
1848 1052 1992 1202 dog:

686 1228 939 1287 Virtutis.
972 1230 1143 1288 Trino
1174 1241 1498 1292 truncantur
1523 1252 1756 1309 corpora
1788 1252 1964 1308 more,

543 1320 652 1379 485
688 1323 821 1395 Quae
844 1324 993 1383 nulla
1018 1325 1256 1399 gaudent
1280 1328 1506 1402 genitali
1538 1330 1661 1403 lege
1686 1340 1956 1388 tororum.

1794 269 1858 328 C.
1903 269 1967 328 V.
2006 269 2243 341 AQUIL.
2280 271 2569 332 JUVENCI

683 382 850 457 286
864 379 999 439 Nam
1022 390 1231 441 temere
1251 383 1498 442 exsolvet
1517 384 1656 442 casti
1680 385 1772 457 qui
1783 384 1909 458 jura
1924 385 2139 458 cubilis,
2170 392 2222 452 Α

3745 270 3855 331 256

2388 388 2633 461 Namque
2661 388 2801 446 alios
2835 388 2971 446 tales
3004 388 3252 462 progigni
3275 388 3331 445 in
3366 388 3590 446 luminis
3616 403 3745 447 oras

2388 481 2814 555 Comperimus:
2848 484 3142 557 plerosque
3197 484 3481 541 hominum
3532 485 3616 541 vis
3670 487 3852 544 terrea

3643 593 3782 636 sexu

2476 608 2481 617 ι
3643 593 3710 636 se

2390 671 2562 727 Exuit
2596 690 2610 728 :
2642 679 2731 727 ast
2757 671 2896 728 alios
2918 671 3068 742 ipsos
3096 670 3203 727 sibi
3231 669 3455 727 demere
3492 578 3710 728 cous[tat

2392 765 2499 821 Pro
2523 766 2647 822 creti
2679 767 2863 838 regnis
2886 781 3118 838 pronum
3140 767 3210 824 de
3243 767 3466 837 pectore
3493 783 3760 826 amorem.

2252 860 2359 918 490
2395 860 2639 931 Quisque
2666 875 2838 931 capax
2863 860 3049 929 fuerit,
3071 862 3219 920 celsa
3244 864 3452 921 virtute
3472 875 3741 935 capessat,
3843 866 3856 887 ‘

2395 952 2551 1023 Quod
2575 955 2782 1027 paucis,
2824 954 3088 1028 lectisque
3115 956 3263 1014 Deus
3294 958 3418 1013 vult
3442 957 3689 1030 pandere
3730 973 3855 1016 mu-

3658 1066 3778 1108 IIIIS.

3658 1066 3778 1108 nus.

2398 1142 2525 1199 Haec
2547 1141 2655 1214 ait,
2684 1150 2736 1199 et
2753 1157 2971 1213 pueros,
2994 1158 3131 1214 quos
3149 1143 3391 1215 gaudens
3413 1158 3543 1217 cura
3566 1052 3854 1217 paE-entum

2394 1237 2530 1295 Cum
2560 1239 2811 1310 precibus
2842 1240 2980 1295 laetis
3002 1241 3254 1297 certatim
3285 1241 3415 1298 hinc
3462 1241 3591 1299 inde
3619 1242 3853 1311 ferebat,

2393 1331 2654 1406 Suscipit,
2674 1340 2731 1391 et
2756 1332 2969 1406 plebem
2999 1342 3333 1406 sectantem,
3352 1335 3499 1408 quod
3519 1334 3854 1408 prohiberet,
3879 1361 3889 1367 -

1775 1487 2169 1547 LECTIONES
2206 1488 2630 1548 VARIANTES.

616 1604 743 1661 476.
784 1604 920 1673 0tt.,
945 1605 1184 1672 exsolvit,
1214 1603 1343 1661 inde
1371 1603 1573 1660 factum
1601 1602 1852 1660 exsolvet.

616 1676 746 1734 481.
788 1677 1020 1743 Ald.,et
1049 1678 1175 1733 Bas.
1215 1691 1339 1732 cum
1382 1674 1828 1747 interrogationis
1873 1684 2001 1731 nota
2046 1690 2138 1746 pe-

546 1748 722 1804 rosis?
752 1748 895 1803 Alibi
922 1748 1077 1805 deest
1105 1763 1168 1804 ea
1201 1756 1349 1804 nota.

616 1819 743 1876 485.
770 1819 1014 1890 Poelm.,
1065 1818 1196 1886 alia,
1228 1818 1505 1890 mendose
1532 1834 1633 1890 pro
1671 1820 1820 1873 talia.
1867 1817 2145 1890 Plerique,

545 1891 722 1964 lectis;
753 1888 969 1964 Poelm.
1020 1905 1120 1964 pro
1142 1890 1200 1946 d.
1232 1906 1280 1964 s.
1314 1906 1435 1947 cum
1475 1888 1588 1964 Ott.
1637 1905 1667 1946 a
1717 1905 1803 1964 pr2
1830 1906 1957 1964 _m.,
1990 1889 2144 1964 Ιῳιιιξ.

546 1961 733 2029 Rom.,
768 1960 911 2017 lectis
936 1978 953 2016 :
978 1959 1126 2030 quod
1183 1963 1346 2018 etiam
1404 1962 1525 2017 vult
1553 1959 1731 2031 Βίης..
1751 1961 1842 2016 ubi
1882 1971 1966 2015 est
2004 1959 2145 2028 lecti,

545 2033 642 2089 sed
672 2034 853 2105 glossa
887 2033 1154 2104 .perfectis
1176 2033 1298 2105 uiris
1346 2032 1553 2087 indicat
1586 2034 1764 2105 tectis.
1803 2032 2152 2105 Distinguunt

545 2104 691 2161 vero
709 2106 864 2159 Rom.
890 2115 944 2159 et
973 2105 1136 2174 Reg.,
1164 2104 1307 2159 lectis
1354 2115 1471 2159 sunt
1520 2104 1648 2159 talia
1674 2104 1836 2159 dona.
1869 2134 1939 2144 —
1972 2104 2152 2158 Virtu-

546 2176 613 2248 tis
661 2177 801 2232 trino
842 2185 1146 2231 truncantur
1188 2191 1407 2248 corpora
1450 2193 1595 2231 more
1642 2191 1661 2230 :
1705 2190 1826 2247 quae
1870 2175 2152 2231 distinctio

549 2247 732 2315 inepta
757 2256 865 2302 est.

617 2318 745 2375 484.
775 2318 873 2375 Hic
916 2333 1110 2376 versus
1150 2319 1221 2374 ita
1273 2326 1566 2388 corruptus
1618 2317 1816 2387 legitur
1853 2317 1909 2374 in
1941 2317 2100 2373 Rom.
2135 2336 2148 2373 :

559 2388 651 2445 Vir
680 2399 798 2445 tuus
827 2391 962 2446 trino
988 2400 1255 2445 truncatur
1282 2406 1498 2462 corpore
1540 2406 1739 2445 amore.
1776 2390 1937 2461 Reg.,
1970 2389 2153 2462 Virtu-

556 2462 623 2536 tis
650 2463 785 2536 trino
810 2469 1113 2536 “lincuntur
1144 2456 1586 2536 corpora'amore.
1615 2462 1781 2531 Lege,
1829 2456 1954 2517 cum
2002 2456 2147 2533 aliis,

557 2530 810 2606 Virtutis.
837 2533 995 2588 Trino
1017 2530 1322 2588 truncantur
1352 2549 1569 2606 corpora
1590 2530 1756 2606 more.

616 2606 745 2679 485.
769 2603 1053 2679 [Smnigius
1082 2607 1394 2679 suspicatur
1418 2603 1450 2673 ,’
1465 2605 1659 2679 geniali
1680 2605 1809 2679 lege.

617 2676 748 2735 686.
779 2676 988 2734 Poelm.
1021 2690 1119 2748 pro
1166 2677 1223 2733 d.
1256 2692 1332 2745 s.,
1360 2676 1571 2735 luminis
1618 2676 1772 2733 auras
1797 2692 1816 2733 :
1838 2676 2145 2735 communis

2245 1603 2432 1670 lectio,
2452 1603 2664 1658 luminis
2689 1618 2830 1659 oras.

2316 1675 2658 1749 488.[ὶς)ιη.ἐ
2685 1672 3062 1749 Atd.,_Torn.,_
3091 1683 3244 1749 atque
3270 1675 3433 1749 alios,
3467 1677 3738 1749 plerique,
3775 1687 3857 1734 ast

2247 1747 2401 1803 alios.
2432 1746 2582 1816 Ald.,
2616 1746 2813 1816 Torn.,
2841 1746 2995 1814 Bas.,
3044 1747 3174 1818 ipsis
3215 1747 3334 1804 sibi.
3380 1746 3508 1806 Mss.
3557 1746 3680 1806 cum
3727 1750 3853 1807 aliis

2250 1817 2433 1888 editis,
2484 1819 2622 1886 ipsos
2660 1817 2780 1874 sibi.

2322 1890 2449 1965 49L
2490 1888 2720 1965 VVesth;
2750 1893 2804 1944 in
2863 1899 3013 1947 textu
3055 1893 3298 1965 latisque
3347 1891 3513 1965 Deus,
3550 1892 3606 1948 in
3657 1906 3859 1965 marg.,

2178 1945 2228 2006 Β
2255 1945 2456 2035 (telique
2483 1960 2643 2035 ρεαδ.
2675 1945 2946 2035 Neutrum
2964 1945 3374 2034 rquidemr'ierri
3394 1945 3599 2035 polest.

2327 2032 2668 2157 ἓὲῗᾶδιὶοηιη
2699 2032 2847 2102 Ald.,
2901 2032 3049 2101 Bas.,
3106 2035 3337 2108 gaudens
3380 2032 3549 2108 quos;
3590 2035 3684 2092 alii
3730 2052 3861 2109 quos

2289 2121 2509 2159 auaens.

2253 2125 2628 2233 θαῗὲἓῗδλίεε.
2677 2191 2800 2232 cum
2842 2176 3119 2248 plerisque
3170 2176 3365 2244 editis,
3414 2177 3861 2247 lwtis;nonnulli

2255 2247 2408 2312 editi,
2442 2248 2568 2302 lecti.
2622 2248 2787 2319 Reg,
2831 2247 3039 2315 Torn.,'
3074 2247 3268 2319 Fabr.,
3315 2249 3525 2306 Poelm.
3579 2252 3633 2307 in
3681 2261 3856 2319 textu,

2256 2319 2509 2389 lladam.,
2544 2318 2809 2389 ferebant;
2838 2319 3026 2382 Bom..
3057 2318 3195 2384 Ott.,
3227 2334 3350 2376 cum
3380 2320 3524 2386 aliis,
3554 2323 3770 2388 ferebat.
3799 2323 3858 2379 Si

2256 2390 2406 2461 legas
2433 2388 2551 2467 ζωή
2578 2390 2966 2467 certatim‘hinc
3006 2391 3126 2445 inde
3163 2393 3418 2467 ferebant,
3458 2392 3703 2467 intellige
3734 2409 3860 2451 esse

2254 2463 2610 2533 mutationem
2641 2464 2865 2533 generis
2886 2471 2942 2519 et
2967 2462 3202 2518 numeri.

2323 2532 2450 2590 494.
2484 2532 3026 2607 Sabatieriusedidit
3061 2542 3363 2607 sectantem,
3396 2544 3452 2592 et
3483 2551 3582 2607 pro
3606 2537 3661 2593 d.
3685 2553 3732 2592 s.
3763 2537 3863 2592 ad-

2251 2604 2332 2661 dit
2370 2613 2676 2670 sectantum,
2704 2605 2846 2676 quod
2877 2606 3039 2660 unice
3086 2607 3139 2660 in
3169 2606 3375 2662 nostris
3415 2604 3575 2672 mss,
3603 2619 3661 2665 et
3694 2609 3859 2665 editis

2251 2678 2545 2735 invenitur.
2561 2676 2699 2734 Vide
2717 2675 2771 2732 v.
2794 2675 3028 2733 5641.11.
3045 2677 3207 2734 Rom.
3226 2692 3334 2735 non
3351 2680 3493 2736 male
3505 2680 3859 2753 prohiberent.

2098 2799 2332 2859 NOTE.

545 2892 801 2952 licentius
821 2902 1137 2967 vagaretur.
1157 2893 1450 2967 Constituit
1475 2895 1645 2961 enim,
1670 2895 1909 2952 libellum
1930 2895 2142 2966 repudii

549 2967 865 3023 necessario
890 2965 1237 3022 scribendum
1267 2966 1337 3020 ab
1361 2966 1429 3021 iis
1456 2981 1604 3034 esse,
1628 2967 1720 3036 qui
1749 2982 1953 3022 uxores
1978 2965 2142 3037 repu-

548 3038 786 3105 diarent,
818 3047 879 3110 ut
907 3052 998 3110 res
1027 3037 1129 3091 sub
1150 3036 1335 3110 judice
1362 3048 1549 3110 posset
1574 3039 1855 3110 cognosci.
1885 3038 1999 3094 Huc
2020 3054 2144 3110 per-

545 3110 706 3175 tinet,
728 3109 871 3178 quod
898 3109 1175 3180 Iuvencus
1203 3108 1239 3180 Ι.
1270 3124 1319 3177 ι,
1350 3123 1494 3163 vers.
1520 3109 1647 3177 567,
1676 3111 1755 3163 ait
1779 3129 1793 3165 :
1822 3108 2144 3180 Principium

546 3188 736 3236 ueteres
760 3198 778 3240 ,λ
825 3179 984 3247 siquis
1032 3179 1294 3233 connubia
1337 3180 1570 3249 rumpit,
1601 3209 1675 3222 -—
1703 3180 1943 3236 Scribere
1981 3179 2144 3236 disci-

549 3252 716 3314 dium.
751 3253 894 3325 juris
923 3251 1109 3322 feralia
1138 3251 1312 3325 uerba.
1347 3250 1458 3325 Leti
1495 3251 1707 3325 repudii
1734 3252 1956 3308 Denter.
1991 3268 2141 3317 xxxv,

547 3338 588 3391 t,
621 3313 728 3379 etc.
748 3313 771 3387 ζ
792 3313 1056 3379 Ιιωο’θιυιιι
1082 3340 1096 3376 :
1129 3320 1188 3377 Si
1221 3322 1480 3391 acceperit
1507 3313 1659 3377 homo
1686 3340 1903 3379 uxorem
1923 3366 1938 3389 ,
1968 3333 2013 3377 et
2045 3313 2150 3378 non
2177 3313 2223 3378 C

548 3395 801 3469 invenerit
828 3395 1052 3469 gratiam
1068 3393 1391 3469 ante‘oculos
1420 3394 1541 3469 ejus
1559 3405 1769 3469 prapter
1790 3396 2026 3469 aliquam
2054 3397 2148 3466 fas-

548 3466 789 3532 ditatent,
829 3463 1014 3522 scribit
1061 3463 1300 3537 libellum
1332 3463 1580 3537 repudii,
1629 3463 1677 3520 et
1706 3466 1853 3537 dabit
1886 3463 1947 3521 in
1989 3463 2148 3521 manu

547 3536 722 3601 illius,
753 3547 799 3592 et
826 3538 1050 3592 dimittet
1076 3551 1191 3608 eam
1215 3535 1279 3590 de
1306 3535 1461 3590 domo
1501 3552 1622 3591 sua.
1674 3536 1903 3607 Cumque
1948 3554 2149 3608 egressa

554 3608 780 3664 alterum
822 3609 1069 3664 maritum
1105 3606 1343 3679 duxerit,
1374 3618 1422 3661 et
1452 3608 1541 3679 ille
1568 3624 1768 3679 quoque
1793 3609 1960 3663 oderit
1979 3606 2144 3675 'eam,

550 3680 845 3752 deder-itque
869 3680 1100 3735 libellum
1129 3678 1409 3752 repudii...
1441 3678 1520 3734 uel
1544 3678 1941 3736 certemortuus
1963 3682 2144 3752 fuerit,

549 3768 657 3824 non
682 3753 865 3824 poterit
890 3752 1035 3824 prior
1064 3751 1281 3806 maritus
1310 3752 1541 3824 recipere
1562 3767 1678 3824 eam
1699 3753 1755 3806 in
1777 3768 2013 3820 uxorem,
2038 3761 2144 3807 etc.

550 3821 608 3879 In
634 3822 794 3892 hujus
824 3821 962 3893 legis
991 3822 1443 3892 interpretatione
1470 3821 1646 3877 Judaei
1678 3823 1820 3879 inter
1845 3838 1906 3878 se
1935 3823 2145 3880 discre-

549 3892 778 3964 pabant.
801 3892 906 3948 Alii
936 3892 1194 3948 tenebant
1219 3937 1235 3960 ,
1266 3893 1550 3963 repudium
1581 3894 1757 3949 solum
1798 3895 2037 3964 permitti
2080 3910 2145 3950 ex

552 3964 741 4034 aliquo
771 3965 921 4034 gravi
949 3964 1175 4019 crimine
1203 3973 1388 4019 contra
1423 3965 1784 4020 honeSIatem.
1818 3964 1926 4019 Alii
1960 3964 2149 4021 delen-

492 4099 497 4103 ,
554 4035 777 4108 ciebant,
819 4034 1067 4108 quamvis
1096 4034 1355 4108 leviorem
1392 4037 1772 4108 mitioremque
1794 4050 2013 4091 causam
2037 4037 2149 4091 suf-

551 4105 741 4173 ﬁcere,
765 4105 852 4164 vei
888 4122 1008 4163 eam
1051 4107 1216 4162 etiam
1237 4147 1254 4172 ,
1284 4107 1426 4176 quod
1455 4122 1591 4162 uxor
1619 4108 1797 4162 minus
1836 4117 1987 4177 grata
2029 4108 2146 4164 viro

552 4179 851 4235 videretur.
919 4178 1171 4234 Christus
1218 4177 1394 4249 legem
1447 4178 1517 4233 de
1564 4193 1725 4234 causa
1773 4178 2147 4249 fornicationis

552 4248 783 4321 intelligi
809 4250 1018 4316 docuit,
1048 4266 1111 4305 ac
1146 4247 1305 4305 simul
1338 4266 1404 4306 ex
1437 4250 1889 4322 interpretatione
1919 4247 2147 4307 Juvenci

552 4320 814 4393 ostendit,
845 4337 968 4393 eam
998 4336 1217 4377 causam
1252 4336 1357 4378 non
1389 4323 1572 4393 valere
1588 4320 1668 4377 'ad
1699 4320 1998 4393 perlectam
2032 4338 2148 4377 ma-

556 4392 803 4449 trimonii
847 4392 1262 4449 dissolutionem
1309 4395 1363 4448 in
1408 4392 1527 4450 foro
1567 4392 1937 4453 conscientias.
1984 4392 2145 4449 Aliud

552 4474 635 4520 cSt
663 4463 732 4519 de
759 4465 1018 4531 divortio,
1050 4479 1144 4520 seu
1173 4465 1523 4530 separatione
1549 4466 1682 4520 tori.

619 4536 747 4591 476.
779 4536 928 4592 Libr.
946 4553 989 4609 ﬁt,
1013 4550 1159 4609 vers.
1184 4537 1287 4609 570
1303 4555 1317 4591 :
1335 4535 1475 4591 Nam
1491 4537 1620 4609 casti
1637 4540 1765 4609 jura
1781 4536 2016 4609 pudoris,
2038 4546 2141 4592 etc.

554 4606 763 4664 Sensus
780 4619 867 4664 est
890 4626 903 4662 :
928 4608 1030 4677 Qui
1053 4608 1172 4663 sine
1195 4607 1383 4663 libello
1409 4607 1623 4677 repudii
1638 4606 1868 4662 dimittit
1889 4622 2140 4677 uxorem,

553 4678 825 4744 aliamque
854 4678 1026 4745 ducit,
1054 4678 1272 4735 adulter
1305 4679 1479 4747 palam
1505 4678 1862 4749 iudicabitur.

622 4749 749 4805 479.
792 4749 1000 4807 Sensus
1028 4759 1113 4806 est
1138 4768 1152 4805 :
1181 4749 1291 4806 Lex
1318 4751 1417 4806 ista
1445 4750 1680 4821 conjugii
1713 4750 1960 4820 perpetui
1992 4763 2145 4822 urget

554 4828 767 4893 partem
794 4822 1061 4893 virorum,
1090 4836 1322 4893 eamque
1346 4824 1547 4891 premit
1577 4837 1683 4877 non
1715 4836 1875 4893 aequo
1901 4823 2145 4891 pondere

551 4891 780 4965 servitii.
813 4892 1101 4948 Matthaeus
1136 4891 1253 4948 aiti
1290 4892 1551 4949 Dicuntei
1588 4892 1987 4965 discipulirejus
2025 4911 2043 4949 :
2081 4895 2144 4951 Si

546 4962 624 5035 ita
649 4972 723 5035 est
752 4980 910 5019 causa
934 4965 1159 5020 hominis
1199 4982 1316 5020 cum
1345 4981 1532 5033 uxore,
1561 4981 1666 5020 non
1694 4962 1911 5035 expedit
1928 4966 2138 5021 nabere.

550 5033 762 5089 Nubere
790 5037 1067 5106 proprium
1098 5045 1182 5092 cst
1208 5035 1422 5093 feminae
1460 5054 1474 5092 :
1519 5037 1614 5093 sed
1640 5033 1910 5107 reperitur
1930 5052 1960 5092 a
1983 5035 2143 5092 Chri-

551 5107 744 5184 stianis
772 5118 1084 5184 usurpatum
1107 5109 1172 5163 de
1201 5109 1336 5163 viro.
1380 5107 1681 5184 Graece‘est
1704 5118 1963 5184 γαμῆσαι,
2011 5125 2147 5165 uxo-

549 5193 666 5252 rem
691 5177 913 5235 dueere.
945 5180 1310 5252 Hieronymus
1334 5183 1495 5249 epist.
1526 5180 1591 5235 ad
1618 5177 1852 5236 Am'and.
1881 5189 2013 5236 tom.
2046 5197 2097 5235 tv
2129 5199 2142 5235 :

552 5247 615 5305 Si
645 5251 719 5326 ita
748 5259 847 5326 est,
878 5262 980 5307 non
1011 5247 1218 5326 expedit
1247 5247 1704 5326 Itominiuxorem
1744 5254 1995 5324 accipere.
2026 5254 2140 5307 Au-

546 5320 796 5391 gustinus
827 5323 881 5378 in
910 5320 1105 5393 psalm’.
1139 5339 1228 5379 cut
1260 5341 1272 5377 :
1301 5324 1363 5381 Si
1384 5324 1506 5379 talis
1526 5334 1599 5378 est
1626 5341 1786 5378 causa
1811 5320 1928 5377 cum
1956 5340 2138 5390 uxore,

547 5406 654 5466 non
683 5394 889 5466 expedit
914 5392 1126 5451 ducere.
1160 5392 1271 5449 Cur
1289 5406 1475 5451 autem
1518 5398 1633 5451 haec
1676 5395 1767 5451 lex
1792 5396 1940 5462 viro,
1979 5402 2035 5450 et
2065 5394 2142 5450 fe-

549 5463 713 5537 mina;
736 5463 844 5521 non
873 5483 1023 5537 aequa
1058 5468 1308 5523 dicetur?
1348 5467 1482 5524 Nam
1513 5466 1653 5523 sicut
1679 5466 1796 5522 viro
1818 5482 1927 5522 non
1958 5466 2085 5521 licet
2107 5482 2138 5521 a

550 5535 901 5611 matrimonio
930 5535 1147 5597 resilire
1167 5578 1183 5603 ,
1212 5540 1284 5594 ita
1317 5555 1493 5611 neque
1521 5539 1699 5596 uxori.
1729 5538 2137 5595 Advertendum

548 5613 656 5683 ρει.
682 5620 789 5683 non
818 5610 1036 5683 licuisse
1062 5611 1283 5667 feminis
1311 5610 1597 5683 repudiare
1626 5614 1795 5677 viros,
1826 5619 1884 5683 ut
1913 5618 2139 5683 testatur

547 5672 1100 5754 IosephusAntiqnit.
1120 5683 1155 5736 Ι.
1173 5700 1266 5748 xv,
1284 5699 1337 5740 c.
1355 5672 1417 5740 Π
1436 5701 1452 5741 :
1469 5683 1681 5740 Salome
1692 5672 1921 5741 libellum
1932 5681 2135 5754 repudii

2251 2903 2424 2951 autem
2459 2911 2523 2949 ne
2556 2894 2785 2950 dimissis
2813 2895 3026 2966 quidem
3053 2895 3136 2967 fas
3176 2902 3251 2967 est
3280 2893 3503 2967 nubere,
3535 2892 3858 2967 nisiprioris

2252 2968 2348 3022 viri
2381 2969 2654 3035 permissu.
2697 2964 2835 3021 Cum
2877 2981 3010 3037 ergo
3053 2964 3154 3036 pro
3179 2966 3312 3020 viris
3355 2964 3446 3037 lex
3488 2964 3700 3033 repudii
3731 2966 3858 3020 data

2252 3047 2422 3104 esset,
2456 3053 2566 3110 quo
2597 3037 2770 3110 magis
2816 3036 3035 3094 licentia
3081 3036 3405 3110 repudiandi
3448 3046 3758 3110 coercetur,
3791 3050 3860 3091 eo

2252 3106 2579 3181 gravius'est
2600 3106 2731 3164 viris
2755 3109 3032 3181 vinculum
3062 3108 3414 3164 matrimonii.
3439 3106 3696 3181 Curistus
3723 3122 3857 3179 ergo

2256 3176 2482 3236 uxorum
2515 3195 2733 3235 causam
2759 3180 3103 3249 relinquebat
3135 3181 3186 3233 in
3214 3195 3282 3234 eo
3305 3190 3467 3242 statu,
3494 3176 3547 3232 iu
3576 3193 3683 3247 quo
3709 3176 3854 3245 erat,

2253 3260 2515 3323 quantum
2543 3251 2760 3323 quidem
2791 3252 2856 3307 ad
2891 3248 3197 3323 libertatem
3228 3248 3554 3323 repudiandi
3583 3257 3813 3323 spectat
3841 3269 3857 3318 ;

2253 3320 2308 3377 at
2332 3320 2572 3380 virorum
2602 3337 2822 3379 causam
2848 3321 3215 3379 difﬁciliorem
3246 3322 3530 3377 reddebat.
3580 3320 3859 3377 Putabant

2250 3404 2434 3451 autem
2479 3393 2687 3459 Judaei,
2722 3394 2904 3450 hacin
2938 3410 2996 3449 re
3045 3395 3215 3464 magis
3266 3391 3680 3448 concedendum
3729 3408 3858 3450 esse

2250 3468 2392 3531 viro,
2425 3467 2517 3536 qui
2543 3476 2708 3536 caput
2731 3476 2815 3522 est
2841 3466 3077 3533 feminae,
3107 3480 3265 3533 quam
3294 3464 3549 3536 feminas,
3580 3478 3703 3532 quae
3734 3466 3857 3520 viro

2250 3535 2497 3609 subjecta
2538 3552 2663 3593 esse
2690 3536 2855 3609 debet
2884 3556 2898 3591 :
2927 3536 3171 3607 adeoque
3219 3552 3362 3609 aegre
3394 3535 3677 3609 terebant,
3722 3536 3857 3609 ipsis

2249 3605 2588 3680 repudium,
2644 3618 2697 3680 et
2740 3605 3446 3680 polygamiamgprohiberi.
3495 3605 3635 3662 Alia:
3684 3608 3854 3680 etiam

2250 3678 2439 3747 gentes
2464 3679 2598 3735 viris
2627 3678 2923 3735 divertium
2955 3678 3383 3747 permittebant,
3419 3694 3525 3732 non
3560 3679 3852 3733 uxoribus.

2212 3802 2215 3805 η
2251 3750 2393 3807 Hinc
2414 3752 2597 3806 Medea
2622 3750 2763 3822 apud
2790 3750 3101 3820 Euripidem
3117 3767 3171 3805 v.
3194 3750 3299 3805 ‘250
3315 3749 3677 3822 querebatur:
3696 3747 3858 3822 Qua?-

2250 3838 2466 3894 cumque
2500 3833 2620 3876 sunt
2654 3820 2901 3877 animalia
2931 3830 3099 3877 mente
3130 3822 3372 3894 praedita,
3398 3851 3470 3894 -τ
3500 3820 3851 3874 Miserrimum

2251 3888 2436 3948 horum
2464 3894 2739 3949 mulierum
2761 3911 2922 3963 genus
2951 3888 3150 3963 sumus.
3175 3922 3247 3933 —
3265 3888 3467 3947 Grandi
3494 3893 3714 3963 pecunia
3736 3902 3855 3946 ante

2250 3968 2423 4020 omnia
2451 3982 2672 4036 namque
2701 3961 2960 4035 adigimur
2985 3994 3058 4005 —
3082 3962 3271 4036 Emere
3300 3961 3576 4036 maritum,
3597 3961 3704 4036 hoc»
3733 3970 3807 4016 est
3832 4006 3848 4029 ,

2248 4037 2517 4109 dominum
2555 4034 2719 4092 emere
2746 4037 3013 4109 corporis.
3051 4063 3121 4076 ——
3152 4034 3285 4109 Tum
3311 4035 3516 4107 grauius
3560 4034 3705 4109 istud
3728 4075 3758 4109 ,_
3791 4051 3855 4088 ac

2249 4107 2611 4180 periculosius,
2634 4138 2704 4148 —
2728 4103 2880 4174 Quod
2897 4108 3095 4180 jacitur
3114 4103 3327 4178 ancipiti
3356 4108 3495 4180 exitu
3521 4104 3677 4180 semel
3705 4103 3851 4171 alea,

2249 4173 2321 4220 1—-
2338 4177 2554 4234 Bonone
2573 4173 2761 4244 nubas,
2789 4196 2857 4233 an
2880 4173 3021 4233 malo
3044 4194 3062 4232 :
3085 4173 3444 4249 nantfrepudia
3466 4205 3537 4218 -—
3559 4173 3851 4231 Inhonesta

2250 4252 2416 4318 nobis,
2439 4266 2529 4304 nec
2549 4261 2781 4305 nostrum
2802 4258 2875 4305 est
2890 4250 3163 4305 divertere.
3195 4247 3337 4314 Lege
3358 4247 3666 4303 Christiana
3695 4262 3849 4318 sepa-

2250 4322 2389 4377 ratio
2429 4323 2531 4378 tori
2575 4336 2729 4391 teque
2770 4324 2925 4377 uxori
2964 4337 3027 4376 ac
3069 4320 3187 4376 viro
3218 4318 3552 4391 permittitur
3575 4317 3846 4375 certissle

2251 4394 2453 4464 causis.
2483 4391 2772 4449 Cornelius
2802 4409 2833 4448 a
2860 4391 3062 4464 Lapide
3088 4407 3157 4448 ex
3185 4400 3431 4464 veterum
3463 4390 3624 4445 dictis
3661 4398 3850 4464 osten-

2250 4462 2353 4532 dit,
2383 4466 2455 4521 ob
2485 4465 2811 4521 feminarum
2841 4462 3076 4532 ineptias
3105 4462 3435 4518 matrimonii
3461 4474 3600 4517 onus
3620 4462 3849 4531 gravius

2247 4550 2370 4592 esse
2397 4536 2531 4607 viris
2559 4552 2722 4607 quam
2749 4536 3091 4593 mulieribus.

2321 4608 2448 4664 48L
2490 4603 2740 4678 Pei'osis,
2774 4608 2902 4664 odio
2939 4607 3141 4678 dignis.
3187 4603 3417 4678 Perosug
3445 4613 3567 4678 est,
3595 4604 3687 4678 qui
3719 4604 3848 4660 odio

2252 4679 2456 4805 habet]:
2484 4679 2580 4735 sed
2608 4678 2698 4736 hic
2726 4675 2941 4751 passive
2960 4675 3213 4747 sumitur,
3240 4686 3297 4732 ut
3322 4692 3353 4732 a
3375 4675 3718 4732 Tertulliano
3741 4691 3851 4732 non

2252 4765 2401 4805 some
2434 4793 2447 4805 .

2252 4765 2447 4807 semet.

2321 4822 2450 4878 482.
2491 4821 2757 4889 Pondere,
2804 4823 2864 4879 h.
2916 4838 2967 4880 e.
2993 4867 3007 4893 ,
3056 4821 3157 4893 sub
3184 4818 3449 4893 pondere.
3477 4816 3753 4874 Omeisius
3782 4834 3851 4874 ex

2256 4892 2487 4964 Virgilio
2517 4895 2555 4950 Ι.
2588 4911 2664 4962 vr,
2688 4910 2847 4952 vers.
2879 4889 3003 4951 465'
3027 4889 3247 4964 profert
3275 4909 3288 4946 :
3338 4889 3751 4964 Tequeaspectu
3782 4907 3847 4964 ne

2249 4960 2493 5021 subtrahe
2520 4960 2719 5032 nostra,
2768 4978 2823 5023 et
2852 4981 2921 5022 ex
2953 4960 3129 5020 Ennio
3155 4983 3169 5018 :
3200 4960 3476 5018 Esuriente
3501 4960 3647 5016 leone
3671 4961 3855 5017 excul-

2250 5053 2370 5108 pere
2398 5037 2647 5109 prazdam.
2674 5038 2782 5095 Sed
2807 5038 2924 5093 [nec
2948 5037 3061 5109 alio_
3081 5036 3381 5109 pertinent.

2321 5102 2449 5164 484.
2495 5109 2730 5165 Verbum
2763 5120 3003 5163 truncare
3027 5105 3301 5163 Cellarius
3331 5112 3525 5160 contra
3549 5102 3852 5160 nonnullos

2250 5194 2432 5235 aureae
2462 5181 2741 5237 Latinitati
2771 5180 3031 5237 restituit.

2322 5251 2449 5306 487.
2497 5253 2590 5308 Vis
2632 5255 2803 5324 ferrea
2841 5252 3132 5324 hominum.
3166 5263 3366 5320 nempe
3394 5246 3648 5303 homines
3675 5246 3848 5314 ferro,

2250 5331 2381 5380 etc..
2413 5323 2530 5379 sive
2559 5323 2706 5379 acies
2735 5323 2867 5379 l‘erri
2899 5334 2993 5378 aut
3022 5324 3220 5379 culter.

2319 5394 2448 5450 489.
2494 5396 2748 5463 Pronum,
2782 5396 2998 5452 scilicet
3025 5394 3092 5450 ad
3122 5408 3408 5448 venerem.

2317 5467 2447 5523 490.
2487 5460 2780 5543 Ovidius].
2809 5466 3105 5543 YiIDMeh,
3161 5479 3306 5543 vers.
3345 5463 3455 5519 243
3496 5460 3735 5543 :nAnimi
3759 5460 3854 5543 ad

2247 5550 2506 5609 praecepta
2539 5540 2765 5615 capacis.
2815 5538 2990 5595 Verba
3033 5532 3269 5615 Matthati
3320 5543 3469 5615 sunt,
3521 5532 3853 5615 Quigpotest

2247 5605 2452 5677 capere.
2498 5605 2998 5685 capiataluveucus
3027 5608 3294 5685 exponit,
3332 5605 3438 5674 Qui
3477 5605 3851 5685 petestoacci-

2240 5695 2392 5751 pere,
2421 5679 2672 5751 accipiat.
2704 5681 3014 5739 Mazochius
3035 5681 3102 5736 ad
3131 5680 3186 5735 b.
3230 5679 3268 5733 l.
3302 5692 3491 5751 capere
3501 5679 3721 5751 accipit
3743 5688 3849 5751 pro

546 5746 741 5832 mqrita
768 5752 928 5832 mittit
975 5746 1160 5832 iii-aiter
1188 5746 1488 5832 tegi/imum
1538 5746 1998 5832 morempatriref
2028 5751 2134 5832 [sex
2236 5746 2445 5824 glutire,
2480 5746 2811 5832 concoquere,
2843 5753 3001 5832 quod
3022 5752 3089 5808 de
3111 5748 3442 5832 durioribus
3460 5746 3685 5814 dicitur,
3716 5748 3846 5815 quat

536 5814 671 5870 enim
702 5820 878 5875 nostra
916 5814 1042 5875 solis
1066 5814 1389 5877 niaritiivhoc
1418 5826 1501 5887 ius
1528 5814 1797 5889 permittii,
1831 5814 2131 5876 mulieribus

2241 5812 2348 5878 non
2383 5812 2610 5893 possunt
2638 5812 2925 5894 dnn'coqt'ti.
2959 5825 3077 5878 sive
3108 5823 3267 5877 facile
3295 5812 3466 5875 credi.
