4154 6176
528 267 630 324 271

524 471 635 529 665
673 473 779 528 Sed
808 474 952 528 veris
974 473 1156 529 verbis
1185 473 1494 543 iterumque
1516 473 1821 542 iterumque
1853 471 2125 528 monebo:

669 565 917 638 Namque
947 566 1080 622 fides
1111 567 1156 622 si
1187 579 1335 622 certa
1380 565 1550 622 animi
1595 565 1862 624 consistet
1888 566 1943 620 in
1973 580 2124 634 arce,

665 657 776 714 Nec
801 658 984 714 dubiis
1009 668 1204 714 nutans
1237 657 1388 713 vitiis
1415 657 1771 713 tremebunda
1799 657 2025 728 jacebit,

673 751 902 807 Arboris
931 751 1089 808 istius
1120 752 1275 807 vobis
1303 751 1603 808 substantia
1636 751 1811 808 cedet.

670 845 782 902 Nec
812 855 1017 902 tantum
1051 848 1229 916 istius,
1263 847 1358 902 sed
1391 847 1590 903 montis
1621 847 1769 902 celsa
1801 847 1998 903 revelli

526 937 637 994 670
673 937 1004 994 Credentum
1034 941 1203 996 verbo
1231 947 1509 1009 poterunt,
1561 938 1829 1008 nudisque
1876 939 2131 1010 profundi

676 1032 808 1087 Cum
836 1031 989 1087 silvis
1011 1033 1239 1102 pariter,
1271 1031 1549 1101 saxisque,
1582 1030 1821 1102 ferisque
1841 1031 2091 1088 recondi.

670 1125 742 1180 Et
767 1140 1126 1197 quaecumque
1158 1123 1292 1179 ﬁdes
1322 1123 1550 1179 robusto
1577 1132 1798 1194 pectore
1830 1133 2020 1193 poscet

671 1218 1024 1286 Credentum,
1057 1233 1279 1288 semper
1307 1218 1472 1288 digna
1502 1218 1702 1272 virtute
1737 1217 1966 1273 tenebit.

748 1312 876 1368 Haec
906 1313 995 1368 ubi
1027 1312 1168 1367 dicta
1185 1310 1356 1376 dedit,
1374 1311 1560 1381 templi
1585 1325 1644 1366 se
1662 1309 2129 1366 moenibusinfert.

526 1407 633 1464 675
669 1405 965 1463 Confestim
991 1421 1248 1475 proceres
1279 1405 1485 1475 p0puli,
1518 1404 1782 1460 miracula
1805 1420 2011 1470 rerum,

677 1499 902 1556 Collecti
936 1499 1240 1570 inquirunt,
1264 1500 1437 1554 virtus
1465 1513 1587 1568 quae
1612 1506 1758 1553 tanta
1791 1499 2052 1554 dedisset.

677 1592 811 1648 Ollis
839 1591 1090 1648 Christus
1109 1593 1187 1646 ait
1216 1609 1229 1645 :
1257 1590 1640 1659 Qumrentibus
1668 1592 1851 1646 omnia
1879 1590 2032 1646 vobis

678 1685 842 1758 305
871 1685 1068 1743 Dicere
1091 1687 1205 1757 jam
1236 1683 1396 1741 facile
1417 1694 1501 1742 est
1523 1725 1540 1752 ,
1572 1685 1618 1741 si
1648 1685 1809 1741 nobis
1836 1695 2020 1741 vestra
2049 1683 2133 1739 vi-

1840 1774 2057 1847 [cissim

1794 263 1854 320 C.
1896 262 1966 321 V.
2007 262 2237 334 AQUIL.
2279 262 2570 324 JUVENCI

669 380 834 453 304
859 379 1080 436 Desisse
1117 379 1183 436 ad
1213 379 1362 436 vires
1403 386 1653 436 terrenos
1681 377 1885 434 ducere
1915 393 2129 436 succos.
2161 385 2218 446 Α

3724 258 3836 317 272

2385 381 2744 437 Percunctata
2775 375 3148 450 prius‘paucis
3177 376 3453 436 sententia
3480 376 3676 435 solvat.

2235 473 2340 529 680
2378 473 2561 545 Nuper
2583 472 2823 529 Joannes
2849 514 2864 539 ,
2897 487 3033 542 puro
3065 472 3154 540 qui
3191 472 3406 543 gurgite
3435 472 3574 527 lavit

2379 564 2669 622 Sor-dentis
2702 564 2888 636 populi
2921 563 3199 627 maculas,
3233 563 3415 619 divina
3447 573 3726 635 potestas,

2381 660 2464 715 An
2494 658 2734 715 hominis
2766 658 2944 726 potius
2967 657 3125 714 vobis
3151 656 3365 712 fallacia
3391 658 3508 714 visa
3539 659 3660 714 est?

2382 753 2510 809 llaec
2529 753 2643 818 ait,
2668 751 2894 820 ancipiti
2911 751 3208 808 verborum
3236 750 3480 822 pondere
3504 750 3767 808 claudens

2379 843 2706 916 Captantum
2727 859 3015 916 procerum
3035 853 3274 902 mentem
3299 859 3315 902 :
3341 859 3465 900 nam
3485 860 3683 916 magna
3702 860 3835 916 pro-

3502 935 3758 1008 [phetam

2236 1032 2342 1090 685
2380 1032 2566 1089 Plebis
2596 1032 2865 1089 Joannem
2893 1031 3177 1089 veneratio
3208 1031 3581 1102 suscipiebat,

2379 1125 2490 1182 Nec
2519 1133 2777 1197 poterant
2803 1125 2922 1196 ejus
2949 1124 3200 1180 fallacem
3229 1124 3417 1180 dicere
3447 1123 3640 1180 vitam.

2381 1218 2593 1273 Rursus
2621 1217 2916 1274 sublimem
2946 1217 3220 1274 dixissent
3249 1231 3374 1273 esse
3402 1217 3722 1288 prophetam
3745 1259 3760 1285 ,

2379 1309 2546 1381 306
2563 1307 3014 1364 Occidisseillum
3036 1307 3284 1363 traheret
3298 1309 3576 1365 confessio
3595 1307 3837 1379 culpam.

2381 1403 2452 1458 Se
2478 1401 2695 1457 nescire
2736 1409 2921 1456 tamen
2953 1399 3245 1470 respondit
3272 1399 3438 1457 factio
3468 1399 3660 1457 fallax.

2237 1491 2343 1550 690
2382 1491 2520 1548 Tum
2533 1491 2818 1548 Christus:
2841 1489 2961 1546 Non
2979 1490 3151 1562 estinj
3161 1500 3341 1547 ustum
3355 1490 3612 1547 claudere
3623 1504 3840 1559 vocem,

2375 1584 2509 1643 Cum
2555 1585 2691 1641 mihi
2731 1583 3064 1641 claudantur
3107 1599 3396 1656 procerum
3438 1600 3709 1657 responsa
3750 1601 3843 1644 su-

3633 1677 3752 1733 rba.

3633 1677 3698 1733 rb
3739 1718 3752 1731 .

2453 1773 2588 1828 Nam
2613 1771 2849 1844 geminae
2872 1770 3049 1843 prolis
3072 1771 3293 1845 genitor
3313 1675 3628 1843 majorishi:
3647 1693 3807 1827 auares

1760 1912 2151 1971 LECTIONES
2190 1911 2614 1970 VARIANTES.

605 2036 728 2092 665.
770 2033 935 2105 Reg.,
981 2031 1170 2086 iterum
1197 2029 1505 2101 _iterumque
1527 2045 1546 2084 :
1577 2029 1822 2086 rescribe
1849 2029 2137 2100 iterumque
2241 2025 3064 2105 vemgictionispraecedentis.

530 2108 838 2178 iterumque.

607 2170 744 2234 666.’
805 2176 963 2246 Reg.,
1016 2175 1235 2240 anima,
1292 2187 1392 2244 pro
1445 2170 2137 2246 animisDaventrtcum.

441 2298 446 2301 _
533 2264 670 2306 mss.
704 2249 867 2320 Reg.,
890 2243 1117 2320 ὩιιορἸ
1145 2243 1401 2320 consistit.
1451 2243 1761 2320 Ald.,_Bas.
1796 2260 1919 2301 cum
1948 2245 2134 2314 Rom.,

535 2316 811 2377 consistat:
829 2317 992 2381 Had.,
1025 2316 1212 2380 Fabr.,
1243 2317 1451 2371 Poelm.
1478 2317 1740 2370 consistet.

605 2393 730 2446 667.
792 2389 1030 2450 Weslh.,
1066 2388 1118 2441 in
1153 2396 1326 2459 textu,
1383 2397 1628 2452 mutans;
1683 2389 1750 2442 ad
1803 2403 2001 2459 marg.,
2045 2403 2144 2441 nu-

535 2473 672 2523 tans.
699 2461 844 2533 quod
870 2458 1407 2533 unumprobandum
1435 2465 1542 2533 est.

608 2527 734 2590 670:
783 2531 906 2587 Ald.
951 2529 1117 2583 verbis
1141 2529 1309 2602 :halii,
1341 2529 1515 2583 verbo.
1557 2527 1708 2602 Ald.,
1737 2529 1888 2597 Bas.,
1920 2537 2142 2602 ρνομιη-

536 2606 620 2660 dis
647 2621 666 2659 :
690 2603 908 2668 melius,
941 2599 1214 2671 profundi,
1241 2615 1437 2668 nempe
1464 2599 1652 2654 maris.

613 2675 738 2731 675.
821 2668 1007 2735 Rom.,
1041 2668 1440 2725 'Credendum:
1497 2672 1615 2740 lege
1669 2671 2003 2737 Credentum,
2077 2684 2143 2726 ac

535 2747 776 2800 fortasse
807 2742 1124 2813 praestiterit
1164 2743 1560 2813 interpungere
1599 2755 1794 2809 poscet,
1817 2772 1888 2784 —
1916 2742 2145 2813 Creden—

536 2828 648 2871 tum
675 2811 877 2886 semper
906 2814 1065 2884 digna
1089 2822 1274 2867 virtute
1305 2811 1512 2867 tenebit.
1548 2812 1716 2868 Paulo
1746 2826 1892 2880 ante,
1919 2811 2144 2870 Creden-

543 2898 655 2942 tum
681 2887 850 2942 verba.

612 2960 736 3015 676.
795 2956 1029 3018 Poelm.,
1062 2970 1158 3022 pro
1181 2955 1233 3009 d.
1255 2970 1328 3020 s.,
1355 2953 1606 3009 Mirantes
1631 2955 1878 3026 rogitant,
1912 2972 2014 3025 qua
2042 2955 2146 3009 vir-

539 3039 644 3100 tute
686 3030 838 3100 eﬁicis
867 3029 1004 3100 ista;
1034 3027 1091 3079 in
1125 3035 1299 3100 textu,
1325 3041 1446 3078 cum
1497 3040 1650 3100 mss._
1688 3036 1744 3100 et
1791 3027 1912 3082 aliis
1959 3027 2140 3096 editis,

549 3097 765 3154 Collecti
791 3099 1080 3163 inquirunt,
1114 3098 1274 3149 virtus
1302 3111 1418 3165 qua:
1448 3105 1593 3151 tanta
1617 3097 1861 3151 dedisset.

613 3173 744 3226 678.
777 3169 902 3224 Ald.
930 3209 945 3233 ,
977 3166 1128 3221 nobis
1157 3168 1226 3220 si.

617 3244 744 3298 679.
788 3241 946 3295 Rom.
976 3280 990 3303 ,
1045 3235 1412 3303 Prtecunctata
1440 3255 1457 3292 :
1491 3237 1610 3298 leae
1653 3237 2021 3304 Percunctata,
2052 3246 2148 3294 aut

543 3314 885 3375 Pet-cantata,
909 3326 976 3366 ex
997 3308 1158 3364 dictis
1179 3309 1246 3381 ad
1269 3324 1414 3363 vers.
1433 3307 1560 3364 648.
1579 3309 1707 3365 Mss.
1732 3327 1854 3366 cum
1872 3313 2148 3381 plerisque

544 3387 707 3445 editis
729 3427 743 3447 ,
771 3384 936 3437 solvat
962 3395 981 3435 :
1013 3381 1151 3435 Had.
1175 3421 1191 3446 ,
1227 3380 1464 3443 Poelm.,'
1490 3383 1671 3434 solvet.

620 3455 750 3514 680.
783 3454 952 3508 Torn.
973 3492 986 3516 ,
1020 3449 1246 3506 Joannis
1271 3467 1373 3521 pro
1396 3451 1652 3505 Joannes.

619 3529 748 3585 681.
781 3525 917 3596 Reg.
947 3567 962 3592 ,
997 3523 1108 3578 Ott.
1133 3564 1148 3591 ,
1189 3523 1350 3578 Rom.
1371 3565 1386 3590 ,
1437 3522 1710 3578 Sortlentis
1739 3539 1758 3578 :
1787 3525 1923 3581 editi
1950 3567 1965 3593 ,
2014 3524 2144 3579 Sor-

551 3603 750 3657 dentes.

616 3672 744 3728 682.
776 3669 910 3739 Reg.
939 3707 954 3733 ,
975 3665 1092 3739 Ott.
1122 3705 1138 3730 ,
1166 3664 1295 3739 Ald_.
1324 3705 1340 3739 ,_
1375 3665 1544 3739 Bas”
1571 3664 1650 3739 An
1677 3667 1920 3723 hominis.
1953 3667 2141 3739 Rom.,

547 3747 631 3801 An
654 3736 899 3796 Joannis.
949 3737 1174 3792 Hadam.
1198 3781 1212 3804 ,
1251 3736 1447 3806 Fabr.,
1482 3737 1690 3792 Poelm.
1715 3780 1730 3803 ,
1783 3742 1930 3794 Anne
1975 3737 2142 3793 homi-

550 3819 653 3872 nis.
686 3813 922 3868 Probum
951 3818 1035 3863 est
1062 3809 1144 3879 An
1171 3807 1397 3861 hominis
1427 3823 1446 3861 :
1476 3808 1620 3877 quod
1649 3811 1795 3863 enim
1821 3827 1888 3863 an
1919 3809 2143 3879 produci

553 3887 766 3958 possit,
801 3882 911 3958 dixi
942 3879 1010 3933 ad
1035 3878 1165 3958 libr.
1203 3879 1272 3958 '2_,
1307 3892 1454 3958 vers.
1502 3880 1564 3958 5_l
1579 3880 1631 3933 7.
1665 3881 1995 3958 uocantem
2025 3881 2146 3936 loco

548 3949 846 4028 peculiaris
886 3959 970 4006 est
1001 3949 1150 4028 ratio
1175 3949 1268 4028 _oh
1317 3949 2024 4028 aspirationem__dictionis_
2047 3967 2142 4006 se-

551 4018 771 4100 quentis
800 4037 924 4095 quae
964 4021 1072 4075 vim
1104 4018 1265 4075 habet
1303 4020 1640 4089 producendi
1684 4021 1980 4092 aliquando
2009 4023 2140 4078 bre-

2312 2100 2439 2155 685.
2463 2099 2577 2155 Ott.
2605 2138 2623 2166 ,
2657 2097 2842 2154 ludens
2865 2141 2881 2165 ,
2916 2114 3018 2168 pro
3035 2101 3285 2156 claudens
3311 2143 3325 2166 ,
3349 2109 3406 2158 et
3435 2101 3673 2158 fortasse
3700 2116 3731 2158 a
3754 2117 3840 2170 pr.

2240 2188 2315 2228 ιη.
2341 2172 2439 2225 fuit
2459 2170 2678 2225 laudens
2702 2210 2717 2233 ,
2749 2172 2832 2224 vel
2857 2171 3127 2226 claudens.
3157 2172 3346 2230 Facile
3368 2175 3422 2228 in
3448 2188 3582 2228 mss.
3614 2174 3759 2229 inter
3779 2191 3844 2231 se

2241 2242 2654 2299 confunduntur
2697 2241 2888 2314 ludens
2933 2251 2989 2297 et
3035 2243 3324 2311 claudens,
3370 2253 3458 2309 et,
3491 2246 3639 2314 quod
3697 2243 3846 2300 idem

2241 2327 2364 2383 εει,
2408 2313 2639 2368 eludens.
2686 2311 2881 2384 Neque
2923 2315 3028 2369 hoc
3074 2315 3194 2370 loco
3236 2315 3367 2369 mihi
3413 2311 3733 2384 displiceret
3762 2318 3847 2371 lu—

2241 2386 2388 2440 dens.
2422 2384 2552 2455 Sed,
2587 2383 2760 2438 multo
2807 2386 2980 2454 magis
3033 2386 3212 2455 placet
3241 2383 3516 2441 claudens.
3561 2386 3653 2442 Sic
3677 2389 3712 2441 l.
3765 2403 3844 2454 iv,

2242 2473 2390 2513 vers.
2417 2457 2450 2511 8
2477 2473 2490 2510 :
2520 2454 2625 2510 Cur
2647 2456 2878 2522 tentatis,
2909 2456 3004 2522 ait,
3035 2454 3172 2510 nunc
3206 2473 3287 2512 me
3315 2457 3620 2512 concludere
3644 2458 3849 2513 verbis?

2315 2528 2444 2583 685.
2477 2527 2611 2596 Reg.
2638 2567 2654 2592 ,
2685 2524 2800 2580 Ott.
2821 2567 2835 2592 ,
2886 2542 2918 2581 a
2960 2544 3041 2596 pr.
3077 2543 3184 2596 m.,
3237 2528 3440 2592 Torn..
3485 2528 3796 2595 suspiciebat
3826 2547 3847 2586 :

2242 2599 2404 2656 Rom.
2433 2641 2448 2666 ,
2482 2613 2606 2654 cum
2629 2597 2920 2671 plerisque
2949 2598 3116 2671 editis
3136 2639 3151 2663 ,
3183 2599 3512 2666 suscipiebat.
3547 2600 3799 2656 Barthius
3830 2647 3844 2671 ,

2243 2671 2377 2726 libr.
2401 2686 2529 2744 xxvi
2563 2669 2820 2744 A_dvers.,
2843 2684 2964 2744 cap.
2990 2670 3043 2738 7,
3072 2671 3179 2724 col.
3212 2671 3370 2744 1265,
3404 2686 3501 2744 pro
3531 2669 3846 2744 suscipiebat

2246 2742 2490 2798 correxit
2535 2741 2702 2797 etiam
2749 2741 3057 2812 suspiciebat
3083 2759 3102 2794 :
3132 2741 3276 2812 quod
3308 2742 3533 2798 verbum
3562 2785 3577 2809 ,
3626 2741 3804 2812 inquit
3827 2782 3845 2809 ,

2246 2822 2574 2882 corruptum
2603 2819 2656 2865 et
2684 2812 2755 2884 in_
2776 2811 2950 2884 Ligno
2975 2814 3102 2866 vita:
3131 2811 3274 2884 apud
3316 2813 3644 2884 Cyprianum
3673 2811 3849 2880 ,sive

2245 2881 2661 2957 alium’po‘etam
2702 2881 3112 2957 christianum:
3148 2881 3375 2957 Circum
3393 2886 3674 2957 spatiantes
3717 2901 3846 2957 gra-

2247 2956 2387 3010 mine
2415 2954 2562 3008 molli
2591 2983 2661 3026 τ-
2691 2952 2994 3026 Suscipiunt
3031 2954 3165 3026 alta”
3184 2952 3462 3026 pendentes
3505 2955 3688 3010 arbore
3718 2952 3850 3026 Tru-

2248 3035 2378 3080 ctus.
2410 3025 2727 3094 Legeudum
2769 3023 3092 3090 Suspiciunt.
3131 3023 3268 3081 Vide
3301 3026 3424 3082 libr.
3457 3041 3539 3095 ιιι,
3572 3023 3850 3094 νει-δέξει,

2249 3097 2345 3153 ubi
2375 3098 2521 3152 idem
2545 3096 2747 3166 legitur
2766 3110 2984 3151 versus.

2320 3169 2447 3223 687.
2481 3168 2618 3237 Reg.
2641 3208 2656 3232 ,
2688 3179 2880 3222 contra
2928 3168 3092 3224 metri
3135 3168 3450 3235 rationem,
3492 3169 3758 3224 sublimem
3804 3170 3853 3224 si

2252 3240 2504 3295 dixissent
2533 3255 2661 3292 esse.
2685 3239 2800 3292 Ott.
2819 3279 2834 3303 ,
2861 3254 2889 3292 a
2916 3255 3002 3307 pr.
3034 3255 3134 3306 m.,
3157 3239 3362 3296 Rursus
3385 3240 3655 3296 sublimem
3680 3240 3857 3296 dixis-

2251 3320 2361 3365 sent
2382 3327 2491 3365 esse
2513 3308 2818 3382 prophetam
2835 3352 2848 3372 ,
2872 3309 3020 3382 quod
3043 3313 3342 3380 genuinum
3373 3312 3585 3367 videtur
3611 3329 3626 3366 :
3656 3325 3853 3367 neces-

2251 3382 2398 3437 saria
2425 3382 2570 3436 enim
2597 3395 2702 3435 non
2729 3388 2818 3436 est
2839 3381 3102 3448 particula
3125 3383 3190 3436 si.
3221 3383 3278 3438 In
3305 3382 3418 3438 Ott.
3446 3427 3460 3450 ,
3491 3394 3551 3438 ut
3576 3384 3631 3437 in
3651 3383 3843 3448 editis,

2252 3454 2548 3523 apponitur
2573 3467 2735 3522 supra
2764 3451 2809 3504 si
2836 3453 2979 3507 inter
3005 3453 3290 3521 dixissent,
3319 3465 3376 3509 et
3403 3471 3537 3509 esse.
3570 3453 3853 3510 Particnla

2249 3526 2295 3580 si
2327 3525 2606 3594 eleganter
2625 3537 2796 3594 smper
2810 3523 3088 3578 omittitur
3112 3539 3220 3580 non
3253 3526 3434 3581 solum
3465 3543 3493 3579 a
3526 3527 3721 3594 poetis.
3751 3525 3856 3581 sed

2251 3593 2436 3652 etiam’
2466 3595 2536 3648 ab
2565 3593 2709 3649 aliis.
2759 3593 3025 3664 Virgilius
3048 3637 3065 3662 ,
3101 3595 3140 3650 Ι.
3182 3611 3268 3663 vr,
3298 3612 3446 3652 vers.
3485 3598 3550 3652 51
3585 3614 3598 3649 :
3633 3595 3854 3650 Partem

2251 3683 2401 3739 aper_e
2428 3667 2481 3719 in
2505 3675 2648 3720 tanta
2674 3710 2688 3734 ,
2717 3666 2908 3739 sineret
2935 3666 3106 3739 dolor,
3131 3664 3304 3739 Icare,
3331 3667 3566 3722 haberes.
3597 3666 3853 3739 Ovidius,

2250 3735 2305 3794 vt
2355 3737 2529 3806 Fast.,
2553 3752 2700 3792 vers.
2733 3737 2856 3809 li.’5__
2883 3754 2897 3790 :
2921 3735 3080 3809 Huic
3131 3738 3319 3809 aliquis
3355 3740 3609 3809 juvcnum
3637 3737 3861 3793 dixisset

2250 3811 2480 3864 amantia
2507 3805 2680 3876 verba,
2715 3835 2783 3849 —-
2814 3805 3084 3862 Reddebat
3124 3805 3251 3879 tales
3280 3805 3518 3879 protinus
3547 3810 3643 3863 illa
3670 3826 3857 3864 sonos.

2249 3879 2463 3945 Cicero,
2492 3880 2731 3948 Philipp.
2759 3893 2886 3944 xm,
2917 3894 2967 3932 c.
2989 3880 3056 3953 11
3086 3896 3103 3953 _:
3130 3878 3420 3936 Recesseris
3439 3921 3456 3948 ,
3488 3880 3716 3953 undique
3740 3897 3856 3936 om-

2251 3967 2339 4006 nes
2359 3953 2695 4077 inseqltteutur
2728 3966 2746 4004 :
2777 3951 3049 4018 manseris,
3075 3948 3313 4034 haerebis.

2321 4022 2449 4077 689.
2528 4037 2673 4077 orn..
2711 4020 2951 4077 Poelm..
2986 4037 3085 4077 oro
3113 4022 3168 4077 d.
3198 4037 3270 4077 ε..
3301 4041 3313 4077 1

2321 4022 2449 4078 689.
2478 4020 2673 4090 Torn.,
2711 4020 2951 4088 Poelm.,
2986 4037 3085 4092 pro
3113 4022 3168 4079 d.
3198 4037 3270 4092 s.,
3301 4024 3460 4098 igitur
3483 4065 3498 4092 ,
3529 4037 3630 4095 pro
3654 4033 3853 4080 tamen.

2301 4140 2341 4182 f.‘
2349 4140 2363 4178 l

560 4209 567 4217 ’
641 4237 769 4292 665.
797 4201 1084 4309 Virgilius,
1115 4244 1171 4309 at
1201 4227 1448 4299 Eneid.,
1477 4229 1742 4309 vei-stas:
1767 4137 2149 4301 Prwdicam,1:l

2301 4174 2307 4182 ,
2333 4140 2363 4178 'l

2407 4245 2550 4309 vers_.
2581 4231 2706 4288 154.
2754 4228 3031 4292 Interdum
3061 4245 3268 4309 captare
3306 4244 3563 4294 conatum
3609 4233 3819 4292 indicat
3839 4278 3858 4306 ,

562 4316 792 4382 repetens
817 4301 1101 4382 iterumque
1127 4301 1680 4382 iterumqucmonebo.

639 4361 764 4434 666.
797 4374 971 4429 Animi
986 4361 1041 4426 in
1068 4361 1396 4445 arcetquasi
1428 4371 1482 4426 in
1509 4372 1809 4445 fastigioiet
1837 4375 1998 4445 apice
2039 4361 2163 4430 ani;

2262 4319 2446 4374 capere
2475 4303 2755 4374 ellectum.

2335 4375 2468 4452 688Σ
2490 4372 2776 4452 Confessio
2805 4378 3099 4436 occisionis
3129 4382 3410 4452 prophetae
3441 4387 3710 4452 argueret
3734 4379 3865 4436 cui-

562 4448 664 4508 mi.
689 4445 1103 4520 Statius,lib._1_|
1124 4489 1138 4512 ,
1171 4444 1294 4498 silv.
1315 4444 1372 4508 2,
1396 4456 1543 4520 vers.
1570 4445 1692 4499 151.
1719 4444 1950 4520 ϐειεαιιι
1978 4448 2162 4520 mentis
2264 4460 2410 4518 pam.
2428 4447 2544 4520 Sed
2568 4460 2814 4520 quaenam
2841 4452 3004 4520 culpa
3035 4444 3310 4508 seniorum
3336 4451 3438 4508 fuit
3463 4497 3477 4519 ,
3505 4444 3652 4520 quod
3682 4449 3859 4507 Joan-

570 4521 634 4577 ab
665 4537 856 4574 arce—
887 4517 1122 4584 Despicis
1146 4521 1406 4586 errantes,
1441 4514 1764 4586 humanaque
1789 4518 1983 4586 gaudia
2006 4518 2166 4572 rides.

635 4593 760 4648 668.
814 4588 1027 4644 Arboris
1072 4585 1383 4650 substantia,
1416 4585 1601 4640 arbor.
1653 4585 1796 4642 Vide
1823 4599 1936 4642 not.
1971 4587 2038 4642 ad
2068 4589 2161 4643 lib.

567 4682 618 4734 ι,
650 4677 796 4734 vers.
823 4659 950 4734 {16,
985 4658 1109 4714 651.

2267 4517 2365 4592 nes
2395 4519 2464 4592 ab
2492 4517 2706 4572 Herode
2736 4517 2949 4576 occisus
2981 4523 3190 4578 fuerit?
3219 4525 3362 4580 Satis
3397 4517 3472 4578 ex
3495 4517 3869 4592 Evangelistis

2270 4589 2376 4645 hoc
2405 4589 2526 4644 loco
2555 4596 2790 4653 constat.
2822 4592 3042 4648 Stribas
3081 4605 3140 4651 et
3168 4595 3476 4650 Pharisaeos
3517 4589 3712 4648 Joanni
3747 4608 3869 4649 non

2272 4659 2592 4736 credidisse.
2626 4661 2718 4736 Ait
2755 4665 2904 4736 enim
2936 4665 3115 4720 Lucas
3147 4684 3160 4720 ε
3194 4667 3260 4720 At
3290 4667 3372 4720 illi
3402 4663 3871 4736 cogitabantjntra

647 4732 772 4790 669.
821 4729 978 4802 pelsa
1003 4728 1212 4802 montis.
1258 4727 1335 4783 De
1362 4727 1626 4802 vocabulo
1668 4730 1804 4784 celsa
1829 4729 2168 4787 substantive
2269 4747 2323 4785 se
2351 4731 2574 4786 dicentes
2597 4747 2615 4785 :
2641 4731 2778 4799 Quia
2799 4735 2843 4788 si
2871 4736 3177 4802 dixerimus,
3207 4736 3284 4791 De
3311 4727 3617 4798 ctelofdicet
3643 4751 3662 4789 :
3689 4734 3871 4802 Quare

582 4806 699 4862 dixi
721 4802 789 4858 ad
819 4801 1102 4866 Dracont.,
1141 4800 1236 4853 lib.
1269 4815 1338 4866 ιι,
1370 4815 1517 4853 vers.
1553 4801 1608 4853 5.

1378 4845 2008 4940 desumwinterrogatum,
2068 4889 2168 4940 qua

572 4955 825 5023 potestate
859 4941 968 5023 hcce
997 4945 1211 5023 faceret,
1248 4942 1630 5023 respondisse:
1659 4940 1860 5023 Facile
1881 4945 2004 5023 erit,
2053 4959 2168 5023 quae

572 5013 828 5093 'quauitis,
852 5014 1110 5093 dicere,_si
1133 5013 1296 5093 prius,
1326 5029 1440 5081 quae
1460 5029 1552 5093 nos
1581 5015 2026 5093 interrogabiinus,
2059 5017 2164 5069 solo

571 5083 748 5147 {teritis
786 5087 848 5140 de
874 5084 1097 5138 Joannis
1137 5083 1459 5155 baptismate.
1492 5083 1680 5139 Matth.
1717 5083 1836 5152 xit,
1869 5086 1940 5140 2.3
1970 5101 2162 5155 scqq.;

575 5165 744 5220 Marc.
777 5175 862 5222 XI,
885 5155 950 5209 ‘21
975 5172 989 5221 ;
1019 5155 1150 5209 Luc.
1189 5170 1284 5222 xx,
1312 5154 1380 5218 2;
1412 5154 1610 5210 Joann.
1641 5171 1750 5220 xiv,
1788 5157 1891 5218 15ς
1930 5173 2038 5215 xu.
2070 5154 2161 5212 85.

649 5233 776 5289 675.
819 5227 969 5284 Ordo
999 5236 1117 5281 est:
1150 5224 1422 5280 Continuo
1455 5241 1731 5294 proceres,
1763 5228 1878 5282 sive
1919 5229 2163 5283 seniores

577 5303 762 5373 p0puli
792 5298 1005 5356 collecti
1036 5298 1336 5373 inquirunt,
1369 5312 1490 5373 quae
1523 5307 1670 5373 tanta
1713 5299 1888 5353 virtus
1927 5298 2167 5373 dedisset

574 5367 834 5430 inii-acula
861 5385 1068 5435 rerum,
1102 5369 1188 5424 vel
1210 5383 1329 5439 quae
1359 5372 1530 5422 virtus
1549 5367 1790 5425 dedisset
1820 5379 1966 5425 tanta
1995 5371 2163 5426 mira-

575 5447 694 5502 cula
725 5458 929 5501 rerum.

653 5517 776 5572 680.
823 5515 998 5582 Supra
1025 5553 1039 5576 ,
1073 5509 1359 5585 vers._265
1390 5527 1403 5564 :
1435 5510 1619 5565 Justus
1665 5510 1915 5581 Ioannes,
1947 5513 2167 5585 populos

577 5603 668 5657 qui
693 5581 1064 5657 ﬂuntine’lavit.
1097 5581 1299 5657 Confer
1323 5593 1526 5638 notam.

651 5655 775 5711 683.
808 5656 1058 5727 Ancipiti,
1083 5655 1182 5724 qui
1212 5656 1266 5710 in
1300 5663 1584 5727 utramque
1613 5665 1821 5727 partem
1859 5656 2164 5727 premebat.

581 5727 722 5782 Vide
751 5737 862 5782 not.
894 5725 963 5778 ad
991 5725 1028 5778 ι.
1063 5741 1139 5793 ιι,
1171 5740 1319 5781 vers.
1345 5726 1472 5782 235.

648 5796 776 5853 684.
802 5795 1116 5868 Captantum
1137 5837 1153 5865 ,
1180 5809 1385 5865 capere
1406 5797 1725 5856 volentium.
1751 5797 1941 5857 Adisis
1961 5807 2076 5858 not.
2100 5797 2168 5856 ad

618 5949 647 5957 -ι-

2191 4990 2247 5051 D

2269 4819 2392 4875 ergo
2431 4818 2534 4875 non
2582 4805 2870 4875 credidistis
2899 4807 3020 4861 illi?
3067 4807 3131 4862 Si
3179 4819 3348 4862 autem
3404 4806 3729 4872 dixerimus,
3778 4805 3873 4861 Ea:

2269 4871 2584 4950 hominibus,
2632 4874 2776 4944 plebs
2817 4878 3056 4950 universa
3098 4879 3350 4950 lapidabit
3395 4895 3508 4950 nos.
3558 4871 3874 4932 Certi’sunt

2273 4945 2408 4998 enim
2455 4943 2713 5019 Joannem
2738 4947 3043 5019 prophetam
3096 4943 3226 5004 esse.
3258 4949 3546 5005 Probabile
3577 4963 3707 5018 ergo
3734 4958 3828 5004 est
3853 4989 3873 5016 ,

2270 5030 2368 5070 eos
2408 5027 2640 5090 mortem
2687 5017 2936 5081 Joannis,
2970 5036 3186 5090 quoquo
3226 5030 3476 5089 poterant
3512 5017 3700 5090 modo,
3737 5035 3876 5088 pro-

2273 5103 2515 5172 curasse.
2548 5085 2788 5172 batnyus
2820 5091 2946 5145 hinc
2969 5085 3134 5172 suam
3166 5085 3489 5172 sententiam
3533 5085 3830 5172 canﬁrmat
3854 5131 3872 5158 ,

2271 5157 2533 5232 Joannem
2563 5157 2729 5232 bisin
2756 5175 3032 5217 carcerem
3060 5161 3227 5218 fuisse
3253 5162 3590 5232 conjectum,
3625 5157 3874 5232 primum

2271 5245 2302 5282 a
2325 5228 2530 5285 Scribis
2565 5240 2620 5283 et
2660 5231 2967 5296 Pharismis,
2997 5244 3107 5288 lum
3139 5233 3207 5288 ab
3239 5228 3474 5298 llerbde,
3501 5228 3635 5288 cnm'
3651 5231 3876 5289 Scriba:

2270 5308 2338 5426 ﬁt}
2375 5300 2632 5356 Pharisaei
2680 5303 2831 5358 illum
2877 5304 3250 5370 dimisissent,
3281 5305 3407 5375 quia
3439 5304 3702 5362 timebant
3743 5304 3874 5375 ple-

2344 5387 2416 5425 m.
3319 5410 3325 5415 .

2309 5385 2416 5426 em.
3319 5410 3325 5415 .

2343 5443 2469 5498 691.
2518 5441 2787 5516 Responsa
2837 5447 3096 5520 superba,
3143 5448 3271 5518 quia
3315 5446 3422 5520 ipsi
3451 5445 3676 5520 superbi
3701 5455 3873 5515 sunt,

2276 5523 2332 5569 et
2356 5524 2452 5591 aut
2479 5530 2582 5591 non
2601 5518 2948 5591 respondent
2975 5560 2989 5585 ,
3006 5528 3113 5591 aut
3141 5518 3376 5590 superbe
3413 5518 3763 5591 respondent.

2347 5586 2473 5641 692.
2503 5586 2730 5662 CAPUT
2764 5587 2954 5646 XXIX.
2989 5590 3068 5662 με
3103 5607 3162 5646 eo
3186 5586 3323 5662 {qui
3366 5586 3520 5660 ﬁlios"
3547 5590 3739 5645 habens
3761 5633 3777 5656 ,
3817 5589 3883 5644 in

2274 5656 2473 5734 vineam
2505 5658 2578 5712 ire
2611 5663 2929 5734 _eos_jussit.
2974 5660 3125 5734 Item
3151 5656 3556 5734 publicanosct
3579 5662 3886 5734 meretrices

2275 5727 2564 5803 credituros
2604 5731 2659 5784 in
2685 5727 2971 5802 Christum,
3018 5727 3234 5791 Iudaeos
3271 5749 3386 5790 vero
3425 5732 3707 5789 obstinatos
3734 5732 3886 5803 fore.

2275 5798 2465 5856 Matth.
2494 5815 2586 5855 xxi
2610 5841 2626 5870 ,
2653 5804 2726 5860 28
2753 5816 2870 5874 seq.
