  <div class='ocr_page' id='page_1' title='image "/cluster/home/n/w/nwhite01/storage/ocr_20150623/19/hvd.32044096580451/142.png"; bbox 0 0 4154 6176; ppageno 0'>
   <div class='ocr_carea' id='block_1_1' title="bbox 510 320 1801 401">
    <p class='ocr_par' dir='ltr' id='par_1_1' title="bbox 510 320 1801 401">
     <span class='ocr_line' id='line_1_1' title="bbox 510 320 1801 401; baseline 0.006 -24"><span class='ocrx_word' id='word_1_1' title='bbox 510 320 662 378; x_wconf 83' lang='lat' dir='ltr'><strong>Talia</strong></span> <span class='ocrx_word' id='word_1_2' title='bbox 689 320 837 379; x_wconf 91' lang='lat' dir='ltr'><strong>dicta</strong></span> <span class='ocrx_word' id='word_1_3' title='bbox 864 322 1054 380; x_wconf 93' lang='lat' dir='ltr'><strong>dedit:</strong></span> <span class='ocrx_word' id='word_1_4' title='bbox 1089 324 1233 382; x_wconf 83' lang='lat' dir='ltr'><strong>Vitis</strong></span> <span class='ocrx_word' id='word_1_5' title='bbox 1260 325 1393 383; x_wconf 89' lang='lat' dir='ltr'><strong>mihi</strong></span> <span class='ocrx_word' id='word_1_6' title='bbox 1419 327 1599 399; x_wconf 93' lang='lat' dir='ltr'><strong>portio</strong></span> <span class='ocrx_word' id='word_1_7' title='bbox 1623 328 1801 401; x_wconf 85' lang='lat' dir='ltr'><strong>major</strong></span> 
     </span>
    </p>
   </div>
   <div class='ocr_carea' id='block_1_2' title="bbox 506 414 1876 491">
    <p class='ocr_par' dir='ltr' id='par_1_2' title="bbox 506 414 1876 491">
     <span class='ocr_line' id='line_1_2' title="bbox 506 414 1876 491; baseline 0.004 -19"><span class='ocrx_word' id='word_1_8' title='bbox 506 414 848 488; x_wconf 90' lang='lat' dir='ltr'><strong>Semiputata</strong></span> <span class='ocrx_word' id='word_1_9' title='bbox 870 416 1039 486; x_wconf 87' lang='lat' dir='ltr'><strong>jacet.</strong></span> <span class='ocrx_word' id='word_1_10' title='bbox 1073 417 1182 475; x_wconf 89' lang='lat' dir='ltr'><strong>Sed</strong></span> <span class='ocrx_word' id='word_1_11' title='bbox 1210 433 1409 491; x_wconf 89' lang='lat' dir='ltr'><strong>perge,</strong></span> <span class='ocrx_word' id='word_1_12' title='bbox 1438 428 1497 477; x_wconf 91' lang='lat' dir='ltr'><strong>et</strong></span> <span class='ocrx_word' id='word_1_13' title='bbox 1514 420 1718 479; x_wconf 90' lang='lat' dir='ltr'><strong>robore</strong></span> <span class='ocrx_word' id='word_1_14' title='bbox 1743 419 1876 479; x_wconf 88' lang='lat' dir='ltr'><strong>forti</strong></span> 
     </span>
    </p>
   </div>
   <div class='ocr_carea' id='block_1_3' title="bbox 359 509 1960 588">
    <p class='ocr_par' dir='ltr' id='par_1_3' title="bbox 359 509 1960 588">
     <span class='ocr_line' id='line_1_3' title="bbox 359 509 1960 588; baseline 0.005 -19"><span class='ocrx_word' id='word_1_15' title='bbox 359 509 474 571; x_wconf 84' lang='lat'><strong>695</strong></span> <span class='ocrx_word' id='word_1_16' title='bbox 503 510 661 569; x_wconf 89' lang='lat' dir='ltr'><strong>Nunc</strong></span> <span class='ocrx_word' id='word_1_17' title='bbox 681 511 998 582; x_wconf 79' lang='lat' dir='ltr'><strong>scrobibus,</strong></span> <span class='ocrx_word' id='word_1_18' title='bbox 1022 528 1169 571; x_wconf 90' lang='lat' dir='ltr'><strong>nunc</strong></span> <span class='ocrx_word' id='word_1_19' title='bbox 1189 513 1327 571; x_wconf 80' lang='lat' dir='ltr'><strong>falce</strong></span> <span class='ocrx_word' id='word_1_20' title='bbox 1351 530 1634 588; x_wconf 89' lang='lat' dir='ltr'><strong>premens,</strong></span> <span class='ocrx_word' id='word_1_21' title='bbox 1662 519 1845 575; x_wconf 88' lang='lat' dir='ltr'><strong>vineta</strong></span> <span class='ocrx_word' id='word_1_22' title='bbox 1870 534 1960 577; x_wconf 90' lang='lat' dir='ltr'><strong>re-</strong></span> 
     </span>
    </p>
   </div>
   <div class='ocr_carea' id='block_1_4' title="bbox 1670 611 1885 685">
    <p class='ocr_par' dir='ltr' id='par_1_4' title="bbox 1670 611 1885 685">
     <span class='ocr_line' id='line_1_4' title="bbox 1670 611 1885 685; baseline 0.009 -18"><span class='ocrx_word' id='word_1_23' title='bbox 1670 611 1885 685; x_wconf 56' lang='lat' dir='ltr'><strong>“unde.</strong></span> 
     </span>
    </p>
   </div>
   <div class='ocr_carea' id='block_1_5' title="bbox 509 698 1871 770">
    <p class='ocr_par' dir='ltr' id='par_1_5' title="bbox 509 698 1871 770">
     <span class='ocr_line' id='line_1_5' title="bbox 509 698 1871 770; baseline 0.006 -17"><span class='ocrx_word' id='word_1_24' title='bbox 509 698 645 754; x_wconf 89' lang='lat' dir='ltr'><strong>Tum</strong></span> <span class='ocrx_word' id='word_1_25' title='bbox 671 698 891 770; x_wconf 79' lang='lat' dir='ltr'><strong>juvenis</strong></span> <span class='ocrx_word' id='word_1_26' title='bbox 919 714 1046 757; x_wconf 89' lang='lat' dir='ltr'><strong>sese</strong></span> <span class='ocrx_word' id='word_1_27' title='bbox 1069 709 1179 757; x_wconf 92' lang='lat' dir='ltr'><strong>tam</strong></span> <span class='ocrx_word' id='word_1_28' title='bbox 1209 701 1435 759; x_wconf 88' lang='lat' dir='ltr'><strong>sordida</strong></span> <span class='ocrx_word' id='word_1_29' title='bbox 1460 703 1640 761; x_wconf 87' lang='lat' dir='ltr'><strong>vincla</strong></span> <span class='ocrx_word' id='word_1_30' title='bbox 1666 704 1871 761; x_wconf 85' lang='lat' dir='ltr'><strong>laboris</strong></span> 
     </span>
    </p>
   </div>
   <div class='ocr_carea' id='block_1_6' title="bbox 499 790 1892 871">
    <p class='ocr_par' dir='ltr' id='par_1_6' title="bbox 499 790 1892 871">
     <span class='ocr_line' id='line_1_6' title="bbox 499 790 1892 871; baseline 0.004 -23"><span class='ocrx_word' id='word_1_31' title='bbox 499 790 658 849; x_wconf 84' lang='lat' dir='ltr'><strong>Nolle</strong></span> <span class='ocrx_word' id='word_1_32' title='bbox 679 793 788 863; x_wconf 88' lang='lat' dir='ltr'><strong>pati</strong></span> <span class='ocrx_word' id='word_1_33' title='bbox 814 802 1102 851; x_wconf 91' lang='lat' dir='ltr'><strong>memorat.</strong></span> <span class='ocrx_word' id='word_1_34' title='bbox 1127 795 1457 853; x_wconf 87' lang='lat' dir='ltr'><strong>Postomnia</strong></span> <span class='ocrx_word' id='word_1_35' title='bbox 1473 798 1627 868; x_wconf 87' lang='lat' dir='ltr'><strong>jussa</strong></span> <span class='ocrx_word' id='word_1_36' title='bbox 1647 798 1892 871; x_wconf 90' lang='lat' dir='ltr'><strong>parentis</strong></span> 
     </span>
    </p>
   </div>
   <div class='ocr_carea' id='block_1_7' title="bbox 502 885 1952 964">
    <p class='ocr_par' dir='ltr' id='par_1_7' title="bbox 502 885 1952 964">
     <span class='ocr_line' id='line_1_7' title="bbox 502 885 1952 964; baseline 0.005 -21"><span class='ocrx_word' id='word_1_37' title='bbox 502 885 661 960; x_wconf 72' lang='lat'><strong>307</strong></span> <span class='ocrx_word' id='word_1_38' title='bbox 709 885 1078 960; x_wconf 79' lang='lat' dir='ltr'><strong>Exsequitur,</strong></span> <span class='ocrx_word' id='word_1_39' title='bbox 1110 888 1487 963; x_wconf 87' lang='lat' dir='ltr'><strong>damnansque</strong></span> <span class='ocrx_word' id='word_1_40' title='bbox 1533 891 1637 948; x_wconf 93' lang='lat' dir='ltr'><strong>sibi</strong></span> <span class='ocrx_word' id='word_1_41' title='bbox 1687 906 1952 964; x_wconf 87' lang='lat' dir='ltr'><strong>respousa</strong></span> 
     </span>
    </p>
   </div>
   <div class='ocr_carea' id='block_1_8' title="bbox 1612 984 1874 1060">
    <p class='ocr_par' dir='ltr' id='par_1_8' title="bbox 1612 984 1874 1060">
     <span class='ocr_line' id='line_1_8' title="bbox 1612 984 1874 1060; baseline 0.011 -20"><span class='ocrx_word' id='word_1_42' title='bbox 1612 984 1874 1060; x_wconf 88' lang='lat' dir='ltr'><strong>[coercet.</strong></span> 
     </span>
    </p>
   </div>
   <div class='ocr_carea' id='block_1_9' title="bbox 504 1071 1770 1148">
    <p class='ocr_par' dir='ltr' id='par_1_9' title="bbox 504 1071 1770 1148">
     <span class='ocr_line' id='line_1_9' title="bbox 504 1071 1770 1148; baseline 0.005 -20"><span class='ocrx_word' id='word_1_43' title='bbox 504 1071 638 1129; x_wconf 88' lang='lat' dir='ltr'><strong>Post</strong></span> <span class='ocrx_word' id='word_1_44' title='bbox 661 1072 829 1130; x_wconf 89' lang='lat' dir='ltr'><strong>alium</strong></span> <span class='ocrx_word' id='word_1_45' title='bbox 854 1083 1042 1131; x_wconf 90' lang='lat' dir='ltr'><strong>natum</strong></span> <span class='ocrx_word' id='word_1_46' title='bbox 1071 1076 1241 1132; x_wconf 81' lang='lat' dir='ltr'><strong>simili</strong></span> <span class='ocrx_word' id='word_1_47' title='bbox 1267 1091 1523 1133; x_wconf 86' lang='lat' dir='ltr'><strong>sermone</strong></span> <span class='ocrx_word' id='word_1_48' title='bbox 1543 1077 1770 1148; x_wconf 85' lang='lat' dir='ltr'><strong>jubebat</strong></span> 
     </span>
    </p>
   </div>
   <div class='ocr_carea' id='block_1_10' title="bbox 352 1163 1659 1243">
    <p class='ocr_par' dir='ltr' id='par_1_10' title="bbox 352 1163 1659 1243">
     <span class='ocr_line' id='line_1_10' title="bbox 352 1163 1659 1243; baseline 0.003 -21"><span class='ocrx_word' id='word_1_49' title='bbox 352 1163 465 1224; x_wconf 86' lang='lat'><strong>700</strong></span> <span class='ocrx_word' id='word_1_50' title='bbox 499 1166 584 1224; x_wconf 82' lang='lat' dir='ltr'><strong>Ad</strong></span> <span class='ocrx_word' id='word_1_51' title='bbox 610 1167 796 1226; x_wconf 88' lang='lat' dir='ltr'><strong>vineta</strong></span> <span class='ocrx_word' id='word_1_52' title='bbox 824 1168 911 1226; x_wconf 90' lang='lat' dir='ltr'><strong>sui</strong></span> <span class='ocrx_word' id='word_1_53' title='bbox 934 1168 1246 1243; x_wconf 85' lang='lat' dir='ltr'><strong>dependere</strong></span> <span class='ocrx_word' id='word_1_54' title='bbox 1263 1170 1415 1243; x_wconf 87' lang='lat' dir='ltr'><strong>jussa</strong></span> <span class='ocrx_word' id='word_1_55' title='bbox 1436 1171 1659 1228; x_wconf 86' lang='lat' dir='ltr'><strong>laboris.</strong></span> 
     </span>
    </p>
   </div>
   <div class='ocr_carea' id='block_1_11' title="bbox 1452 206 2607 274">
    <p class='ocr_par' dir='ltr' id='par_1_11' title="bbox 1452 206 2607 274">
     <span class='ocr_line' id='line_1_11' title="bbox 1452 206 2607 274; baseline 0.005 -8"><span class='ocrx_word' id='word_1_56' title='bbox 1452 206 1915 269; x_wconf 70' lang='lat' dir='ltr'><strong>EVANGELICA‘J</strong></span> <span class='ocrx_word' id='word_1_57' title='bbox 1952 209 2302 273; x_wconf 68' lang='lat' dir='ltr'><strong>HISTORIE</strong></span> <span class='ocrx_word' id='word_1_58' title='bbox 2343 214 2472 273; x_wconf 80' lang='lat' dir='ltr'><strong>LIB.</strong></span> <span class='ocrx_word' id='word_1_59' title='bbox 2517 216 2607 274; x_wconf 93' lang='lat' dir='ltr'><strong>lll.</strong></span> 
     </span>
    </p>
   </div>
   <div class='ocr_carea' id='block_1_12' title="bbox 1987 340 2043 402">
    <p class='ocr_par' dir='ltr' id='par_1_12' title="bbox 1987 340 2043 402">
     <span class='ocr_line' id='line_1_12' title="bbox 1987 340 2043 402; baseline 0 0"><span class='ocrx_word' id='word_1_60' title='bbox 1987 340 2043 402; x_wconf 78' lang='grc' dir='ltr'><strong>Δ</strong></span> 
     </span>
    </p>
   </div>
   <div class='ocr_carea' id='block_1_13' title="bbox 3544 224 3654 282">
    <p class='ocr_par' dir='ltr' id='par_1_13' title="bbox 3544 224 3654 282">
     <span class='ocr_line' id='line_1_13' title="bbox 3544 224 3654 282; baseline 0.009 -1"><span class='ocrx_word' id='word_1_61' title='bbox 3544 224 3654 282; x_wconf 69' lang='grc'><strong>274</strong></span> 
     </span>
    </p>
   </div>
   <div class='ocr_carea' id='block_1_14' title="bbox 2210 335 3587 414">
    <p class='ocr_par' dir='ltr' id='par_1_14' title="bbox 2210 335 3587 414">
     <span class='ocr_line' id='line_1_14' title="bbox 2210 335 3587 414; baseline 0.007 -24"><span class='ocrx_word' id='word_1_62' title='bbox 2210 335 2419 391; x_wconf 81' lang='lat' dir='ltr'><strong>Annuit</strong></span> <span class='ocrx_word' id='word_1_63' title='bbox 2439 336 2756 407; x_wconf 90' lang='lat' dir='ltr'><strong>hisjuvenis</strong></span> <span class='ocrx_word' id='word_1_64' title='bbox 2770 381 2786 411; x_wconf 91' lang='lat'><strong>,</strong></span> <span class='ocrx_word' id='word_1_65' title='bbox 2814 352 2916 395; x_wconf 91' lang='lat' dir='ltr'><strong>nec</strong></span> <span class='ocrx_word' id='word_1_66' title='bbox 2934 338 3098 396; x_wconf 89' lang='lat' dir='ltr'><strong>dictis</strong></span> <span class='ocrx_word' id='word_1_67' title='bbox 3146 338 3286 399; x_wconf 78' lang='lat' dir='ltr'><strong>facta</strong></span> <span class='ocrx_word' id='word_1_68' title='bbox 3307 352 3587 414; x_wconf 84' lang='lat' dir='ltr'><strong>repensat.</strong></span> 
     </span>
    </p>
   </div>
   <div class='ocr_carea' id='block_1_15' title="bbox 2208 427 3589 509">
    <p class='ocr_par' dir='ltr' id='par_1_15' title="bbox 2208 427 3589 509">
     <span class='ocr_line' id='line_1_15' title="bbox 2208 427 3589 509; baseline 0.007 -26"><span class='ocrx_word' id='word_1_69' title='bbox 2208 427 2415 496; x_wconf 83' lang='lat' dir='ltr'><strong>Dicite.</strong></span> <span class='ocrx_word' id='word_1_70' title='bbox 2440 430 2563 500; x_wconf 88' lang='lat' dir='ltr'><strong>quis</strong></span> <span class='ocrx_word' id='word_1_71' title='bbox 2590 431 2770 501; x_wconf 85' lang='lat' dir='ltr'><strong>potius</strong></span> <span class='ocrx_word' id='word_1_72' title='bbox 2793 432 3060 503; x_wconf 76' lang='lat' dir='ltr'><strong>genitoris</strong></span> <span class='ocrx_word' id='word_1_73' title='bbox 3090 434 3244 504; x_wconf 87' lang='lat' dir='ltr'><strong>jussa</strong></span> <span class='ocrx_word' id='word_1_74' title='bbox 3278 446 3539 509; x_wconf 88' lang='lat' dir='ltr'><strong>sequatur</strong></span> <span class='ocrx_word' id='word_1_75' title='bbox 3564 438 3589 492; x_wconf 88' lang='lat'><strong>?</strong></span> 
     </span>
    </p>
   </div>
   <div class='ocr_carea' id='block_1_16' title="bbox 2110 512 3658 599">
    <p class='ocr_par' dir='ltr' id='par_1_16' title="bbox 2110 512 3658 599">
     <span class='ocr_line' id='line_1_16' title="bbox 2110 512 3658 599; baseline 0.008 -25"><span class='ocrx_word' id='word_1_76' title='bbox 2110 594 2115 599; x_wconf 27' lang='grc' dir='ltr'>ί</span> <span class='ocrx_word' id='word_1_77' title='bbox 2205 518 2287 583; x_wconf 86' lang='lat' dir='ltr'><strong>llli</strong></span> <span class='ocrx_word' id='word_1_78' title='bbox 2317 520 2627 579; x_wconf 89' lang='lat' dir='ltr'><strong>collaudant</strong></span> <span class='ocrx_word' id='word_1_79' title='bbox 2657 538 2977 595; x_wconf 90' lang='lat' dir='ltr'><strong>responsum</strong></span> <span class='ocrx_word' id='word_1_80' title='bbox 3014 512 3362 597; x_wconf 81' lang='lat' dir='ltr'><strong>posterioris.</strong></span> <span class='ocrx_word' id='word_1_81' title='bbox 3650 522 3658 529; x_wconf 75' lang='grc'><em>’</em></span> 
     </span>
    </p>
   </div>
   <div class='ocr_carea' id='block_1_17' title="bbox 2090 600 3655 689">
    <p class='ocr_par' dir='ltr' id='par_1_17' title="bbox 2090 600 3655 689">
     <span class='ocr_line' id='line_1_17' title="bbox 2090 600 3655 689; baseline 0.003 -14"><span class='ocrx_word' id='word_1_82' title='bbox 2090 600 2101 610; x_wconf 47' lang='grc'><strong><em>³</em></strong></span> <span class='ocrx_word' id='word_1_83' title='bbox 2205 612 2371 687; x_wconf 77' lang='lat'><strong>308</strong></span> <span class='ocrx_word' id='word_1_84' title='bbox 2403 614 3026 689; x_wconf 90' lang='lat' dir='ltr'><strong>Prosequituerristus</strong></span> <span class='ocrx_word' id='word_1_85' title='bbox 3050 637 3064 675; x_wconf 92' lang='lat'><strong>:</strong></span> <span class='ocrx_word' id='word_1_86' title='bbox 3092 618 3250 677; x_wconf 86' lang='lat' dir='ltr'><strong>Nunc</strong></span> <span class='ocrx_word' id='word_1_87' title='bbox 3287 637 3417 679; x_wconf 87' lang='lat' dir='ltr'><strong>vera</strong></span> <span class='ocrx_word' id='word_1_88' title='bbox 3447 622 3655 681; x_wconf 85' lang='lat' dir='ltr'><strong>adver-</strong></span> 
     </span>
    </p>
   </div>
   <div class='ocr_carea' id='block_1_18' title="bbox 3275 717 3595 791">
    <p class='ocr_par' dir='ltr' id='par_1_18' title="bbox 3275 717 3595 791">
     <span class='ocr_line' id='line_1_18' title="bbox 3275 717 3595 791; baseline 0.009 -18"><span class='ocrx_word' id='word_1_89' title='bbox 3275 717 3398 791; x_wconf 87' lang='lat' dir='ltr'><strong>[tite</strong></span> <span class='ocrx_word' id='word_1_90' title='bbox 3426 718 3595 776; x_wconf 90' lang='lat' dir='ltr'><strong>dicta.</strong></span> 
     </span>
    </p>
   </div>
   <div class='ocr_carea' id='block_1_19' title="bbox 2064 801 3663 884">
    <p class='ocr_par' dir='ltr' id='par_1_19' title="bbox 2064 801 3663 884">
     <span class='ocr_line' id='line_1_19' title="bbox 2064 801 3663 884; baseline 0.008 -26"><span class='ocrx_word' id='word_1_91' title='bbox 2064 801 2170 860; x_wconf 81' lang='lat'><strong>705</strong></span> <span class='ocrx_word' id='word_1_92' title='bbox 2208 802 2326 861; x_wconf 78' lang='lat' dir='ltr'><strong>lam</strong></span> <span class='ocrx_word' id='word_1_93' title='bbox 2354 806 2526 879; x_wconf 84' lang='lat' dir='ltr'><strong>magis</strong></span> <span class='ocrx_word' id='word_1_94' title='bbox 2554 807 2682 864; x_wconf 90' lang='lat' dir='ltr'><strong>hinc</strong></span> <span class='ocrx_word' id='word_1_95' title='bbox 2724 810 2854 868; x_wconf 65' lang='lat' dir='ltr'><strong>coeli</strong></span> <span class='ocrx_word' id='word_1_96' title='bbox 2883 810 3070 867; x_wconf 89' lang='lat' dir='ltr'><strong>sedem</strong></span> <span class='ocrx_word' id='word_1_97' title='bbox 3111 812 3511 884; x_wconf 85' lang='lat' dir='ltr'><strong>comprendere</strong></span> <span class='ocrx_word' id='word_1_98' title='bbox 3537 829 3663 874; x_wconf 81' lang='lat' dir='ltr'><strong>cer-</strong></span> 
     </span>
    </p>
   </div>
   <div class='ocr_carea' id='block_1_20' title="bbox 3335 905 3585 981">
    <p class='ocr_par' dir='ltr' id='par_1_20' title="bbox 3335 905 3585 981">
     <span class='ocr_line' id='line_1_20' title="bbox 3335 905 3585 981; baseline 0.016 -20"><span class='ocrx_word' id='word_1_99' title='bbox 3335 905 3474 981; x_wconf 91' lang='lat' dir='ltr'><strong>[tum</strong></span> <span class='ocrx_word' id='word_1_100' title='bbox 3500 917 3585 965; x_wconf 88' lang='lat' dir='ltr'><strong>est</strong></span> 
     </span>
    </p>
   </div>
   <div class='ocr_carea' id='block_1_21' title="bbox 2196 992 3503 1068">
    <p class='ocr_par' dir='ltr' id='par_1_21' title="bbox 2196 992 3503 1068">
     <span class='ocr_line' id='line_1_21' title="bbox 2196 992 3503 1068; baseline 0.005 -21"><span class='ocrx_word' id='word_1_101' title='bbox 2196 992 2460 1063; x_wconf 87' lang='lat' dir='ltr'><strong>Corporis</strong></span> <span class='ocrx_word' id='word_1_102' title='bbox 2485 1008 2517 1049; x_wconf 91' lang='lat' dir='ltr'><strong>e</strong></span> <span class='ocrx_word' id='word_1_103' title='bbox 2542 995 2689 1050; x_wconf 79' lang='lat' dir='ltr'><strong>vitiis</strong></span> <span class='ocrx_word' id='word_1_104' title='bbox 2718 1005 3029 1067; x_wconf 64' lang='lat' dir='ltr'><strong>quaerentes</strong></span> <span class='ocrx_word' id='word_1_105' title='bbox 3061 996 3282 1053; x_wconf 91' lang='lat' dir='ltr'><strong>sordida</strong></span> <span class='ocrx_word' id='word_1_106' title='bbox 3308 998 3456 1054; x_wconf 92' lang='lat' dir='ltr'><strong>lucra</strong></span> <span class='ocrx_word' id='word_1_107' title='bbox 3488 1046 3503 1068; x_wconf 89' lang='lat'><strong>,</strong></span> 
     </span>
    </p>
   </div>
   <div class='ocr_carea' id='block_1_22' title="bbox 2197 1084 3657 1159">
    <p class='ocr_par' dir='ltr' id='par_1_22' title="bbox 2197 1084 3657 1159">
     <span class='ocr_line' id='line_1_22' title="bbox 2197 1084 3657 1159; baseline 0.007 -21"><span class='ocrx_word' id='word_1_108' title='bbox 2197 1084 3145 1159; x_wconf 83' lang='lat' dir='ltr'><strong>Quamvestrumquemquam.Vobis</strong></span> <span class='ocrx_word' id='word_1_109' title='bbox 3161 1100 3657 1149; x_wconf 88' lang='lat' dir='ltr'><strong>namveneratante</strong></span> 
     </span>
    </p>
   </div>
   <div class='ocr_carea' id='block_1_23' title="bbox 2191 1176 3650 1243">
    <p class='ocr_par' dir='ltr' id='par_1_23' title="bbox 2191 1176 3650 1243">
     <span class='ocr_line' id='line_1_23' title="bbox 2191 1176 3650 1243; baseline 0.006 -10"><span class='ocrx_word' id='word_1_110' title='bbox 2191 1176 2377 1236; x_wconf 72' lang='lat' dir='ltr'><strong>JllSlllS</strong></span> <span class='ocrx_word' id='word_1_111' title='bbox 2413 1180 2652 1238; x_wconf 88' lang='lat' dir='ltr'><strong>Joannes</strong></span> <span class='ocrx_word' id='word_1_112' title='bbox 2677 1199 2690 1237; x_wconf 73' lang='grc' dir='ltr'>ε</span> <span class='ocrx_word' id='word_1_113' title='bbox 2722 1181 2819 1239; x_wconf 74' lang='grc' dir='ltr'><strong>8θά</strong></span> <span class='ocrx_word' id='word_1_114' title='bbox 2850 1198 2964 1240; x_wconf 89' lang='lat' dir='ltr'><strong>non</strong></span> <span class='ocrx_word' id='word_1_115' title='bbox 2994 1192 3078 1240; x_wconf 71' lang='grc' dir='ltr'><strong>εει</strong></span> <span class='ocrx_word' id='word_1_116' title='bbox 3117 1184 3349 1241; x_wconf 89' lang='lat' dir='ltr'><strong>credere</strong></span> <span class='ocrx_word' id='word_1_117' title='bbox 3378 1194 3650 1243; x_wconf 90' lang='lat' dir='ltr'><strong>vestrum.</strong></span> 
     </span>
    </p>
   </div>
   <div class='ocr_carea' id='block_1_24' title="bbox 1567 1284 2407 1353">
    <p class='ocr_par' dir='ltr' id='par_1_24' title="bbox 1567 1284 2407 1353">
     <span class='ocr_line' id='line_1_24' title="bbox 1567 1284 2407 1353; baseline 0.014 -12"><span class='ocrx_word' id='word_1_118' title='bbox 1567 1284 1865 1344; x_wconf 86' lang='lat' dir='ltr'><strong>LECTION</strong></span> <span class='ocrx_word' id='word_1_119' title='bbox 1871 1287 1954 1346; x_wconf 83' lang='lat' dir='ltr'><strong>ES</strong></span> <span class='ocrx_word' id='word_1_120' title='bbox 1990 1288 2407 1353; x_wconf 79' lang='lat' dir='ltr'><strong>VARIANTES.</strong></span> 
     </span>
    </p>
   </div>
   <div class='ocr_carea' id='block_1_25' title="bbox 422 1376 1947 1447">
    <p class='ocr_par' dir='ltr' id='par_1_25' title="bbox 422 1376 1947 1447">
     <span class='ocr_line' id='line_1_25' title="bbox 422 1376 1947 1447; baseline 0.001 -14"><span class='ocrx_word' id='word_1_121' title='bbox 422 1376 553 1434; x_wconf 85' lang='lat'><strong>695.</strong></span> <span class='ocrx_word' id='word_1_122' title='bbox 579 1376 767 1443; x_wconf 88' lang='lat' dir='ltr'><strong>Rom.,</strong></span> <span class='ocrx_word' id='word_1_123' title='bbox 803 1378 1054 1446; x_wconf 87' lang='lat' dir='ltr'><strong>retonde;</strong></span> <span class='ocrx_word' id='word_1_124' title='bbox 1099 1378 1367 1444; x_wconf 82' lang='lat' dir='ltr'><strong>Relmst.,</strong></span> <span class='ocrx_word' id='word_1_125' title='bbox 1414 1379 1677 1447; x_wconf 86' lang='lat' dir='ltr'><strong>reconde;</strong></span> <span class='ocrx_word' id='word_1_126' title='bbox 1721 1381 1817 1437; x_wconf 88' lang='lat' dir='ltr'><strong>alii</strong></span> <span class='ocrx_word' id='word_1_127' title='bbox 1861 1397 1947 1435; x_wconf 83' lang='lat' dir='ltr'><strong>re-</strong></span> 
     </span>
    </p>
   </div>
   <div class='ocr_carea' id='block_1_26' title="bbox 352 1447 1947 1521">
    <p class='ocr_par' dir='ltr' id='par_1_26' title="bbox 352 1447 1947 1521">
     <span class='ocr_line' id='line_1_26' title="bbox 352 1447 1947 1521; baseline 0.003 -17"><span class='ocrx_word' id='word_1_128' title='bbox 352 1450 535 1521; x_wconf 78' lang='lat' dir='ltr'><strong>tunde.</strong></span> <span class='ocrx_word' id='word_1_129' title='bbox 564 1447 839 1504; x_wconf 84' lang='lat' dir='ltr'><strong>Reuschio</strong></span> <span class='ocrx_word' id='word_1_130' title='bbox 865 1451 1040 1521; x_wconf 85' lang='lat' dir='ltr'><strong>magis</strong></span> <span class='ocrx_word' id='word_1_131' title='bbox 1067 1451 1279 1507; x_wconf 84' lang='lat' dir='ltr'><strong>arridet</strong></span> <span class='ocrx_word' id='word_1_132' title='bbox 1304 1451 1521 1506; x_wconf 88' lang='lat' dir='ltr'><strong>retunde</strong></span> <span class='ocrx_word' id='word_1_133' title='bbox 1548 1465 1651 1521; x_wconf 87' lang='lat' dir='ltr'><strong>pro</strong></span> <span class='ocrx_word' id='word_1_134' title='bbox 1671 1453 1861 1509; x_wconf 90' lang='lat' dir='ltr'><strong>toude.</strong></span> <span class='ocrx_word' id='word_1_135' title='bbox 1888 1451 1947 1508; x_wconf 90' lang='lat' dir='ltr'><strong>ld</strong></span> 
     </span>
    </p>
   </div>
   <div class='ocr_carea' id='block_1_27' title="bbox 346 1520 1945 1588">
    <p class='ocr_par' dir='ltr' id='par_1_27' title="bbox 346 1520 1945 1588">
     <span class='ocr_line' id='line_1_27' title="bbox 346 1520 1945 1588; baseline 0.003 -14"><span class='ocrx_word' id='word_1_136' title='bbox 346 1520 578 1575; x_wconf 87' lang='lat' dir='ltr'><strong>verbum</strong></span> <span class='ocrx_word' id='word_1_137' title='bbox 610 1521 877 1575; x_wconf 89' lang='lat' dir='ltr'><strong>tribuitur</strong></span> <span class='ocrx_word' id='word_1_138' title='bbox 902 1520 1129 1588; x_wconf 89' lang='lat' dir='ltr'><strong>Plauto,</strong></span> <span class='ocrx_word' id='word_1_139' title='bbox 1170 1533 1227 1580; x_wconf 91' lang='lat' dir='ltr'><strong>et</strong></span> <span class='ocrx_word' id='word_1_140' title='bbox 1250 1532 1486 1577; x_wconf 85' lang='lat' dir='ltr'><strong>retousus</strong></span> <span class='ocrx_word' id='word_1_141' title='bbox 1511 1520 1755 1580; x_wconf 35' lang='lat' dir='ltr'><strong>a’Plinio</strong></span> <span class='ocrx_word' id='word_1_142' title='bbox 1782 1539 1945 1579; x_wconf 90' lang='lat' dir='ltr'><strong>usur-</strong></span> 
     </span>
    </p>
   </div>
   <div class='ocr_carea' id='block_1_28' title="bbox 2052 1378 3656 1458">
    <p class='ocr_par' dir='ltr' id='par_1_28' title="bbox 2052 1378 3656 1458">
     <span class='ocr_line' id='line_1_28' title="bbox 2052 1378 3656 1458; baseline 0.007 -17"><span class='ocrx_word' id='word_1_143' title='bbox 2052 1386 2260 1458; x_wconf 89' lang='lat' dir='ltr'><strong>busque</strong></span> <span class='ocrx_word' id='word_1_144' title='bbox 2289 1386 2412 1444; x_wconf 91' lang='lat' dir='ltr'><strong>aliis</strong></span> <span class='ocrx_word' id='word_1_145' title='bbox 2442 1389 2855 1458; x_wconf 84' lang='lat' dir='ltr'><strong>recentioribus,</strong></span> <span class='ocrx_word' id='word_1_146' title='bbox 2897 1408 3109 1449; x_wconf 86' lang='lat' dir='ltr'><strong>necnon</strong></span> <span class='ocrx_word' id='word_1_147' title='bbox 3139 1409 3212 1451; x_wconf 80' lang='lat' dir='ltr'><strong>ex</strong></span> <span class='ocrx_word' id='word_1_148' title='bbox 3261 1397 3512 1452; x_wconf 89' lang='lat' dir='ltr'><strong>versione</strong></span> <span class='ocrx_word' id='word_1_149' title='bbox 3545 1378 3656 1452; x_wconf 44' lang='lat' dir='ltr'><strong>C04</strong></span> 
     </span>
    </p>
   </div>
   <div class='ocr_carea' id='block_1_29' title="bbox 2093 1460 3659 1537">
    <p class='ocr_par' dir='ltr' id='par_1_29' title="bbox 2093 1460 3659 1537">
     <span class='ocr_line' id='line_1_29' title="bbox 2093 1460 3659 1537; baseline 0.008 -25"><span class='ocrx_word' id='word_1_150' title='bbox 2093 1466 2169 1524; x_wconf 88' lang='lat' dir='ltr'><strong>ta,</strong></span> <span class='ocrx_word' id='word_1_151' title='bbox 2200 1462 2434 1514; x_wconf 83' lang='lat' dir='ltr'><strong>Armeua</strong></span> <span class='ocrx_word' id='word_1_152' title='bbox 2465 1502 2504 1537; x_wconf 89' lang='lat'><strong>,_</strong></span> <span class='ocrx_word' id='word_1_153' title='bbox 2519 1460 2819 1537; x_wconf 75' lang='lat' dir='ltr'><strong>Saxonica,</strong></span> <span class='ocrx_word' id='word_1_154' title='bbox 2859 1462 3128 1529; x_wconf 84' lang='lat' dir='ltr'><strong>Arabica,</strong></span> <span class='ocrx_word' id='word_1_155' title='bbox 3171 1482 3235 1522; x_wconf 90' lang='lat' dir='ltr'><strong>ac</strong></span> <span class='ocrx_word' id='word_1_156' title='bbox 3278 1480 3544 1537; x_wconf 68' lang='lat' dir='ltr'><strong>praeterea</strong></span> <span class='ocrx_word' id='word_1_157' title='bbox 3587 1485 3659 1525; x_wconf 75' lang='lat' dir='ltr'><strong>ex</strong></span> 
     </span>
    </p>
   </div>
   <div class='ocr_carea' id='block_1_30' title="bbox 2100 1531 3656 1605">
    <p class='ocr_par' dir='ltr' id='par_1_30' title="bbox 2100 1531 3656 1605">
     <span class='ocr_line' id='line_1_30' title="bbox 2100 1531 3656 1605; baseline 0.006 -21"><span class='ocrx_word' id='word_1_158' title='bbox 2100 1531 3017 1605; x_wconf 60' lang='lat' dir='ltr'><strong>amasceno,__Pseudo-Athanasio</strong></span> <span class='ocrx_word' id='word_1_159' title='bbox 3040 1547 3230 1592; x_wconf 89' lang='lat' dir='ltr'><strong>contra</strong></span> <span class='ocrx_word' id='word_1_160' title='bbox 3263 1531 3452 1594; x_wconf 67' lang='lat' dir='ltr'><strong>Arium</strong></span> <span class='ocrx_word' id='word_1_161' title='bbox 3476 1582 3492 1605; x_wconf 85' lang='lat'><strong>,</strong></span> <span class='ocrx_word' id='word_1_162' title='bbox 3526 1538 3656 1594; x_wconf 83' lang='lat' dir='ltr'><strong>Vic-</strong></span> 
     </span>
    </p>
   </div>
   <div class='ocr_carea' id='block_1_31' title="bbox 346 1591 3654 1676">
    <p class='ocr_par' dir='ltr' id='par_1_31' title="bbox 346 1591 3654 1676">
     <span class='ocr_line' id='line_1_31' title="bbox 346 1591 3654 1676; baseline 0.007 -32"><span class='ocrx_word' id='word_1_163' title='bbox 346 1600 514 1664; x_wconf 82' lang='lat' dir='ltr'><strong>patur</strong></span> <span class='ocrx_word' id='word_1_164' title='bbox 541 1591 667 1676; x_wconf 79' lang='lat' dir='ltr'><strong>libr.</strong></span> <span class='ocrx_word' id='word_1_165' title='bbox 696 1606 830 1676; x_wconf 59' lang='lat' dir='ltr'><strong>xviii</strong></span> <span class='ocrx_word' id='word_1_166' title='bbox 855 1632 872 1676; x_wconf 54' lang='grc' dir='ltr'><em>τ</em></span> <span class='ocrx_word' id='word_1_167' title='bbox 901 1594 1241 1676; x_wconf 73' lang='lat' dir='ltr'><strong>cap_._l7,__de</strong></span> <span class='ocrx_word' id='word_1_168' title='bbox 1265 1605 1472 1664; x_wconf 89' lang='lat' dir='ltr'><strong>segete.</strong></span> <span class='ocrx_word' id='word_1_169' title='bbox 1500 1592 1636 1676; x_wconf 59' lang='lat' dir='ltr'><strong>Vitis</strong></span> <span class='ocrx_word' id='word_1_170' title='bbox 1666 1596 1943 1676; x_wconf 59' lang='lat' dir='ltr'><strong>tondetur,</strong></span> <span class='ocrx_word' id='word_1_171' title='bbox 1976 1591 2024 1652; x_wconf 87' lang='lat' dir='ltr'><strong>B</strong></span> <span class='ocrx_word' id='word_1_172' title='bbox 2048 1601 2235 1676; x_wconf 85' lang='lat' dir='ltr'><strong>l_0riuo</strong></span> <span class='ocrx_word' id='word_1_173' title='bbox 2277 1610 2344 1676; x_wconf 76' lang='lat' dir='ltr'><strong>et</strong></span> <span class='ocrx_word' id='word_1_174' title='bbox 2383 1591 2690 1676; x_wconf 61' lang='lat' dir='ltr'><strong>Hippolyto</strong></span> <span class='ocrx_word' id='word_1_175' title='bbox 2712 1646 2729 1671; x_wconf 92' lang='lat'><strong>,</strong></span> <span class='ocrx_word' id='word_1_176' title='bbox 2783 1606 2840 1659; x_wconf 89' lang='lat' dir='ltr'><strong>in</strong></span> <span class='ocrx_word' id='word_1_177' title='bbox 2893 1591 3185 1663; x_wconf 38' lang='lat' dir='ltr'><strong>Genesinf</strong></span> <span class='ocrx_word' id='word_1_178' title='bbox 3221 1591 3453 1665; x_wconf 52' lang='grc' dir='ltr'><strong>Α’ἑὲὸᾶἰὶ</strong></span> <span class='ocrx_word' id='word_1_179' title='bbox 3476 1591 3654 1665; x_wconf 54' lang='grc' dir='ltr'><strong>’11111ίο</strong></span> 
     </span>
    </p>
   </div>
   <div class='ocr_carea' id='block_1_32' title="bbox 345 1662 1940 1735">
    <p class='ocr_par' dir='ltr' id='par_1_32' title="bbox 345 1662 1940 1735">
     <span class='ocr_line' id='line_1_32' title="bbox 345 1662 1940 1735; baseline 0.003 -18"><span class='ocrx_word' id='word_1_180' title='bbox 345 1662 744 1735; x_wconf 73' lang='lat' dir='ltr'><strong>computatur.</strong></span> <span class='ocrx_word' id='word_1_181' title='bbox 770 1662 1097 1735; x_wconf 84' lang='lat' dir='ltr'><strong>Columella,</strong></span> <span class='ocrx_word' id='word_1_182' title='bbox 1142 1664 1269 1721; x_wconf 90' lang='lat' dir='ltr'><strong>libr.</strong></span> <span class='ocrx_word' id='word_1_183' title='bbox 1303 1662 1377 1728; x_wconf 79' lang='lat' dir='ltr'><strong>tv,</strong></span> <span class='ocrx_word' id='word_1_184' title='bbox 1410 1679 1531 1735; x_wconf 86' lang='lat' dir='ltr'><strong>cap.</strong></span> <span class='ocrx_word' id='word_1_185' title='bbox 1564 1664 1630 1718; x_wconf 76' lang='grc'><strong>21</strong></span> <span class='ocrx_word' id='word_1_186' title='bbox 1667 1685 1678 1720; x_wconf 91' lang='lat'><strong>:</strong></span> <span class='ocrx_word' id='word_1_187' title='bbox 1721 1666 1856 1722; x_wconf 86' lang='lat' dir='ltr'><strong>Vitis</strong></span> <span class='ocrx_word' id='word_1_188' title='bbox 1884 1668 1940 1721; x_wconf 86' lang='lat' dir='ltr'><strong>in</strong></span> 
     </span>
    </p>
   </div>
   <div class='ocr_carea' id='block_1_33' title="bbox 348 1733 1944 1806">
    <p class='ocr_par' dir='ltr' id='par_1_33' title="bbox 348 1733 1944 1806">
     <span class='ocr_line' id='line_1_33' title="bbox 348 1733 1944 1806; baseline 0.005 -21"><span class='ocrx_word' id='word_1_189' title='bbox 348 1734 589 1805; x_wconf 84' lang='lat' dir='ltr'><strong>pollicem</strong></span> <span class='ocrx_word' id='word_1_190' title='bbox 619 1733 911 1789; x_wconf 86' lang='lat' dir='ltr'><strong>tondeatur.</strong></span> <span class='ocrx_word' id='word_1_191' title='bbox 959 1734 1168 1790; x_wconf 84' lang='lat' dir='ltr'><strong>Plinius</strong></span> <span class='ocrx_word' id='word_1_192' title='bbox 1192 1778 1208 1801; x_wconf 90' lang='lat'><strong>,</strong></span> <span class='ocrx_word' id='word_1_193' title='bbox 1250 1735 1377 1791; x_wconf 88' lang='lat' dir='ltr'><strong>libr.</strong></span> <span class='ocrx_word' id='word_1_194' title='bbox 1407 1733 1498 1802; x_wconf 73' lang='lat' dir='ltr'><strong>xv,</strong></span> <span class='ocrx_word' id='word_1_195' title='bbox 1539 1750 1659 1806; x_wconf 86' lang='lat' dir='ltr'><strong>cap.</strong></span> <span class='ocrx_word' id='word_1_196' title='bbox 1696 1739 1722 1791; x_wconf 92' lang='grc'><strong>1</strong></span> <span class='ocrx_word' id='word_1_197' title='bbox 1756 1756 1769 1792; x_wconf 92' lang='lat'><strong>:</strong></span> <span class='ocrx_word' id='word_1_198' title='bbox 1803 1736 1944 1793; x_wconf 72' lang='lat' dir='ltr'><strong>Ulea:</strong></span> 
     </span>
    </p>
   </div>
   <div class='ocr_carea' id='block_1_34' title="bbox 347 1806 1939 1881">
    <p class='ocr_par' dir='ltr' id='par_1_34' title="bbox 347 1806 1939 1881">
     <span class='ocr_line' id='line_1_34' title="bbox 347 1806 1939 1881; baseline 0.003 -22"><span class='ocrx_word' id='word_1_199' title='bbox 347 1806 650 1881; x_wconf 72' lang='lat' dir='ltr'><strong>tondentur,</strong></span> <span class='ocrx_word' id='word_1_200' title='bbox 676 1822 793 1881; x_wconf 78' lang='lat' dir='ltr'><strong>cum</strong></span> <span class='ocrx_word' id='word_1_201' title='bbox 820 1815 870 1881; x_wconf 78' lang='lat' dir='ltr'><strong>et</strong></span> <span class='ocrx_word' id='word_1_202' title='bbox 894 1807 1037 1861; x_wconf 77' lang='lat' dir='ltr'><strong>nites.</strong></span> <span class='ocrx_word' id='word_1_203' title='bbox 1063 1806 1155 1864; x_wconf 82' lang='lat' dir='ltr'><strong>Sic</strong></span> <span class='ocrx_word' id='word_1_204' title='bbox 1184 1806 1461 1881; x_wconf 10' lang='lat' dir='ltr'><strong>tonsaﬁilea:</strong></span> <span class='ocrx_word' id='word_1_205' title='bbox 1480 1847 1496 1873; x_wconf 89' lang='lat'><strong>,</strong></span> <span class='ocrx_word' id='word_1_206' title='bbox 1522 1816 1676 1881; x_wconf 79' lang='lat' dir='ltr'><strong>tonsa</strong></span> <span class='ocrx_word' id='word_1_207' title='bbox 1698 1819 1899 1881; x_wconf 78' lang='lat' dir='ltr'><strong>myrtus</strong></span> <span class='ocrx_word' id='word_1_208' title='bbox 1923 1850 1939 1874; x_wconf 93' lang='lat'><strong>,</strong></span> 
     </span>
    </p>
   </div>
   <div class='ocr_carea' id='block_1_35' title="bbox 342 1876 1939 1948">
    <p class='ocr_par' dir='ltr' id='par_1_35' title="bbox 342 1876 1939 1948">
     <span class='ocr_line' id='line_1_35' title="bbox 342 1876 1939 1948; baseline 0.002 -15"><span class='ocrx_word' id='word_1_209' title='bbox 342 1887 400 1933; x_wconf 86' lang='lat' dir='ltr'><strong>et</strong></span> <span class='ocrx_word' id='word_1_210' title='bbox 430 1876 654 1933; x_wconf 81' lang='lat' dir='ltr'><strong>similia.</strong></span> <span class='ocrx_word' id='word_1_211' title='bbox 680 1877 737 1931; x_wconf 88' lang='lat' dir='ltr'><strong>In</strong></span> <span class='ocrx_word' id='word_1_212' title='bbox 768 1878 1036 1943; x_wconf 88' lang='lat' dir='ltr'><strong>scriptura</strong></span> <span class='ocrx_word' id='word_1_213' title='bbox 1065 1880 1342 1934; x_wconf 89' lang='lat' dir='ltr'><strong>communi</strong></span> <span class='ocrx_word' id='word_1_214' title='bbox 1365 1887 1421 1933; x_wconf 91' lang='lat' dir='ltr'><strong>et</strong></span> <span class='ocrx_word' id='word_1_215' title='bbox 1448 1879 1658 1948; x_wconf 89' lang='lat' dir='ltr'><strong>vulgata</strong></span> <span class='ocrx_word' id='word_1_216' title='bbox 1686 1876 1939 1936; x_wconf 58' lang='lat' dir='ltr'><strong>eu&#39;mdem</strong></span> 
     </span>
    </p>
   </div>
   <div class='ocr_carea' id='block_1_36' title="bbox 342 1948 1942 2020">
    <p class='ocr_par' dir='ltr' id='par_1_36' title="bbox 342 1948 1942 2020">
     <span class='ocr_line' id='line_1_36' title="bbox 342 1948 1942 2020; baseline 0.003 -17"><span class='ocrx_word' id='word_1_217' title='bbox 342 1962 571 2020; x_wconf 81' lang='lat' dir='ltr'><strong>sensum</strong></span> <span class='ocrx_word' id='word_1_218' title='bbox 604 1948 770 2004; x_wconf 84' lang='lat' dir='ltr'><strong>habet</strong></span> <span class='ocrx_word' id='word_1_219' title='bbox 792 1950 1009 2020; x_wconf 83' lang='lat' dir='ltr'><strong>retunde</strong></span> <span class='ocrx_word' id='word_1_220' title='bbox 1033 1966 1052 2005; x_wconf 91' lang='lat'><strong>:</strong></span> <span class='ocrx_word' id='word_1_221' title='bbox 1083 1958 1139 2005; x_wconf 93' lang='lat' dir='ltr'><strong>et</strong></span> <span class='ocrx_word' id='word_1_222' title='bbox 1160 1957 1426 2020; x_wconf 89' lang='lat' dir='ltr'><strong>quantum</strong></span> <span class='ocrx_word' id='word_1_223' title='bbox 1444 1950 1667 2018; x_wconf 84' lang='lat' dir='ltr'><strong>quidem</strong></span> <span class='ocrx_word' id='word_1_224' title='bbox 1694 1951 1763 2006; x_wconf 88' lang='lat' dir='ltr'><strong>ad</strong></span> <span class='ocrx_word' id='word_1_225' title='bbox 1788 1966 1942 2007; x_wconf 85' lang='lat' dir='ltr'><strong>scro-</strong></span> 
     </span>
    </p>
   </div>
   <div class='ocr_carea' id='block_1_37' title="bbox 344 2019 1941 2093">
    <p class='ocr_par' dir='ltr' id='par_1_37' title="bbox 344 2019 1941 2093">
     <span class='ocr_line' id='line_1_37' title="bbox 344 2019 1941 2093; baseline 0.002 -18"><span class='ocrx_word' id='word_1_226' title='bbox 344 2019 446 2075; x_wconf 85' lang='lat' dir='ltr'><strong>bes</strong></span> <span class='ocrx_word' id='word_1_227' title='bbox 500 2021 747 2093; x_wconf 71' lang='lat' dir='ltr'><strong>attinet,</strong></span> <span class='ocrx_word' id='word_1_228' title='bbox 775 2019 1110 2093; x_wconf 14' lang='lat' dir='ltr'><strong>dicidpotest</strong></span> <span class='ocrx_word' id='word_1_229' title='bbox 1156 2019 1320 2076; x_wconf 88' lang='lat' dir='ltr'><strong>vitem</strong></span> <span class='ocrx_word' id='word_1_230' title='bbox 1357 2021 1613 2093; x_wconf 71' lang='lat' dir='ltr'><strong>retundi,</strong></span> <span class='ocrx_word' id='word_1_231' title='bbox 1647 2037 1770 2077; x_wconf 92' lang='lat' dir='ltr'><strong>cum</strong></span> <span class='ocrx_word' id='word_1_232' title='bbox 1816 2039 1941 2093; x_wconf 90' lang='lat' dir='ltr'><strong>pro-</strong></span> 
     </span>
    </p>
   </div>
   <div class='ocr_carea' id='block_1_38' title="bbox 341 2091 1941 2163">
    <p class='ocr_par' dir='ltr' id='par_1_38' title="bbox 341 2091 1941 2163">
     <span class='ocr_line' id='line_1_38' title="bbox 341 2091 1941 2163; baseline 0.001 -16"><span class='ocrx_word' id='word_1_233' title='bbox 341 2092 627 2147; x_wconf 74' lang='lat' dir='ltr'><strong>sternitur.</strong></span> <span class='ocrx_word' id='word_1_234' title='bbox 657 2091 978 2159; x_wconf 86' lang='lat' dir='ltr'><strong>Columella,</strong></span> <span class='ocrx_word' id='word_1_235' title='bbox 1005 2092 1129 2150; x_wconf 83' lang='lat' dir='ltr'><strong>libr.</strong></span> <span class='ocrx_word' id='word_1_236' title='bbox 1157 2108 1230 2161; x_wconf 84' lang='lat' dir='ltr'><strong>tv,</strong></span> <span class='ocrx_word' id='word_1_237' title='bbox 1258 2108 1379 2155; x_wconf 91' lang='lat' dir='ltr'><strong>cap.</strong></span> <span class='ocrx_word' id='word_1_238' title='bbox 1402 2092 1473 2163; x_wconf 41' lang='lat'><strong>4.:</strong></span> <span class='ocrx_word' id='word_1_239' title='bbox 1508 2091 1676 2147; x_wconf 86' lang='lat' dir='ltr'><strong>Facto</strong></span> <span class='ocrx_word' id='word_1_240' title='bbox 1696 2096 1752 2147; x_wconf 88' lang='lat' dir='ltr'><strong>in</strong></span> <span class='ocrx_word' id='word_1_241' title='bbox 1778 2091 1941 2162; x_wconf 84' lang='lat' dir='ltr'><strong>pasti-</strong></span> 
     </span>
    </p>
   </div>
   <div class='ocr_carea' id='block_1_39' title="bbox 342 2162 1940 2234">
    <p class='ocr_par' dir='ltr' id='par_1_39' title="bbox 342 2162 1940 2234">
     <span class='ocr_line' id='line_1_39' title="bbox 342 2162 1940 2234; baseline 0.003 -18"><span class='ocrx_word' id='word_1_242' title='bbox 342 2172 469 2217; x_wconf 91' lang='lat' dir='ltr'><strong>nato</strong></span> <span class='ocrx_word' id='word_1_243' title='bbox 488 2162 699 2226; x_wconf 82' lang='lat' dir='ltr'><strong>scrobe.</strong></span> <span class='ocrx_word' id='word_1_244' title='bbox 733 2172 842 2217; x_wconf 87' lang='lat' dir='ltr'><strong>tota</strong></span> <span class='ocrx_word' id='word_1_245' title='bbox 884 2162 1000 2219; x_wconf 75' lang='lat' dir='ltr'><strong>ritis</strong></span> <span class='ocrx_word' id='word_1_246' title='bbox 1038 2181 1071 2217; x_wconf 88' lang='lat' dir='ltr'><strong>a</strong></span> <span class='ocrx_word' id='word_1_247' title='bbox 1115 2164 1287 2218; x_wconf 87' lang='lat' dir='ltr'><strong>media</strong></span> <span class='ocrx_word' id='word_1_248' title='bbox 1318 2164 1424 2234; x_wconf 81' lang='lat' dir='ltr'><strong>fere</strong></span> <span class='ocrx_word' id='word_1_249' title='bbox 1444 2162 1601 2233; x_wconf 81' lang='lat' dir='ltr'><strong>parte</strong></span> <span class='ocrx_word' id='word_1_250' title='bbox 1640 2164 1770 2219; x_wconf 85' lang='lat' dir='ltr'><strong>sulci</strong></span> <span class='ocrx_word' id='word_1_251' title='bbox 1817 2181 1940 2232; x_wconf 89' lang='lat' dir='ltr'><strong>pro-</strong></span> 
     </span>
    </p>
   </div>
   <div class='ocr_carea' id='block_1_40' title="bbox 341 2234 1940 2313">
    <p class='ocr_par' dir='ltr' id='par_1_40' title="bbox 341 2234 1940 2313">
     <span class='ocr_line' id='line_1_40' title="bbox 341 2234 1940 2313; baseline 0.003 -25"><span class='ocrx_word' id='word_1_252' title='bbox 341 2242 625 2313; x_wconf 78' lang='lat' dir='ltr'><strong>sternatur.</strong></span> <span class='ocrx_word' id='word_1_253' title='bbox 658 2234 938 2291; x_wconf 79' lang='lat' dir='ltr'><strong>Scrobibus</strong></span> <span class='ocrx_word' id='word_1_254' title='bbox 984 2236 1153 2290; x_wconf 78' lang='lat' dir='ltr'><strong>vineta</strong></span> <span class='ocrx_word' id='word_1_255' title='bbox 1198 2250 1428 2308; x_wconf 80' lang='lat' dir='ltr'><strong>premere</strong></span> <span class='ocrx_word' id='word_1_256' title='bbox 1467 2246 1554 2290; x_wconf 93' lang='lat' dir='ltr'><strong>est</strong></span> <span class='ocrx_word' id='word_1_257' title='bbox 1603 2235 1822 2305; x_wconf 81' lang='lat' dir='ltr'><strong>fodere,</strong></span> <span class='ocrx_word' id='word_1_258' title='bbox 1874 2253 1940 2293; x_wconf 86' lang='lat' dir='ltr'><strong>ac</strong></span> 
     </span>
    </p>
   </div>
   <div class='ocr_carea' id='block_1_41' title="bbox 343 2315 1281 2375">
    <p class='ocr_par' dir='ltr' id='par_1_41' title="bbox 343 2315 1281 2375">
     <span class='ocr_line' id='line_1_41' title="bbox 343 2315 1281 2375; baseline 0 -15"><span class='ocrx_word' id='word_1_259' title='bbox 343 2316 658 2375; x_wconf 74' lang='lat' dir='ltr'><strong>pastinare,</strong></span> <span class='ocrx_word' id='word_1_260' title='bbox 689 2321 785 2362; x_wconf 90' lang='lat' dir='ltr'><strong>seu</strong></span> <span class='ocrx_word' id='word_1_261' title='bbox 811 2318 1025 2362; x_wconf 82' lang='lat' dir='ltr'><strong>vertere</strong></span> <span class='ocrx_word' id='word_1_262' title='bbox 1054 2315 1281 2361; x_wconf 83' lang='lat' dir='ltr'><strong>terram.</strong></span> 
     </span>
    </p>
   </div>
   <div class='ocr_carea' id='block_1_42' title="bbox 412 2375 1937 2448">
    <p class='ocr_par' dir='ltr' id='par_1_42' title="bbox 412 2375 1937 2448">
     <span class='ocr_line' id='line_1_42' title="bbox 412 2375 1937 2448; baseline 0.002 -16"><span class='ocrx_word' id='word_1_263' title='bbox 412 2375 551 2433; x_wconf 82' lang='lat'><strong>698.</strong></span> <span class='ocrx_word' id='word_1_264' title='bbox 589 2377 719 2433; x_wconf 72' lang='lat' dir='ltr'><strong>Mss.</strong></span> <span class='ocrx_word' id='word_1_265' title='bbox 768 2378 940 2433; x_wconf 82' lang='lat' dir='ltr'><strong>nostri</strong></span> <span class='ocrx_word' id='word_1_266' title='bbox 966 2392 1160 2433; x_wconf 87' lang='lat' dir='ltr'><strong>omnes</strong></span> <span class='ocrx_word' id='word_1_267' title='bbox 1188 2392 1312 2433; x_wconf 92' lang='lat' dir='ltr'><strong>cum</strong></span> <span class='ocrx_word' id='word_1_268' title='bbox 1343 2376 1513 2431; x_wconf 90' lang='lat' dir='ltr'><strong>Torn.</strong></span> <span class='ocrx_word' id='word_1_269' title='bbox 1541 2393 1555 2431; x_wconf 93' lang='lat'><strong>:</strong></span> <span class='ocrx_word' id='word_1_270' title='bbox 1588 2376 1937 2448; x_wconf 71' lang='lat' dir='ltr'><strong>Exsequitur,</strong></span> 
     </span>
    </p>
   </div>
   <div class='ocr_carea' id='block_1_43' title="bbox 342 2447 1936 2519">
    <p class='ocr_par' dir='ltr' id='par_1_43' title="bbox 342 2447 1936 2519">
     <span class='ocr_line' id='line_1_43' title="bbox 342 2447 1936 2519; baseline 0.003 -17"><span class='ocrx_word' id='word_1_271' title='bbox 342 2447 700 2519; x_wconf 69' lang='lat' dir='ltr'><strong>dannansque</strong></span> <span class='ocrx_word' id='word_1_272' title='bbox 721 2448 817 2504; x_wconf 88' lang='lat' dir='ltr'><strong>sibi</strong></span> <span class='ocrx_word' id='word_1_273' title='bbox 838 2465 1092 2518; x_wconf 90' lang='lat' dir='ltr'><strong>responsa</strong></span> <span class='ocrx_word' id='word_1_274' title='bbox 1114 2457 1341 2519; x_wconf 73' lang='lat' dir='ltr'><strong>coercet,</strong></span> <span class='ocrx_word' id='word_1_275' title='bbox 1368 2449 1630 2503; x_wconf 87' lang='lat' dir='ltr'><strong>nimirum</strong></span> <span class='ocrx_word' id='word_1_276' title='bbox 1656 2453 1882 2518; x_wconf 78' lang='lat' dir='ltr'><strong>corrigit</strong></span> <span class='ocrx_word' id='word_1_277' title='bbox 1906 2468 1936 2507; x_wconf 90' lang='lat' dir='ltr'><strong>a</strong></span> 
     </span>
    </p>
   </div>
   <div class='ocr_carea' id='block_1_44' title="bbox 340 2518 1939 2590">
    <p class='ocr_par' dir='ltr' id='par_1_44' title="bbox 340 2518 1939 2590">
     <span class='ocr_line' id='line_1_44' title="bbox 340 2518 1939 2590; baseline 0.001 -15"><span class='ocrx_word' id='word_1_278' title='bbox 340 2533 404 2575; x_wconf 73' lang='lat' dir='ltr'><strong>se</strong></span> <span class='ocrx_word' id='word_1_279' title='bbox 435 2518 724 2586; x_wconf 79' lang='lat' dir='ltr'><strong>responsa.</strong></span> <span class='ocrx_word' id='word_1_280' title='bbox 748 2519 1002 2590; x_wconf 88' lang='lat' dir='ltr'><strong>Plerique</strong></span> <span class='ocrx_word' id='word_1_281' title='bbox 1028 2522 1157 2575; x_wconf 89' lang='lat' dir='ltr'><strong>editi</strong></span> <span class='ocrx_word' id='word_1_282' title='bbox 1186 2565 1200 2587; x_wconf 92' lang='lat'><strong>,</strong></span> <span class='ocrx_word' id='word_1_283' title='bbox 1236 2518 1550 2590; x_wconf 75' lang='lat' dir='ltr'><strong>Exsequitur</strong></span> <span class='ocrx_word' id='word_1_284' title='bbox 1570 2560 1585 2584; x_wconf 92' lang='lat'><strong>,</strong></span> <span class='ocrx_word' id='word_1_285' title='bbox 1618 2520 1766 2574; x_wconf 74' lang='lat' dir='ltr'><strong>dum</strong></span> <span class='ocrx_word' id='word_1_286' title='bbox 1789 2523 1939 2577; x_wconf 89' lang='lat' dir='ltr'><strong>dam-</strong></span> 
     </span>
    </p>
   </div>
   <div class='ocr_carea' id='block_1_45' title="bbox 338 2589 1938 2665">
    <p class='ocr_par' dir='ltr' id='par_1_45' title="bbox 338 2589 1938 2665">
     <span class='ocr_line' id='line_1_45' title="bbox 338 2589 1938 2665; baseline 0.003 -21"><span class='ocrx_word' id='word_1_287' title='bbox 338 2607 473 2645; x_wconf 75' lang='lat' dir='ltr'><strong>nans</strong></span> <span class='ocrx_word' id='word_1_288' title='bbox 494 2608 741 2665; x_wconf 84' lang='lat' dir='ltr'><strong>responsa</strong></span> <span class='ocrx_word' id='word_1_289' title='bbox 760 2590 1003 2665; x_wconf 66' lang='lat' dir='ltr'><strong>loquelae.</strong></span> <span class='ocrx_word' id='word_1_290' title='bbox 1020 2590 1416 2665; x_wconf 74' lang='lat' dir='ltr'><strong>Conjiciebam:</strong></span> <span class='ocrx_word' id='word_1_291' title='bbox 1438 2589 1771 2663; x_wconf 73' lang='lat' dir='ltr'><strong>Exsequitur,</strong></span> <span class='ocrx_word' id='word_1_292' title='bbox 1789 2592 1938 2648; x_wconf 85' lang='lat' dir='ltr'><strong>dam-</strong></span> 
     </span>
    </p>
   </div>
   <div class='ocr_carea' id='block_1_46' title="bbox 338 2661 1224 2733">
    <p class='ocr_par' dir='ltr' id='par_1_46' title="bbox 338 2661 1224 2733">
     <span class='ocr_line' id='line_1_46' title="bbox 338 2661 1224 2733; baseline 0.001 -17"><span class='ocrx_word' id='word_1_293' title='bbox 338 2672 534 2733; x_wconf 75' lang='lat' dir='ltr'><strong>natque</strong></span> <span class='ocrx_word' id='word_1_294' title='bbox 562 2661 672 2719; x_wconf 70' lang='lat' dir='ltr'><strong>sure</strong></span> <span class='ocrx_word' id='word_1_295' title='bbox 694 2661 948 2732; x_wconf 83' lang='lat' dir='ltr'><strong>responsa</strong></span> <span class='ocrx_word' id='word_1_296' title='bbox 985 2661 1224 2733; x_wconf 67' lang='lat' dir='ltr'><strong>loquelae.</strong></span> 
     </span>
    </p>
   </div>
   <div class='ocr_carea' id='block_1_47' title="bbox 414 2732 1937 2805">
    <p class='ocr_par' dir='ltr' id='par_1_47' title="bbox 414 2732 1937 2805">
     <span class='ocr_line' id='line_1_47' title="bbox 414 2732 1937 2805; baseline 0.003 -17"><span class='ocrx_word' id='word_1_297' title='bbox 414 2732 544 2792; x_wconf 72' lang='grc'>702.</span> <span class='ocrx_word' id='word_1_298' title='bbox 586 2735 793 2791; x_wconf 85' lang='lat' dir='ltr'><strong>Poelm.</strong></span> <span class='ocrx_word' id='word_1_299' title='bbox 820 2778 837 2802; x_wconf 88' lang='lat'><strong>,</strong></span> <span class='ocrx_word' id='word_1_300' title='bbox 873 2749 972 2805; x_wconf 91' lang='lat' dir='ltr'><strong>pro</strong></span> <span class='ocrx_word' id='word_1_301' title='bbox 1018 2732 1075 2789; x_wconf 33' lang='lat' dir='ltr'><strong>d’.</strong></span> <span class='ocrx_word' id='word_1_302' title='bbox 1108 2750 1194 2798; x_wconf 90' lang='lat' dir='ltr'><strong>s.,</strong></span> <span class='ocrx_word' id='word_1_303' title='bbox 1230 2732 1391 2805; x_wconf 79' lang='lat' dir='ltr'><strong>Fabr.</strong></span> <span class='ocrx_word' id='word_1_304' title='bbox 1426 2774 1442 2799; x_wconf 94' lang='lat'><strong>,</strong></span> <span class='ocrx_word' id='word_1_305' title='bbox 1482 2745 1597 2788; x_wconf 87' lang='lat' dir='ltr'><strong>uter</strong></span> <span class='ocrx_word' id='word_1_306' title='bbox 1648 2735 1854 2803; x_wconf 82' lang='lat' dir='ltr'><strong>potius;</strong></span> <span class='ocrx_word' id='word_1_307' title='bbox 1882 2738 1937 2793; x_wconf 91' lang='lat' dir='ltr'><strong>in</strong></span> 
     </span>
    </p>
   </div>
   <div class='ocr_carea' id='block_1_48' title="bbox 340 2804 1937 2880">
    <p class='ocr_par' dir='ltr' id='par_1_48' title="bbox 340 2804 1937 2880">
     <span class='ocr_line' id='line_1_48' title="bbox 340 2804 1937 2880; baseline 0.003 -21"><span class='ocrx_word' id='word_1_308' title='bbox 340 2812 496 2880; x_wconf 79' lang='lat' dir='ltr'><strong>textu</strong></span> <span class='ocrx_word' id='word_1_309' title='bbox 521 2819 641 2880; x_wconf 87' lang='lat' dir='ltr'><strong>cum</strong></span> <span class='ocrx_word' id='word_1_310' title='bbox 660 2804 909 2880; x_wconf 70' lang='lat' dir='ltr'><strong>caeteris,</strong></span> <span class='ocrx_word' id='word_1_311' title='bbox 941 2806 1056 2872; x_wconf 82' lang='lat' dir='ltr'><strong>quis</strong></span> <span class='ocrx_word' id='word_1_312' title='bbox 1076 2806 1267 2876; x_wconf 82' lang='lat' dir='ltr'><strong>potius.</strong></span> <span class='ocrx_word' id='word_1_313' title='bbox 1302 2804 1461 2860; x_wconf 88' lang='lat' dir='ltr'><strong>Rom.</strong></span> <span class='ocrx_word' id='word_1_314' title='bbox 1480 2846 1495 2872; x_wconf 93' lang='lat'><strong>,</strong></span> <span class='ocrx_word' id='word_1_315' title='bbox 1522 2818 1780 2877; x_wconf 88' lang='lat' dir='ltr'><strong>corrupte</strong></span> <span class='ocrx_word' id='word_1_316' title='bbox 1805 2848 1821 2875; x_wconf 98' lang='lat'><strong>,</strong></span> <span class='ocrx_word' id='word_1_317' title='bbox 1849 2826 1937 2880; x_wconf 81' lang='lat' dir='ltr'><strong>ge-</strong></span> 
     </span>
    </p>
   </div>
   <div class='ocr_carea' id='block_1_49' title="bbox 336 2879 1578 2950">
    <p class='ocr_par' dir='ltr' id='par_1_49' title="bbox 336 2879 1578 2950">
     <span class='ocr_line' id='line_1_49' title="bbox 336 2879 1578 2950; baseline 0.001 -19"><span class='ocrx_word' id='word_1_318' title='bbox 336 2879 525 2950; x_wconf 65' lang='lat' dir='ltr'><strong>nitoris</strong></span> <span class='ocrx_word' id='word_1_319' title='bbox 552 2879 1155 2950; x_wconf 67' lang='lat' dir='ltr'><strong>gloriamquesequatur.</strong></span> <span class='ocrx_word' id='word_1_320' title='bbox 1573 2906 1578 2911; x_wconf 91' lang='lat'><strong><em>-</em></strong></span> 
     </span>
    </p>
   </div>
   <div class='ocr_carea' id='block_1_50' title="bbox 2048 1670 3651 1746">
    <p class='ocr_par' dir='ltr' id='par_1_50' title="bbox 2048 1670 3651 1746">
     <span class='ocr_line' id='line_1_50' title="bbox 2048 1670 3651 1746; baseline 0.007 -22"><span class='ocrx_word' id='word_1_321' title='bbox 2048 1670 2904 1746; x_wconf 57' lang='lat' dir='ltr'><strong>Evangeliarium&#39;Tridentinunr</strong></span> <span class='ocrx_word' id='word_1_322' title='bbox 2925 1723 2939 1746; x_wconf 90' lang='lat'><strong>,</strong></span> <span class='ocrx_word' id='word_1_323' title='bbox 2974 1693 3119 1745; x_wconf 65' lang='lat' dir='ltr'><strong>sarpe</strong></span> <span class='ocrx_word' id='word_1_324' title='bbox 3150 1694 3180 1733; x_wconf 89' lang='lat' dir='ltr'><strong>a</strong></span> <span class='ocrx_word' id='word_1_325' title='bbox 3212 1695 3300 1735; x_wconf 90' lang='lat' dir='ltr'><strong>me</strong></span> <span class='ocrx_word' id='word_1_326' title='bbox 3350 1680 3651 1735; x_wconf 87' lang='lat' dir='ltr'><strong>laudatum.</strong></span> 
     </span>
    </p>
   </div>
   <div class='ocr_carea' id='block_1_51' title="bbox 2045 1740 3651 1814">
    <p class='ocr_par' dir='ltr' id='par_1_51' title="bbox 2045 1740 3651 1814">
     <span class='ocr_line' id='line_1_51' title="bbox 2045 1740 3651 1814; baseline 0.007 -19"><span class='ocrx_word' id='word_1_327' title='bbox 2045 1740 2285 1814; x_wconf 78' lang='lat' dir='ltr'><strong>Thomas</strong></span> <span class='ocrx_word' id='word_1_328' title='bbox 2312 1741 2666 1800; x_wconf 79' lang='lat' dir='ltr'><strong>Marescallus</strong></span> <span class='ocrx_word' id='word_1_329' title='bbox 2715 1740 3125 1814; x_wconf 79' lang='lat' dir='ltr'><strong>animadvertit,</strong></span> <span class='ocrx_word' id='word_1_330' title='bbox 3158 1749 3217 1805; x_wconf 91' lang='lat' dir='ltr'><strong>in</strong></span> <span class='ocrx_word' id='word_1_331' title='bbox 3247 1753 3503 1807; x_wconf 87' lang='lat' dir='ltr'><strong>versione</strong></span> <span class='ocrx_word' id='word_1_332' title='bbox 3534 1752 3651 1807; x_wconf 82' lang='lat' dir='ltr'><strong>An-</strong></span> 
     </span>
    </p>
   </div>
   <div class='ocr_carea' id='block_1_52' title="bbox 2041 1812 3650 1886">
    <p class='ocr_par' dir='ltr' id='par_1_52' title="bbox 2041 1812 3650 1886">
     <span class='ocr_line' id='line_1_52' title="bbox 2041 1812 3650 1886; baseline 0.007 -20"><span class='ocrx_word' id='word_1_333' title='bbox 2041 1812 2293 1883; x_wconf 76' lang='lat' dir='ltr'><strong>glo-Sax.</strong></span> <span class='ocrx_word' id='word_1_334' title='bbox 2344 1815 2491 1886; x_wconf 88' lang='lat' dir='ltr'><strong>legi:</strong></span> <span class='ocrx_word' id='word_1_335' title='bbox 2528 1815 2661 1870; x_wconf 87' lang='lat' dir='ltr'><strong>Tum</strong></span> <span class='ocrx_word' id='word_1_336' title='bbox 2685 1817 2924 1873; x_wconf 85' lang='lat' dir='ltr'><strong>dicebant</strong></span> <span class='ocrx_word' id='word_1_337' title='bbox 2965 1818 3047 1874; x_wconf 83' lang='lat' dir='ltr'><strong>illi</strong></span> <span class='ocrx_word' id='word_1_338' title='bbox 3072 1837 3090 1875; x_wconf 89' lang='lat'><strong>:</strong></span> <span class='ocrx_word' id='word_1_339' title='bbox 3114 1812 3411 1876; x_wconf 78' lang='lat' dir='ltr'><strong>Posterior.</strong></span> <span class='ocrx_word' id='word_1_340' title='bbox 3438 1822 3650 1878; x_wconf 88' lang='lat' dir='ltr'><strong>Omitto</strong></span> 
     </span>
    </p>
   </div>
   <div class='ocr_carea' id='block_1_53' title="bbox 2044 1885 3653 1964">
    <p class='ocr_par' dir='ltr' id='par_1_53' title="bbox 2044 1885 3653 1964">
     <span class='ocr_line' id='line_1_53' title="bbox 2044 1885 3653 1964; baseline 0.006 -25"><span class='ocrx_word' id='word_1_341' title='bbox 2044 1886 2364 1964; x_wconf 69' lang='lat' dir='ltr'><strong>versiones,</strong></span> <span class='ocrx_word' id='word_1_342' title='bbox 2412 1885 2748 1964; x_wconf 38' lang='lat' dir='ltr'><strong>’Arabicam_</strong></span> <span class='ocrx_word' id='word_1_343' title='bbox 2768 1889 2821 1943; x_wconf 89' lang='lat' dir='ltr'><strong>in</strong></span> <span class='ocrx_word' id='word_1_344' title='bbox 2878 1892 3163 1964; x_wconf 81' lang='lat' dir='ltr'><strong>nonnullis</strong></span> <span class='ocrx_word' id='word_1_345' title='bbox 3184 1962 3195 1964; x_wconf 75' lang='lat'><strong><em>_</em></strong></span> <span class='ocrx_word' id='word_1_346' title='bbox 3213 1893 3620 1964; x_wconf 79' lang='lat' dir='ltr'><strong>exemplaribus</strong></span> <span class='ocrx_word' id='word_1_347' title='bbox 3635 1935 3653 1959; x_wconf 94' lang='lat'><strong>,</strong></span> 
     </span>
    </p>
   </div>
   <div class='ocr_carea' id='block_1_54' title="bbox 2043 1954 3654 2028">
    <p class='ocr_par' dir='ltr' id='par_1_54' title="bbox 2043 1954 3654 2028">
     <span class='ocr_line' id='line_1_54' title="bbox 2043 1954 3654 2028; baseline 0.006 -18"><span class='ocrx_word' id='word_1_348' title='bbox 2043 1965 2099 2010; x_wconf 91' lang='lat' dir='ltr'><strong>et</strong></span> <span class='ocrx_word' id='word_1_349' title='bbox 2126 1954 2524 2028; x_wconf 67' lang='lat' dir='ltr'><strong>Egyptiacam,</strong></span> <span class='ocrx_word' id='word_1_350' title='bbox 2557 1958 2610 2013; x_wconf 92' lang='lat' dir='ltr'><strong>iu</strong></span> <span class='ocrx_word' id='word_1_351' title='bbox 2640 1959 2836 2028; x_wconf 88' lang='lat' dir='ltr'><strong>quibus</strong></span> <span class='ocrx_word' id='word_1_352' title='bbox 2878 1962 3037 2016; x_wconf 91' lang='lat' dir='ltr'><strong>unius</strong></span> <span class='ocrx_word' id='word_1_353' title='bbox 3063 1971 3119 2017; x_wconf 91' lang='lat' dir='ltr'><strong>et</strong></span> <span class='ocrx_word' id='word_1_354' title='bbox 3148 1954 3391 2019; x_wconf 65' lang='lat' dir='ltr'><strong>alterius&#39;</strong></span> <span class='ocrx_word' id='word_1_355' title='bbox 3420 1963 3517 2019; x_wconf 86' lang='lat' dir='ltr'><strong>filii</strong></span> <span class='ocrx_word' id='word_1_356' title='bbox 3564 1954 3654 2019; x_wconf 52' lang='lat' dir='ltr'><strong>in;</strong></span> 
     </span>
    </p>
   </div>
   <div class='ocr_carea' id='block_1_55' title="bbox 2043 2028 3647 2098">
    <p class='ocr_par' dir='ltr' id='par_1_55' title="bbox 2043 2028 3647 2098">
     <span class='ocr_line' id='line_1_55' title="bbox 2043 2028 3647 2098; baseline 0.006 -17"><span class='ocrx_word' id='word_1_357' title='bbox 2043 2028 2273 2082; x_wconf 79' lang='lat' dir='ltr'><strong>vertitur</strong></span> <span class='ocrx_word' id='word_1_358' title='bbox 2302 2029 2586 2098; x_wconf 88' lang='lat' dir='ltr'><strong>responsio</strong></span> <span class='ocrx_word' id='word_1_359' title='bbox 2613 2071 2628 2095; x_wconf 91' lang='lat'><strong>,</strong></span> <span class='ocrx_word' id='word_1_360' title='bbox 2657 2029 2903 2095; x_wconf 82' lang='lat' dir='ltr'><strong>adeoque</strong></span> <span class='ocrx_word' id='word_1_361' title='bbox 2924 2033 3124 2088; x_wconf 91' lang='lat' dir='ltr'><strong>mirum</strong></span> <span class='ocrx_word' id='word_1_362' title='bbox 3149 2050 3257 2089; x_wconf 89' lang='lat' dir='ltr'><strong>non</strong></span> <span class='ocrx_word' id='word_1_363' title='bbox 3287 2043 3403 2098; x_wconf 87' lang='lat' dir='ltr'><strong>est,</strong></span> <span class='ocrx_word' id='word_1_364' title='bbox 3435 2034 3647 2092; x_wconf 87' lang='lat' dir='ltr'><strong>laudari</strong></span> 
     </span>
    </p>
   </div>
   <div class='ocr_carea' id='block_1_56' title="bbox 2042 2101 3648 2175">
    <p class='ocr_par' dir='ltr' id='par_1_56' title="bbox 2042 2101 3648 2175">
     <span class='ocr_line' id='line_1_56' title="bbox 2042 2101 3648 2175; baseline 0.006 -24"><span class='ocrx_word' id='word_1_365' title='bbox 2042 2112 2368 2175; x_wconf 78' lang='lat' dir='ltr'><strong>responsum</strong></span> <span class='ocrx_word' id='word_1_366' title='bbox 2401 2101 2746 2175; x_wconf 80' lang='lat' dir='ltr'><strong>posterioris.</strong></span> <span class='ocrx_word' id='word_1_367' title='bbox 2776 2101 2918 2175; x_wconf 86' lang='lat' dir='ltr'><strong>_Mss.</strong></span> <span class='ocrx_word' id='word_1_368' title='bbox 2966 2104 3173 2161; x_wconf 87' lang='lat' dir='ltr'><strong>Latinis</strong></span> <span class='ocrx_word' id='word_1_369' title='bbox 3226 2106 3507 2175; x_wconf 84' lang='lat' dir='ltr'><strong>plerisque</strong></span> <span class='ocrx_word' id='word_1_370' title='bbox 3537 2146 3554 2171; x_wconf 94' lang='lat'><strong>,</strong></span> <span class='ocrx_word' id='word_1_371' title='bbox 3590 2108 3648 2161; x_wconf 92' lang='lat' dir='ltr'><strong>in</strong></span> 
     </span>
    </p>
   </div>
   <div class='ocr_carea' id='block_1_57' title="bbox 2043 2169 3651 2240">
    <p class='ocr_par' dir='ltr' id='par_1_57' title="bbox 2043 2169 3651 2240">
     <span class='ocr_line' id='line_1_57' title="bbox 2043 2169 3651 2240; baseline 0.007 -19"><span class='ocrx_word' id='word_1_372' title='bbox 2043 2169 2240 2232; x_wconf 88' lang='lat' dir='ltr'><strong>quibus</strong></span> <span class='ocrx_word' id='word_1_373' title='bbox 2276 2169 2414 2225; x_wconf 76' lang='lat' dir='ltr'><strong>sine</strong></span> <span class='ocrx_word' id='word_1_374' title='bbox 2445 2170 2554 2225; x_wconf 84' lang='lat' dir='ltr'><strong>ulla</strong></span> <span class='ocrx_word' id='word_1_375' title='bbox 2588 2173 3004 2240; x_wconf 88' lang='lat' dir='ltr'><strong>perturbatione</strong></span> <span class='ocrx_word' id='word_1_376' title='bbox 3057 2169 3457 2231; x_wconf 62' lang='lat' dir='ltr'><strong>versiculorum</strong></span> <span class='ocrx_word' id='word_1_377' title='bbox 3488 2169 3560 2233; x_wconf 68' lang='lat'><strong>29</strong></span> <span class='ocrx_word' id='word_1_378' title='bbox 3588 2187 3651 2233; x_wconf 87' lang='lat' dir='ltr'><strong>et</strong></span> 
     </span>
    </p>
   </div>
   <div class='ocr_carea' id='block_1_58' title="bbox 2041 2240 3647 2312">
    <p class='ocr_par' dir='ltr' id='par_1_58' title="bbox 2041 2240 3647 2312">
     <span class='ocr_line' id='line_1_58' title="bbox 2041 2240 3647 2312; baseline 0.006 -17"><span class='ocrx_word' id='word_1_379' title='bbox 2041 2240 2131 2304; x_wconf 80' lang='grc'><strong>50,</strong></span> <span class='ocrx_word' id='word_1_380' title='bbox 2160 2251 2472 2312; x_wconf 75' lang='lat' dir='ltr'><strong>constanter</strong></span> <span class='ocrx_word' id='word_1_381' title='bbox 2501 2242 2750 2299; x_wconf 89' lang='lat' dir='ltr'><strong>subditur</strong></span> <span class='ocrx_word' id='word_1_382' title='bbox 2773 2286 2788 2311; x_wconf 87' lang='lat'><strong>,</strong></span> <span class='ocrx_word' id='word_1_383' title='bbox 2823 2244 3016 2300; x_wconf 87' lang='lat' dir='ltr'><strong>Dicunt</strong></span> <span class='ocrx_word' id='word_1_384' title='bbox 3046 2248 3093 2301; x_wconf 89' lang='lat' dir='ltr'><strong>ei</strong></span> <span class='ocrx_word' id='word_1_385' title='bbox 3116 2287 3131 2310; x_wconf 93' lang='lat'><strong>,</strong></span> <span class='ocrx_word' id='word_1_386' title='bbox 3182 2245 3512 2302; x_wconf 80' lang='lat' dir='ltr'><strong>Nouissimas</strong></span> <span class='ocrx_word' id='word_1_387' title='bbox 3533 2289 3549 2312; x_wconf 94' lang='lat'><strong>,</strong></span> <span class='ocrx_word' id='word_1_388' title='bbox 3584 2257 3647 2304; x_wconf 84' lang='lat' dir='ltr'><strong>et</strong></span> 
     </span>
    </p>
   </div>
   <div class='ocr_carea' id='block_1_59' title="bbox 2042 2311 3638 2389">
    <p class='ocr_par' dir='ltr' id='par_1_59' title="bbox 2042 2311 3638 2389">
     <span class='ocr_line' id='line_1_59' title="bbox 2042 2311 3638 2389; baseline 0.006 -24"><span class='ocrx_word' id='word_1_389' title='bbox 2042 2326 2151 2389; x_wconf 71' lang='lat' dir='ltr'><strong>non</strong></span> <span class='ocrx_word' id='word_1_390' title='bbox 2176 2311 2409 2389; x_wconf 66' lang='lat' dir='ltr'><strong>Primus,</strong></span> <span class='ocrx_word' id='word_1_391' title='bbox 2446 2312 2784 2389; x_wconf 69' lang='lat' dir='ltr'><strong>Sabatierius</strong></span> <span class='ocrx_word' id='word_1_392' title='bbox 2825 2316 3072 2386; x_wconf 85' lang='lat' dir='ltr'><strong>adjungit</strong></span> <span class='ocrx_word' id='word_1_393' title='bbox 3114 2317 3180 2389; x_wconf 12' lang='lat' dir='ltr'><strong>iS.</strong></span> <span class='ocrx_word' id='word_1_394' title='bbox 3218 2319 3582 2389; x_wconf 74' lang='lat' dir='ltr'><strong>Augusrinum</strong></span> <span class='ocrx_word' id='word_1_395' title='bbox 3621 2364 3638 2388; x_wconf 90' lang='lat'><strong>,</strong></span> 
     </span>
    </p>
   </div>
   <div class='ocr_carea' id='block_1_60' title="bbox 2040 2382 3643 2456">
    <p class='ocr_par' dir='ltr' id='par_1_60' title="bbox 2040 2382 3643 2456">
     <span class='ocr_line' id='line_1_60' title="bbox 2040 2382 3643 2456; baseline 0.005 -19"><span class='ocrx_word' id='word_1_396' title='bbox 2040 2382 2169 2456; x_wconf 75' lang='lat' dir='ltr'><strong>libr.</strong></span> <span class='ocrx_word' id='word_1_397' title='bbox 2193 2399 2235 2456; x_wconf 80' lang='lat' dir='ltr'><strong>_v</strong></span> <span class='ocrx_word' id='word_1_398' title='bbox 2272 2383 2505 2456; x_wconf 36' lang='lat' dir='ltr'><strong>Locut.)</strong></span> <span class='ocrx_word' id='word_1_399' title='bbox 2540 2394 2672 2441; x_wconf 88' lang='lat' dir='ltr'><strong>tom.</strong></span> <span class='ocrx_word' id='word_1_400' title='bbox 2697 2387 2752 2451; x_wconf 81' lang='lat'><strong>5,</strong></span> <span class='ocrx_word' id='word_1_401' title='bbox 2787 2382 2930 2456; x_wconf 77' lang='lat' dir='ltr'><strong>pari.</strong></span> <span class='ocrx_word' id='word_1_402' title='bbox 2968 2382 3152 2450; x_wconf 67' lang='grc' dir='ltr'><strong>ιζοοι.</strong></span> <span class='ocrx_word' id='word_1_403' title='bbox 3179 2382 3328 2454; x_wconf 65' lang='grc' dir='ltr'><strong>568ξ</strong></span> <span class='ocrx_word' id='word_1_404' title='bbox 3363 2400 3414 2444; x_wconf 90' lang='lat' dir='ltr'><strong>et</strong></span> <span class='ocrx_word' id='word_1_405' title='bbox 3437 2382 3643 2445; x_wconf 80' lang='lat' dir='ltr'><strong>clarius</strong></span> 
     </span>
    </p>
   </div>
   <div class='ocr_carea' id='block_1_61' title="bbox 2039 2452 3639 2533">
    <p class='ocr_par' dir='ltr' id='par_1_61' title="bbox 2039 2452 3639 2533">
     <span class='ocr_line' id='line_1_61' title="bbox 2039 2452 3639 2533; baseline 0.005 -24"><span class='ocrx_word' id='word_1_406' title='bbox 2039 2452 2326 2519; x_wconf 82' lang='lat' dir='ltr'><strong>Hilarium,</strong></span> <span class='ocrx_word' id='word_1_407' title='bbox 2360 2456 2411 2508; x_wconf 91' lang='lat' dir='ltr'><strong>in</strong></span> <span class='ocrx_word' id='word_1_408' title='bbox 2439 2452 2805 2533; x_wconf 53' lang='lat' dir='ltr'><strong>Comment._:</strong></span> <span class='ocrx_word' id='word_1_409' title='bbox 2845 2459 2948 2533; x_wconf 73' lang='lat' dir='ltr'><strong>col.</strong></span> <span class='ocrx_word' id='word_1_410' title='bbox 2981 2459 3107 2513; x_wconf 89' lang='lat' dir='ltr'><strong>7l6.</strong></span> <span class='ocrx_word' id='word_1_411' title='bbox 3153 2458 3212 2515; x_wconf 90' lang='lat' dir='ltr'><strong>S.</strong></span> <span class='ocrx_word' id='word_1_412' title='bbox 3268 2452 3639 2533; x_wconf 79' lang='lat' dir='ltr'><strong>Hieronymus</strong></span> 
     </span>
    </p>
   </div>
   <div class='ocr_carea' id='block_1_62' title="bbox 2012 2524 3639 2600">
    <p class='ocr_par' dir='ltr' id='par_1_62' title="bbox 2012 2524 3639 2600">
     <span class='ocr_line' id='line_1_62' title="bbox 2012 2524 3639 2600; baseline 0.006 -23"><span class='ocrx_word' id='word_1_413' title='bbox 2012 2534 2355 2600; x_wconf 57' lang='lat' dir='ltr'><strong>agnoverat</strong></span> <span class='ocrx_word' id='word_1_414' title='bbox 2380 2524 2544 2581; x_wconf 86' lang='lat' dir='ltr'><strong>etiam</strong></span> <span class='ocrx_word' id='word_1_415' title='bbox 2589 2527 2730 2600; x_wconf 88' lang='lat' dir='ltr'><strong>hanc</strong></span> <span class='ocrx_word' id='word_1_416' title='bbox 2757 2527 3082 2596; x_wconf 89' lang='lat' dir='ltr'><strong>lectionem,</strong></span> <span class='ocrx_word' id='word_1_417' title='bbox 3113 2532 3367 2600; x_wconf 86' lang='lat' dir='ltr'><strong>quamvis</strong></span> <span class='ocrx_word' id='word_1_418' title='bbox 3415 2524 3639 2587; x_wconf 63' lang='lat' dir='ltr'><strong>iu&#39;aliis</strong></span> 
     </span>
    </p>
   </div>
   <div class='ocr_carea' id='block_1_63' title="bbox 2038 2596 3635 2669">
    <p class='ocr_par' dir='ltr' id='par_1_63' title="bbox 2038 2596 3635 2669">
     <span class='ocr_line' id='line_1_63' title="bbox 2038 2596 3635 2669; baseline 0.003 -18"><span class='ocrx_word' id='word_1_419' title='bbox 2038 2596 2445 2669; x_wconf 76' lang='lat' dir='ltr'><strong>exemplaribus</strong></span> <span class='ocrx_word' id='word_1_420' title='bbox 2468 2642 2485 2664; x_wconf 91' lang='lat'><strong>,</strong></span> <span class='ocrx_word' id='word_1_421' title='bbox 2518 2613 2641 2669; x_wconf 64' lang='lat' dir='ltr'><strong>qua:</strong></span> <span class='ocrx_word' id='word_1_422' title='bbox 2662 2599 2787 2669; x_wconf 78' lang='lat' dir='ltr'><strong>ipse</strong></span> <span class='ocrx_word' id='word_1_423' title='bbox 2833 2614 2961 2654; x_wconf 89' lang='lat' dir='ltr'><strong>vera</strong></span> <span class='ocrx_word' id='word_1_424' title='bbox 2990 2596 3146 2655; x_wconf 77' lang='lat' dir='ltr'><strong>Vocat</strong></span> <span class='ocrx_word' id='word_1_425' title='bbox 3169 2641 3184 2664; x_wconf 95' lang='lat'><strong>,</strong></span> <span class='ocrx_word' id='word_1_426' title='bbox 3232 2602 3394 2655; x_wconf 86' lang='lat' dir='ltr'><strong>aliter</strong></span> <span class='ocrx_word' id='word_1_427' title='bbox 3420 2601 3523 2669; x_wconf 81' lang='lat' dir='ltr'><strong>legi</strong></span> <span class='ocrx_word' id='word_1_428' title='bbox 3551 2616 3635 2656; x_wconf 88' lang='lat' dir='ltr'><strong>as-</strong></span> 
     </span>
    </p>
   </div>
   <div class='ocr_carea' id='block_1_64' title="bbox 2037 2667 3639 2739">
    <p class='ocr_par' dir='ltr' id='par_1_64' title="bbox 2037 2667 3639 2739">
     <span class='ocr_line' id='line_1_64' title="bbox 2037 2667 3639 2739; baseline 0.001 -16"><span class='ocrx_word' id='word_1_429' title='bbox 2037 2676 2187 2739; x_wconf 80' lang='lat' dir='ltr'><strong>serat</strong></span> <span class='ocrx_word' id='word_1_430' title='bbox 2204 2667 2513 2723; x_wconf 88' lang='lat' dir='ltr'><strong>Comment.</strong></span> <span class='ocrx_word' id='word_1_431' title='bbox 2544 2669 2597 2723; x_wconf 90' lang='lat' dir='ltr'><strong>iu</strong></span> <span class='ocrx_word' id='word_1_432' title='bbox 2627 2667 2818 2723; x_wconf 74' lang='lat' dir='ltr'><strong>Matth.</strong></span> <span class='ocrx_word' id='word_1_433' title='bbox 2837 2711 2855 2735; x_wconf 93' lang='lat'><strong>,</strong></span> <span class='ocrx_word' id='word_1_434' title='bbox 2886 2680 3022 2725; x_wconf 91' lang='lat' dir='ltr'><strong>tom.</strong></span> <span class='ocrx_word' id='word_1_435' title='bbox 3049 2670 3112 2725; x_wconf 84' lang='lat' dir='ltr'><strong>IV</strong></span> <span class='ocrx_word' id='word_1_436' title='bbox 3133 2710 3148 2735; x_wconf 92' lang='lat'><strong>,</strong></span> <span class='ocrx_word' id='word_1_437' title='bbox 3171 2671 3278 2725; x_wconf 90' lang='lat' dir='ltr'><strong>col.</strong></span> <span class='ocrx_word' id='word_1_438' title='bbox 3306 2671 3403 2727; x_wconf 90' lang='grc'><strong>101</strong></span> <span class='ocrx_word' id='word_1_439' title='bbox 3433 2689 3447 2725; x_wconf 96' lang='lat'><strong>:</strong></span> <span class='ocrx_word' id='word_1_440' title='bbox 3476 2667 3639 2739; x_wconf 69' lang='lat' dir='ltr'><strong>Quod</strong></span> 
     </span>
    </p>
   </div>
   <div class='ocr_carea' id='block_1_65' title="bbox 2038 2737 3638 2811">
    <p class='ocr_par' dir='ltr' id='par_1_65' title="bbox 2038 2737 3638 2811">
     <span class='ocr_line' id='line_1_65' title="bbox 2038 2737 3638 2811; baseline 0.004 -20"><span class='ocrx_word' id='word_1_441' title='bbox 2038 2737 2229 2811; x_wconf 85' lang='lat' dir='ltr'><strong>dicitur</strong></span> <span class='ocrx_word' id='word_1_442' title='bbox 2259 2756 2276 2792; x_wconf 92' lang='lat'><strong>:</strong></span> <span class='ocrx_word' id='word_1_443' title='bbox 2310 2739 2528 2811; x_wconf 73' lang='lat' dir='ltr'><strong>Quisex</strong></span> <span class='ocrx_word' id='word_1_444' title='bbox 2576 2739 2775 2794; x_wconf 87' lang='lat' dir='ltr'><strong>duobus</strong></span> <span class='ocrx_word' id='word_1_445' title='bbox 2807 2742 2927 2811; x_wconf 78' lang='lat' dir='ltr'><strong>fecit</strong></span> <span class='ocrx_word' id='word_1_446' title='bbox 2977 2742 3296 2796; x_wconf 77' lang='lat' dir='ltr'><strong>uoluntatem</strong></span> <span class='ocrx_word' id='word_1_447' title='bbox 3347 2737 3547 2809; x_wconf 78' lang='lat' dir='ltr'><strong>patris,</strong></span> <span class='ocrx_word' id='word_1_448' title='bbox 3586 2753 3638 2798; x_wconf 86' lang='lat' dir='ltr'><strong>et</strong></span> 
     </span>
    </p>
   </div>
   <div class='ocr_carea' id='block_1_66' title="bbox 2035 2810 3640 2879">
    <p class='ocr_par' dir='ltr' id='par_1_66' title="bbox 2035 2810 3640 2879">
     <span class='ocr_line' id='line_1_66' title="bbox 2035 2810 3640 2879; baseline 0.002 -16"><span class='ocrx_word' id='word_1_449' title='bbox 2035 2810 2117 2864; x_wconf 83' lang='lat' dir='ltr'><strong>illi</strong></span> <span class='ocrx_word' id='word_1_450' title='bbox 2140 2812 2360 2865; x_wconf 88' lang='lat' dir='ltr'><strong>dicunt:</strong></span> <span class='ocrx_word' id='word_1_451' title='bbox 2397 2810 2721 2865; x_wconf 79' lang='lat' dir='ltr'><strong>Novissimus</strong></span> <span class='ocrx_word' id='word_1_452' title='bbox 2745 2827 2763 2875; x_wconf 87' lang='lat'><strong>;</strong></span> <span class='ocrx_word' id='word_1_453' title='bbox 2792 2810 3057 2867; x_wconf 77' lang='lat' dir='ltr'><strong>sciendum</strong></span> <span class='ocrx_word' id='word_1_454' title='bbox 3087 2822 3161 2868; x_wconf 88' lang='lat' dir='ltr'><strong>est</strong></span> <span class='ocrx_word' id='word_1_455' title='bbox 3185 2853 3201 2879; x_wconf 93' lang='lat'><strong>,</strong></span> <span class='ocrx_word' id='word_1_456' title='bbox 3232 2815 3286 2865; x_wconf 86' lang='lat' dir='ltr'><strong>in</strong></span> <span class='ocrx_word' id='word_1_457' title='bbox 3310 2815 3441 2868; x_wconf 80' lang='lat' dir='ltr'><strong>veris</strong></span> <span class='ocrx_word' id='word_1_458' title='bbox 3464 2830 3640 2869; x_wconf 75' lang='lat' dir='ltr'><strong>exem-</strong></span> 
     </span>
    </p>
   </div>
   <div class='ocr_carea' id='block_1_67' title="bbox 2038 2880 3639 2954">
    <p class='ocr_par' dir='ltr' id='par_1_67' title="bbox 2038 2880 3639 2954">
     <span class='ocr_line' id='line_1_67' title="bbox 2038 2880 3639 2954; baseline 0.002 -19"><span class='ocrx_word' id='word_1_459' title='bbox 2038 2881 2271 2948; x_wconf 88' lang='lat' dir='ltr'><strong>plaribus</strong></span> <span class='ocrx_word' id='word_1_460' title='bbox 2300 2897 2403 2935; x_wconf 89' lang='lat' dir='ltr'><strong>non</strong></span> <span class='ocrx_word' id='word_1_461' title='bbox 2430 2880 2609 2954; x_wconf 76' lang='lat' dir='ltr'><strong>haberi</strong></span> <span class='ocrx_word' id='word_1_462' title='bbox 2635 2897 2955 2938; x_wconf 74' lang='lat' dir='ltr'><strong>novissmuu</strong></span> <span class='ocrx_word' id='word_1_463' title='bbox 2973 2924 2990 2951; x_wconf 90' lang='lat'><strong>,</strong></span> <span class='ocrx_word' id='word_1_464' title='bbox 3023 2883 3115 2938; x_wconf 86' lang='lat' dir='ltr'><strong>sed</strong></span> <span class='ocrx_word' id='word_1_465' title='bbox 3142 2898 3345 2938; x_wconf 79' lang='lat' dir='ltr'><strong>PRIIUI</strong></span> <span class='ocrx_word' id='word_1_466' title='bbox 3364 2932 3378 2953; x_wconf 88' lang='lat'><strong>,</strong></span> <span class='ocrx_word' id='word_1_467' title='bbox 3413 2893 3472 2937; x_wconf 88' lang='lat' dir='ltr'><strong>ut</strong></span> <span class='ocrx_word' id='word_1_468' title='bbox 3516 2902 3639 2954; x_wconf 89' lang='lat' dir='ltr'><strong>pro-</strong></span> 
     </span>
    </p>
   </div>
   <div class='ocr_carea' id='block_1_68' title="bbox 424 2946 3640 3024">
    <p class='ocr_par' dir='ltr' id='par_1_68' title="bbox 424 2946 3640 3024">
     <span class='ocr_line' id='line_1_68' title="bbox 424 2946 3640 3024; baseline 0.002 -22"><span class='ocrx_word' id='word_1_469' title='bbox 424 2946 571 3024; x_wconf 45' lang='lat'><strong>795.’</strong></span> <span class='ocrx_word' id='word_1_470' title='bbox 593 2948 728 3024; x_wconf 73' lang='lat' dir='ltr'><strong>Reg.</strong></span> <span class='ocrx_word' id='word_1_471' title='bbox 750 2990 765 3011; x_wconf 92' lang='lat'><strong>,</strong></span> <span class='ocrx_word' id='word_1_472' title='bbox 784 2946 908 3003; x_wconf 77' lang='lat' dir='ltr'><strong>Olli</strong></span> <span class='ocrx_word' id='word_1_473' title='bbox 934 2946 1250 3004; x_wconf 85' lang='lat' dir='ltr'><strong>conlaudant</strong></span> <span class='ocrx_word' id='word_1_474' title='bbox 1280 2964 1581 3024; x_wconf 68' lang='lat' dir='ltr'><strong>responsum</strong></span> <span class='ocrx_word' id='word_1_475' title='bbox 1606 2951 1939 3024; x_wconf 85' lang='lat' dir='ltr'><strong>posterioris;</strong></span> <span class='ocrx_word' id='word_1_476' title='bbox 1966 2955 2013 3020; x_wconf 76' lang='grc' dir='ltr'>ο</span> <span class='ocrx_word' id='word_1_477' title='bbox 2040 2946 2160 3024; x_wconf 80' lang='lat' dir='ltr'><strong>prio</strong></span> <span class='ocrx_word' id='word_1_478' title='bbox 2180 2954 2389 3024; x_wconf 84' lang='lat' dir='ltr'><strong>judicio</strong></span> <span class='ocrx_word' id='word_1_479' title='bbox 2417 2953 2842 3009; x_wconf 85' lang='lat' dir='ltr'><strong>condemnentur.</strong></span> <span class='ocrx_word' id='word_1_480' title='bbox 2870 2954 2934 3009; x_wconf 85' lang='lat' dir='ltr'><strong>Si</strong></span> <span class='ocrx_word' id='word_1_481' title='bbox 2969 2946 3142 3009; x_wconf 81' lang='lat' dir='ltr'><strong>autem</strong></span> <span class='ocrx_word' id='word_1_482' title='bbox 3184 2946 3526 3011; x_wconf 50' lang='lat' dir='ltr'><strong>novissiuuu&#39;</strong></span> <span class='ocrx_word' id='word_1_483' title='bbox 3551 2970 3640 3009; x_wconf 78' lang='lat' dir='ltr'><strong>vo-</strong></span> 
     </span>
    </p>
   </div>
   <div class='ocr_carea' id='block_1_69' title="bbox 335 3018 1930 3088">
    <p class='ocr_par' dir='ltr' id='par_1_69' title="bbox 335 3018 1930 3088">
     <span class='ocr_line' id='line_1_69' title="bbox 335 3018 1930 3088; baseline 0.001 -13"><span class='ocrx_word' id='word_1_484' title='bbox 335 3019 421 3075; x_wconf 84' lang='lat' dir='ltr'><strong>sic</strong></span> <span class='ocrx_word' id='word_1_485' title='bbox 445 3018 560 3077; x_wconf 88' lang='lat' dir='ltr'><strong>Ott.</strong></span> <span class='ocrx_word' id='word_1_486' title='bbox 587 3061 602 3083; x_wconf 91' lang='lat'><strong>,</strong></span> <span class='ocrx_word' id='word_1_487' title='bbox 634 3021 728 3077; x_wconf 90' lang='lat' dir='ltr'><strong>sed</strong></span> <span class='ocrx_word' id='word_1_488' title='bbox 758 3036 1012 3088; x_wconf 85' lang='lat' dir='ltr'><strong>responsa</strong></span> <span class='ocrx_word' id='word_1_489' title='bbox 1038 3030 1225 3077; x_wconf 90' lang='lat' dir='ltr'><strong>contra</strong></span> <span class='ocrx_word' id='word_1_490' title='bbox 1258 3018 1513 3076; x_wconf 78' lang='lat' dir='ltr'><strong>metrum.</strong></span> <span class='ocrx_word' id='word_1_491' title='bbox 1548 3018 1708 3076; x_wconf 88' lang='lat' dir='ltr'><strong>Rom.</strong></span> <span class='ocrx_word' id='word_1_492' title='bbox 1727 3064 1741 3085; x_wconf 82' lang='lat'><strong>.</strong></span> <span class='ocrx_word' id='word_1_493' title='bbox 1775 3018 1930 3077; x_wconf 56' lang='lat' dir='ltr'><strong>siuti;</strong></span> 
     </span>
    </p>
   </div>
   <div class='ocr_carea' id='block_1_70' title="bbox 334 3088 1935 3163">
    <p class='ocr_par' dir='ltr' id='par_1_70' title="bbox 334 3088 1935 3163">
     <span class='ocr_line' id='line_1_70' title="bbox 334 3088 1935 3163; baseline 0.002 -18"><span class='ocrx_word' id='word_1_494' title='bbox 334 3089 502 3163; x_wconf 82' lang='lat' dir='ltr'><strong>liter;</strong></span> <span class='ocrx_word' id='word_1_495' title='bbox 537 3088 630 3146; x_wconf 82' lang='lat' dir='ltr'><strong>Illi</strong></span> <span class='ocrx_word' id='word_1_496' title='bbox 660 3091 960 3147; x_wconf 86' lang='lat' dir='ltr'><strong>collaudant</strong></span> <span class='ocrx_word' id='word_1_497' title='bbox 990 3107 1261 3163; x_wconf 86' lang='lat' dir='ltr'><strong>responsa</strong></span> <span class='ocrx_word' id='word_1_498' title='bbox 1310 3092 1628 3163; x_wconf 77' lang='lat' dir='ltr'><strong>posterioris.</strong></span> <span class='ocrx_word' id='word_1_499' title='bbox 1681 3092 1891 3148; x_wconf 87' lang='lat' dir='ltr'><strong>Poelm.</strong></span> <span class='ocrx_word' id='word_1_500' title='bbox 1919 3137 1935 3163; x_wconf 91' lang='lat'><strong>,</strong></span> 
     </span>
    </p>
   </div>
   <div class='ocr_carea' id='block_1_71' title="bbox 333 3160 1939 3229">
    <p class='ocr_par' dir='ltr' id='par_1_71' title="bbox 333 3160 1939 3229">
     <span class='ocr_line' id='line_1_71' title="bbox 333 3160 1939 3229; baseline 0.001 -12"><span class='ocrx_word' id='word_1_501' title='bbox 333 3161 391 3217; x_wconf 89' lang='lat' dir='ltr'><strong>in</strong></span> <span class='ocrx_word' id='word_1_502' title='bbox 409 3172 581 3229; x_wconf 79' lang='lat' dir='ltr'><strong>textu,</strong></span> <span class='ocrx_word' id='word_1_503' title='bbox 600 3162 879 3229; x_wconf 90' lang='lat' dir='ltr'><strong>Daventr.,</strong></span> <span class='ocrx_word' id='word_1_504' title='bbox 898 3162 1046 3224; x_wconf 73' lang='grc' dir='ltr'>Διά..</span> <span class='ocrx_word' id='word_1_505' title='bbox 1066 3160 1268 3217; x_wconf 82' lang='lat' dir='ltr'><strong>Hadam</strong></span> <span class='ocrx_word' id='word_1_506' title='bbox 1290 3181 1303 3216; x_wconf 91' lang='lat'><strong>:</strong></span> <span class='ocrx_word' id='word_1_507' title='bbox 1319 3160 1411 3216; x_wconf 88' lang='lat' dir='ltr'><strong>Illi</strong></span> <span class='ocrx_word' id='word_1_508' title='bbox 1425 3163 1845 3219; x_wconf 88' lang='lat' dir='ltr'><strong>collaudantnati</strong></span> <span class='ocrx_word' id='word_1_509' title='bbox 1857 3160 1939 3221; x_wconf 65' lang='lat' dir='ltr'><strong>rel</strong></span> 
     </span>
    </p>
   </div>
   <div class='ocr_carea' id='block_1_72' title="bbox 400 3233 1934 3303">
    <p class='ocr_par' dir='ltr' id='par_1_72' title="bbox 400 3233 1934 3303">
     <span class='ocr_line' id='line_1_72' title="bbox 400 3233 1934 3303; baseline 0.003 -16"><span class='ocrx_word' id='word_1_510' title='bbox 400 3250 530 3288; x_wconf 85' lang='lat' dir='ltr'><strong>ansa</strong></span> <span class='ocrx_word' id='word_1_511' title='bbox 541 3234 987 3303; x_wconf 90' lang='lat' dir='ltr'><strong>prioris.Poelm.,</strong></span> <span class='ocrx_word' id='word_1_512' title='bbox 1006 3233 1062 3289; x_wconf 90' lang='lat' dir='ltr'><strong>in</strong></span> <span class='ocrx_word' id='word_1_513' title='bbox 1076 3242 1246 3296; x_wconf 83' lang='lat' dir='ltr'><strong>textu,</strong></span> <span class='ocrx_word' id='word_1_514' title='bbox 1265 3234 1517 3288; x_wconf 85' lang='lat' dir='ltr'><strong>Daventr.</strong></span> <span class='ocrx_word' id='word_1_515' title='bbox 1530 3235 1934 3303; x_wconf 87' lang='lat' dir='ltr'><strong>,Ald.,Hadam:</strong></span> 
     </span>
    </p>
   </div>
   <div class='ocr_carea' id='block_1_73' title="bbox 368 3305 1934 3377">
    <p class='ocr_par' dir='ltr' id='par_1_73' title="bbox 368 3305 1934 3377">
     <span class='ocr_line' id='line_1_73' title="bbox 368 3305 1934 3377; baseline 0.004 -20"><span class='ocrx_word' id='word_1_516' title='bbox 368 3306 433 3377; x_wconf 72' lang='lat' dir='ltr'><strong>lli</strong></span> <span class='ocrx_word' id='word_1_517' title='bbox 447 3305 747 3360; x_wconf 86' lang='lat' dir='ltr'><strong>collaudant</strong></span> <span class='ocrx_word' id='word_1_518' title='bbox 760 3307 867 3360; x_wconf 87' lang='lat' dir='ltr'><strong>nati</strong></span> <span class='ocrx_word' id='word_1_519' title='bbox 880 3322 1124 3377; x_wconf 79' lang='lat' dir='ltr'><strong>responsa</strong></span> <span class='ocrx_word' id='word_1_520' title='bbox 1138 3306 1347 3375; x_wconf 83' lang='lat' dir='ltr'><strong>prioris.</strong></span> <span class='ocrx_word' id='word_1_521' title='bbox 1369 3305 1576 3377; x_wconf 67' lang='lat' dir='ltr'><strong>Poelru.</strong></span> <span class='ocrx_word' id='word_1_522' title='bbox 1590 3321 1710 3375; x_wconf 87' lang='lat' dir='ltr'><strong>,pro</strong></span> <span class='ocrx_word' id='word_1_523' title='bbox 1723 3308 1832 3361; x_wconf 93' lang='lat' dir='ltr'><strong>div.</strong></span> <span class='ocrx_word' id='word_1_524' title='bbox 1852 3324 1900 3362; x_wconf 89' lang='lat' dir='ltr'><strong>s.</strong></span> <span class='ocrx_word' id='word_1_525' title='bbox 1919 3326 1934 3363; x_wconf 96' lang='lat'><strong>:</strong></span> 
     </span>
    </p>
   </div>
   <div class='ocr_carea' id='block_1_74' title="bbox 336 3373 1936 3448">
    <p class='ocr_par' dir='ltr' id='par_1_74' title="bbox 336 3373 1936 3448">
     <span class='ocr_line' id='line_1_74' title="bbox 336 3373 1936 3448; baseline 0.003 -18"><span class='ocrx_word' id='word_1_526' title='bbox 336 3373 451 3448; x_wconf 74' lang='grc' dir='ltr'><strong>ριιί</strong></span> <span class='ocrx_word' id='word_1_527' title='bbox 473 3392 577 3431; x_wconf 87' lang='lat' dir='ltr'><strong>non</strong></span> <span class='ocrx_word' id='word_1_528' title='bbox 596 3379 813 3431; x_wconf 86' lang='lat' dir='ltr'><strong>laudant</strong></span> <span class='ocrx_word' id='word_1_529' title='bbox 839 3373 1145 3447; x_wconf 81' lang='lat' dir='ltr'><strong>responsum</strong></span> <span class='ocrx_word' id='word_1_530' title='bbox 1160 3376 1487 3448; x_wconf 72' lang='lat' dir='ltr'><strong>posterioris.</strong></span> <span class='ocrx_word' id='word_1_531' title='bbox 1501 3373 1851 3433; x_wconf 84' lang='lat' dir='ltr'><strong>Restituenda</strong></span> <span class='ocrx_word' id='word_1_532' title='bbox 1881 3392 1936 3435; x_wconf 90' lang='lat' dir='ltr'><strong>et</strong></span> 
     </span>
    </p>
   </div>
   <div class='ocr_carea' id='block_1_75' title="bbox 330 3445 1933 3505">
    <p class='ocr_par' dir='ltr' id='par_1_75' title="bbox 330 3445 1933 3505">
     <span class='ocr_line' id='line_1_75' title="bbox 330 3445 1933 3505; baseline 0.001 -2"><span class='ocrx_word' id='word_1_533' title='bbox 330 3445 581 3503; x_wconf 84' lang='lat' dir='ltr'><strong>Juvenco</strong></span> <span class='ocrx_word' id='word_1_534' title='bbox 608 3463 703 3503; x_wconf 90' lang='lat' dir='ltr'><strong>sua</strong></span> <span class='ocrx_word' id='word_1_535' title='bbox 724 3448 887 3505; x_wconf 90' lang='lat' dir='ltr'><strong>lectio</strong></span> <span class='ocrx_word' id='word_1_536' title='bbox 901 3445 965 3504; x_wconf 80' lang='lat' dir='ltr'><strong>es</strong></span> <span class='ocrx_word' id='word_1_537' title='bbox 1002 3445 1203 3503; x_wconf 82' lang='lat' dir='ltr'><strong>nostris</strong></span> <span class='ocrx_word' id='word_1_538' title='bbox 1228 3461 1358 3502; x_wconf 86' lang='lat' dir='ltr'><strong>mss.</strong></span> <span class='ocrx_word' id='word_1_539' title='bbox 1379 3466 1393 3501; x_wconf 90' lang='lat'><strong>:</strong></span> <span class='ocrx_word' id='word_1_540' title='bbox 1415 3446 1509 3501; x_wconf 87' lang='lat' dir='ltr'><strong>Illi</strong></span> <span class='ocrx_word' id='word_1_541' title='bbox 1530 3447 1833 3504; x_wconf 83' lang='lat' dir='ltr'><strong>colluudant</strong></span> <span class='ocrx_word' id='word_1_542' title='bbox 1853 3468 1933 3505; x_wconf 82' lang='lat' dir='ltr'><strong>re-</strong></span> 
     </span>
    </p>
   </div>
   <div class='ocr_carea' id='block_1_76' title="bbox 330 3518 1934 3591">
    <p class='ocr_par' dir='ltr' id='par_1_76' title="bbox 330 3518 1934 3591">
     <span class='ocr_line' id='line_1_76' title="bbox 330 3518 1934 3591; baseline 0.002 -18"><span class='ocrx_word' id='word_1_543' title='bbox 330 3535 582 3591; x_wconf 75' lang='lat' dir='ltr'><strong>sponsum</strong></span> <span class='ocrx_word' id='word_1_544' title='bbox 611 3520 930 3591; x_wconf 85' lang='lat' dir='ltr'><strong>posterioris.</strong></span> <span class='ocrx_word' id='word_1_545' title='bbox 959 3518 1189 3591; x_wconf 75' lang='lat' dir='ltr'><strong>Lilrrarii</strong></span> <span class='ocrx_word' id='word_1_546' title='bbox 1208 3529 1467 3591; x_wconf 86' lang='lat' dir='ltr'><strong>veteres,</strong></span> <span class='ocrx_word' id='word_1_547' title='bbox 1497 3529 1589 3573; x_wconf 88' lang='lat' dir='ltr'><strong>aut</strong></span> <span class='ocrx_word' id='word_1_548' title='bbox 1635 3522 1790 3586; x_wconf 85' lang='lat' dir='ltr'><strong>primi</strong></span> <span class='ocrx_word' id='word_1_549' title='bbox 1816 3521 1934 3577; x_wconf 86' lang='lat' dir='ltr'><strong>edi-</strong></span> 
     </span>
    </p>
   </div>
   <div class='ocr_carea' id='block_1_77' title="bbox 331 3589 1934 3662">
    <p class='ocr_par' dir='ltr' id='par_1_77' title="bbox 331 3589 1934 3662">
     <span class='ocr_line' id='line_1_77' title="bbox 331 3589 1934 3662; baseline 0.001 -17"><span class='ocrx_word' id='word_1_550' title='bbox 331 3598 486 3645; x_wconf 86' lang='lat' dir='ltr'><strong>tores</strong></span> <span class='ocrx_word' id='word_1_551' title='bbox 508 3589 732 3647; x_wconf 80' lang='lat' dir='ltr'><strong>Juveuci</strong></span> <span class='ocrx_word' id='word_1_552' title='bbox 755 3633 770 3657; x_wconf 90' lang='lat'><strong>,</strong></span> <span class='ocrx_word' id='word_1_553' title='bbox 790 3591 883 3662; x_wconf 91' lang='lat' dir='ltr'><strong>qui</strong></span> <span class='ocrx_word' id='word_1_554' title='bbox 903 3606 1074 3645; x_wconf 76' lang='lat' dir='ltr'><strong>sacra:</strong></span> <span class='ocrx_word' id='word_1_555' title='bbox 1102 3590 1396 3659; x_wconf 70' lang='lat' dir='ltr'><strong>Scriptura:</strong></span> <span class='ocrx_word' id='word_1_556' title='bbox 1426 3591 1700 3660; x_wconf 84' lang='lat' dir='ltr'><strong>vulgatam</strong></span> <span class='ocrx_word' id='word_1_557' title='bbox 1725 3593 1934 3647; x_wconf 88' lang='lat' dir='ltr'><strong>versio-</strong></span> 
     </span>
    </p>
   </div>
   <div class='ocr_carea' id='block_1_78' title="bbox 329 3662 1927 3731">
    <p class='ocr_par' dir='ltr' id='par_1_78' title="bbox 329 3662 1927 3731">
     <span class='ocr_line' id='line_1_78' title="bbox 329 3662 1927 3731; baseline 0.001 -14"><span class='ocrx_word' id='word_1_558' title='bbox 329 3676 463 3718; x_wconf 88' lang='lat' dir='ltr'><strong>nem</strong></span> <span class='ocrx_word' id='word_1_559' title='bbox 484 3672 770 3724; x_wconf 87' lang='lat' dir='ltr'><strong>noverant,</strong></span> <span class='ocrx_word' id='word_1_560' title='bbox 786 3678 896 3716; x_wconf 90' lang='lat' dir='ltr'><strong>non</strong></span> <span class='ocrx_word' id='word_1_561' title='bbox 914 3662 1100 3726; x_wconf 78' lang='lat' dir='ltr'><strong>aliam,</strong></span> <span class='ocrx_word' id='word_1_562' title='bbox 1134 3666 1276 3716; x_wconf 84' lang='lat' dir='ltr'><strong>nunc</strong></span> <span class='ocrx_word' id='word_1_563' title='bbox 1302 3673 1518 3715; x_wconf 88' lang='lat' dir='ltr'><strong>versum</strong></span> <span class='ocrx_word' id='word_1_564' title='bbox 1545 3672 1927 3731; x_wconf 90' lang='lat' dir='ltr'><strong>corruperunt.</strong></span> 
     </span>
    </p>
   </div>
   <div class='ocr_carea' id='block_1_79' title="bbox 330 3731 1931 3803">
    <p class='ocr_par' dir='ltr' id='par_1_79' title="bbox 330 3731 1931 3803">
     <span class='ocr_line' id='line_1_79' title="bbox 330 3731 1931 3803; baseline 0 -15"><span class='ocrx_word' id='word_1_565' title='bbox 330 3731 513 3803; x_wconf 68' lang='lat' dir='ltr'><strong>Verba</strong></span> <span class='ocrx_word' id='word_1_566' title='bbox 546 3736 598 3787; x_wconf 89' lang='lat' dir='ltr'><strong>in</strong></span> <span class='ocrx_word' id='word_1_567' title='bbox 622 3733 850 3803; x_wconf 81' lang='lat' dir='ltr'><strong>Vulgata</strong></span> <span class='ocrx_word' id='word_1_568' title='bbox 878 3741 1007 3787; x_wconf 90' lang='lat' dir='ltr'><strong>sunt</strong></span> <span class='ocrx_word' id='word_1_569' title='bbox 1034 3731 1380 3803; x_wconf 51' lang='lat' dir='ltr'><strong>Matth.xx1,</strong></span> <span class='ocrx_word' id='word_1_570' title='bbox 1413 3732 1476 3786; x_wconf 80' lang='grc'><strong>51</strong></span> <span class='ocrx_word' id='word_1_571' title='bbox 1505 3731 1685 3803; x_wconf 82' lang='lat' dir='ltr'><strong>:_Quis</strong></span> <span class='ocrx_word' id='word_1_572' title='bbox 1715 3749 1778 3788; x_wconf 80' lang='lat' dir='ltr'><strong>ea:</strong></span> <span class='ocrx_word' id='word_1_573' title='bbox 1798 3735 1931 3788; x_wconf 84' lang='lat' dir='ltr'><strong>duo-</strong></span> 
     </span>
    </p>
   </div>
   <div class='ocr_carea' id='block_1_80' title="bbox 327 3800 1925 3875">
    <p class='ocr_par' dir='ltr' id='par_1_80' title="bbox 327 3800 1925 3875">
     <span class='ocr_line' id='line_1_80' title="bbox 327 3800 1925 3875; baseline 0.001 -18"><span class='ocrx_word' id='word_1_574' title='bbox 327 3802 430 3858; x_wconf 76' lang='lat' dir='ltr'><strong>bus</strong></span> <span class='ocrx_word' id='word_1_575' title='bbox 456 3807 579 3875; x_wconf 79' lang='lat' dir='ltr'><strong>fecit</strong></span> <span class='ocrx_word' id='word_1_576' title='bbox 606 3800 919 3858; x_wconf 73' lang='lat' dir='ltr'><strong>voluntatem</strong></span> <span class='ocrx_word' id='word_1_577' title='bbox 948 3807 1111 3874; x_wconf 87' lang='lat' dir='ltr'><strong>patris</strong></span> <span class='ocrx_word' id='word_1_578' title='bbox 1133 3801 1475 3875; x_wconf 67' lang='lat' dir='ltr'><strong>?_Dicunt_ei.</strong></span> <span class='ocrx_word' id='word_1_579' title='bbox 1516 3800 1750 3875; x_wconf 86' lang='lat' dir='ltr'><strong>Primus.</strong></span> <span class='ocrx_word' id='word_1_580' title='bbox 1782 3805 1925 3859; x_wconf 86' lang='lat' dir='ltr'><strong>Con-</strong></span> 
     </span>
    </p>
   </div>
   <div class='ocr_carea' id='block_1_81' title="bbox 325 3872 1925 3944">
    <p class='ocr_par' dir='ltr' id='par_1_81' title="bbox 325 3872 1925 3944">
     <span class='ocr_line' id='line_1_81' title="bbox 325 3872 1925 3944; baseline 0 -14"><span class='ocrx_word' id='word_1_581' title='bbox 325 3872 500 3930; x_wconf 78' lang='lat' dir='ltr'><strong>sentit</strong></span> <span class='ocrx_word' id='word_1_582' title='bbox 528 3872 1039 3944; x_wconf 45' lang='lat' dir='ltr'><strong>versioantiqua&#39;ex</strong></span> <span class='ocrx_word' id='word_1_583' title='bbox 1073 3873 1262 3928; x_wconf 87' lang='lat' dir='ltr'><strong>codice</strong></span> <span class='ocrx_word' id='word_1_584' title='bbox 1292 3872 1537 3929; x_wconf 79' lang='lat' dir='ltr'><strong>Colbert.</strong></span> <span class='ocrx_word' id='word_1_585' title='bbox 1566 3914 1580 3938; x_wconf 88' lang='lat'><strong>,</strong></span> <span class='ocrx_word' id='word_1_586' title='bbox 1610 3883 1667 3929; x_wconf 91' lang='lat' dir='ltr'><strong>et</strong></span> <span class='ocrx_word' id='word_1_587' title='bbox 1699 3874 1757 3931; x_wconf 92' lang='lat' dir='ltr'><strong>S.</strong></span> <span class='ocrx_word' id='word_1_588' title='bbox 1788 3875 1925 3931; x_wconf 82' lang='lat' dir='ltr'><strong>Ger-</strong></span> 
     </span>
    </p>
   </div>
   <div class='ocr_carea' id='block_1_82' title="bbox 327 3942 1923 4011">
    <p class='ocr_par' dir='ltr' id='par_1_82' title="bbox 327 3942 1923 4011">
     <span class='ocr_line' id='line_1_82' title="bbox 327 3942 1923 4011; baseline 0 -10"><span class='ocrx_word' id='word_1_589' title='bbox 327 3960 483 4002; x_wconf 83' lang='lat' dir='ltr'><strong>man.</strong></span> <span class='ocrx_word' id='word_1_590' title='bbox 514 3945 580 4011; x_wconf 73' lang='lat'><strong>2;</strong></span> <span class='ocrx_word' id='word_1_591' title='bbox 613 3957 669 4001; x_wconf 89' lang='lat' dir='ltr'><strong>at</strong></span> <span class='ocrx_word' id='word_1_592' title='bbox 691 3962 761 4002; x_wconf 80' lang='lat' dir='ltr'><strong>ex</strong></span> <span class='ocrx_word' id='word_1_593' title='bbox 793 3942 895 4001; x_wconf 79' lang='lat' dir='ltr'><strong>ms.</strong></span> <span class='ocrx_word' id='word_1_594' title='bbox 920 3942 1241 4001; x_wconf 85' lang='lat' dir='ltr'><strong>Corbeiens.</strong></span> <span class='ocrx_word' id='word_1_595' title='bbox 1271 3945 1294 3998; x_wconf 87' lang='lat' dir='ltr'><strong>l</strong></span> <span class='ocrx_word' id='word_1_596' title='bbox 1329 3954 1382 3999; x_wconf 90' lang='lat' dir='ltr'><strong>et</strong></span> <span class='ocrx_word' id='word_1_597' title='bbox 1406 3944 1472 4009; x_wconf 76' lang='lat'><strong>2.,</strong></span> <span class='ocrx_word' id='word_1_598' title='bbox 1497 3952 1553 3998; x_wconf 86' lang='lat' dir='ltr'><strong>et</strong></span> <span class='ocrx_word' id='word_1_599' title='bbox 1581 3945 1640 3999; x_wconf 88' lang='lat' dir='ltr'><strong>S.</strong></span> <span class='ocrx_word' id='word_1_600' title='bbox 1665 3944 1923 4001; x_wconf 84' lang='lat' dir='ltr'><strong>German.</strong></span> 
     </span>
    </p>
   </div>
   <div class='ocr_carea' id='block_1_83' title="bbox 328 4014 1926 4082">
    <p class='ocr_par' dir='ltr' id='par_1_83' title="bbox 328 4014 1926 4082">
     <span class='ocr_line' id='line_1_83' title="bbox 328 4014 1926 4082; baseline 0.001 -9"><span class='ocrx_word' id='word_1_601' title='bbox 328 4017 355 4073; x_wconf 85' lang='grc'><strong>1</strong></span> <span class='ocrx_word' id='word_1_602' title='bbox 385 4058 403 4081; x_wconf 87' lang='grc'>,</span> <span class='ocrx_word' id='word_1_603' title='bbox 436 4033 505 4072; x_wconf 78' lang='lat' dir='ltr'><strong>ex</strong></span> <span class='ocrx_word' id='word_1_604' title='bbox 553 4015 792 4074; x_wconf 82' lang='lat' dir='ltr'><strong>Claroui.</strong></span> <span class='ocrx_word' id='word_1_605' title='bbox 816 4059 831 4082; x_wconf 94' lang='lat'><strong>,</strong></span> <span class='ocrx_word' id='word_1_606' title='bbox 870 4031 943 4072; x_wconf 79' lang='lat' dir='ltr'><strong>ex</strong></span> <span class='ocrx_word' id='word_1_607' title='bbox 994 4014 1253 4071; x_wconf 79' lang='lat' dir='ltr'><strong>Cantabr.</strong></span> <span class='ocrx_word' id='word_1_608' title='bbox 1281 4055 1296 4081; x_wconf 91' lang='lat'><strong>,</strong></span> <span class='ocrx_word' id='word_1_609' title='bbox 1327 4030 1393 4070; x_wconf 80' lang='lat' dir='ltr'><strong>ex</strong></span> <span class='ocrx_word' id='word_1_610' title='bbox 1443 4014 1569 4069; x_wconf 92' lang='lat' dir='ltr'><strong>cod.</strong></span> <span class='ocrx_word' id='word_1_611' title='bbox 1600 4016 1658 4071; x_wconf 90' lang='lat' dir='ltr'><strong>S.</strong></span> <span class='ocrx_word' id='word_1_612' title='bbox 1692 4017 1926 4073; x_wconf 71' lang='lat' dir='ltr'><strong>Andreae</strong></span> 
     </span>
    </p>
   </div>
   <div class='ocr_carea' id='block_1_84' title="bbox 324 4084 1922 4159">
    <p class='ocr_par' dir='ltr' id='par_1_84' title="bbox 324 4084 1922 4159">
     <span class='ocr_line' id='line_1_84' title="bbox 324 4084 1922 4159; baseline 0.003 -22"><span class='ocrx_word' id='word_1_613' title='bbox 324 4089 505 4144; x_wconf 76' lang='lat' dir='ltr'><strong>Aven.</strong></span> <span class='ocrx_word' id='word_1_614' title='bbox 538 4128 553 4153; x_wconf 88' lang='lat'><strong>,</strong></span> <span class='ocrx_word' id='word_1_615' title='bbox 587 4104 684 4159; x_wconf 92' lang='lat' dir='ltr'><strong>pro</strong></span> <span class='ocrx_word' id='word_1_616' title='bbox 711 4087 907 4143; x_wconf 87' lang='lat' dir='ltr'><strong>Dicunt</strong></span> <span class='ocrx_word' id='word_1_617' title='bbox 936 4088 983 4141; x_wconf 90' lang='lat' dir='ltr'><strong>ei</strong></span> <span class='ocrx_word' id='word_1_618' title='bbox 1002 4128 1018 4155; x_wconf 94' lang='lat'><strong>,</strong></span> <span class='ocrx_word' id='word_1_619' title='bbox 1055 4084 1296 4159; x_wconf 68' lang='lat' dir='ltr'><strong>Primus,</strong></span> <span class='ocrx_word' id='word_1_620' title='bbox 1317 4085 1830 4159; x_wconf 13' lang='lat' dir='ltr'><strong>exhibeturibicunt</strong></span> <span class='ocrx_word' id='word_1_621' title='bbox 1852 4090 1922 4150; x_wconf 85' lang='lat' dir='ltr'><strong>ei.</strong></span> 
     </span>
    </p>
   </div>
   <div class='ocr_carea' id='block_1_85' title="bbox 327 4157 1922 4227">
    <p class='ocr_par' dir='ltr' id='par_1_85' title="bbox 327 4157 1922 4227">
     <span class='ocr_line' id='line_1_85' title="bbox 327 4157 1922 4227; baseline 0.001 -14"><span class='ocrx_word' id='word_1_622' title='bbox 327 4157 685 4215; x_wconf 75' lang='lat' dir='ltr'><strong>Norissinius.</strong></span> <span class='ocrx_word' id='word_1_623' title='bbox 718 4161 794 4215; x_wconf 87' lang='lat' dir='ltr'><strong>lta</strong></span> <span class='ocrx_word' id='word_1_624' title='bbox 838 4161 1001 4215; x_wconf 91' lang='lat' dir='ltr'><strong>etiam</strong></span> <span class='ocrx_word' id='word_1_625' title='bbox 1035 4158 1230 4227; x_wconf 79' lang='lat' dir='ltr'><strong>legitur</strong></span> <span class='ocrx_word' id='word_1_626' title='bbox 1258 4157 1315 4211; x_wconf 91' lang='lat' dir='ltr'><strong>iu</strong></span> <span class='ocrx_word' id='word_1_627' title='bbox 1364 4158 1555 4212; x_wconf 88' lang='lat' dir='ltr'><strong>codice</strong></span> <span class='ocrx_word' id='word_1_628' title='bbox 1590 4158 1922 4214; x_wconf 82' lang='lat' dir='ltr'><strong>Vercellensi</strong></span> 
     </span>
    </p>
   </div>
   <div class='ocr_carea' id='block_1_86' title="bbox 322 4228 1923 4301">
    <p class='ocr_par' dir='ltr' id='par_1_86' title="bbox 322 4228 1923 4301">
     <span class='ocr_line' id='line_1_86' title="bbox 322 4228 1923 4301; baseline 0 -16"><span class='ocrx_word' id='word_1_629' title='bbox 322 4230 399 4285; x_wconf 83' lang='lat' dir='ltr'><strong>ab</strong></span> <span class='ocrx_word' id='word_1_630' title='bbox 430 4230 589 4287; x_wconf 74' lang='lat' dir='ltr'><strong>lricio</strong></span> <span class='ocrx_word' id='word_1_631' title='bbox 617 4230 801 4295; x_wconf 92' lang='lat' dir='ltr'><strong>edito,</strong></span> <span class='ocrx_word' id='word_1_632' title='bbox 833 4240 888 4286; x_wconf 93' lang='lat' dir='ltr'><strong>et</strong></span> <span class='ocrx_word' id='word_1_633' title='bbox 934 4231 990 4285; x_wconf 91' lang='lat' dir='ltr'><strong>in</strong></span> <span class='ocrx_word' id='word_1_634' title='bbox 1041 4228 1346 4301; x_wconf 74' lang='lat' dir='ltr'><strong>Veronensi</strong></span> <span class='ocrx_word' id='word_1_635' title='bbox 1374 4243 1403 4281; x_wconf 87' lang='lat' dir='ltr'><strong>a</strong></span> <span class='ocrx_word' id='word_1_636' title='bbox 1434 4228 1752 4301; x_wconf 87' lang='lat' dir='ltr'><strong>B_lanchinio</strong></span> <span class='ocrx_word' id='word_1_637' title='bbox 1782 4232 1923 4301; x_wconf 86' lang='lat' dir='ltr'><strong>typis</strong></span> 
     </span>
    </p>
   </div>
   <div class='ocr_carea' id='block_1_87' title="bbox 323 4297 1917 4370">
    <p class='ocr_par' dir='ltr' id='par_1_87' title="bbox 323 4297 1917 4370">
     <span class='ocr_line' id='line_1_87' title="bbox 323 4297 1917 4370; baseline -0.001 -15"><span class='ocrx_word' id='word_1_638' title='bbox 323 4315 551 4357; x_wconf 74' lang='lat' dir='ltr'><strong>excuso.</strong></span> <span class='ocrx_word' id='word_1_639' title='bbox 586 4301 833 4357; x_wconf 84' lang='lat' dir='ltr'><strong>Bircliius</strong></span> <span class='ocrx_word' id='word_1_640' title='bbox 854 4343 870 4366; x_wconf 93' lang='lat'><strong>,</strong></span> <span class='ocrx_word' id='word_1_641' title='bbox 907 4301 961 4355; x_wconf 91' lang='lat' dir='ltr'><strong>in</strong></span> <span class='ocrx_word' id='word_1_642' title='bbox 987 4314 1155 4367; x_wconf 80' lang='lat' dir='ltr'><strong>Opere</strong></span> <span class='ocrx_word' id='word_1_643' title='bbox 1188 4298 1425 4366; x_wconf 83' lang='lat' dir='ltr'><strong>Quatuor</strong></span> <span class='ocrx_word' id='word_1_644' title='bbox 1452 4297 1739 4370; x_wconf 79' lang='lat' dir='ltr'><strong>Evangelia</strong></span> <span class='ocrx_word' id='word_1_645' title='bbox 1761 4342 1778 4363; x_wconf 88' lang='lat'><strong>,</strong></span> <span class='ocrx_word' id='word_1_646' title='bbox 1805 4297 1917 4357; x_wconf 76' lang='lat' dir='ltr'><strong>etc.</strong></span> 
     </span>
    </p>
   </div>
   <div class='ocr_carea' id='block_1_88' title="bbox 2044 3021 3641 3097">
    <p class='ocr_par' dir='ltr' id='par_1_88' title="bbox 2044 3021 3641 3097">
     <span class='ocr_line' id='line_1_88' title="bbox 2044 3021 3641 3097; baseline 0.003 -21"><span class='ocrx_word' id='word_1_647' title='bbox 2044 3021 2312 3097; x_wconf 40' lang='lat' dir='ltr'><strong>lucri—mus</strong></span> <span class='ocrx_word' id='word_1_648' title='bbox 2326 3024 2495 3097; x_wconf 80' lang='lat' dir='ltr'><strong>legere</strong></span> <span class='ocrx_word' id='word_1_649' title='bbox 2522 3067 2536 3091; x_wconf 93' lang='lat'><strong>,</strong></span> <span class='ocrx_word' id='word_1_650' title='bbox 2567 3025 2849 3097; x_wconf 10' lang='lat' dir='ltr'><strong>manifesta,</strong></span> <span class='ocrx_word' id='word_1_651' title='bbox 2882 3032 2958 3079; x_wconf 85' lang='lat' dir='ltr'><strong>est</strong></span> <span class='ocrx_word' id='word_1_652' title='bbox 2997 3026 3376 3097; x_wconf 61' lang='lat' dir='ltr'><strong>interpretatio,</strong></span> <span class='ocrx_word' id='word_1_653' title='bbox 3410 3036 3466 3080; x_wconf 85' lang='lat' dir='ltr'><strong>ut</strong></span> <span class='ocrx_word' id='word_1_654' title='bbox 3494 3027 3641 3080; x_wconf 46' lang='lat' dir='ltr'><strong>dicae</strong></span> 
     </span>
    </p>
   </div>
   <div class='ocr_carea' id='block_1_89' title="bbox 2041 3094 3638 3167">
    <p class='ocr_par' dir='ltr' id='par_1_89' title="bbox 2041 3094 3638 3167">
     <span class='ocr_line' id='line_1_89' title="bbox 2041 3094 3638 3167; baseline 0.002 -19"><span class='ocrx_word' id='word_1_655' title='bbox 2041 3110 2156 3149; x_wconf 88' lang='lat' dir='ltr'><strong>mus</strong></span> <span class='ocrx_word' id='word_1_656' title='bbox 2185 3094 2473 3167; x_wconf 74' lang='lat' dir='ltr'><strong>intelligere</strong></span> <span class='ocrx_word' id='word_1_657' title='bbox 2490 3095 2702 3167; x_wconf 79' lang='lat' dir='ltr'><strong>quidem</strong></span> <span class='ocrx_word' id='word_1_658' title='bbox 2750 3096 3010 3149; x_wconf 76' lang='lat' dir='ltr'><strong>veritatem</strong></span> <span class='ocrx_word' id='word_1_659' title='bbox 3044 3094 3296 3163; x_wconf 66' lang='lat' dir='ltr'><strong>Iudaeos,</strong></span> <span class='ocrx_word' id='word_1_660' title='bbox 3346 3096 3436 3151; x_wconf 82' lang='lat' dir='ltr'><strong>scd</strong></span> <span class='ocrx_word' id='word_1_661' title='bbox 3479 3098 3638 3167; x_wconf 86' lang='lat' dir='ltr'><strong>tergi-</strong></span> 
     </span>
    </p>
   </div>
   <div class='ocr_carea' id='block_1_90' title="bbox 2040 3166 3638 3239">
    <p class='ocr_par' dir='ltr' id='par_1_90' title="bbox 2040 3166 3638 3239">
     <span class='ocr_line' id='line_1_90' title="bbox 2040 3166 3638 3239; baseline 0.001 -20"><span class='ocrx_word' id='word_1_662' title='bbox 2040 3167 2235 3239; x_wconf 78' lang='lat' dir='ltr'><strong>versari</strong></span> <span class='ocrx_word' id='word_1_663' title='bbox 2259 3175 2357 3239; x_wconf 85' lang='lat' dir='ltr'><strong>,_et</strong></span> <span class='ocrx_word' id='word_1_664' title='bbox 2387 3166 2525 3220; x_wconf 89' lang='lat' dir='ltr'><strong>nolle</strong></span> <span class='ocrx_word' id='word_1_665' title='bbox 2563 3166 2733 3239; x_wconf 81' lang='lat' dir='ltr'><strong>dicere</strong></span> <span class='ocrx_word' id='word_1_666' title='bbox 2759 3209 2774 3232; x_wconf 93' lang='lat'><strong>,</strong></span> <span class='ocrx_word' id='word_1_667' title='bbox 2805 3168 2942 3237; x_wconf 88' lang='lat' dir='ltr'><strong>quod</strong></span> <span class='ocrx_word' id='word_1_668' title='bbox 2969 3168 3197 3239; x_wconf 81' lang='lat' dir='ltr'><strong>sentiunt</strong></span> <span class='ocrx_word' id='word_1_669' title='bbox 3224 3182 3243 3220; x_wconf 90' lang='lat'><strong>:</strong></span> <span class='ocrx_word' id='word_1_670' title='bbox 3270 3168 3405 3221; x_wconf 80' lang='lat' dir='ltr'><strong>sicut</strong></span> <span class='ocrx_word' id='word_1_671' title='bbox 3434 3176 3481 3220; x_wconf 89' lang='lat' dir='ltr'><strong>et</strong></span> <span class='ocrx_word' id='word_1_672' title='bbox 3511 3166 3638 3239; x_wconf 82' lang='lat' dir='ltr'><strong>bap-</strong></span> 
     </span>
    </p>
   </div>
   <div class='ocr_carea' id='block_1_91' title="bbox 2041 3235 3632 3296">
    <p class='ocr_par' dir='ltr' id='par_1_91' title="bbox 2041 3235 3632 3296">
     <span class='ocr_line' id='line_1_91' title="bbox 2041 3235 3632 3296; baseline 0.002 -7"><span class='ocrx_word' id='word_1_673' title='bbox 2041 3237 2248 3291; x_wconf 85' lang='lat' dir='ltr'><strong>tismum</strong></span> <span class='ocrx_word' id='word_1_674' title='bbox 2273 3235 2494 3291; x_wconf 80' lang='lat' dir='ltr'><strong>Joannis</strong></span> <span class='ocrx_word' id='word_1_675' title='bbox 2519 3238 2735 3292; x_wconf 84' lang='lat' dir='ltr'><strong>scientes</strong></span> <span class='ocrx_word' id='word_1_676' title='bbox 2754 3235 2864 3292; x_wconf 75' lang='lat' dir='ltr'><strong>esse</strong></span> <span class='ocrx_word' id='word_1_677' title='bbox 2888 3240 2951 3291; x_wconf 86' lang='lat' dir='ltr'><strong>de</strong></span> <span class='ocrx_word' id='word_1_678' title='bbox 2974 3238 3120 3296; x_wconf 70' lang='lat' dir='ltr'><strong>cavlo,</strong></span> <span class='ocrx_word' id='word_1_679' title='bbox 3145 3238 3315 3291; x_wconf 89' lang='lat' dir='ltr'><strong>dicere</strong></span> <span class='ocrx_word' id='word_1_680' title='bbox 3332 3235 3632 3293; x_wconf 81' lang='lat' dir='ltr'><strong>noluerunt.</strong></span> 
     </span>
    </p>
   </div>
   <div class='ocr_carea' id='block_1_92' title="bbox 2041 3307 3637 3380">
    <p class='ocr_par' dir='ltr' id='par_1_92' title="bbox 2041 3307 3637 3380">
     <span class='ocr_line' id='line_1_92' title="bbox 2041 3307 3637 3380; baseline 0.001 -17"><span class='ocrx_word' id='word_1_681' title='bbox 2041 3307 2379 3363; x_wconf 84' lang='lat' dir='ltr'><strong>Sabatierius</strong></span> <span class='ocrx_word' id='word_1_682' title='bbox 2402 3307 2700 3380; x_wconf 85' lang='lat' dir='ltr'><strong>Juveucum</strong></span> <span class='ocrx_word' id='word_1_683' title='bbox 2728 3308 2952 3363; x_wconf 79' lang='lat' dir='ltr'><strong>adduxit</strong></span> <span class='ocrx_word' id='word_1_684' title='bbox 2970 3324 3070 3380; x_wconf 89' lang='lat' dir='ltr'><strong>pro</strong></span> <span class='ocrx_word' id='word_1_685' title='bbox 3101 3309 3337 3380; x_wconf 74' lang='lat' dir='ltr'><strong>lectione</strong></span> <span class='ocrx_word' id='word_1_686' title='bbox 3366 3308 3637 3377; x_wconf 76' lang='lat' dir='ltr'><strong>Vulgaue,</strong></span> 
     </span>
    </p>
   </div>
   <div class='ocr_carea' id='block_1_93' title="bbox 2038 3378 3635 3449">
    <p class='ocr_par' dir='ltr' id='par_1_93' title="bbox 2038 3378 3635 3449">
     <span class='ocr_line' id='line_1_93' title="bbox 2038 3378 3635 3449; baseline 0.003 -17"><span class='ocrx_word' id='word_1_687' title='bbox 2038 3380 2163 3449; x_wconf 91' lang='lat' dir='ltr'><strong>quia</strong></span> <span class='ocrx_word' id='word_1_688' title='bbox 2196 3380 2408 3434; x_wconf 82' lang='lat' dir='ltr'><strong>scilicet</strong></span> <span class='ocrx_word' id='word_1_689' title='bbox 2446 3379 2776 3447; x_wconf 80' lang='lat' dir='ltr'><strong>exemplaria</strong></span> <span class='ocrx_word' id='word_1_690' title='bbox 2804 3379 2933 3434; x_wconf 92' lang='lat' dir='ltr'><strong>cod.</strong></span> <span class='ocrx_word' id='word_1_691' title='bbox 2970 3378 3104 3436; x_wconf 80' lang='lat' dir='ltr'><strong>inss.</strong></span> <span class='ocrx_word' id='word_1_692' title='bbox 3151 3378 3378 3435; x_wconf 87' lang='lat' dir='ltr'><strong>Juvenci</strong></span> <span class='ocrx_word' id='word_1_693' title='bbox 3412 3397 3521 3435; x_wconf 89' lang='lat' dir='ltr'><strong>non</strong></span> <span class='ocrx_word' id='word_1_694' title='bbox 3551 3382 3635 3436; x_wconf 85' lang='lat' dir='ltr'><strong>vi-</strong></span> 
     </span>
    </p>
   </div>
   <div class='ocr_carea' id='block_1_94' title="bbox 2036 3449 3638 3521">
    <p class='ocr_par' dir='ltr' id='par_1_94' title="bbox 2036 3449 3638 3521">
     <span class='ocr_line' id='line_1_94' title="bbox 2036 3449 3638 3521; baseline 0.001 -17"><span class='ocrx_word' id='word_1_695' title='bbox 2036 3451 2231 3521; x_wconf 84' lang='lat' dir='ltr'><strong>derat:</strong></span> <span class='ocrx_word' id='word_1_696' title='bbox 2258 3466 2327 3506; x_wconf 80' lang='lat' dir='ltr'><strong>ex</strong></span> <span class='ocrx_word' id='word_1_697' title='bbox 2374 3449 2459 3505; x_wconf 90' lang='lat' dir='ltr'><strong>bis</strong></span> <span class='ocrx_word' id='word_1_698' title='bbox 2504 3460 2686 3504; x_wconf 90' lang='lat' dir='ltr'><strong>autem</strong></span> <span class='ocrx_word' id='word_1_699' title='bbox 2716 3459 2933 3505; x_wconf 90' lang='lat' dir='ltr'><strong>constat</strong></span> <span class='ocrx_word' id='word_1_700' title='bbox 2957 3493 2970 3512; x_wconf 88' lang='lat'><strong>.</strong></span> <span class='ocrx_word' id='word_1_701' title='bbox 3022 3466 3145 3506; x_wconf 91' lang='lat' dir='ltr'><strong>eum</strong></span> <span class='ocrx_word' id='word_1_702' title='bbox 3178 3450 3407 3521; x_wconf 85' lang='lat' dir='ltr'><strong>legisse,</strong></span> <span class='ocrx_word' id='word_1_703' title='bbox 3440 3450 3638 3506; x_wconf 88' lang='lat' dir='ltr'><strong>Dicunt</strong></span> 
     </span>
    </p>
   </div>
   <div class='ocr_carea' id='block_1_95' title="bbox 2036 3520 3632 3591">
    <p class='ocr_par' dir='ltr' id='par_1_95' title="bbox 2036 3520 3632 3591">
     <span class='ocr_line' id='line_1_95' title="bbox 2036 3520 3632 3591; baseline 0.002 -17"><span class='ocrx_word' id='word_1_704' title='bbox 2036 3522 2123 3575; x_wconf 90' lang='lat' dir='ltr'><strong>ei:</strong></span> <span class='ocrx_word' id='word_1_705' title='bbox 2159 3520 2507 3576; x_wconf 80' lang='lat' dir='ltr'><strong>Novissimus.</strong></span> <span class='ocrx_word' id='word_1_706' title='bbox 2563 3521 2864 3576; x_wconf 82' lang='lat' dir='ltr'><strong>Reuscliius</strong></span> <span class='ocrx_word' id='word_1_707' title='bbox 2907 3521 3181 3591; x_wconf 84' lang='lat' dir='ltr'><strong>vulgatam</strong></span> <span class='ocrx_word' id='word_1_708' title='bbox 3212 3520 3439 3577; x_wconf 76' lang='lat' dir='ltr'><strong>Juveuci</strong></span> <span class='ocrx_word' id='word_1_709' title='bbox 3488 3523 3632 3577; x_wconf 89' lang='lat' dir='ltr'><strong>scri-</strong></span> 
     </span>
    </p>
   </div>
   <div class='ocr_carea' id='block_1_96' title="bbox 2036 3591 3636 3662">
    <p class='ocr_par' dir='ltr' id='par_1_96' title="bbox 2036 3591 3636 3662">
     <span class='ocr_line' id='line_1_96' title="bbox 2036 3591 3636 3662; baseline 0.003 -17"><span class='ocrx_word' id='word_1_710' title='bbox 2036 3602 2251 3662; x_wconf 84' lang='lat' dir='ltr'><strong>pturam</strong></span> <span class='ocrx_word' id='word_1_711' title='bbox 2298 3591 2524 3646; x_wconf 86' lang='lat' dir='ltr'><strong>retinuit</strong></span> <span class='ocrx_word' id='word_1_712' title='bbox 2554 3632 2570 3656; x_wconf 93' lang='lat'><strong>,</strong></span> <span class='ocrx_word' id='word_1_713' title='bbox 2603 3593 2849 3662; x_wconf 82' lang='lat' dir='ltr'><strong>quamvis</strong></span> <span class='ocrx_word' id='word_1_714' title='bbox 2886 3606 2996 3646; x_wconf 91' lang='lat' dir='ltr'><strong>non</strong></span> <span class='ocrx_word' id='word_1_715' title='bbox 3044 3592 3404 3662; x_wconf 79' lang='lat' dir='ltr'><strong>dubitaverit,</strong></span> <span class='ocrx_word' id='word_1_716' title='bbox 3438 3604 3496 3644; x_wconf 90' lang='lat' dir='ltr'><strong>ut</strong></span> <span class='ocrx_word' id='word_1_717' title='bbox 3524 3593 3636 3659; x_wconf 87' lang='lat' dir='ltr'><strong>ait,</strong></span> 
     </span>
    </p>
   </div>
   <div class='ocr_carea' id='block_1_97' title="bbox 2034 3661 3630 3733">
    <p class='ocr_par' dir='ltr' id='par_1_97' title="bbox 2034 3661 3630 3733">
     <span class='ocr_line' id='line_1_97' title="bbox 2034 3661 3630 3733; baseline 0.001 -19"><span class='ocrx_word' id='word_1_718' title='bbox 2034 3661 2163 3733; x_wconf 82' lang='lat' dir='ltr'><strong>quin</strong></span> <span class='ocrx_word' id='word_1_719' title='bbox 2193 3664 2458 3733; x_wconf 87' lang='lat' dir='ltr'><strong>genuinus</strong></span> <span class='ocrx_word' id='word_1_720' title='bbox 2480 3662 2559 3716; x_wconf 82' lang='lat' dir='ltr'><strong>sit</strong></span> <span class='ocrx_word' id='word_1_721' title='bbox 2586 3676 2779 3715; x_wconf 91' lang='lat' dir='ltr'><strong>versus</strong></span> <span class='ocrx_word' id='word_1_722' title='bbox 2818 3661 3044 3733; x_wconf 87' lang='lat' dir='ltr'><strong>.l_uvenci</strong></span> <span class='ocrx_word' id='word_1_723' title='bbox 3072 3677 3102 3714; x_wconf 88' lang='lat' dir='ltr'><strong>a</strong></span> <span class='ocrx_word' id='word_1_724' title='bbox 3136 3661 3311 3733; x_wconf 76' lang='lat' dir='ltr'><strong>nobis</strong></span> <span class='ocrx_word' id='word_1_725' title='bbox 3332 3662 3630 3733; x_wconf 74' lang='lat' dir='ltr'><strong>exliibitus.</strong></span> 
     </span>
    </p>
   </div>
   <div class='ocr_carea' id='block_1_98' title="bbox 2033 3731 3636 3801">
    <p class='ocr_par' dir='ltr' id='par_1_98' title="bbox 2033 3731 3636 3801">
     <span class='ocr_line' id='line_1_98' title="bbox 2033 3731 3636 3801; baseline 0.001 -13"><span class='ocrx_word' id='word_1_726' title='bbox 2033 3731 2127 3790; x_wconf 87' lang='lat' dir='ltr'><strong>Sic</strong></span> <span class='ocrx_word' id='word_1_727' title='bbox 2150 3731 2330 3787; x_wconf 82' lang='lat' dir='ltr'><strong>autem</strong></span> <span class='ocrx_word' id='word_1_728' title='bbox 2383 3732 2804 3801; x_wconf 85' lang='lat' dir='ltr'><strong>interpretatur:</strong></span> <span class='ocrx_word' id='word_1_729' title='bbox 2837 3731 3181 3801; x_wconf 83' lang='lat' dir='ltr'><strong>Responsum</strong></span> <span class='ocrx_word' id='word_1_730' title='bbox 3225 3731 3528 3801; x_wconf 83' lang='lat' dir='ltr'><strong>videlicet,</strong></span> <span class='ocrx_word' id='word_1_731' title='bbox 3578 3744 3636 3789; x_wconf 92' lang='lat' dir='ltr'><strong>et</strong></span> 
     </span>
    </p>
   </div>
   <div class='ocr_carea' id='block_1_99' title="bbox 2033 3800 3632 3873">
    <p class='ocr_par' dir='ltr' id='par_1_99' title="bbox 2033 3800 3632 3873">
     <span class='ocr_line' id='line_1_99' title="bbox 2033 3800 3632 3873; baseline 0 -15"><span class='ocrx_word' id='word_1_732' title='bbox 2033 3805 2195 3860; x_wconf 89' lang='lat' dir='ltr'><strong>verba</strong></span> <span class='ocrx_word' id='word_1_733' title='bbox 2225 3800 2545 3873; x_wconf 86' lang='lat' dir='ltr'><strong>posterioris</strong></span> <span class='ocrx_word' id='word_1_734' title='bbox 2573 3800 2988 3871; x_wconf 32' lang='lat' dir='ltr'><strong>collaudarunt’,</strong></span> <span class='ocrx_word' id='word_1_735' title='bbox 3021 3803 3116 3857; x_wconf 89' lang='lat' dir='ltr'><strong>sed</strong></span> <span class='ocrx_word' id='word_1_736' title='bbox 3147 3818 3254 3856; x_wconf 90' lang='lat' dir='ltr'><strong>non</strong></span> <span class='ocrx_word' id='word_1_737' title='bbox 3288 3800 3632 3873; x_wconf 35' lang='lat' dir='ltr'><strong>factumLEo</strong></span> 
     </span>
    </p>
   </div>
   <div class='ocr_carea' id='block_1_100' title="bbox 2030 3872 3721 3943">
    <p class='ocr_par' dir='ltr' id='par_1_100' title="bbox 2030 3872 3721 3943">
     <span class='ocr_line' id='line_1_100' title="bbox 2030 3872 3721 3943; baseline -0.004 -13"><span class='ocrx_word' id='word_1_738' title='bbox 2030 3875 2152 3943; x_wconf 89' lang='lat' dir='ltr'><strong>ipso</strong></span> <span class='ocrx_word' id='word_1_739' title='bbox 2179 3872 2360 3929; x_wconf 90' lang='lat' dir='ltr'><strong>autem</strong></span> <span class='ocrx_word' id='word_1_740' title='bbox 2390 3874 2592 3928; x_wconf 88' lang='lat' dir='ltr'><strong>factum</strong></span> <span class='ocrx_word' id='word_1_741' title='bbox 2620 3874 2818 3943; x_wconf 87' lang='lat' dir='ltr'><strong>prioris</strong></span> <span class='ocrx_word' id='word_1_742' title='bbox 2842 3875 3096 3943; x_wconf 86' lang='lat' dir='ltr'><strong>probant.</strong></span> <span class='ocrx_word' id='word_1_743' title='bbox 3128 3873 3477 3929; x_wconf 84' lang='lat' dir='ltr'><strong>Christianus</strong></span> <span class='ocrx_word' id='word_1_744' title='bbox 3507 3872 3634 3929; x_wconf 89' lang='lat' dir='ltr'><strong>Fri-</strong></span> <span class='ocrx_word' id='word_1_745' title='bbox 3700 3899 3721 3923; x_wconf 65' lang='grc' dir='ltr'><strong>κ</strong></span> 
     </span>
    </p>
   </div>
   <div class='ocr_carea' id='block_1_101' title="bbox 2070 3943 3633 4001">
    <p class='ocr_par' dir='ltr' id='par_1_101' title="bbox 2070 3943 3633 4001">
     <span class='ocr_line' id='line_1_101' title="bbox 2070 3943 3633 4001; baseline 0.002 -4"><span class='ocrx_word' id='word_1_746' title='bbox 2070 3946 2248 4001; x_wconf 86' lang='lat' dir='ltr'><strong>ericus</strong></span> <span class='ocrx_word' id='word_1_747' title='bbox 2302 3943 2581 3999; x_wconf 69' lang='lat' dir='ltr'><strong>Matthceus</strong></span> <span class='ocrx_word' id='word_1_748' title='bbox 2637 3944 2692 3999; x_wconf 92' lang='lat' dir='ltr'><strong>in</strong></span> <span class='ocrx_word' id='word_1_749' title='bbox 2746 3959 2886 3999; x_wconf 88' lang='lat' dir='ltr'><strong>novo</strong></span> <span class='ocrx_word' id='word_1_750' title='bbox 2933 3945 3283 4000; x_wconf 86' lang='lat' dir='ltr'><strong>Testamento</strong></span> <span class='ocrx_word' id='word_1_751' title='bbox 3341 3943 3532 4001; x_wconf 72' lang='lat' dir='ltr'><strong>Gnaeo</strong></span> <span class='ocrx_word' id='word_1_752' title='bbox 3575 3955 3633 4000; x_wconf 90' lang='lat' dir='ltr'><strong>et</strong></span> 
     </span>
    </p>
   </div>
   <div class='ocr_carea' id='block_1_102' title="bbox 2029 4015 3630 4086">
    <p class='ocr_par' dir='ltr' id='par_1_102' title="bbox 2029 4015 3630 4086">
     <span class='ocr_line' id='line_1_102' title="bbox 2029 4015 3630 4086; baseline -0.001 -14"><span class='ocrx_word' id='word_1_753' title='bbox 2029 4015 2227 4072; x_wconf 88' lang='lat' dir='ltr'><strong>Latino</strong></span> <span class='ocrx_word' id='word_1_754' title='bbox 2267 4015 2543 4083; x_wconf 81' lang='lat' dir='ltr'><strong>afﬁrmat,</strong></span> <span class='ocrx_word' id='word_1_755' title='bbox 2574 4016 2628 4070; x_wconf 88' lang='lat' dir='ltr'><strong>in</strong></span> <span class='ocrx_word' id='word_1_756' title='bbox 2663 4016 2944 4072; x_wconf 86' lang='lat' dir='ltr'><strong>nonnullis</strong></span> <span class='ocrx_word' id='word_1_757' title='bbox 2988 4016 3100 4072; x_wconf 90' lang='lat' dir='ltr'><strong>suis</strong></span> <span class='ocrx_word' id='word_1_758' title='bbox 3146 4031 3279 4071; x_wconf 91' lang='lat' dir='ltr'><strong>mss.</strong></span> <span class='ocrx_word' id='word_1_759' title='bbox 3313 4016 3630 4086; x_wconf 87' lang='lat' dir='ltr'><strong>responsio-</strong></span> 
     </span>
    </p>
   </div>
   <div class='ocr_carea' id='block_1_103' title="bbox 2031 4086 3633 4155">
    <p class='ocr_par' dir='ltr' id='par_1_103' title="bbox 2031 4086 3633 4155">
     <span class='ocr_line' id='line_1_103' title="bbox 2031 4086 3633 4155; baseline -0.001 -12"><span class='ocrx_word' id='word_1_760' title='bbox 2031 4104 2155 4144; x_wconf 88' lang='lat' dir='ltr'><strong>nem</strong></span> <span class='ocrx_word' id='word_1_761' title='bbox 2190 4089 2423 4143; x_wconf 87' lang='lat' dir='ltr'><strong>liliorum</strong></span> <span class='ocrx_word' id='word_1_762' title='bbox 2474 4087 2705 4153; x_wconf 89' lang='lat' dir='ltr'><strong>inverti,</strong></span> <span class='ocrx_word' id='word_1_763' title='bbox 2736 4096 2793 4142; x_wconf 89' lang='lat' dir='ltr'><strong>et</strong></span> <span class='ocrx_word' id='word_1_764' title='bbox 2842 4090 2982 4142; x_wconf 82' lang='lat' dir='ltr'><strong>hanc</strong></span> <span class='ocrx_word' id='word_1_765' title='bbox 3022 4086 3503 4155; x_wconf 83' lang='lat' dir='ltr'><strong>transpositionem</strong></span> <span class='ocrx_word' id='word_1_766' title='bbox 3537 4102 3633 4141; x_wconf 92' lang='lat' dir='ltr'><strong>or-</strong></span> 
     </span>
    </p>
   </div>
   <div class='ocr_carea' id='block_1_104' title="bbox 2030 4155 3630 4227">
    <p class='ocr_par' dir='ltr' id='par_1_104' title="bbox 2030 4155 3630 4227">
     <span class='ocr_line' id='line_1_104' title="bbox 2030 4155 3630 4227; baseline -0.001 -13"><span class='ocrx_word' id='word_1_767' title='bbox 2030 4167 2137 4215; x_wconf 91' lang='lat' dir='ltr'><strong>tam</strong></span> <span class='ocrx_word' id='word_1_768' title='bbox 2167 4174 2288 4215; x_wconf 90' lang='lat' dir='ltr'><strong>esse</strong></span> <span class='ocrx_word' id='word_1_769' title='bbox 2332 4174 2400 4214; x_wconf 80' lang='lat' dir='ltr'><strong>ex</strong></span> <span class='ocrx_word' id='word_1_770' title='bbox 2426 4155 2853 4213; x_wconf 89' lang='lat' dir='ltr'><strong>Commentariis</strong></span> <span class='ocrx_word' id='word_1_771' title='bbox 2902 4160 3301 4227; x_wconf 89' lang='lat' dir='ltr'><strong>interpretum,</strong></span> <span class='ocrx_word' id='word_1_772' title='bbox 3347 4157 3439 4226; x_wconf 89' lang='lat' dir='ltr'><strong>qui</strong></span> <span class='ocrx_word' id='word_1_773' title='bbox 3484 4158 3630 4227; x_wconf 90' lang='lat' dir='ltr'><strong>hunc</strong></span> 
     </span>
    </p>
   </div>
   <div class='ocr_carea' id='block_1_105' title="bbox 2029 4226 3626 4301">
    <p class='ocr_par' dir='ltr' id='par_1_105' title="bbox 2029 4226 3626 4301">
     <span class='ocr_line' id='line_1_105' title="bbox 2029 4226 3626 4301; baseline -0.001 -17"><span class='ocrx_word' id='word_1_774' title='bbox 2029 4230 2207 4285; x_wconf 91' lang='lat' dir='ltr'><strong>locum</strong></span> <span class='ocrx_word' id='word_1_775' title='bbox 2240 4231 2308 4301; x_wconf 88' lang='lat' dir='ltr'><strong>de</strong></span> <span class='ocrx_word' id='word_1_776' title='bbox 2347 4228 2550 4301; x_wconf 84' lang='lat' dir='ltr'><strong>p0pulo</strong></span> <span class='ocrx_word' id='word_1_777' title='bbox 2578 4228 2879 4301; x_wconf 81' lang='lat' dir='ltr'><strong>Israelitico</strong></span> <span class='ocrx_word' id='word_1_778' title='bbox 2911 4269 2925 4293; x_wconf 91' lang='lat'><strong>,</strong></span> <span class='ocrx_word' id='word_1_779' title='bbox 2959 4238 3014 4283; x_wconf 89' lang='lat' dir='ltr'><strong>et</strong></span> <span class='ocrx_word' id='word_1_780' title='bbox 3052 4226 3127 4282; x_wconf 82' lang='lat' dir='ltr'><strong>de</strong></span> <span class='ocrx_word' id='word_1_781' title='bbox 3155 4228 3453 4301; x_wconf 71' lang='lat' dir='ltr'><strong>gentilibus</strong></span> <span class='ocrx_word' id='word_1_782' title='bbox 3481 4226 3626 4301; x_wconf 78' lang='lat' dir='ltr'><strong>acci-</strong></span> 
     </span>
    </p>
   </div>
   <div class='ocr_carea' id='block_1_106' title="bbox 2028 4298 3625 4372">
    <p class='ocr_par' dir='ltr' id='par_1_106' title="bbox 2028 4298 3625 4372">
     <span class='ocr_line' id='line_1_106' title="bbox 2028 4298 3625 4372; baseline 0 -17"><span class='ocrx_word' id='word_1_783' title='bbox 2028 4301 2202 4372; x_wconf 90' lang='lat' dir='ltr'><strong>piunt.</strong></span> <span class='ocrx_word' id='word_1_784' title='bbox 2234 4300 2355 4368; x_wconf 85' lang='lat' dir='ltr'><strong>Quo</strong></span> <span class='ocrx_word' id='word_1_785' title='bbox 2402 4298 2613 4368; x_wconf 80' lang='lat' dir='ltr'><strong>posito,</strong></span> <span class='ocrx_word' id='word_1_786' title='bbox 2643 4300 2990 4354; x_wconf 68' lang='lat' dir='ltr'><strong>exoriebatur</strong></span> <span class='ocrx_word' id='word_1_787' title='bbox 3034 4298 3265 4370; x_wconf 71' lang='lat' dir='ltr'><strong>qumstio</strong></span> <span class='ocrx_word' id='word_1_788' title='bbox 3287 4344 3302 4369; x_wconf 91' lang='lat'><strong>,</strong></span> <span class='ocrx_word' id='word_1_789' title='bbox 3334 4298 3443 4354; x_wconf 89' lang='lat' dir='ltr'><strong>utri</strong></span> <span class='ocrx_word' id='word_1_790' title='bbox 3472 4298 3625 4369; x_wconf 81' lang='lat' dir='ltr'><strong>prius</strong></span> 
     </span>
    </p>
   </div>
   <div class='ocr_carea' id='block_1_107' title="bbox 468 4345 2438 4442">
    <p class='ocr_par' dir='ltr' id='par_1_107' title="bbox 468 4345 2438 4442">
     <span class='ocr_line' id='line_1_107' title="bbox 468 4345 2438 4442; baseline -0.002 -15"><span class='ocrx_word' id='word_1_791' title='bbox 468 4345 657 4428; x_wconf 46' lang='lat' dir='ltr'><strong>Esne}</strong></span> <span class='ocrx_word' id='word_1_792' title='bbox 680 4345 955 4442; x_wconf 55' lang='lat' dir='ltr'><strong>scriptura</strong></span> <span class='ocrx_word' id='word_1_793' title='bbox 987 4345 1170 4424; x_wconf 54' lang='lat' dir='ltr'><strong>Iarudat</strong></span> <span class='ocrx_word' id='word_1_794' title='bbox 1190 4345 1630 4425; x_wconf 47' lang='lat' dir='ltr'><strong>&#39;celeberrimuni</strong></span> <span class='ocrx_word' id='word_1_795' title='bbox 1675 4345 1918 4428; x_wconf 75' lang='lat' dir='ltr'><strong>codicem</strong></span> <span class='ocrx_word' id='word_1_796' title='bbox 1946 4345 2002 4406; x_wconf 78' lang='lat' dir='ltr'><strong>D</strong></span> <span class='ocrx_word' id='word_1_797' title='bbox 2026 4345 2201 4428; x_wconf 70' lang='lat' dir='ltr'><strong>lvocati</strong></span> <span class='ocrx_word' id='word_1_798' title='bbox 2234 4345 2438 4427; x_wconf 54' lang='lat' dir='ltr'><strong>e‘sseni.</strong></span> 
     </span>
    </p>
   </div>
   <div class='ocr_carea' id='block_1_108' title="bbox 323 4386 1918 4512">
    <p class='ocr_par' dir='ltr' id='par_1_108' title="bbox 323 4386 1918 4512">
     <span class='ocr_line' id='line_1_108' title="bbox 468 4386 1918 4442; baseline 0 -15"><span class='ocrx_word' id='word_1_799' title='bbox 468 4386 657 4428; x_wconf 82' lang='lat' dir='ltr'><strong>eadem</strong></span> <span class='ocrx_word' id='word_1_800' title='bbox 689 4386 955 4442; x_wconf 81' lang='lat' dir='ltr'><strong>scriptura</strong></span> <span class='ocrx_word' id='word_1_801' title='bbox 988 4386 1170 4424; x_wconf 84' lang='lat' dir='ltr'><strong>tauuat</strong></span> <span class='ocrx_word' id='word_1_802' title='bbox 1210 4386 1628 4425; x_wconf 80' lang='lat' dir='ltr'><strong>celeberrimum</strong></span> <span class='ocrx_word' id='word_1_803' title='bbox 1675 4386 1918 4428; x_wconf 83' lang='lat' dir='ltr'><strong>codicem</strong></span> 
     </span>
     <span class='ocr_line' id='line_1_109' title="bbox 323 4386 1918 4512; baseline 0.001 -15"><span class='ocrx_word' id='word_1_804' title='bbox 323 4386 651 4499; x_wconf 53' lang='lat' dir='ltr'><strong>micanum</strong></span> <span class='ocrx_word' id='word_1_805' title='bbox 689 4443 939 4499; x_wconf 64' lang='lat' dir='ltr'><strong>Graii-um</strong></span> <span class='ocrx_word' id='word_1_806' title='bbox 984 4441 1163 4512; x_wconf 49' lang='lat'><strong>“3.09,</strong></span> <span class='ocrx_word' id='word_1_807' title='bbox 1193 4444 1282 4511; x_wconf 92' lang='lat' dir='ltr'><strong>qui</strong></span> <span class='ocrx_word' id='word_1_808' title='bbox 1306 4442 1545 4512; x_wconf 88' lang='lat' dir='ltr'><strong>optimus</strong></span> <span class='ocrx_word' id='word_1_809' title='bbox 1563 4452 1647 4498; x_wconf 86' lang='lat' dir='ltr'><strong>est</strong></span> <span class='ocrx_word' id='word_1_810' title='bbox 1672 4443 1918 4499; x_wconf 88' lang='lat' dir='ltr'><strong>omnium</strong></span> 
     </span>
    </p>
   </div>
   <div class='ocr_carea' id='block_1_109' title="bbox 367 4511 1925 4585">
    <p class='ocr_par' dir='ltr' id='par_1_109' title="bbox 367 4511 1925 4585">
     <span class='ocr_line' id='line_1_110' title="bbox 367 4511 1925 4585; baseline -0.001 -15"><span class='ocrx_word' id='word_1_811' title='bbox 367 4525 599 4585; x_wconf 87' lang='lat' dir='ltr'><strong>uotquot</strong></span> <span class='ocrx_word' id='word_1_812' title='bbox 625 4522 880 4583; x_wconf 80' lang='lat' dir='ltr'><strong>exstant,</strong></span> <span class='ocrx_word' id='word_1_813' title='bbox 930 4512 1092 4568; x_wconf 74' lang='lat' dir='ltr'><strong>Vind.</strong></span> <span class='ocrx_word' id='word_1_814' title='bbox 1142 4511 1333 4585; x_wconf 50' lang='lat' dir='ltr'><strong>Lgnb.</strong></span> <span class='ocrx_word' id='word_1_815' title='bbox 1368 4515 1469 4585; x_wconf 76' lang='lat' dir='ltr'><strong>5i,</strong></span> <span class='ocrx_word' id='word_1_816' title='bbox 1514 4521 1572 4569; x_wconf 92' lang='lat' dir='ltr'><strong>et</strong></span> <span class='ocrx_word' id='word_1_817' title='bbox 1617 4514 1925 4585; x_wconf 87' lang='lat' dir='ltr'><strong>versionem</strong></span> 
     </span>
    </p>
   </div>
   <div class='ocr_carea' id='block_1_110' title="bbox 320 4528 1923 4657">
    <p class='ocr_par' dir='ltr' id='par_1_110' title="bbox 320 4528 1923 4657">
     <span class='ocr_line' id='line_1_111' title="bbox 367 4528 1923 4585; baseline -0.001 -15"><span class='ocrx_word' id='word_1_818' title='bbox 367 4528 880 4585; x_wconf 75' lang='lat' dir='ltr'><strong>uotquotexsrant,</strong></span> <span class='ocrx_word' id='word_1_819' title='bbox 938 4528 1092 4568; x_wconf 82' lang='lat' dir='ltr'><strong>vnio.</strong></span> <span class='ocrx_word' id='word_1_820' title='bbox 1142 4528 1333 4568; x_wconf 69' lang='lat' dir='ltr'><strong>Lamo.</strong></span> <span class='ocrx_word' id='word_1_821' title='bbox 1368 4528 1468 4577; x_wconf 74' lang='lat' dir='ltr'><strong>or,</strong></span> <span class='ocrx_word' id='word_1_822' title='bbox 1514 4528 1572 4569; x_wconf 85' lang='lat' dir='ltr'><strong>et</strong></span> <span class='ocrx_word' id='word_1_823' title='bbox 1617 4529 1923 4571; x_wconf 80' lang='lat' dir='ltr'><strong>versionem</strong></span> 
     </span>
     <span class='ocr_line' id='line_1_112' title="bbox 320 4528 1923 4657; baseline -0.001 -16"><span class='ocrx_word' id='word_1_824' title='bbox 320 4528 522 4656; x_wconf 69' lang='lat' dir='ltr'><strong>gyram</strong></span> <span class='ocrx_word' id='word_1_825' title='bbox 575 4586 1151 4657; x_wconf 80' lang='lat' dir='ltr'><strong>literosolymitanain.</strong></span> <span class='ocrx_word' id='word_1_826' title='bbox 1203 4582 1582 4657; x_wconf 78' lang='lat' dir='ltr'><strong>Wetstenius,</strong></span> <span class='ocrx_word' id='word_1_827' title='bbox 1624 4585 1676 4639; x_wconf 92' lang='lat' dir='ltr'><strong>in</strong></span> <span class='ocrx_word' id='word_1_828' title='bbox 1726 4584 1923 4641; x_wconf 86' lang='lat' dir='ltr'><strong>Testa-</strong></span> 
     </span>
    </p>
   </div>
   <div class='ocr_carea' id='block_1_111' title="bbox 319 4654 1926 4727">
    <p class='ocr_par' dir='ltr' id='par_1_111' title="bbox 319 4654 1926 4727">
     <span class='ocr_line' id='line_1_113' title="bbox 319 4654 1926 4727; baseline 0 -15"><span class='ocrx_word' id='word_1_829' title='bbox 319 4654 510 4713; x_wconf 78' lang='lat' dir='ltr'><strong>mento</strong></span> <span class='ocrx_word' id='word_1_830' title='bbox 539 4672 680 4712; x_wconf 89' lang='lat' dir='ltr'><strong>novo</strong></span> <span class='ocrx_word' id='word_1_831' title='bbox 696 4654 895 4727; x_wconf 63' lang='lat' dir='ltr'><strong>graeco,</strong></span> <span class='ocrx_word' id='word_1_832' title='bbox 929 4656 1178 4727; x_wconf 77' lang='lat' dir='ltr'><strong>eamdem</strong></span> <span class='ocrx_word' id='word_1_833' title='bbox 1196 4654 1502 4727; x_wconf 86' lang='lat' dir='ltr'><strong>lectionem</strong></span> <span class='ocrx_word' id='word_1_834' title='bbox 1532 4665 1926 4713; x_wconf 90' lang='lat' dir='ltr'><strong>commemorat</strong></span> 
     </span>
    </p>
   </div>
   <div class='ocr_carea' id='block_1_112' title="bbox 320 4726 1925 4798">
    <p class='ocr_par' dir='ltr' id='par_1_112' title="bbox 320 4726 1925 4798">
     <span class='ocr_line' id='line_1_114' title="bbox 320 4726 1925 4798; baseline 0.001 -14"><span class='ocrx_word' id='word_1_835' title='bbox 320 4741 395 4784; x_wconf 78' lang='lat' dir='ltr'><strong>ex</strong></span> <span class='ocrx_word' id='word_1_836' title='bbox 436 4726 715 4785; x_wconf 85' lang='lat' dir='ltr'><strong>codicibus</strong></span> <span class='ocrx_word' id='word_1_837' title='bbox 756 4726 965 4785; x_wconf 65' lang='lat' dir='ltr'><strong>Graecis</strong></span> <span class='ocrx_word' id='word_1_838' title='bbox 1012 4726 1454 4797; x_wconf 87' lang='lat' dir='ltr'><strong>Cantabrigieusi</strong></span> <span class='ocrx_word' id='word_1_839' title='bbox 1500 4727 1754 4798; x_wconf 88' lang='lat' dir='ltr'><strong>antiquo,</strong></span> <span class='ocrx_word' id='word_1_840' title='bbox 1788 4726 1925 4786; x_wconf 88' lang='lat' dir='ltr'><strong>duo-</strong></span> 
     </span>
    </p>
   </div>
   <div class='ocr_carea' id='block_1_113' title="bbox 2102 4440 3624 4512">
    <p class='ocr_par' dir='ltr' id='par_1_113' title="bbox 2102 4440 3624 4512">
     <span class='ocr_line' id='line_1_115' title="bbox 2102 4440 3624 4512; baseline -0.001 -15"><span class='ocrx_word' id='word_1_841' title='bbox 2102 4444 2227 4499; x_wconf 74' lang='lat'><strong>705.</strong></span> <span class='ocrx_word' id='word_1_842' title='bbox 2269 4442 2383 4498; x_wconf 88' lang='lat' dir='ltr'><strong>Ott.</strong></span> <span class='ocrx_word' id='word_1_843' title='bbox 2410 4484 2426 4509; x_wconf 89' lang='lat'><strong>,</strong></span> <span class='ocrx_word' id='word_1_844' title='bbox 2487 4441 2623 4511; x_wconf 88' lang='lat' dir='ltr'><strong>Reg.</strong></span> <span class='ocrx_word' id='word_1_845' title='bbox 2661 4482 2676 4505; x_wconf 92' lang='lat'><strong>,</strong></span> <span class='ocrx_word' id='word_1_846' title='bbox 2732 4441 3097 4511; x_wconf 82' lang='lat' dir='ltr'><strong>comprendere</strong></span> <span class='ocrx_word' id='word_1_847' title='bbox 3141 4450 3403 4512; x_wconf 87' lang='lat' dir='ltr'><strong>possunt,</strong></span> <span class='ocrx_word' id='word_1_848' title='bbox 3462 4440 3624 4496; x_wconf 89' lang='lat' dir='ltr'><strong>Rom.</strong></span> 
     </span>
    </p>
   </div>
   <div class='ocr_carea' id='block_1_114' title="bbox 2032 4513 3152 4582">
    <p class='ocr_par' dir='ltr' id='par_1_114' title="bbox 2032 4513 3152 4582">
     <span class='ocr_line' id='line_1_116' title="bbox 2032 4513 3152 4582; baseline -0.003 -13"><span class='ocrx_word' id='word_1_849' title='bbox 2032 4530 2153 4570; x_wconf 83' lang='lat' dir='ltr'><strong>cum</strong></span> <span class='ocrx_word' id='word_1_850' title='bbox 2198 4514 2360 4570; x_wconf 88' lang='lat' dir='ltr'><strong>editis</strong></span> <span class='ocrx_word' id='word_1_851' title='bbox 2383 4555 2397 4578; x_wconf 92' lang='lat'><strong>,</strong></span> <span class='ocrx_word' id='word_1_852' title='bbox 2430 4513 2797 4582; x_wconf 86' lang='lat' dir='ltr'><strong>comprendere</strong></span> <span class='ocrx_word' id='word_1_853' title='bbox 2822 4523 3017 4565; x_wconf 89' lang='lat' dir='ltr'><strong>certum</strong></span> <span class='ocrx_word' id='word_1_854' title='bbox 3057 4521 3152 4567; x_wconf 85' lang='lat' dir='ltr'><strong>est.</strong></span> 
     </span>
    </p>
   </div>
   <div class='ocr_carea' id='block_1_115' title="bbox 2100 4582 3629 4670">
    <p class='ocr_par' dir='ltr' id='par_1_115' title="bbox 2100 4582 3629 4670">
     <span class='ocr_line' id='line_1_117' title="bbox 2100 4582 3629 4670; baseline -0.001 -30"><span class='ocrx_word' id='word_1_855' title='bbox 2100 4586 2227 4641; x_wconf 87' lang='lat'><strong>707.</strong></span> <span class='ocrx_word' id='word_1_856' title='bbox 2268 4584 2379 4642; x_wconf 86' lang='lat' dir='ltr'><strong>Ott.</strong></span> <span class='ocrx_word' id='word_1_857' title='bbox 2403 4626 2418 4648; x_wconf 92' lang='lat'><strong>,</strong></span> <span class='ocrx_word' id='word_1_858' title='bbox 2450 4583 2979 4670; x_wconf 13' lang='lat' dir='ltr'><strong>Reg._,‘guisquarn&#39;:i</strong></span> <span class='ocrx_word' id='word_1_859' title='bbox 3000 4582 3137 4670; x_wconf 59' lang='lat' dir='ltr'><strong>alii,</strong></span> <span class='ocrx_word' id='word_1_860' title='bbox 3171 4599 3515 4670; x_wconf 53' lang='lat' dir='ltr'><strong>quamquam,</strong></span> <span class='ocrx_word' id='word_1_861' title='bbox 3541 4591 3629 4670; x_wconf 4' lang='lat' dir='ltr'><strong>qut</strong></span> 
     </span>
    </p>
   </div>
   <div class='ocr_carea' id='block_1_116' title="bbox 2032 4654 3627 4727">
    <p class='ocr_par' dir='ltr' id='par_1_116' title="bbox 2032 4654 3627 4727">
     <span class='ocr_line' id='line_1_118' title="bbox 2032 4654 3627 4727; baseline -0.003 -13"><span class='ocrx_word' id='word_1_862' title='bbox 2032 4656 2121 4714; x_wconf 90' lang='lat' dir='ltr'><strong>hic</strong></span> <span class='ocrx_word' id='word_1_863' title='bbox 2144 4672 2336 4712; x_wconf 81' lang='lat' dir='ltr'><strong>versus</strong></span> <span class='ocrx_word' id='word_1_864' title='bbox 2357 4654 2551 4711; x_wconf 80' lang='lat' dir='ltr'><strong>versui</strong></span> <span class='ocrx_word' id='word_1_865' title='bbox 2582 4654 2687 4714; x_wconf 80' lang='lat'><strong>705</strong></span> <span class='ocrx_word' id='word_1_866' title='bbox 2716 4654 3066 4727; x_wconf 86' lang='lat' dir='ltr'><strong>respondeat.</strong></span> <span class='ocrx_word' id='word_1_867' title='bbox 3118 4654 3191 4709; x_wconf 78' lang='grc' dir='ltr'><strong>ιη</strong></span> <span class='ocrx_word' id='word_1_868' title='bbox 3228 4654 3337 4711; x_wconf 86' lang='lat' dir='ltr'><strong>Ott.</strong></span> <span class='ocrx_word' id='word_1_869' title='bbox 3389 4654 3627 4711; x_wconf 80' lang='lat' dir='ltr'><strong>fortasse</strong></span> 
     </span>
    </p>
   </div>
   <div class='ocr_carea' id='block_1_117' title="bbox 2028 4729 2476 4801">
    <p class='ocr_par' dir='ltr' id='par_1_117' title="bbox 2028 4729 2476 4801">
     <span class='ocr_line' id='line_1_119' title="bbox 2028 4729 2476 4801; baseline -0.004 -16"><span class='ocrx_word' id='word_1_870' title='bbox 2028 4729 2132 4785; x_wconf 80' lang='lat' dir='ltr'><strong>fuit</strong></span> <span class='ocrx_word' id='word_1_871' title='bbox 2149 4744 2476 4801; x_wconf 87' lang='lat' dir='ltr'><strong>quemquam.</strong></span> 
     </span>
    </p>
   </div>
   <div class='ocr_carea' id='block_1_118' title="bbox 1917 4843 2151 4902">
    <p class='ocr_par' dir='ltr' id='par_1_118' title="bbox 1917 4843 2151 4902">
     <span class='ocr_line' id='line_1_120' title="bbox 1917 4843 2151 4902; baseline 0 -1"><span class='ocrx_word' id='word_1_872' title='bbox 1917 4843 2151 4902; x_wconf 61' lang='lat' dir='ltr'><strong>NOTAE.</strong></span> 
     </span>
    </p>
   </div>
   <div class='ocr_carea' id='block_1_119' title="bbox 394 4933 1923 5008">
    <p class='ocr_par' dir='ltr' id='par_1_119' title="bbox 394 4933 1923 5008">
     <span class='ocr_line' id='line_1_121' title="bbox 394 4933 1923 5008; baseline 0.001 -15"><span class='ocrx_word' id='word_1_873' title='bbox 394 4935 522 5008; x_wconf 68' lang='grc'><strong>694.</strong></span> <span class='ocrx_word' id='word_1_874' title='bbox 554 4933 847 5008; x_wconf 79' lang='lat' dir='ltr'><strong>Virgilius,</strong></span> <span class='ocrx_word' id='word_1_875' title='bbox 873 4937 1049 5006; x_wconf 89' lang='lat' dir='ltr'><strong>eclog.</strong></span> <span class='ocrx_word' id='word_1_876' title='bbox 1081 4937 1118 4990; x_wconf 78' lang='grc'>2</span> <span class='ocrx_word' id='word_1_877' title='bbox 1138 4980 1154 5004; x_wconf 92' lang='grc'><em>,</em></span> <span class='ocrx_word' id='word_1_878' title='bbox 1181 4948 1323 4992; x_wconf 91' lang='lat' dir='ltr'><strong>vers.</strong></span> <span class='ocrx_word' id='word_1_879' title='bbox 1356 4935 1427 4991; x_wconf 89' lang='lat'><strong>70</strong></span> <span class='ocrx_word' id='word_1_880' title='bbox 1449 4953 1460 4989; x_wconf 94' lang='lat'><strong>:</strong></span> <span class='ocrx_word' id='word_1_881' title='bbox 1480 4934 1812 5008; x_wconf 84' lang='lat' dir='ltr'><strong>Semiputata</strong></span> <span class='ocrx_word' id='word_1_882' title='bbox 1831 4938 1923 4994; x_wconf 85' lang='lat' dir='ltr'><strong>tibi</strong></span> 
     </span>
    </p>
   </div>
   <div class='ocr_carea' id='block_1_120' title="bbox 323 5006 1084 5079">
    <p class='ocr_par' dir='ltr' id='par_1_120' title="bbox 323 5006 1084 5079">
     <span class='ocr_line' id='line_1_122' title="bbox 323 5006 1084 5079; baseline 0 -17"><span class='ocrx_word' id='word_1_883' title='bbox 323 5006 578 5079; x_wconf 82' lang='lat' dir='ltr'><strong>frondosa</strong></span> <span class='ocrx_word' id='word_1_884' title='bbox 588 5007 721 5079; x_wconf 64' lang='lat' dir='ltr'><strong>pilis</strong></span> <span class='ocrx_word' id='word_1_885' title='bbox 748 5008 803 5061; x_wconf 91' lang='lat' dir='ltr'><strong>in</strong></span> <span class='ocrx_word' id='word_1_886' title='bbox 826 5008 969 5061; x_wconf 89' lang='lat' dir='ltr'><strong>ulmo</strong></span> <span class='ocrx_word' id='word_1_887' title='bbox 988 5017 1084 5062; x_wconf 89' lang='lat' dir='ltr'><strong>est.</strong></span> 
     </span>
    </p>
   </div>
   <div class='ocr_carea' id='block_1_121' title="bbox 393 5076 1921 5138">
    <p class='ocr_par' dir='ltr' id='par_1_121' title="bbox 393 5076 1921 5138">
     <span class='ocr_line' id='line_1_123' title="bbox 393 5076 1921 5138; baseline 0.003 -5"><span class='ocrx_word' id='word_1_888' title='bbox 393 5078 520 5135; x_wconf 75' lang='lat'><strong>695.</strong></span> <span class='ocrx_word' id='word_1_889' title='bbox 571 5076 822 5133; x_wconf 86' lang='lat' dir='ltr'><strong>Premens</strong></span> <span class='ocrx_word' id='word_1_890' title='bbox 871 5081 1041 5133; x_wconf 81' lang='lat' dir='ltr'><strong>vineta</strong></span> <span class='ocrx_word' id='word_1_891' title='bbox 1088 5078 1303 5135; x_wconf 83' lang='lat' dir='ltr'><strong>retunde</strong></span> <span class='ocrx_word' id='word_1_892' title='bbox 1330 5095 1349 5134; x_wconf 87' lang='lat'><strong>:</strong></span> <span class='ocrx_word' id='word_1_893' title='bbox 1382 5077 1528 5134; x_wconf 92' lang='lat' dir='ltr'><strong>idem</strong></span> <span class='ocrx_word' id='word_1_894' title='bbox 1577 5081 1921 5138; x_wconf 86' lang='lat' dir='ltr'><strong>accusativus</strong></span> 
     </span>
    </p>
   </div>
   <div class='ocr_carea' id='block_1_122' title="bbox 321 5149 924 5205">
    <p class='ocr_par' dir='ltr' id='par_1_122' title="bbox 321 5149 924 5205">
     <span class='ocr_line' id='line_1_124' title="bbox 321 5149 924 5205; baseline -0.007 0"><span class='ocrx_word' id='word_1_895' title='bbox 321 5163 447 5205; x_wconf 86' lang='lat' dir='ltr'><strong>cum</strong></span> <span class='ocrx_word' id='word_1_896' title='bbox 475 5149 692 5204; x_wconf 82' lang='lat' dir='ltr'><strong>duobus</strong></span> <span class='ocrx_word' id='word_1_897' title='bbox 717 5150 924 5205; x_wconf 88' lang='lat' dir='ltr'><strong>verbis.</strong></span> 
     </span>
    </p>
   </div>
   <div class='ocr_carea' id='block_1_123' title="bbox 392 5219 1921 5286">
    <p class='ocr_par' dir='ltr' id='par_1_123' title="bbox 392 5219 1921 5286">
     <span class='ocr_line' id='line_1_125' title="bbox 392 5219 1921 5286; baseline 0.002 -10"><span class='ocrx_word' id='word_1_898' title='bbox 392 5220 524 5276; x_wconf 89' lang='lat'><strong>696.</strong></span> <span class='ocrx_word' id='word_1_899' title='bbox 556 5219 789 5276; x_wconf 85' lang='lat' dir='ltr'><strong>Sordida</strong></span> <span class='ocrx_word' id='word_1_900' title='bbox 825 5234 934 5276; x_wconf 91' lang='lat' dir='ltr'><strong>non</strong></span> <span class='ocrx_word' id='word_1_901' title='bbox 980 5228 1110 5277; x_wconf 90' lang='lat' dir='ltr'><strong>sunt</strong></span> <span class='ocrx_word' id='word_1_902' title='bbox 1143 5220 1323 5276; x_wconf 89' lang='lat' dir='ltr'><strong>vincla</strong></span> <span class='ocrx_word' id='word_1_903' title='bbox 1367 5220 1574 5277; x_wconf 90' lang='lat' dir='ltr'><strong>laboris</strong></span> <span class='ocrx_word' id='word_1_904' title='bbox 1607 5222 1836 5286; x_wconf 90' lang='lat' dir='ltr'><strong>rustici,</strong></span> <span class='ocrx_word' id='word_1_905' title='bbox 1874 5224 1921 5279; x_wconf 90' lang='lat' dir='ltr'><strong>si</strong></span> 
     </span>
    </p>
   </div>
   <div class='ocr_carea' id='block_1_124' title="bbox 322 5290 1922 5363">
    <p class='ocr_par' dir='ltr' id='par_1_124' title="bbox 322 5290 1922 5363">
     <span class='ocr_line' id='line_1_126' title="bbox 322 5290 1922 5363; baseline 0.001 -14"><span class='ocrx_word' id='word_1_906' title='bbox 322 5292 590 5349; x_wconf 80' lang='lat' dir='ltr'><strong>Sordidus</strong></span> <span class='ocrx_word' id='word_1_907' title='bbox 617 5290 921 5361; x_wconf 85' lang='lat' dir='ltr'><strong>accipiatur</strong></span> <span class='ocrx_word' id='word_1_908' title='bbox 963 5307 1067 5363; x_wconf 90' lang='lat' dir='ltr'><strong>pro</strong></span> <span class='ocrx_word' id='word_1_909' title='bbox 1112 5292 1342 5358; x_wconf 90' lang='lat' dir='ltr'><strong>infami,</strong></span> <span class='ocrx_word' id='word_1_910' title='bbox 1374 5292 1551 5362; x_wconf 90' lang='lat' dir='ltr'><strong>turpi,</strong></span> <span class='ocrx_word' id='word_1_911' title='bbox 1590 5291 1755 5349; x_wconf 73' lang='lat' dir='ltr'><strong>fmdo.</strong></span> <span class='ocrx_word' id='word_1_912' title='bbox 1798 5292 1922 5350; x_wconf 86' lang='lat' dir='ltr'><strong>Alio</strong></span> 
     </span>
    </p>
   </div>
   <div class='ocr_carea' id='block_1_125' title="bbox 321 5362 1925 5430">
    <p class='ocr_par' dir='ltr' id='par_1_125' title="bbox 321 5362 1925 5430">
     <span class='ocr_line' id='line_1_127' title="bbox 321 5362 1925 5430; baseline -0.001 -11"><span class='ocrx_word' id='word_1_913' title='bbox 321 5377 490 5419; x_wconf 81' lang='lat' dir='ltr'><strong>sensu</strong></span> <span class='ocrx_word' id='word_1_914' title='bbox 521 5377 649 5418; x_wconf 88' lang='lat' dir='ltr'><strong>rura</strong></span> <span class='ocrx_word' id='word_1_915' title='bbox 694 5364 949 5419; x_wconf 87' lang='lat' dir='ltr'><strong>dicuntur</strong></span> <span class='ocrx_word' id='word_1_916' title='bbox 970 5362 979 5363; x_wconf 28' lang='grc' dir='ltr'>ί</span> <span class='ocrx_word' id='word_1_917' title='bbox 1002 5362 1221 5418; x_wconf 87' lang='lat' dir='ltr'><strong>sordida</strong></span> <span class='ocrx_word' id='word_1_918' title='bbox 1242 5405 1256 5423; x_wconf 89' lang='lat'><strong>.</strong></span> <span class='ocrx_word' id='word_1_919' title='bbox 1306 5376 1488 5418; x_wconf 82' lang='lat' dir='ltr'><strong>aratra</strong></span> <span class='ocrx_word' id='word_1_920' title='bbox 1533 5365 1746 5418; x_wconf 85' lang='lat' dir='ltr'><strong>sordida</strong></span> <span class='ocrx_word' id='word_1_921' title='bbox 1773 5405 1788 5430; x_wconf 93' lang='lat'><strong>,</strong></span> <span class='ocrx_word' id='word_1_922' title='bbox 1818 5366 1925 5419; x_wconf 89' lang='lat' dir='ltr'><strong>otia</strong></span> 
     </span>
    </p>
   </div>
   <div class='ocr_carea' id='block_1_126' title="bbox 319 5434 1925 5505">
    <p class='ocr_par' dir='ltr' id='par_1_126' title="bbox 319 5434 1925 5505">
     <span class='ocr_line' id='line_1_128' title="bbox 319 5434 1925 5505; baseline 0.001 -16"><span class='ocrx_word' id='word_1_923' title='bbox 319 5435 539 5489; x_wconf 88' lang='lat' dir='ltr'><strong>sordida</strong></span> <span class='ocrx_word' id='word_1_924' title='bbox 568 5434 729 5498; x_wconf 88' lang='lat' dir='ltr'><strong>ruris,</strong></span> <span class='ocrx_word' id='word_1_925' title='bbox 763 5436 981 5489; x_wconf 89' lang='lat' dir='ltr'><strong>sordida</strong></span> <span class='ocrx_word' id='word_1_926' title='bbox 1009 5442 1142 5488; x_wconf 85' lang='lat' dir='ltr'><strong>tectu</strong></span> <span class='ocrx_word' id='word_1_927' title='bbox 1172 5434 1326 5505; x_wconf 12' lang='lat' dir='ltr'><strong>ivillte</strong></span> <span class='ocrx_word' id='word_1_928' title='bbox 1351 5477 1366 5499; x_wconf 94' lang='lat'><strong>,</strong></span> <span class='ocrx_word' id='word_1_929' title='bbox 1392 5450 1558 5501; x_wconf 79' lang='lat' dir='ltr'><strong>casce,</strong></span> <span class='ocrx_word' id='word_1_930' title='bbox 1599 5444 1706 5490; x_wconf 88' lang='lat' dir='ltr'><strong>etc.</strong></span> <span class='ocrx_word' id='word_1_931' title='bbox 1734 5476 1749 5500; x_wconf 95' lang='lat'><strong>,</strong></span> <span class='ocrx_word' id='word_1_932' title='bbox 1797 5437 1925 5505; x_wconf 83' lang='lat' dir='ltr'><strong>quia</strong></span> 
     </span>
    </p>
   </div>
   <div class='ocr_carea' id='block_1_127' title="bbox 323 5504 1926 5575">
    <p class='ocr_par' dir='ltr' id='par_1_127' title="bbox 323 5504 1926 5575">
     <span class='ocr_line' id='line_1_129' title="bbox 323 5504 1926 5575; baseline 0 -14"><span class='ocrx_word' id='word_1_933' title='bbox 323 5509 507 5561; x_wconf 89' lang='lat' dir='ltr'><strong>nullus</strong></span> <span class='ocrx_word' id='word_1_934' title='bbox 536 5507 655 5560; x_wconf 90' lang='lat' dir='ltr'><strong>ruri</strong></span> <span class='ocrx_word' id='word_1_935' title='bbox 683 5506 1074 5561; x_wconf 87' lang='lat' dir='ltr'><strong>munditiarum</strong></span> <span class='ocrx_word' id='word_1_936' title='bbox 1098 5504 1297 5560; x_wconf 84' lang='lat' dir='ltr'><strong>cultus.</strong></span> <span class='ocrx_word' id='word_1_937' title='bbox 1340 5505 1531 5560; x_wconf 82' lang='lat' dir='ltr'><strong>Vincla</strong></span> <span class='ocrx_word' id='word_1_938' title='bbox 1561 5506 1752 5560; x_wconf 88' lang='lat' dir='ltr'><strong>laboris</strong></span> <span class='ocrx_word' id='word_1_939' title='bbox 1785 5504 1926 5575; x_wconf 89' lang='lat' dir='ltr'><strong>peti-</strong></span> 
     </span>
    </p>
   </div>
   <div class='ocr_carea' id='block_1_128' title="bbox 322 5575 1926 5645">
    <p class='ocr_par' dir='ltr' id='par_1_128' title="bbox 322 5575 1926 5645">
     <span class='ocr_line' id='line_1_130' title="bbox 322 5575 1926 5645; baseline 0.001 -14"><span class='ocrx_word' id='word_1_940' title='bbox 322 5585 435 5633; x_wconf 90' lang='lat' dir='ltr'><strong>tum</strong></span> <span class='ocrx_word' id='word_1_941' title='bbox 457 5576 677 5631; x_wconf 87' lang='lat' dir='ltr'><strong>videtur</strong></span> <span class='ocrx_word' id='word_1_942' title='bbox 703 5591 769 5631; x_wconf 72' lang='lat' dir='ltr'><strong>ex</strong></span> <span class='ocrx_word' id='word_1_943' title='bbox 796 5577 1045 5644; x_wconf 85' lang='lat' dir='ltr'><strong>Horatio,</strong></span> <span class='ocrx_word' id='word_1_944' title='bbox 1074 5578 1110 5630; x_wconf 93' lang='lat' dir='ltr'><strong>l.</strong></span> <span class='ocrx_word' id='word_1_945' title='bbox 1139 5592 1153 5630; x_wconf 88' lang='grc' dir='ltr'>ι</span> <span class='ocrx_word' id='word_1_946' title='bbox 1179 5617 1194 5642; x_wconf 89' lang='grc'><em>,</em></span> <span class='ocrx_word' id='word_1_947' title='bbox 1224 5576 1386 5645; x_wconf 87' lang='lat' dir='ltr'><strong>epist.</strong></span> <span class='ocrx_word' id='word_1_948' title='bbox 1413 5578 1467 5645; x_wconf 87' lang='lat'><strong>&#39;7,</strong></span> <span class='ocrx_word' id='word_1_949' title='bbox 1496 5591 1644 5633; x_wconf 89' lang='lat' dir='ltr'><strong>vers.</strong></span> <span class='ocrx_word' id='word_1_950' title='bbox 1672 5577 1741 5633; x_wconf 84' lang='lat'><strong>67</strong></span> <span class='ocrx_word' id='word_1_951' title='bbox 1771 5594 1784 5631; x_wconf 92' lang='lat'><strong>:</strong></span> <span class='ocrx_word' id='word_1_952' title='bbox 1816 5575 1926 5633; x_wconf 74' lang='lat' dir='ltr'><strong>Ea:-</strong></span> 
     </span>
    </p>
   </div>
   <div class='ocr_carea' id='block_1_129' title="bbox 322 5646 1481 5711">
    <p class='ocr_par' dir='ltr' id='par_1_129' title="bbox 322 5646 1481 5711">
     <span class='ocr_line' id='line_1_131' title="bbox 322 5646 1481 5711; baseline -0.002 -7"><span class='ocrx_word' id='word_1_953' title='bbox 322 5663 509 5704; x_wconf 80' lang='lat' dir='ltr'><strong>atsare</strong></span> <span class='ocrx_word' id='word_1_954' title='bbox 532 5646 766 5702; x_wconf 83' lang='lat' dir='ltr'><strong>laborem</strong></span> <span class='ocrx_word' id='word_1_955' title='bbox 788 5687 803 5711; x_wconf 90' lang='lat'><strong>,</strong></span> <span class='ocrx_word' id='word_1_956' title='bbox 839 5663 885 5703; x_wconf 86' lang='lat' dir='ltr'><strong>et</strong></span> <span class='ocrx_word' id='word_1_957' title='bbox 911 5650 1241 5703; x_wconf 87' lang='lat' dir='ltr'><strong>mercenaria</strong></span> <span class='ocrx_word' id='word_1_958' title='bbox 1287 5647 1481 5703; x_wconf 77' lang='lat' dir='ltr'><strong>uincla.</strong></span> 
     </span>
    </p>
   </div>
   <div class='ocr_carea' id='block_1_130' title="bbox 396 5717 1922 5790">
    <p class='ocr_par' dir='ltr' id='par_1_130' title="bbox 396 5717 1922 5790">
     <span class='ocr_line' id='line_1_132' title="bbox 396 5717 1922 5790; baseline 0.001 -18"><span class='ocrx_word' id='word_1_959' title='bbox 396 5719 522 5774; x_wconf 84' lang='lat'><strong>700.</strong></span> <span class='ocrx_word' id='word_1_960' title='bbox 565 5718 816 5777; x_wconf 79' lang='lat' dir='ltr'><strong>Notoudn</strong></span> <span class='ocrx_word' id='word_1_961' title='bbox 861 5721 1102 5776; x_wconf 74' lang='lat' dir='ltr'><strong>locutio:</strong></span> <span class='ocrx_word' id='word_1_962' title='bbox 1148 5717 1370 5777; x_wconf 84' lang='lat' dir='ltr'><strong>Jubebat</strong></span> <span class='ocrx_word' id='word_1_963' title='bbox 1417 5718 1490 5775; x_wconf 86' lang='lat' dir='ltr'><strong>ad</strong></span> <span class='ocrx_word' id='word_1_964' title='bbox 1518 5720 1687 5776; x_wconf 74' lang='lat' dir='ltr'><strong>vineta</strong></span> <span class='ocrx_word' id='word_1_965' title='bbox 1730 5721 1922 5790; x_wconf 84' lang='lat' dir='ltr'><strong>depen-</strong></span> 
     </span>
    </p>
   </div>
   <div class='ocr_carea' id='block_1_131' title="bbox 2028 4936 3627 5010">
    <p class='ocr_par' dir='ltr' id='par_1_131' title="bbox 2028 4936 3627 5010">
     <span class='ocr_line' id='line_1_133' title="bbox 2028 4936 3627 5010; baseline 0 -15"><span class='ocrx_word' id='word_1_966' title='bbox 2028 4941 2150 4995; x_wconf 87' lang='lat' dir='ltr'><strong>dere</strong></span> <span class='ocrx_word' id='word_1_967' title='bbox 2184 4941 2339 5010; x_wconf 87' lang='lat' dir='ltr'><strong>jussa</strong></span> <span class='ocrx_word' id='word_1_968' title='bbox 2367 4943 2450 4995; x_wconf 87' lang='lat' dir='ltr'><strong>sui</strong></span> <span class='ocrx_word' id='word_1_969' title='bbox 2494 4941 2717 4996; x_wconf 87' lang='lat' dir='ltr'><strong>laboris:</strong></span> <span class='ocrx_word' id='word_1_970' title='bbox 2748 4953 2945 5008; x_wconf 87' lang='lat' dir='ltr'><strong>nempe</strong></span> <span class='ocrx_word' id='word_1_971' title='bbox 2970 4936 3204 5010; x_wconf 72' lang='lat' dir='ltr'><strong>iubebat</strong></span> <span class='ocrx_word' id='word_1_972' title='bbox 3256 4938 3337 4994; x_wconf 91' lang='lat' dir='ltr'><strong>ire</strong></span> <span class='ocrx_word' id='word_1_973' title='bbox 3366 4938 3423 4994; x_wconf 89' lang='lat' dir='ltr'><strong>in</strong></span> <span class='ocrx_word' id='word_1_974' title='bbox 3473 4939 3627 4995; x_wconf 89' lang='lat' dir='ltr'><strong>vine-</strong></span> 
     </span>
    </p>
   </div>
   <div class='ocr_carea' id='block_1_132' title="bbox 2028 5009 3625 5083">
    <p class='ocr_par' dir='ltr' id='par_1_132' title="bbox 2028 5009 3625 5083">
     <span class='ocr_line' id='line_1_134' title="bbox 2028 5009 3625 5083; baseline -0.001 -16"><span class='ocrx_word' id='word_1_975' title='bbox 2028 5021 2165 5079; x_wconf 90' lang='lat' dir='ltr'><strong>tum,</strong></span> <span class='ocrx_word' id='word_1_976' title='bbox 2186 5009 2259 5067; x_wconf 16' lang='lat' dir='ltr'><strong>7ut</strong></span> <span class='ocrx_word' id='word_1_977' title='bbox 2289 5013 2581 5068; x_wconf 85' lang='lat' dir='ltr'><strong>laboraret.</strong></span> <span class='ocrx_word' id='word_1_978' title='bbox 2635 5010 2967 5083; x_wconf 80' lang='lat' dir='ltr'><strong>Dependere_</strong></span> <span class='ocrx_word' id='word_1_979' title='bbox 2984 5009 3259 5083; x_wconf 77' lang='lat' dir='ltr'><strong>signiﬁcat</strong></span> <span class='ocrx_word' id='word_1_980' title='bbox 3281 5010 3625 5083; x_wconf 11' lang='lat' dir='ltr'><strong>etiamginsu-</strong></span> 
     </span>
    </p>
   </div>
   <div class='ocr_carea' id='block_1_133' title="bbox 2027 5080 3630 5153">
    <p class='ocr_par' dir='ltr' id='par_1_133' title="bbox 2027 5080 3630 5153">
     <span class='ocr_line' id='line_1_135' title="bbox 2027 5080 3630 5153; baseline -0.001 -16"><span class='ocrx_word' id='word_1_981' title='bbox 2027 5098 2209 5149; x_wconf 90' lang='lat' dir='ltr'><strong>mere,</strong></span> <span class='ocrx_word' id='word_1_982' title='bbox 2242 5092 2300 5136; x_wconf 93' lang='lat' dir='ltr'><strong>ut</strong></span> <span class='ocrx_word' id='word_1_983' title='bbox 2328 5084 2618 5151; x_wconf 85' lang='lat' dir='ltr'><strong>dependere</strong></span> <span class='ocrx_word' id='word_1_984' title='bbox 2664 5080 2893 5153; x_wconf 83' lang='lat' dir='ltr'><strong>operam.</strong></span> <span class='ocrx_word' id='word_1_985' title='bbox 2927 5081 3185 5137; x_wconf 88' lang='lat' dir='ltr'><strong>Fortasse</strong></span> <span class='ocrx_word' id='word_1_986' title='bbox 3214 5080 3318 5135; x_wconf 89' lang='lat' dir='ltr'><strong>hoc</strong></span> <span class='ocrx_word' id='word_1_987' title='bbox 3362 5080 3469 5135; x_wconf 90' lang='lat' dir='ltr'><strong>sibi</strong></span> <span class='ocrx_word' id='word_1_988' title='bbox 3508 5080 3630 5136; x_wconf 87' lang='lat' dir='ltr'><strong>vult</strong></span> 
     </span>
    </p>
   </div>
   <div class='ocr_carea' id='block_1_134' title="bbox 2027 5154 2718 5225">
    <p class='ocr_par' dir='ltr' id='par_1_134' title="bbox 2027 5154 2718 5225">
     <span class='ocr_line' id='line_1_136' title="bbox 2027 5154 2718 5225; baseline -0.001 -17"><span class='ocrx_word' id='word_1_989' title='bbox 2027 5155 2315 5225; x_wconf 84' lang='lat' dir='ltr'><strong>dependere</strong></span> <span class='ocrx_word' id='word_1_990' title='bbox 2341 5157 2482 5217; x_wconf 83' lang='lat' dir='ltr'><strong>iussa</strong></span> <span class='ocrx_word' id='word_1_991' title='bbox 2502 5154 2718 5225; x_wconf 83' lang='lat' dir='ltr'><strong>laboris.</strong></span> 
     </span>
    </p>
   </div>
   <div class='ocr_carea' id='block_1_135' title="bbox 2101 5220 3621 5295">
    <p class='ocr_par' dir='ltr' id='par_1_135' title="bbox 2101 5220 3621 5295">
     <span class='ocr_line' id='line_1_137' title="bbox 2101 5220 3621 5295; baseline -0.002 -15"><span class='ocrx_word' id='word_1_992' title='bbox 2101 5220 2227 5280; x_wconf 86' lang='grc'>701.</span> <span class='ocrx_word' id='word_1_993' title='bbox 2270 5225 2557 5295; x_wconf 79' lang='lat' dir='ltr'><strong>Repensat,</strong></span> <span class='ocrx_word' id='word_1_994' title='bbox 2590 5223 3049 5295; x_wconf 88' lang='lat' dir='ltr'><strong>frequentativum</strong></span> <span class='ocrx_word' id='word_1_995' title='bbox 3076 5237 3107 5278; x_wconf 91' lang='lat' dir='ltr'><strong>a</strong></span> <span class='ocrx_word' id='word_1_996' title='bbox 3137 5222 3379 5295; x_wconf 83' lang='lat' dir='ltr'><strong>rependo</strong></span> <span class='ocrx_word' id='word_1_997' title='bbox 3426 5220 3621 5277; x_wconf 84' lang='lat' dir='ltr'><strong>eadem</strong></span> 
     </span>
    </p>
   </div>
   <div class='ocr_carea' id='block_1_136' title="bbox 2030 5293 3621 5366">
    <p class='ocr_par' dir='ltr' id='par_1_136' title="bbox 2030 5293 3621 5366">
     <span class='ocr_line' id='line_1_138' title="bbox 2030 5293 3621 5366; baseline -0.001 -16"><span class='ocrx_word' id='word_1_998' title='bbox 2030 5295 2147 5366; x_wconf 86' lang='lat' dir='ltr'><strong>fere</strong></span> <span class='ocrx_word' id='word_1_999' title='bbox 2177 5293 2596 5366; x_wconf 66' lang='lat' dir='ltr'><strong>signifimtione.</strong></span> <span class='ocrx_word' id='word_1_1000' title='bbox 2620 5293 2734 5353; x_wconf 83' lang='lat' dir='ltr'><strong>Nec</strong></span> <span class='ocrx_word' id='word_1_1001' title='bbox 2760 5294 2887 5349; x_wconf 84' lang='lat' dir='ltr'><strong>facit</strong></span> <span class='ocrx_word' id='word_1_1002' title='bbox 2909 5335 2925 5361; x_wconf 91' lang='lat'><strong>,</strong></span> <span class='ocrx_word' id='word_1_1003' title='bbox 2953 5304 3012 5351; x_wconf 95' lang='lat' dir='ltr'><strong>ut</strong></span> <span class='ocrx_word' id='word_1_1004' title='bbox 3032 5293 3197 5350; x_wconf 90' lang='lat' dir='ltr'><strong>dictis</strong></span> <span class='ocrx_word' id='word_1_1005' title='bbox 3224 5295 3361 5348; x_wconf 85' lang='lat' dir='ltr'><strong>facta</strong></span> <span class='ocrx_word' id='word_1_1006' title='bbox 3391 5305 3621 5363; x_wconf 89' lang='lat' dir='ltr'><strong>respon-</strong></span> 
     </span>
    </p>
   </div>
   <div class='ocr_carea' id='block_1_137' title="bbox 2032 5365 2709 5436">
    <p class='ocr_par' dir='ltr' id='par_1_137' title="bbox 2032 5365 2709 5436">
     <span class='ocr_line' id='line_1_139' title="bbox 2032 5365 2709 5436; baseline 0 -14"><span class='ocrx_word' id='word_1_1007' title='bbox 2032 5365 2349 5431; x_wconf 29' lang='lat' dir='ltr'><strong>deant,’aut</strong></span> <span class='ocrx_word' id='word_1_1008' title='bbox 2377 5370 2529 5436; x_wconf 87' lang='lat' dir='ltr'><strong>paria</strong></span> <span class='ocrx_word' id='word_1_1009' title='bbox 2580 5369 2709 5422; x_wconf 83' lang='lat' dir='ltr'><strong>sint.</strong></span> 
     </span>
    </p>
   </div>
   <div class='ocr_carea' id='block_1_138' title="bbox 2106 5432 3622 5509">
    <p class='ocr_par' dir='ltr' id='par_1_138' title="bbox 2106 5432 3622 5509">
     <span class='ocr_line' id='line_1_140' title="bbox 2106 5432 3622 5509; baseline 0 -18"><span class='ocrx_word' id='word_1_1010' title='bbox 2106 5439 2227 5496; x_wconf 83' lang='lat'><strong>706.</strong></span> <span class='ocrx_word' id='word_1_1011' title='bbox 2276 5432 2514 5504; x_wconf 66' lang='lat' dir='ltr'><strong>Quaestus</strong></span> <span class='ocrx_word' id='word_1_1012' title='bbox 2557 5438 2627 5495; x_wconf 91' lang='lat' dir='ltr'><strong>de</strong></span> <span class='ocrx_word' id='word_1_1013' title='bbox 2655 5438 2991 5509; x_wconf 88' lang='lat' dir='ltr'><strong>professione</strong></span> <span class='ocrx_word' id='word_1_1014' title='bbox 3020 5434 3330 5509; x_wconf 52' lang='lat' dir='ltr'><strong>meretriQa</strong></span> <span class='ocrx_word' id='word_1_1015' title='bbox 3360 5432 3622 5506; x_wconf 88' lang='lat' dir='ltr'><strong>frequen-</strong></span> 
     </span>
    </p>
   </div>
   <div class='ocr_carea' id='block_1_139' title="bbox 2036 5503 3621 5579">
    <p class='ocr_par' dir='ltr' id='par_1_139' title="bbox 2036 5503 3621 5579">
     <span class='ocr_line' id='line_1_141' title="bbox 2036 5503 3621 5579; baseline -0.001 -15"><span class='ocrx_word' id='word_1_1016' title='bbox 2036 5518 2120 5564; x_wconf 90' lang='lat' dir='ltr'><strong>ter</strong></span> <span class='ocrx_word' id='word_1_1017' title='bbox 2149 5509 2366 5565; x_wconf 90' lang='lat' dir='ltr'><strong>dicitur.</strong></span> <span class='ocrx_word' id='word_1_1018' title='bbox 2402 5509 2621 5564; x_wconf 72' lang='lat' dir='ltr'><strong>Plautus</strong></span> <span class='ocrx_word' id='word_1_1019' title='bbox 2647 5503 2666 5571; x_wconf 68' lang='grc' dir='ltr'><em>ξ</em></span> <span class='ocrx_word' id='word_1_1020' title='bbox 2690 5509 2845 5565; x_wconf 64' lang='lat' dir='ltr'><strong>Poen.</strong></span> <span class='ocrx_word' id='word_1_1021' title='bbox 2877 5524 2937 5572; x_wconf 92' lang='lat' dir='ltr'><strong>v,</strong></span> <span class='ocrx_word' id='word_1_1022' title='bbox 2989 5508 3023 5561; x_wconf 79' lang='lat'><strong>5</strong></span> <span class='ocrx_word' id='word_1_1023' title='bbox 3054 5546 3068 5572; x_wconf 92' lang='lat'><strong>,</strong></span> <span class='ocrx_word' id='word_1_1024' title='bbox 3109 5506 3181 5561; x_wconf 73' lang='lat'><strong>20</strong></span> <span class='ocrx_word' id='word_1_1025' title='bbox 3207 5522 3221 5560; x_wconf 94' lang='lat'><strong>:</strong></span> <span class='ocrx_word' id='word_1_1026' title='bbox 3255 5503 3621 5579; x_wconf 82' lang='lat' dir='ltr'><strong>Facerentque</strong></span> 
     </span>
    </p>
   </div>
   <div class='ocr_carea' id='block_1_140' title="bbox 2031 5579 3055 5651">
    <p class='ocr_par' dir='ltr' id='par_1_140' title="bbox 2031 5579 3055 5651">
     <span class='ocr_line' id='line_1_142' title="bbox 2031 5579 3055 5651; baseline -0.001 -18"><span class='ocrx_word' id='word_1_1027' title='bbox 2031 5579 2519 5651; x_wconf 54' lang='lat' dir='ltr'><strong>indignunggenere</strong></span> <span class='ocrx_word' id='word_1_1028' title='bbox 2541 5589 2792 5649; x_wconf 64' lang='lat' dir='ltr'><strong>quaestum</strong></span> <span class='ocrx_word' id='word_1_1029' title='bbox 2819 5593 3055 5651; x_wconf 60' lang='lat' dir='ltr'><strong>corpore.</strong></span> 
     </span>
    </p>
   </div>
   <div class='ocr_carea' id='block_1_141' title="bbox 2103 5647 3623 5720">
    <p class='ocr_par' dir='ltr' id='par_1_141' title="bbox 2103 5647 3623 5720">
     <span class='ocr_line' id='line_1_143' title="bbox 2103 5647 3623 5720; baseline 0 -15"><span class='ocrx_word' id='word_1_1030' title='bbox 2103 5647 2227 5709; x_wconf 82' lang='grc'>708.</span> <span class='ocrx_word' id='word_1_1031' title='bbox 2271 5647 2397 5704; x_wconf 86' lang='lat' dir='ltr'><strong>Non</strong></span> <span class='ocrx_word' id='word_1_1032' title='bbox 2433 5660 2509 5706; x_wconf 88' lang='lat' dir='ltr'><strong>est</strong></span> <span class='ocrx_word' id='word_1_1033' title='bbox 2548 5647 2789 5705; x_wconf 75' lang='lat' dir='ltr'><strong>oestrum.</strong></span> <span class='ocrx_word' id='word_1_1034' title='bbox 2816 5648 3105 5705; x_wconf 84' lang='lat' dir='ltr'><strong>Terentius</strong></span> <span class='ocrx_word' id='word_1_1035' title='bbox 3130 5684 3147 5715; x_wconf 86' lang='lat'><strong>,</strong></span> <span class='ocrx_word' id='word_1_1036' title='bbox 3184 5647 3477 5708; x_wconf 81' lang='lat' dir='ltr'><strong>Heautont.</strong></span> <span class='ocrx_word' id='word_1_1037' title='bbox 3506 5665 3565 5705; x_wconf 89' lang='lat' dir='ltr'><strong>Ill</strong></span> <span class='ocrx_word' id='word_1_1038' title='bbox 3606 5677 3623 5720; x_wconf 59' lang='grc' dir='ltr'>δ</span> 
     </span>
    </p>
   </div>
   <div class='ocr_carea' id='block_1_142' title="bbox 2030 5721 2802 5777">
    <p class='ocr_par' dir='ltr' id='par_1_142' title="bbox 2030 5721 2802 5777">
     <span class='ocr_line' id='line_1_144' title="bbox 2030 5721 2802 5777; baseline -0.003 0"><span class='ocrx_word' id='word_1_1039' title='bbox 2030 5724 2089 5777; x_wconf 72' lang='lat'><strong>9.:</strong></span> <span class='ocrx_word' id='word_1_1040' title='bbox 2130 5721 2249 5777; x_wconf 87' lang='lat' dir='ltr'><strong>Non</strong></span> <span class='ocrx_word' id='word_1_1041' title='bbox 2271 5732 2343 5776; x_wconf 84' lang='lat' dir='ltr'><strong>est</strong></span> <span class='ocrx_word' id='word_1_1042' title='bbox 2367 5721 2573 5775; x_wconf 87' lang='lat' dir='ltr'><strong>mentiri</strong></span> <span class='ocrx_word' id='word_1_1043' title='bbox 2616 5737 2802 5775; x_wconf 69' lang='lat' dir='ltr'><strong>meum.</strong></span> 
     </span>
    </p>
   </div>
  </div>
