4154 6176
579 210 690 272 295

723 326 876 384 Unus
905 329 1160 396 correpto
1193 321 1415 381 tolletur
1452 335 1684 395 corpore
1713 329 1920 392 arator,

718 421 1052 491 lgnarusque
1083 418 1225 475 alius
1249 427 1406 475 vasto
1434 417 1716 490 linquetur
1747 418 1800 472 in
1831 432 1990 488 agro,

720 513 842 570 Uno
871 512 1005 584 quin
1035 513 1198 569 etiam
1231 511 1558 568 recubantes
1585 509 1850 566 stramine
1883 510 2011 566 lecti

575 609 683 668 175
721 608 917 680 Dispar
941 607 1206 677 judicium
1237 607 1452 663 diversa
1477 614 1632 662 sorte
1661 603 1941 660 subibunt.

716 701 869 759 Unus
911 700 1059 757 enim
1087 699 1297 756 socium
1325 707 1540 770 quaeret
1571 713 1668 768 per
1694 705 1865 754 strata
1893 696 2137 753 relictus.

716 794 924 851 Idcirco
955 793 1142 850 famuli
1175 793 1417 864 vigilent,
1451 793 1574 863 quia
1601 790 1822 847 nescius
1853 790 1960 846 illis

719 889 880 962 332
924 887 1210 945 Adventus
1263 885 1478 943 Domini
1524 885 1736 943 subitas
1782 883 2078 942 descendet
2126 881 2179 938 in

1899 977 2105 1049 [horas.

720 1077 780 1134 Si
814 1077 1222 1146 sciretfcertum
1255 1074 1390 1131 luris
1420 1074 1680 1131 insistere
1706 1081 1922 1144 tempus

576 1171 680 1228 180
716 1170 961 1241 Quisque
989 1168 1186 1226 domus
1205 1176 1414 1237 custos,
1439 1167 1714 1239 vigilaret,
1739 1175 1794 1222 et
1825 1164 1982 1221 obvia
2015 1162 2183 1220 ferret

717 1265 882 1321 Arma
902 1265 1114 1336 procul,
1143 1270 1334 1335 ruptas
1357 1278 1428 1321 ne
1445 1262 1569 1334 quis
1591 1268 1906 1332 penetraret
1934 1259 1988 1314 in
2011 1257 2178 1314 aedes.

723 1357 831 1415 Sed
860 1371 957 1413 vos
985 1356 1212 1412 intentis
1237 1353 1438 1412 animis
1465 1355 1703 1410 assistite
1732 1367 1970 1423 semper.

719 1449 965 1522 Namque
997 1450 1316 1521 repentinus
1354 1448 1512 1505 vobis
1538 1448 1859 1516 subitusque
1895 1454 2148 1502 recurret

719 1541 893 1598 Filius
923 1543 1031 1600 huc
1062 1542 1332 1608 hominis,
1361 1532 1526 1612 juStis
1553 1555 1651 1596 sua
1679 1540 1904 1612 praemia
1929 1553 2177 1595 servans.

580 1638 683 1697 185
721 1637 818 1695 Ille
843 1637 1023 1695 ﬁdelis
1049 1636 1154 1695 erit
1181 1650 1400 1705 servus,
1433 1635 1520 1692 cui
1557 1633 1784 1692 credere
1812 1642 2038 1690 cunctas

1815 204 1821 209 ’
1884 204 1946 267 c.
1973 204 2044 268 v.
2075 199 2306 301 AQUIL.
2337 195 2622 268 JUVENCI

2205 332 2260 392 Α
2428 325 2620 393 Αὲἒᾱθε,
2652 331 2706 380 et
2735 318 2967 378 famulos
2993 315 3165 374 voluit
3191 327 3288 388 per
3311 313 3472 385 longa
3499 311 3777 384 prolectus

3247 408 3464 478 sapiens
3483 451 3500 476 ,
3545 407 3881 479 nimiumque

3567 497 3806 571 [beatus

2425 602 2601 670 Quem
2639 599 2864 656 veniens
2905 594 3169 652 Dominus
3210 599 3518 649 servantem
3545 589 3699 661 jussa
3727 590 3880 647 vide-

3687 683 3806 756 pm.

2426 786 2584 841 Illum
2609 782 2801 854 majori
2829 782 3086 837 famulum
3109 776 3392 837 redimibit
3420 777 3651 833 honore.

2285 879 2390 938 190
2427 880 2528 936 Ast
2565 879 2656 934 ille
2685 875 2894 943 infelix,
2930 875 3022 946 qui
3051 872 3270 930 sordida
3304 869 3629 939 luxuriatus,

2430 971 2590 1044 333
2616 968 2946 1026 Tardantcm
2974 965 3271 1023 contemnit
3297 967 3510 1030 herum,
3541 961 3881 1033 famulosque

3597 1053 3809 1127 [fatigat

2427 1156 2782 1224 Verberibus,
2811 1153 3076 1226 segnique
3109 1149 3398 1221 indulgens
3427 1147 3701 1216 ebrietati,

2427 1251 2858 1308 Luxuriosorum
2891 1247 3140 1302 convivia
3171 1243 3612 1301 concelebrabat.

2428 1345 2691 1402 Adveniet
2713 1344 2990 1408 dominus,
3016 1355 3343 1410 servumque
3369 1339 3583 1394 incauta
3610 1337 3880 1394 furentem

2287 1441 2392 1496 195
2422 1437 2763 1508 Praecipitem
2795 1435 2972 1506 dignis
3005 1447 3289 1504 pinnarum
3316 1431 3560 1486 cladibus
3589 1429 3772 1486 abdet.

2430 1531 2588 1586 Illum
2619 1535 2917 1600 perpetuus
2949 1527 3127 1593 lletus,
3157 1523 3468 1594 stridorque
3497 1522 3756 1579 manebit.

2497 1622 2752 1680 Conlerri
2781 1629 3011 1693 possunt
3037 1619 3284 1676 coelestia
3312 1633 3482 1690 regna
3511 1617 3703 1688 puellis

2429 420 2524 474 Vir
2571 425 2726 490 pater
2768 417 2887 485 ipse
2935 411 3132 469 domus
3184 427 3197 462 :

1808 1765 2197 1824 LECTIONES
2239 1759 2650 1820 VARIANTES.

652 1883 776 1941 172.
817 1883 966 1952 Ald.,
1006 1885 1156 1952 Bas.,
1199 1893 1396 1953 aratro,
1423 1883 1668 1953 Westh.,
1703 1884 1755 1940 in
1791 1892 1963 1949 textu,
1991 1893 2176 1950 arato;
2209 1891 2258 1952 Β
2283 1897 2508 1954 gemens.
2556 1877 2809 1954 lfiopnulli
2854 1878 3087 1954 apprime
3124 1875 3408 1954 scribunt,
3441 1876 3607 1932 etiam
3639 1877 3881 1954 cum_ul-

581 1957 647 2011 ad
680 1971 874 2026 marg.,
904 1966 1103 2022 arator,
1133 1972 1255 2012 cum
1284 1957 1583 2027 plerisque.

653 2028 779 2083 178.
805 2025 929 2082 ’Pro
972 2028 1242 2082 descendet
1268 2025 1505 2098 ,iReg.‘,
1545 2042 1581 2098 a
1617 2043 1701 2096 pr.
1747 2042 1846 2092 m.,
1891 2025 2175 2098 descendit.

584 2098 716 2181 Mss.
761 2099 955 2165 nostri,
999 2099 1056 2152 in
1097 2115 1250 2162 oras;
1297 2096 1427 2154 editi
1468 2099 1522 2152 in
1561 2096 1738 2165 horas,
1783 2097 1928 2168 quod
1961 2106 2181 2168 praestat

581 2180 839 2225 retinere.

657 2242 782 2296 179.
828 2239 956 2313 Mss.
998 2240 1192 2313 nostri,
1237 2240 1299 2313 Si
1337 2240 1490 2296 sciret
1531 2249 1722 2313 certum
1764 2241 1896 2313 furis
1941 2240 2180 2294 insistere

582 2320 822 2381 tempus;
865 2311 962 2367 sed
1018 2311 1201 2377 Rom.,
1239 2312 1300 2367 Si
1329 2313 1541 2365 scirent.
1571 2311 1772 2377 Torn.,’
1797 2311 1858 2366 Si
1887 2313 2036 2366 sciret
2062 2327 2177 2365 cer-

583 2394 693 2438 tum
735 2383 868 2452 furis
909 2385 954 2437 si
980 2383 1466 2455 insisteretempus,
1500 2381 1591 2436 ubi
1621 2381 1953 2455 superﬂuum
1985 2391 2069 2455 est
2101 2383 2181 2435 al-

584 2464 756 2510 terum
779 2455 844 2521 si,
867 2455 997 2525 etin
1022 2455 1154 2525 furis
1191 2453 1378 2508 ultima
1417 2463 1570 2525 recte
1608 2454 1923 2523 producitur
1967 2453 2177 2508 ratione

581 2541 827 2581 caesum.
874 2522 1032 2581 Editi‘
1064 2525 1312 2596 plerique
1352 2543 1369 2596 τί
1409 2522 1788 2596 Prtemonitum
1815 2525 1946 2594 furis
1973 2536 2176 2594 tempus

578 2599 624 2650 si
667 2599 905 2652 insistere
943 2595 1135 2664 sciret;
1180 2595 1253 2651 ita
1301 2595 1464 2651 etiam
1511 2595 1763 2662 Wesdn;
1811 2596 1907 2650 sed
1937 2596 1990 2650 in
2026 2604 2174 2652 textu

579 2665 685 2722 Per
713 2670 986 2735 monitum,
1014 2669 1081 2723 ad
1115 2681 1288 2736 marg.
1318 2665 1736 2721 Praemonitum.

651 2740 776 2795 180.
812 2741 968 2794 Rom.
990 2782 1006 2804 ,
1047 2739 1294 2809 Quisquis
1322 2753 1340 2791 :
1371 2738 1590 2809 corrige
1613 2738 1862 2806 Quisque,
1892 2753 1991 2807 pro
2018 2737 2176 2808 quili-

579 2808 679 2873 bet,
710 2821 771 2864 ut
802 2825 908 2864 non
933 2809 1101 2865 semel
1122 2808 1234 2878 jam
1258 2809 1518 2864 occurrit.
1547 2808 1798 2865 ﬂendum
1827 2810 1989 2865 etiam
2010 2819 2095 2863 est
2119 2811 2172 2864 in

579 2880 769 2936 eodem
799 2881 981 2948 Rom.,
1015 2879 1251 2948 Obviam,
1289 2896 1386 2950 pro
1417 2878 1584 2934 obvia.

651 2953 775 3008 182.
817 2953 967 3015 ΑΜ..
999 2967 1308 3022 perperam,
1341 2953 1602 3006 assistere.

648 3025 773 3080 189.
810 3024 960 3092 Ald.,
991 3021 1182 3084 Fabr.,
1227 3023 1459 3089 Poelm.,
1507 3037 1606 3091 pro
1649 3021 1704 3078 d.
1751 3037 1832 3088 8.,
1865 3021 2168 3077 cumulabit.

573 3094 754 3159 Poel.,
788 3095 840 3150 in
875 3102 1048 3161 textu,
1081 3109 1204 3148 cum
1237 3107 1370 3147 mss.
1404 3101 1460 3147 et
1491 3094 1614 3147 aliis
1644 3092 1808 3147 editis
1837 3133 1852 3159 ,
1885 3094 2166 3162 redimibit,

573 3165 718 3235 quod
757 3181 862 3252 pro
897 3165 1134 3252 redimiet
1177 3166 1412 3247 positum
1453 3173 1558 3252 est.
1599 3163 2009 3252 S'ic‘i’irgiliiis,
2035 3166 2168 3252 1.x,

569 3234 714 3292 vers.
759 3234 870 3308 538
898 3253 912 3289 :
943 3234 1129 3308 lnfula
1155 3236 1247 3308 cui
1266 3251 1416 3308 8(1ch
1441 3235 1710 3308 redimibat
1741 3244 1975 3304 tempora
2001 3236 2167 3302 vitta;

570 3317 626 3363 ct
670 3307 968 3380 Ausonius,
1005 3306 1178 3380 epigr.
1223 3306 1292 3362 91
1325 3325 1337 3360 :

571 3393 706 3432 zona
732 3379 980 3448 papillas.

637 3450 757 3522 190.
785 3450 940 3522 Reg.,
971 3451 1152 3516 Rom.,
1177 3449 1264 3522 qui
1292 3448 1507 3504 sordida
1532 3449 1830 3504 luxuriatus
1864 3467 1877 3504 :
1911 3450 2049 3516 Ott.,
2078 3449 2169 3519 qui

563 3521 773 3576 sordide
809 3521 1121 3587 luxuriatus,
1151 3521 1245 3577 sed
1271 3534 1575 3576 correctum
1606 3521 1822 3575 sordida
1849 3521 2164 3577 luxuriatus.

566 3591 712 3648 Editi
761 3597 849 3664 qui
890 3594 1101 3664 obscene
1142 3593 1456 3664 luxuriatus.
1491 3592 1571 3646 Ex
1601 3607 1733 3646 mss.
1768 3594 2166 3648 restituendum

560 3674 648 3720 est
675 3663 907 3720 sordida.
939 3663 1132 3721 Glossa
1164 3667 1215 3718 in
1260 3663 1395 3735 Reg.
1426 3672 1510 3719 est
1534 3664 1748 3719 sordida
1777 3665 2006 3718 convivia
2031 3664 2166 3717 cele-

560 3736 759 3809 brabat,
804 3748 864 3809 ut
893 3737 1107 3791 sordida
1136 3736 1414 3809 cohaereat
1439 3750 1562 3809 cum
1591 3736 1821 3789 convivia
1852 3750 1995 3791 vers.
2032 3735 2159 3809 195.

562 3806 760 3864 Verum
807 3807 925 3863 haec
963 3805 1299 3863 constructio
1328 3807 1491 3863 nimis
1517 3807 1791 3874 implicata
1820 3816 1986 3862 e<set.
2021 3805 2161 3862 Sor-

555 3876 683 3933 dida
720 3894 852 3950 ergo
887 3893 1041 3935 more
1081 3878 1307 3935 adverbi
1334 3880 1553 3948 ponitur
1594 3893 1693 3948 pro
1721 3879 1947 3950 sordide,
1979 3887 2037 3933 ut
2061 3895 2158 3948 ap-

553 3950 724 4022 prime
767 3949 866 4022 pro
904 3950 1174 4022 apprime,
1200 3966 1329 4022 sera
1377 3964 1633 4022 pro_sero
1678 3949 1839 4022 apud
1869 3949 2149 4022 Virgilium

552 4018 751 4091 Georg.
769 4018 870 4076 lib.
895 4018 982 4087 tv,
1003 4035 1124 4076 vers
1155 4020 1288 4084 132;
1321 4018 1580 4090 etjcrebra
1606 4035 1704 4091 pro
1733 4019 1912 4074 crebro
1940 4021 2014 4075 ib.
2048 4019 2146 4076 lib.

549 4104 633 4159 ιιι,
673 4089 816 4150 vers.
865 4092 990 4149 500.
1029 4091 1121 4149 Sic
1157 4100 1301 4147 torva
1327 4089 1499 4159 tuens,
1526 4089 1710 4145 acerba
1733 4107 1947 4158 sonans,
1976 4092 2143 4146 multa

2285 1948 2416 2008 iima
2442 1949 2751 2019 corripitur,
2795 1959 2854 2003 ut
2881 1948 3085 2018 inferne
3111 1964 3139 2002 a
3169 1948 3441 2014 Lucretio,
3473 1965 3695 2019 superne
3713 1965 3742 2004 a
3769 1950 3882 2006 Lu‘

2282 2027 2454 2080 cretio
2497 2032 2551 2078 et
2592 2020 2817 2076 Horatio
2878 2021 3264 2088 corripiuntur.
3314 2020 3441 2074 Hinc
3503 2021 3714 2075 ratione
3773 2039 3881 2076 non

2282 2095 2464 2164 inepte
2492 2093 2717 2148 rescribi
2751 2101 2936 2162 posset
2972 2107 3094 2164 cum
3124 2091 3238 2164 Ott.
3266 2107 3295 2164 a
3327 2107 3410 2160 pr.
3443 2107 3518 2145 m.
3550 2093 3642 2164 qui
3670 2095 3883 2148 sordide

2281 2163 2596 2231 luxuriatus,
2640 2173 2889 2233 correpta
2932 2163 3141 2218 scilicet
3184 2163 3368 2217 ultima
3405 2164 3456 2216 in
3484 2163 3714 2233 sordide.
3747 2164 3884 2232 Qua:

2281 2239 2448 2293 lectio
2474 2235 2525 2289 in
2556 2232 2818 2290 Cantabr.
2847 2234 3233 2304 Schoettgenio
3261 2248 3320 2288 se
3351 2232 3634 2302 probabat,
3667 2235 3788 2304 quia
3828 2237 3880 2289 in

2281 2309 2383 2364 hoc
2413 2305 2570 2362 bonis
2602 2307 2774 2371 poetis
2801 2305 3057 2360 usitatum
3084 2313 3188 2368 est.
3215 2314 3274 2359 ut
3299 2305 3556 2360 adverbia
3585 2305 3638 2358 in
3661 2324 3689 2358 e
3708 2309 3885 2362 corri-

2281 2382 2451 2450 piant.
2484 2376 2689 2450 Qonler
2715 2393 2768 2432 v.
2802 2376 2904 2432 19.1
2936 2385 2992 2431 et
3019 2377 3146 2450 517,
3173 2376 3228 2430 h.
3259 2378 3294 2430 Ι.

2352 2451 2474 2507 191.
2511 2449 2695 2511 Rom.,
2727 2457 3028 2526 contemnat
3048 2448 3276 2526 herum,“
3291 2446 3618 2522 famulosque
3649 2455 3880 2526 fatigat;

2279 2522 2414 2592 Reg.
2441 2563 2456 2587 ,
2491 2531 2778 2576 contemnet
2809 2561 2821 2574 .
2851 2559 2865 2573 .
2894 2558 2907 2571 .
2933 2519 3195 2592 fatigans;
3239 2518 3348 2574 Ott.
3374 2560 3405 2592 ,γ
3441 2518 3731 2577 contemnat
3746 2518 3777 2580 ⁷.
3810 2563 3828 2578 .
3861 2518 3876 2579 ζ

2275 2591 2478 2666 fatiget,
2509 2609 2608 2666 pro
2638 2592 2748 2646 div.
2783 2607 2845 2666 ε.Δ
2865 2591 3184 2666 contemnit.
3218 2631 3274 2666 ._.
3309 2591 3536 2663 fatigat:
3567 2595 3647 2648 sic
3675 2596 3830 2653 editi.

2348 2661 2475 2722 1'92.
2506 2661 2658 2728 Mss,
2702 2663 2965 2735 segnique.
2995 2661 3092 2735 sed
3137 2661 3192 2716 in
3224 2662 3356 2735 Reg.
3393 2661 3627 2735 fortasse
3654 2667 3753 2721 fuit
3789 2686 3876 2724 se-

2273 2738 2487 2808 gnisque
2510 2778 2525 2802 ,
2577 2734 2742 2806 quod-
2762 2733 2900 2789 editi
2931 2733 3242 2808 praeferunt.
3299 2733 3601 2792 Reuscbius
3630 2740 3878 2795 restituit

2273 2804 2515 2879 segnique
2543 2804 2638 2877 per
2664 2807 3049 2879 metonymiam
3081 2804 3327 2860 eﬁ'ectus.

2347 2879 2470 2935 195.
2499 2876 2730 2945 Puelm.,
2757 2877 2906 2942 Ald.,
2929 2876 3129 2948 aliique
3151 2878 3305 2941 editi,
3328 2891 3450 2948 cum
3477 2893 3610 2935 mss.
3637 2884 3870 2948 nostris,

2274 2950 2676 3021 concelebrabat.
2730 2948 2841 3021 (_)_t_t.
2877 2963 2976 3021 pro
3003 2947 3059 3021 d.
3093 2963 3163 3012 s.,
3213 2947 3578 3004 concelebrari.
3615 2947 3872 3021 l’lad:im.,

2272 3020 2694 3077 concelebrando.
2741 3019 2987 3081 Westli.,
3014 3019 3065 3072 in
3099 3028 3252 3075 textu
3279 3061 3295 3085 ,
3345 3021 3762 3091 concelebrabat;
3807 3019 3874 3081 ad

2274 3110 2469 3164 marg..
2511 3091 2934 3146 concelebrando.
2965 3091 3172 3147 Sensus
3195 3091 3408 3146 videtur
3437 3095 3712 3162 postulare
3737 3113 3871 3151 con-

2273 3165 2569 3229 celebrabit,
2601 3165 2902 3232 praesertim
2931 3177 3053 3217 cum
3081 3172 3390 3218 contemnet.
3866 3206 3878 3216 .

2345 3235 2468 3292 194.
2503 3235 2656 3305 lteg.,
2691 3234 2878 3299 Fabr.,
2906 3234 3042 3296 Ott.,
3074 3249 3103 3286 a
3131 3248 3242 3289 sec.
3277 3249 3377 3300 m.,
3411 3235 3658 3292 Adveniet
3688 3236 3877 3294 Domi-

1375 3305 1580 3361 Ρυηίεα
1609 3277 1876 3378 ’ω’θθηίθζ
1895 3279 2167 3362 redimi“;
2194 3277 2238 3338 C
2276 3325 2393 3375 ηαδ,
2425 3277 2720 3381 δετυιιῖῗιᾶεὲθ
2749 3277 3239 3381 ίηεαίιιαῙιίζεηιεηι
3265 3277 3590 3381 cuir’iglossa

2276 3381 2485 3434 incauta
2511 3378 2809 3432 adverbium
2837 3386 2931 3432 est.
2965 3377 3020 3432 lit
3042 3376 3211 3432 Torn.
3244 3376 3505 3432 mendose
3533 3380 3734 3434 incavia
3767 3376 3872 3447 pro

2274 3452 2504 3504 incauta.
2535 3449 2788 3516 an.,et
2809 3448 2948 3511 Ott.,
2980 3465 3009 3502 a
3043 3463 3257 3520 pr._m.,
3281 3449 3486 3504 incaute
3512 3465 3608 3520 pro
3631 3453 3868 3510 incauta.

2274 3521 2506 3587 Poelm.,
2554 3521 2804 3584 lladam.,
2852 3521 3098 3574 Adueniet
3124 3517 3379 3573 Dominus
3403 3517 3593 3587 subito,
3625 3541 3866 3579 servum-

2270 3610 2370 3660 que
2411 3599 2684 3665 furentem.
2735 3591 2904 3665 Ald.,.
2929 3591 3175 3665 Adveniet
3207 3589 3482 3665 Dominus,
3534 3594 3720 3648 stolide
3747 3613 3864 3649 ser-

2269 3662 2488 3736 uumque
2526 3666 2818 3736 furentem:
2846 3663 2943 3736 .sic
2975 3662 3232 3736 Daventr.
3263 3663 3421 3736 ,used
3441 3679 3560 3736 -mm
3593 3665 3761 3731 dare,
3795 3683 3865 3723 an

2267 3732 2551 3801 stolidum,
2601 3750 2668 3789 an
2698 3735 2903 3800 stolide,
2933 3749 3000 3788 an
3026 3733 3237 3788 stolido.
3273 3732 3409 3789 Vera
3440 3734 3598 3790 lectio
3628 3751 3692 3791 ex
3727 3754 3864 3793 mss.

2270 3810 2498 3877 petitur;
2551 3817 2604 3862 et
2629 3808 2846 3876 ponitur
2871 3807 3083 3860 incauta
3121 3822 3222 3875 pro
3252 3806 3455 3861 incaute
3478 3850 3492 3874 ,
3530 3807 3633 3861 nisi
3662 3809 3866 3876 aliquis

2267 3879 2398 3934 velit
2444 3879 2606 3934 etiam
2639 3879 2843 3932 incaute
2870 3893 3177 3948 reponere.
3211 3877 3285 3932 De
3327 3887 3555 3943 utraque
3600 3877 3701 3933 hac
3726 3895 3867 3936 voce

2262 3950 2639 4078 dic‘iggotcst,
2674 3949 2841 4022 .quod
2891 3947 2960 4006 de
2997 3947 3213 4004 sordida
3261 3955 3317 4004 et
3364 3949 3573 4004 sordide
3625 3949 3736 4006 dixi
3789 3953 3860 4007 ad

2262 4036 2311 4076 ν.
2458 4063 2469 4075 .

2258 4036 2311 4076 v.
2345 4023 2469 4078 190.

2109 4224 2336 4282 NOTAE.

623 4315 746 4392 175.
780 4313 1105 4392 Ignarusque
1131 4315 1266 4392 alius
1301 4332 1471 4392 :_t_3u_m
1499 4331 1685 4392 sermo
1705 4325 1793 4392 est
1818 4315 1889 4392 de
1911 4315 2145 4387 duobus,

545 4387 680 4446 alter
705 4387 982 4461 dici'solet
1009 4387 1108 4461 pro
1135 4390 1292 4444 alius.
1326 4389 1465 4446 Vide
1487 4404 1632 4445 vers.
1663 4391 1736 4443 '25
1762 4388 1818 4444 Et.
1847 4389 1885 4443 l.

620 4460 740 4517 177.
796 4460 1040 4534 Nescius,
1086 4463 1300 4532 passive
1343 4461 1785 4534 proignoratus,
1819 4461 2144 4534 incognitus.

543 4533 786 4601 Tacitus,
832 4533 1029 4606 Annal.
1075 4531 1199 4606 libr.
1249 4548 1290 4606 t,
1322 4551 1371 4587 ρ.
1406 4531 1473 4588 59
1507 4548 1519 4585 :
1554 4532 1684 4586 Aliis
1711 4531 1971 4606 gentibus,
2001 4535 2151 4606 igno-

542 4606 716 4677 rantia
743 4606 948 4677 imperii
975 4603 1221 4677 Romani,
1253 4605 1527 4677 inexperta.
1545 4604 1951 4677 essesupplicia,
1980 4603 2152 4677 nescia

469 4679 482 4688 '
539 4676 750 4731 tributa.
783 4673 1028 4740 Plautus,
1067 4675 1224 4746 Capt.
1260 4691 1331 4741 ll,
1365 4673 1424 4742 2,
1463 4675 1532 4729 15
1563 4693 1574 4727 :
1608 4673 1669 4728 Si
1701 4673 1827 4744 quid
1858 4677 2067 4745 nescivi,
2097 4676 2154 4730 id

549 4748 778 4803 nescium
810 4749 1015 4802 tradam
1041 4749 1154 4802 tibi.

614 4819 740 4874 180.
775 4817 938 4873 Obvia
976 4829 1037 4874 ut
1062 4832 1206 4874 vers.
1251 4819 1390 4882 105.
1434 4815 1595 4872 Obvia
1633 4817 1799 4888 signa.
1857 4816 1931 4872 De
1977 4819 2152 4874 servis

541 4889 860 4961 custoditius
892 4891 1122 4961 publicis
1149 4889 1390 4953 urbium,
1422 4892 1732 4961 et_privaus
1761 4889 2048 4944 domorum
2079 4890 2149 4945 vi—

539 4960 755 5018 dendus
785 4959 1074 5033 Pignorius
1103 4961 1158 5016 in
1185 4975 1356 5030 opere
1383 4962 1451 5033 de
1479 4959 1691 5024 Servis,
1727 4974 1848 5029 pag.
1882 4961 1985 5015 145
2005 4977 2148 5033 seq.;

535 5034 631 5104 qui
661 5044 832 5090 totum
860 5031 967 5088 hoc
994 5045 1372 5104 argumentum
1391 5031 1692 5104 diligenter
1712 5035 1966 5104 exponit.

604 5105 732 5161 182.
764 5105 1024 5173 Assistite,
1056 5101 1272 5159 adeste.
1304 5101 1440 5159 Vide
1472 5114 1584 5158 not.
1616 5102 1682 5157 ad
1709 5103 1747 5158 l.
1779 5101 1819 5166 t,
1846 5120 1988 5160 vers.
2013 5105 2138 5159 617.

606 5178 730 5232 186.
765 5175 875 5248 Per
912 5178 1091 5248 longa,
1132 5191 1227 5244 per
1258 5174 1496 5248 longum
1524 5185 1758 5246 tempus.
1791 5175 1980 5248 Silius,
2013 5177 2050 5230 l.
2079 5190 2136 5242 tt,

532 5261 680 5304 vers.
712 5245 821 5304 465
853 5265 866 5301 :
905 5245 1021 5302 Per'
1038 5248 1250 5319 longum
1277 5248 1445 5319 celata
1473 5245 1683 5316 fames:
1716 5255 1769 5319 et
1799 5247 1834 5300 Ι.
1869 5262 1964 5312 xit,
1989 5261 2141 5302 vers.

529 5319 636 5390 ζθι
669 5337 682 5373 :
715 5320 779 5374 At
805 5328 1050 5390 consueta
1077 5318 1256 5389 graves
1286 5334 1376 5390 per
1405 5318 1618 5389 longum
1647 5318 1829 5390 audire
1849 5334 2143 5390 suorum—

531 5386 764 5446 Eventus
795 5390 990 5446 Roma.
1019 5386 1253 5454 Rursus,
1285 5386 1324 5443 l.
1355 5404 1453 5451 xv,
1485 5386 1627 5442 vers.
1659 5389 1759 5441 787
1790 5403 1804 5440 :
1837 5386 2028 5442 Rabidi
2053 5405 2170 5444 ceu—

532 5459 701 5586 τξιιιιᾶα
733 5461 1058 5533 ponti—Per
1076 5463 1292 5534 longum
1316 5459 1481 5514 sterili
1510 5457 1579 5512 ad
1609 5467 1788 5529 pastus
1801 5461 2001 5530 jactata
2020 5476 2142 5532 pro-

603 5549 636 5586 n
678 5549 735 5586 ο.

539 5538 708 5602 fundo
722 5573 735 5588 .

599 5603 722 5677 187.
759 5602 919 5662 Pater
948 5606 1078 5677 ipse,
1109 5602 1501 5677 energice,',uti
1533 5603 1585 5660 in
1616 5601 1708 5659 illo
1731 5601 2011 5660 Maronis:
2044 5603 2140 5660 Vir

529 5675 816 5759 paternips'e
855 5675 1046 5759 gregis.

595 5743 736 5804 190.’
762 5743 998 5803 Luxuria
1035 5757 1090 5804 et
1119 5747 1388 5818 luxurior,
1419 5747 1682 5819 frequens
1711 5748 1938 5805 verbum
1967 5745 2037 5804 de
2071 5747 2138 5804 iis

2255 4318 2652 4397 quinimioset
2677 4319 2971 4397 insolentes
3000 4322 3052 4397 in
3081 4321 3261 4397 cibum
3291 4330 3345 4378 et
3370 4324 3578 4397 cultum
3609 4334 3860 4397 sumptus

2259 4389 2481 4469 faciunt.
2530 4393 2836 4469 Pignorius,
2885 4394 2954 4449 de
2994 4393 3200 4458 Servis,
3248 4409 3368 4469 pag.
3420 4396 3545 4462 161,
3591 4389 3855 4469 exeniplis

2258 4465 2567 4540 confirmat,
2606 4465 2748 4540 apud
2785 4473 2998 4540 veteres
3038 4480 3226 4540 servos
3255 4464 3659 4540 dispensatores
3688 4464 3860 4540 ini'pc-

2257 4535 2402 4605 gisse
2445 4535 2736 4606 aliquando
2784 4537 2835 4590 in
2883 4537 3138 4606 scopulos
3185 4535 3527 4594 meretricios
3577 4554 3684 4595 non
3733 4535 3857 4598 sine

2260 4621 2450 4677 magna
2482 4609 2560 4678 r_ei
2591 4607 2874 4678 dominica:
2898 4608 3130 4678 jactura.

2331 4675 2454 4733 192.
2487 4675 2799 4750 Indulgens,
2849 4675 3080 4735 licenter
3106 4680 3425 4737 inserviens.
3482 4681 3560 4736 Ita
3590 4683 3738 4738 enim
3772 4683 3858 4740 di-

2256 4747 2396 4822 citur
2423 4747 2927 4822 indulgeresomno,
2959 4752 3096 4810 vino.
3127 4750 3352 4818 choreis,
3384 4761 3490 4807 etc.

2330 4821 2453 4894 195.
2500 4819 2781 4892 Kainigius
2826 4831 3021 4894 notat,
3059 4826 3214 4894 hunc
3262 4838 3484 4880 versum
3530 4826 3853 4894 gravitatem

2293 4892 2542 4947 uamdam
2591 4907 2701 4961 prae
2739 4909 2800 4949 se
2843 4892 3012 4949 ferre.
3057 4892 3260 4948 Imitari
3301 4892 3850 4954 conatur‘Sidonius:

2288 4964 2734 5036 nnumerabilibus.
2768 4963 3053 5036 legionibus
3103 4965 3452 5035 imperitabat.
3508 4967 3745 5022 Rutilius
3796 4971 3851 5025 in

2249 5033 2438 5107 itiner.
2467 5033 2918 5107 Bellerophonteis
2938 5033 3400 5091 sollicitudinibus.
3434 5036 3679 5093 Bulislao
3703 5041 3853 5096 Lob—

2249 5103 2481 5161 kowizio
2508 5103 2762 5178 tribuitur
2787 5108 3078 5161 distichum
3107 5122 3342 5178 quatuor
3369 5110 3451 5178 his
3473 5112 3657 5165 verbis
3677 5127 3696 5164 :
3721 5110 3855 5166 Con-

2245 5175 3202 5249 turbabanturConstantinopolitani
3249 5209 3319 5218 ——
3368 5177 3851 5236 lnnumerabilibus

2243 5247 2706 5302 sollicitudinibus.

2320 5320 2442 5374 195.
2473 5319 2719 5392 Cladibus
2749 5321 2901 5376 abdet
2929 5362 2942 5384 ,
2989 5320 3113 5392 quia
3144 5321 3196 5375 in
3230 5320 3437 5378 inferos
3465 5322 3720 5378 detrudet
3743 5363 3760 5387 ,
3793 5331 3851 5378 et

2247 5391 2399 5461 quasi
2426 5391 2747 5448 abscondet.
2776 5392 2868 5448 Sic
2897 5391 3117 5448 Tacitus
3138 5409 3177 5447 tt
3207 5394 3405 5449 Annal.
3433 5395 3504 5450 85
3527 5394 3666 5449 dixit.
3690 5413 3702 5448 :
3736 5392 3850 5448 Ea-

2245 5461 2668 5537 que_i_n_ittsu_lam
2691 5463 2952 5534 Seriphon
2969 5465 3146 5537 abdita
3166 5478 3266 5537 est.
3293 5463 3624 5521 Prudentius
3641 5468 3842 5537 Apoth.

2249 5547 2302 5584 ν.
2337 5534 2473 5608 771ε
2504 5534 2648 5588 Abde
2679 5549 2948 5608 negatores
2990 5535 3206 5608 Christi,
3251 5552 3400 5591 nemo
3431 5537 3645 5606 invidet,
3689 5534 3842 5608 abde,

2246 5631 2318 5643 --
2349 5602 2500 5678 Utere
2515 5615 2662 5678 sorte
2701 5602 2814 5672 uia,
2841 5607 3154 5678 blasphemis
3183 5602 3332 5663 nocte
3362 5609 3594 5664 tenendis
3612 5602 3684 5649 4-
3709 5607 3846 5662 Per-

2250 5685 2425 5750 petua.
2471 5676 2564 5750 S_ic
2576 5687 2822 5750 mortem.
2844 5693 2912 5750 eo
2939 5676 3060 5734 luco
3087 5680 3408 5750 alloquitur.

2322 5747 2446 5803 197.
2478 5745 2710 5806 CAPUT
2737 5749 2848 5806 γη.
2872 5747 2952 5806 De
2973 5751 3147 5808 decem
3164 5745 3474 5827 uirginibus.
3496 5750 3690 5808 Matth.
3707 5764 3839 5822 xxv,
