4096 6182
472 179 579 240 319

1859 418 2001 459 rum.

1859 418 2001 459 rum.

616 482 688 540 At
721 484 961 545 Petrus:
990 460 1471 587 Duram'mortem
1514 490 1649 549 mihi
1689 400 1911 552 sumgre
1956 512 2075 553 ma-

618 669 741 727 Vox
783 669 950 728 oblita
1013 687 1171 729 suum
1226 689 1387 747 quam
1441 675 1677 750 deneget
1722 586 2074 752 ista[tltii':gis-

1784 771 1805 845 [
1830 783 1994 829 trum.

623 855 731 913 Has
759 855 904 915 vires
950 857 1134 916 cordis
1190 870 1440 931 perstant
1489 864 1816 934 promittere
1867 869 2069 925 cuncti.

690 950 939 1008 Nominis
967 952 1179 1010 Hebraii
1207 964 1337 1011 sunt
1360 955 1779 1015 Gethsemaneia
1811 975 1962 1018 rura.

476 1046 582 1102 480
619 1046 721 1104 Illo
755 1048 1105 1119 progreditur
1127 1051 1275 1119 vitae,
1311 1051 1556 1124 lucisque
1584 1063 1859 1125 repertor,

621 1139 795 1208 Quem
828 1157 958 1197 mox
981 1141 1262 1213 discipuli,
1288 1143 1428 1202 Juda
1455 1145 1723 1219 fugiente,
1752 1158 2072 1221 sequuntur.

620 1232 800 1305 Atque
846 1233 957 1290 illic
996 1234 1240 1306 reliquos
1267 1235 1430 1307 jussit
1478 1238 1726 1296 residere
1775 1241 2072 1300 ministros.

618 1326 716 1383 Ille
743 1326 843 1383 sed
862 1337 1145 1399 assumpto
1177 1328 1341 1401 longe
1385 1332 1686 1401 procedere
1716 1333 1902 1402 Petro,

621 1419 785 1492 360
809 1419 1161 1493 Zebedeique
1185 1423 1348 1479 simul
1371 1425 1538 1493 natis,
1571 1440 1667 1496 per
1694 1425 1853 1482 devia
1880 1427 2070 1484 tendit.

479 1513 586 1569 485
624 1513 775 1570 Tunc
797 1529 1002 1586 angore
1045 1517 1201 1587 gravi
1227 1526 1477 1587 maestus,
1510 1518 1589 1575 sic
1621 1535 1754 1575 voce
1781 1520 2025 1590 profatur
2057 1539 2070 1577 :

622 1604 925 1663 Tristitiam
953 1608 1181 1666 volvens
1213 1609 1433 1667 animus
1479 1612 1614 1667 mihi
1644 1620 1866 1683 pectora
1896 1614 2078 1669 turbat

1726 190 1789 250 C.
1833 193 1898 251 V.
1937 194 2166 265 AQUIL.
2210 197 2501 257 JUVENCI

469 293 576 351 475
614 292 683 350 Et
719 294 891 367 prius,
929 295 1150 355 alitibus
1187 308 1448 357 resonent
1482 315 1645 374 quam
1687 311 1829 362 tecta
1872 305 2064 365 domo-
2088 312 2137 370 Α

3668 210 3771 269 320

2310 311 2725 387 Sollicitamque
2745 315 2908 372 simul
2939 316 3209 389 vigilando
3236 319 3422 378 ducite
3453 330 3694 380 noctem.

2321 405 2448 463 Haec
2478 409 2572 475 ait,
2604 417 2661 465 et
2686 409 2908 481 paulum
2953 411 3280 483 procedens,
3312 429 3549 486 corpore
3570 426 3774 476 terram

2175 495 2282 555 490
2320 499 2606 571 Deprimit,
2642 510 2701 558 et
2731 503 2823 559 tali
2851 503 3128 576 proiectus
3159 521 3296 564 voce
3316 519 3619 578 precatur:

2320 590 2377 648 Si
2406 591 2488 647 fas
2512 603 2617 660 est,
2644 596 2881 666 genitor,
2903 597 3094 654 ealicis
3114 614 3202 656 me
3224 608 3472 658 transeat
3501 603 3667 677 hujus

2318 686 2642 745 Incumbens
2672 688 2852 764 valido
2873 692 3030 748 nobis
3060 694 3320 751 violentia
3354 706 3557 755 tractu.

2316 778 2424 834 Sed
2439 790 2618 838 tamen
2632 781 2886 838 adveniat
2902 785 3107 856 potius,
3123 802 3285 859 quam
3310 801 3499 849 nostra
3519 792 3774 853 voluntas

2317 870 2448 940 Quae
2477 872 2573 928 tibi
2595 872 2810 929 decreta
2837 884 2923 931 est
2954 879 3121 933 tantis
3145 882 3421 937 sententia
3448 885 3635 942 rebus.

2177 962 2284 1018 495
2358 964 2510 1021 Tunc
2556 966 2623 1021 ad
2672 965 2976 1040 discipulos
3039 971 3303 1042 repedat,
3377 975 3479 1032 sed
3549 992 3776 1036 somnus

3444 1068 3703 1143 [anbehs

2318 1151 2632 1210 Prostratos
2662 1162 2809 1211 terra
2840 1156 3100 1213 membris
3131 1156 3464 1217 dissolverat
3491 1175 3703 1218 omnes.

2321 1244 2474 1301 Tunc
2520 1246 2597 1301 ait
2646 1245 2714 1302 ad
2765 1246 2986 1304 Petrum
3031 1247 3199 1306 :Non
3248 1259 3335 1307 est
3392 1251 3523 1307 mihi
3573 1267 3780 1324 ponere

3492 1336 3707 1417 [’virtus
3798 1352 3809 1355 ’

2317 1429 2477 1504 361
2510 1429 2684 1488 Unam
2731 1432 3046 1504 pervigilem
3079 1435 3246 1491 tantis
3278 1437 3395 1494 ‘sub
3422 1440 3641 1496 casibus
3672 1440 3779 1497 bo-

3497 1531 3706 1604 [tan]?

2318 1616 2424 1673 Sed
2454 1616 2701 1688 vigilate,
2732 1632 2948 1688 precor,
2983 1635 3052 1677 ne
3081 1635 3181 1676 vos
3210 1622 3439 1678 tentatio
3469 1632 3655 1695 raptos

624 1701 798 1759 Morte
850 1713 1041 1772 tenus;
1089 1704 1185 1763 sed
1217 1721 1363 1764 nunc
1386 1721 1485 1764 vos
1531 1722 1752 1779 segnem
1803 1709 2077 1766 excludite
2109 1705 2153 1766 Β
2182 1708 2285 1766 500
2317 1709 2543 1765 Horrida
2567 1710 2870 1781 praecipitet
2899 1726 3063 1768 saevae
3106 1727 3203 1784 per
3232 1713 3446 1770 lubrica
3471 1716 3689 1773 mortis.

1680 1803 1699 1875 [
1726 1816 2000 1874 somnum,

2328 1801 2563 1874 Spiritus
2591 1802 2694 1859 iste
2723 1802 2888 1875 viget,
2922 1804 3018 1862 sed
3049 1819 3248 1876 corpus
3276 1806 3456 1865 debile
3483 1808 3652 1865 labat.

1685 2003 2075 2064 LECTIONES
2116 2004 2203 2062 VA
2213 2001 2540 2060 RIANTES.

551 2165 675 2223 475.
712 2165 840 2222 Mss.
874 2165 1000 2222 cod.
1044 2166 1238 2235 nostri,
1269 2174 1324 2223 et
1367 2166 1496 2223 editi
1539 2164 1808 2236 plerique,
1840 2165 2071 2221 alitibus.

482 2237 784 2293 Reuschius
817 2239 1003 2292 nescio
1030 2253 1133 2293 cur
1155 2237 1363 2294 mavult
1384 2237 1641 2306 altilibus,
1664 2236 1809 2308 quod
1849 2237 2071 2304 Badius,

479 2320 542 2364 et
567 2308 983 2379 Schaettgenius
1012 2308 1253 2365 referunt
1300 2309 1369 2364 ad
1391 2324 1518 2365 aves
1547 2308 1899 2379 domesticas,
1931 2308 2075 2362 inter

475 2395 612 2452 quas
641 2378 807 2452 galli,
830 2391 887 2436 et
907 2380 1152 2449 gallinae.
1177 2380 1507 2437 Prudentius
1538 2382 1728 2449 hvmo.
1762 2381 1789 2436 1
1815 2378 2070 2452 Cathem.

483 2449 628 2507 vers.
652 2449 711 2521 ’l,
742 2451 863 2506 Ales
887 2453 990 2523 diei
1006 2453 1240 2519 nuntius,
1265 2462 1372 2509 etc.
1403 2453 1723 2523 Propertius
1742 2452 1838 2523 lib.
1868 2466 1909 2523 1,
1930 2449 2073 2520 eleg.

481 2524 573 2589 lli,
598 2537 743 2596 vers.
771 2524 841 2578 46
875 2541 888 2577 :
926 2522 994 2577 Et
1027 2525 1296 2596 matutinis
1326 2521 1570 2596 obstrepit
1611 2522 1843 2577 alitibus.
1876 2521 2078 2577 Juven—

480 2595 803 2668 cusiternm
848 2609 995 2650 vers.
1019 2594 1126 2668 584
1157 2612 1171 2649 ε
1201 2596 1322 2650 Ales
1365 2594 1694 2668 prosequitur
1742 2604 1918 2661 cantu,
1966 2602 2073 2649 etc.

481 2664 842 2720 Retinendum
864 2680 999 2723 eruo
1026 2665 1259 2723 alitibus.

553 2736 678 2790 476.
708 2735 895 2801 Rom.,
921 2735 989 2790 Et
1032 2735 1253 2804 Petrus;
1275 2737 1391 2807 alii,
1416 2739 1480 2792 At
1502 2736 1714 2791 Petrus.

555 2806 679 2861 477.
709 2806 845 2872 0tt.,
877 2808 1092 2874 audita;
1136 2809 1233 2863 sed
1270 2805 1504 2864 fortasse
1553 2807 1651 2863 luit
1697 2805 1849 2876 prius
1895 2806 2071 2871 oblita,

481 2877 626 2949 quod
664 2877 858 2948 reliqui
889 2879 1221 2948 praeferunt:
1258 2880 1510 2934 nimirum
1560 2894 1669 2933 vox
1699 2877 2075 2949 obliviscatur,

482 2947 540 3003 et
564 2947 796 3021 deneget
825 2947 981 3005 suum
1036 2951 1381 3021 magistrum.
1429 2951 1542 3006 Non
1585 2948 1756 3021 semel
1801 2947 2078 3021 Iuvencus

485 3020 739 3076 eumdem
790 3020 1166 3077 accusativum
1232 3023 1401 3078 verbo
1433 3063 1448 3090 ,
1502 3031 1558 3078 et
1622 3020 1908 3090 participio
1983 3034 2078 3090 ap-

522 3092 661 3145 osuit
674 3130 687 3143 .

485 3107 687 3216 p033:
717 3161 873 3231 Reg.
906 3162 1044 3218 Sunt
1071 3160 1226 3217 Ceste
1244 3165 1420 3217 mania
1458 3179 1601 3217 rura.
1624 3161 1764 3228 ()tt.,
1794 3169 1915 3216 sunt
1948 3159 2081 3217 Ges.

484 3233 747 3305 semuncia
765 3249 912 3305 rura,
963 3233 1057 3289 sed
1087 3233 1318 3305 fortasse
1342 3237 1495 3305 prius
1525 3234 1784 3305 scriptum
1828 3233 1927 3305 fuit
1949 3232 2078 3287 Ges-

479 3303 801 3374 semaneida.
857 3303 1019 3358 Rom.
1054 3344 1069 3367 ,
1122 3302 1536 3360 Getzemaneida.
1595 3303 1738 3360 Etliti
1792 3304 2074 3374 plerique,

485 3371 943 3441 Gelhsemaneida,
962 3375 1109 3445 quia,
1134 3385 1188 3430 ut
1206 3377 1283 3430 ait
1302 3375 1604 3441 Umeisius,
1630 3371 1805 3445 βοθιώ
1819 3371 2073 3446 frequen-

488 3453 590 3526 ten
632 3448 1005 3526 patronymica
1054 3446 1191 3526 loco
1219 3448 1652 3526 possessivorum
1706 3447 1968 3526 formant.
2018 3448 2070 3500 lu
2100 3465 2146 3526 ρ

493 3514 721 3587 Vulgata
774 3514 970 3572 nomen
1027 3516 1135 3572 vici
1179 3514 1338 3587 hujus
1388 3520 1445 3573 in
1496 3529 1686 3573 monte
1722 3516 1924 3573 Oliveti
1985 3528 2075 3573 est

487 3584 848 3659 Gelli-seruaui
880 3634 894 3659 ,
948 3588 1036 3644 vel
1087 3584 1439 3644 Gelhsemani.
1492 3588 1550 3643 In
1604 3588 1756 3659 Itala:
1802 3589 2075 3644 versionis

486 3671 622 3728 mss.
673 3658 757 3713 vel
800 3661 896 3722 ita,
952 3660 1035 3715 vel
1083 3659 1407 3727 Getsamani,
1461 3661 1542 3715 vel
1593 3658 1926 3728 Gessamani,
1989 3659 2077 3715 vel

489 3726 848 3801 Getltsamani.
905 3731 1034 3800 Legi
1089 3746 1222 3801 ergo
1265 3726 1445 3801 potest
1490 3726 1921 3798 Gethsemaneia,
1960 3731 2075 3792 vel,

486 3813 610 3855 cum
642 3798 777 3867 0tt.,
812 3798 1190 3869 Getsenianeid,
1210 3798 1295 3858 vel
1321 3801 1734 3859 Gethsemanica.
1763 3803 1899 3858 Nam
1922 3801 2075 3857 Gell:-

489 3872 757 3925 semanida
787 3874 1004 3941 generis
1033 3872 1252 3929 femlnei
1276 3882 1382 3929 est.

560 3942 694 4017 480.
724 3943 1077 4017 Mss._no_stri,
1110 3946 1250 4017 vitta,
1273 3946 1499 4015 lucisque
1534 3954 1799 4017 repertor;
1831 3945 2079 4001 nonnulli

490 4010 624 4086 editi
642 4014 763 4086 sic;
789 4015 903 4081 alii,
937 4015 1091 4078 lucis,
1123 4010 1339 4086 vitaeque
1359 4010 1614 4086 repertor}

563 4082 689 4156 482.
714 4083 853 4156 Ott..
877 4086 1111 4156 resedere
1142 4103 1162 4141 :
1190 4082 1265 4142 ex'
1280 4102 1388 4156 quo
1417 4082 1621 4141 laetum
1654 4086 1898 4141 residere.

562 4154 691 4230 48:).
725 4155 889 4228 Reg.,
919 4155 1063 4230 Ipse,
1096 4158 1240 4228 quod
1296 4154 1530 4214 fortasse
1566 4174 1594 4212 a
1625 4174 1708 4230 pr.
1763 4174 1838 4214 m.
1880 4159 1981 4214 l’uit
2028 4159 2080 4213 in

493 4222 607 4297 Ott.
633 4222 906 4297 Plerique,
929 4222 1054 4283 Ille.

566 4296 693 4372 484.
727 4296 928 4372 _R0m.,
982 4299 1313 4372 Zebedeoque
1369 4300 1526 4372 simul
1578 4301 1745 4356 noctis
1791 4317 1882 4372 per
1934 4301 2081 4355 devia

366 4379 375 4388 ’
492 4366 674 4444 tendit.
724 4369 870 4444 _l_.ege
898 4366 1310 4444 ethvange'lio
1353 4370 1671 4444 Zebedeique
1720 4366 1875 4426 simul
1917 4372 2073 4441 natis,

492 4437 852 4511 quodrequtti
882 4441 1099 4498 codices
1117 4437 1452 4511 exprimunt.

561 4505 690 4565 485.
720 4505 913 4587 codex
947 4512 1149 4587 βξιι-ιιιίἰ
1179 4505 1322 4581 apud
1351 4514 1647 4587 Qmeisium
1678 4515 1753 4568 sic
1779 4529 1868 4570 ore
1894 4518 2076 4587 profa-

495 4584 597 4655 tur,
610 4592 782 4655 prout
813 4581 1071 4655 Virgilius
1092 4600 1237 4655 saepe
1254 4585 1517 4655 loquitur.

562 4646 689 4705 486.
723 4652 851 4709 Mss.
878 4646 1049 4711 nostri
1071 4646 1263 4713 omnes
1304 4646 1597 4711 Tristitiam
1644 4656 1871 4712 volvens.
1907 4655 2076 4723 Editi,

2177 2163 2421 2219 Tristitia
2450 2178 2587 2217 nunc
2615 2162 2838 2229 volvens,
2867 2161 3010 2231 quod
3033 2162 3220 2218 multis
3255 2161 3451 2219 melius
3467 2162 3780 2230 videbitur;

2178 2235 2277 2291 sed
2306 2234 2634 2302 scripturam
2663 2233 3056 2301 exemplarium
3085 2248 3219 2288 mss.
3254 2250 3363 2289 non
3398 2233 3562 2289 facile
3593 2244 3782 2290 muta-

2178 2306 2374 2378 verint,
2403 2306 2488 2361 vel
2514 2306 2558 2360 si
2591 2315 2801 2360 mutare
2827 2305 3015 2378 libeat,
3070 2306 3369 2378 rescribam
3421 2304 3614 2361 Tristia
3654 2309 3781 2378 jam

2178 2377 2403 2446 volvens,
2432 2378 2577 2445 quod
2602 2380 2773 2447 magis
2798 2375 3007 2447 accedit
3040 2375 3106 2431 ad
3138 2377 3419 2431 tristitiam.

2248 2447 2375 2503 489.
2405 2447 2590 2515 Rom.,
2620 2446 2893 2520 paululum
2924 2464 2941 2501 :
2964 2447 3200 2519 corrige,
3226 2447 3459 2519 paulum.
3487 2448 3545 2502 In
3572 2447 3684 2504 Ott.
3705 2463 3781 2506 ex

2180 2520 2453 2591 prouidens
2480 2517 2633 2575 recte
2655 2517 2853 2574 factum
2881 2517 3186 2591 procedens.

2248 2590 2376 2647 490.
2407 2590 2569 2661 Reg.,
2600 2592 2841 2716 profatur
2870 2589 2889 2646 ἐ
2914 2590 3112 2647 melius
3146 2589 3260 2659 alii,
3286 2598 3551 2674 precatur.

2250 2663 2379 2716 491.
2406 2662 2595 2716 Fabr..
2625 2677 2685 2715 ca
2714 2678 2804 2716 tcts
2833 2670 3155 2716 pertranseat
3180 2680 3198 2716 :
3231 2662 3463 2716 reltuut‘.
3488 2678 3550 2716 ca

2250 2663 2379 2719 491.
2406 2661 2607 2731 Fabr.,
2625 2661 2804 2718 salicis
2832 2670 3155 2734 pertranseat
3180 2680 3198 2729 ;
3231 2662 3464 2734 reliquif,
3488 2661 3669 2717 salicis
3690 2679 3777 2717 me

2181 2742 2433 2789 transeat.

2249 2804 2379 2860 492.
2409 2805 2595 2871 Rom.,
2628 2813 2827 2871 tracta;
2856 2804 3116 2870 emenda,
3151 2813 3342 2861 tractu.

2249 2875 2376 2932 495.
2402 2876 2562 2947 Eleg.,
2587 2875 2872 2941 mendose,
2899 2875 3013 2930 Tua
3030 2878 3120 2930 sed
3148 2877 3254 2940 iam
3279 2878 3472 2930 seruiat.
3496 2873 3779 2947 0tt.,Jam

2181 2960 2272 3020 tua
2301 2949 2391 3002 sed
2411 2946 2599 3003 ueniat.
2659 2946 2824 3014 Editi,
2875 2946 2982 3003 Sed
3007 2956 3096 3003 tua
3130 2949 3267 3020 jam_
3293 2946 3577 3020 πῆξαι-1η
3608 2946 3775 3001 Rom.

2178 3019 2397 3075 invenio
2428 3021 2777 3089 scripturam,
2809 3032 2930 3088 quae
2960 3018 3437 3089 magis‘probetur,
3471 3018 3578 3073 Sed
3604 3026 3779 3073 tamen

2178 3091 2419 3144 adveniat
2441 3088 2629 3161 potius,
2661 3105 2811 3158 quam
2841 3100 3019 3161 nostra
3041 3088 3297 3158 uoluntas,
3329 3120 3400 3129 —
3426 3089 3560 3158 Qua:
3580 3088 3785 3143 tibide-

2178 3171 2318 3217 creta
2342 3172 2415 3216 est
2444 3160 2621 3215 tantis
2644 3160 2894 3216 sententia
2915 3160 3089 3215 rebus.

2250 3232 2379 3288 495.
2409 3233 2734 3288 Poelmauu.
2770 3248 2867 3300 pro
2889 3232 2942 3287 d.
2968 3247 3042 3298 s.,
3070 3231 3266 3296 Toru.,
3312 3231 3466 3299 Ald.,
3497 3231 3649 3297 Bas.,
3679 3247 3781 3285 an-

2181 3302 2372 3369 helus;
2402 3317 2561 3372 tnss.,
2591 3317 2713 3357 cum
2747 3302 2870 3358 aliis
2895 3303 3076 3369 editis,
3101 3301 3324 3358 anhelis.

2253 3373 2379 3430 496.
2428 3371 2588 3445 Περ..
2641 3372 2971 3440 Prostratis;
3018 3374 3146 3437 alii.
3198 3372 3520 3445 Prostratos.
3576 3371 3785 3428 Badius

2181 3454 2331 3500 terra:
2358 3444 2773 3513 adverbialiter,
2807 3445 2970 3510 sicut,
3000 3445 3165 3508 humi,
3216 3445 3301 3499 vel
3359 3446 3413 3499 in
3457 3444 3666 3505 dativo.
3720 3454 3783 3498 ut

2181 3516 2438 3587 Virgilius
2458 3518 2583 3572 libr.
2616 3531 2669 3581 v,
2701 3530 2843 3572 vers.
2877 3515 2972 3584 48,
3004 3514 3343 3571 Condidimus
3370 3522 3538 3571 terrae.
3592 3515 3779 3571 Pleri-

2217 3603 2308 3654 ue,
2340 3598 2497 3642 terra.

2179 3603 2308 3660 que,
2340 3603 2497 3642 terra.

2250 3659 2379 3715 497.
2410 3659 2566 3727 Reg.,
2600 3658 2785 3721 Rom.,
2815 3676 2918 3713 non
2963 3668 3035 3713 est
3063 3658 3194 3713 mihi
3236 3672 3428 3727 ponere
3453 3660 3615 3712 uirtus
3648 3672 3776 3712 cum

2250 3675 2379 3715 aut.
2412 3675 2566 3783 “ea”
2600 3675 2785 3721 nom.,
2815 3676 2918 3713 non
2963 3675 3035 3713 est
3063 3675 3194 3713 mini
3236 3675 3428 3727 ponere
3453 3675 3615 3712 uirtus
3648 3675 3776 3712 cum

2182 3731 2363 3802 glossa
2395 3733 2449 3786 in
2529 3745 2640 3800 eg.,
2696 3731 2859 3784 virtus
2882 3730 3081 3802 suobis.
3116 3730 3255 3796 0tt.,
3288 3744 3410 3784 cum
3454 3729 3640 3790 editis,
3674 3745 3783 3782 non

2184 3801 2257 3857 est
2284 3803 2376 3856 tibi
2405 3818 2595 3874 ponere
2596 3804 2792 3874 pirtus.
2828 3801 3005 3874 Priori
3038 3802 3278 3874 lectione
3305 3802 3789 3874 aptiosexprimi-

2189 3884 2279 3930 tur
2298 3871 2566 3929 sententia
2591 3872 2872 3942 Evangelii
2901 3871 3088 3926 Matth.
3119 3888 3268 3936 xxvr.
3292 3871 3363 3927 40
3390 3888 3405 3925 :
3431 3871 3522 3942 Sic
3552 3886 3659 3924 non
3687 3887 3785 3940 po-

2185 3947 2354 4002 tuistis
2378 3961 2481 3998 una
2507 3943 2638 3998 hora
2665 3941 2883 4014 vigilare
2929 3944 3165 3997 mecum?
3189 3944 3266 3999 Ac
3310 3941 3630 4014 notandum,
3686 3956 3788 4014 pro

2182 4033 2383 4073 mecum
2412 4030 2441 4069 a
2474 4012 2871 4084 iuvenco—poni
2898 4014 3029 4068 mihi
3050 4014 3242 4070 eadem
3269 4012 3691 4084 signiﬁcatione.
3726 4012 3786 4084 lu

2184 4088 2462 4144 nonnullis
2500 4083 2848 4147 versionibus
2889 4087 3129 4157 antiquis
3170 4083 3369 4157 legitur
3406 4083 3647 4157 potuisti,
3680 4083 3786 4138 sed

2185 4160 2241 4215 in
2263 4159 2384 4213 aliis
2409 4158 2572 4212 etiam
2595 4157 2856 4227 antiquis,
2880 4165 2938 4212 et
2974 4157 3028 4212 in
3054 4156 3302 4228 Vulgata,
3331 4170 3544 4213 necnon
3575 4156 3629 4210 in
3657 4164 3788 4210 tex—

2188 4240 2243 4286 tu
2262 4243 2447 4300 graeco
2471 4228 2742 4300 potuistis.

2260 4295 2381 4357 501.
2415 4295 2601 4365 Rom,
2631 4298 2721 4354 sed
2742 4298 2903 4371 labat
2924 4299 3094 4354 debile
3120 4312 3329 4371 corpus.
3358 4295 3782 4371 Reg.‘,_0t_tob.,

2186 4372 2377 4435 Torn.,
2415 4372 2693 4437 Daventn,
2724 4368 2874 4437 Ald.,
2906 4371 3050 4435 Bas.,
3086 4370 3173 4424 sed
3200 4366 3387 4439 corpus
3425 4366 3591 4439 debile
3620 4366 3785 4423 labat.

2185 4442 2423 4509 Fabric,
2471 4441 2722 4509 Hadam.,
2756 4441 2992 4505 Poelm.,
3035 4444 3126 4496 sed
3157 4438 3345 4511 corpus
3374 4439 3543 4494 debile
3573 4438 3787 4511 lapsat;

2186 4508 2415 4572 Westh.
2452 4513 2503 4566 in
2546 4523 2694 4567 textu
2732 4512 2898 4566 debile
2934 4513 3073 4566 labat
3102 4553 3117 4576 ,
3170 4508 3578 4581 ad'margiuem
3617 4508 3792 4565 debile

2186 4585 2376 4656 lapsat.
2405 4585 2561 4656 Metri
2593 4583 2833 4654 regulam
2876 4583 3050 4655 magis
3080 4590 3263 4640 servat
3288 4582 3481 4656 lapsat,
3512 4594 3674 4653 quam
3711 4581 3792 4635 la-

2186 4655 2292 4712 bat.
2327 4655 2462 4712 Vide
2486 4656 2522 4710 l.
2558 4670 2617 4722 ll,
2651 4669 2797 4710 vers.
2827 4655 2955 4710 437.

2019 4855 2246 4914 NOTJE.

564 4994 692 5050 475.
717 4994 1046 5052 Prudentius
1072 4994 1260 5068 hymn.
1293 4994 1495 5068 tCath.
1530 5010 1653 5051 vers
1693 4995 1784 5063 15,
1824 4995 1943 5052 Voa:
1967 4997 2087 5065 ista,
2120 5004 2174 5066 Ι)

494 5082 598 5151 qua
620 5075 854 5151 strepunt
870 5083 1007 5135 ares,
1033 5067 1333 5151 πέδω-ρης
1374 5067 1475 5151 ξαρ,
1498 5069 1613 5151 ipso
1633 5069 1884 5151 palatina.
1915 5068 2094 5151 Virgi-

500 5138 605 5192 lius
635 5139 671 5191 Ι.
704 5153 823 5204 vnn,
855 5154 997 5193 vers.
1020 5138 1127 5195 456
1158 5157 1171 5193 :
1204 5138 1270 5194 Et
1298 5138 1532 5194 matutini
1564 5139 1829 5193 uolucrum
1853 5139 1947 5193 sub
1974 5140 2089 5194 cul-

497 5210 634 5263 mine
659 5219 865 5264 tantus.

564 5279 694 5336 476.
756 5281 979 5337 Sumere
1024 5292 1241 5337 mortem
1288 5297 1305 5334 .'

500 5366 643 5406 vers.
680 5352 804 5409 195.

567 5424 693 5479 479.
728 5423 957 5482 CAPUT
1002 5423 1141 5480 XIII.
1172 5423 1326 5479 Iesus
1348 5424 1539 5479 secedit
1586 5425 1640 5479 in
1673 5424 1853 5479 uillam
1876 5423 2091 5482 Gethse-

500 5495 660 5565 inani,
710 5503 757 5549 et
806 5496 861 5551 in
904 5496 1055 5552 horto
1094 5507 1212 5551 orat
1267 5494 1499 5551 Patrem.
1547 5494 1737 5552 Matth.
1792 5513 1951 5563 xxvt,
1985 5499 2087 5565 56;

498 5561 666 5635 Marc.
700 5581 814 5627 xw.
836 5566 944 5634 42;
993 5569 1125 5623 Luc.
1154 5584 1285 5634 xxtt,
1318 5568 1418 5632 40;
1450 5566 1649 5623 Joauu.
1682 5583 1834 5635 xvut,
1864 5570 1917 5624 i.

569 5632 696 5687 487.
754 5632 938 5709 Morte;
970 5651 1149 5709 tettus,
1203 5632 1373 5709 usque
1427 5638 1497 5693 ad
1528 5632 2088 5709 mortem.’Consule

494 5714 793 5759 comment.
821 5707 886 5760 ad
918 5707 1178 5765 Prudent.
1206 5707 1391 5780 ltyiun.
1433 5709 1501 5765 lO
1527 5708 1730 5764 Perist.
1765 5725 1818 5765 v.
1848 5711 1939 5766 43.

1359 5280 1484 5337 vide
1524 5282 1649 5338 lect.
1710 5296 1828 5337 var.
1871 5281 1936 5336 ad
1961 5281 1995 5336 l.
2029 5297 2091 5346 ll,

2272 4995 2400 5054 492.
2427 4996 2663 5053 Mutatur
2691 5011 2952 5052 numerus
2982 5010 3084 5056 me.
3111 5004 3169 5051 et
3199 5008 3327 5066 mox
3372 4994 3516 5050 nobis
3549 5012 3565 5047 :
3594 4992 3665 5066 de
3684 5007 3794 5066 qua

2197 5071 2499 5125 mutatione
2544 5068 2664 5124 vide
2709 5079 2823 5125 not.
2856 5068 2924 5123 ad
2953 5068 3212 5122 Dracont.
3249 5065 3427 5138 Eleg.,
3459 5067 3577 5122 sive
3598 5064 3791 5121 Satisf.

2196 5156 2340 5196 vers.
2372 5143 2441 5197 19
2468 5152 2522 5197 et
2544 5140 2672 5195 299.

2267 5214 2394 5269 495.
2425 5212 2703 5277 Adveniet,
2734 5210 2973 5269 eveniat.
3002 5209 3114 5264 liat.
3552 5276 3555 5277 ν

2266 5284 2394 5339 495.
2427 5282 2656 5338 CAPUT
2713 5281 2853 5337 XIV.
2915 5280 3083 5335 ludas
3139 5277 3322 5334 Iesum
3380 5279 3563 5335 osculo
3611 5278 3794 5334 tradit.

2195 5355 2386 5411 Matth.
2416 5370 2564 5421 xxvr,
2587 5354 2679 5419 40,
2702 5361 2813 5409 etc.
2836 5369 2851 5419 ;
2894 5352 3060 5408 Marc.
3087 5367 3203 5420 xw,
3229 5352 3332 5417 45;
3369 5352 3499 5407 Luc.
3522 5366 3660 5419 xxu,
3688 5351 3795 5414 27;

2195 5426 2397 5483 Joaun.
2422 5442 2572 5494 xvm,
2605 5426 2660 5481 9.

2268 5497 2395 5555 498.
2430 5491 2610 5552 Tantis
2635 5496 2729 5552 sub
2757 5494 2996 5551 casibus:
3030 5492 3287 5563 Virgilius
3313 5492 3350 5548 Ι.
3381 5508 3455 5557 tv,
3490 5491 3621 5549 lEn.
3650 5504 3794 5563 vers.

2198 5570 2341 5626 560:
2378 5570 2515 5624 Nate
2541 5570 2658 5635 dea,
2704 5575 2846 5637 potes
2890 5561 3289 5637 hocrsub_casu
3332 5565 3750 5637 duceresomnos
3773 5561 3800 5615 .’

2269 5642 2393 5699 500.
2443 5634 2723 5694 Lubricunt
2750 5636 3072 5693 substantivi
3106 5649 3259 5701 more
3289 5636 3443 5690 multi
3492 5634 3671 5689 idonei
3698 5647 3801 5688 au-

2198 5713 2381 5769 etor‘cs
2418 5711 2609 5768 dicunt
2631 5708 2773 5781 apud
2803 5708 3120 5775 Cellariutn,
3150 5708 3209 5763 et
3246 5706 3683 5777 lexicographos.
