4096 6182
475 209 586 269 555

1755 413 2006 486 [corpus,

483 577 486 582 _
618 509 946 579 lntactasque
971 506 1129 563 dedit
1155 506 1355 562 tunicae
1380 505 1483 561 sub
1513 515 1660 562 sorte
1684 521 1781 577 per
1818 521 2010 562 omnes

469 605 578 664 665
614 602 799 661 Militis
851 602 1013 658 unius
1058 615 1285 657 servans
1315 600 1589 670 possessio
1618 608 1844 655 textum.

624 696 691 752 Et
711 694 977 767 scriptum
1030 708 1213 749 causae
1263 692 1479 749 titulum
1510 734 1524 760 ,
1585 693 1874 765 meritique
1936 692 2082 749 loca-

1305 806 1311 811 ·
1819 786 1967 860 [runt
1989 829 2004 855 ,

621 881 779 952 Quod
816 898 914 939 rex
942 882 1145 939 Judmae
1175 882 1371 954 plebis,
1406 883 1693 954 gentisque
1724 881 1933 937 fuisset.

627 975 794 1048 378
821 974 1057 1044 Accidit,
1108 983 1166 1030 ut
1195 990 1371 1047 ιιωιιτε
1400 976 1609 1046 pariter
1648 976 1924 1032 consortia
1972 973 2082 1030 fer-

1855 1065 2009 1139 [rent

618 1163 887 1220 Latrones
904 1161 1033 1217 hinc
1054 1160 1309 1217 inde'duo
1338 1178 1353 1215 :
1393 1159 1489 1217 sed
1516 1174 1657 1216 caeca
1683 1158 1917 1216 furentis

482 1254 589 1312 670
623 1253 857 1312 Insultat
885 1253 1059 1325 plebis
1092 1254 1200 1308 Ιίιο
1229 1254 1449 1307 vesania
1480 1251 1700 1307 Christo
1739 1270 1751 1305 :

620 1346 724 1404 Hic
748 1357 856 1413 est,
903 1346 995 1418 qui
1035 1345 1294 1415 templum
1340 1353 1554 1416 poterat
1584 1343 1887 1402 dissolvere
1911 1343 2085 1414 solus,

617 1440 718 1497 ilic
745 1448 851 1507 est,
880 1437 980 1511 qui
1010 1438 1153 1494 trino
1177 1436 1320 1494 lucis
1342 1451 1603 1507 reparare
1635 1444 1842 1491 meatu.

614 1531 725 1590 Sed
772 1545 918 1588 nunc
982 1529 1286 1587 descendat
1352 1528 1576 1586 soboles
1625 1528 1934 1585 veneranda
1978 1528 2090 1585 To-

1782 1621 2012 1694 [nantis,

1737 200 1800 262 C.
1846 207 1908 262 V.
1948 203 2179 278 AQUIL.
2216 198 2508 263 JUVENCI

617 324 778 398 377
807 322 1034 394 Jamque
1073 320 1223 377 cruci
1269 320 1436 377 ﬁxum
1486 318 1758 392 pendebat
1788 322 1841 376 in
1872 323 2072 379 arbore
2095 337 2152 401 Α

3675 195 3786 256 336

2319 321 2388 377 Et
2415 318 2596 377 crucis
2626 331 2670 387 .e
2710 330 2872 389 poena
2909 328 3251 389 corpusque,
3299 312 3654 385 animamque
3695 328 3785 371 re-

3488 405 3710 479 [solvat.

2186 507 2291 563 675
2329 506 2457 562 Hmc
2475 505 2621 577 vulgi
2650 518 2909 577 proceres
2938 501 3190 559 vecordis
3213 499 3355 557 dicta
3377 507 3710 571 sequuntur;

2325 597 2504 670 Atque
2528 596 2811 660 Pharisaei,
2833 594 3168 665 Scribznque,
3196 601 3254 649 et
3274 591 3438 647 l'actiu
3467 590 3696 646 demens

2326 690 2594 755 llludunt,
2628 698 2885 761 motuque
2910 697 3094 759 caput,
3129 686 3454 757 linguasque
3479 683 3717 756 loquelis

2328 785 2541 839 lnsanis
2565 784 2818 855 quatiunt
2846 790 3067 837 mternze
3091 779 3156 835 ad
3187 777 3399 835 vincula
3448 792 3641 848 pinnae.

2329 875 2524 932 Nonne
2549 875 2688 931 alios
2712 872 2991 946 quondam
3034 871 3280 927 trucibus
3306 883 3540 942 servare
3580 867 3792 925 solebat

2182 971 2286 1027 680
2324 969 2639 1026 Morborum
2663 967 2859 1024 vinclis
2881 967 2905 1021 ‘l
2926 964 3095 1038 proli!
3127 978 3252 1021 sese
3298 961 3512 1019 solvere
3541 961 3718 1031 pinnis

2326 1062 2447 1118 Non
2475 1063 2640 1118 valet.
2664 1060 2743 1116 En
2762 1074 2948 1130 regem
2965 1068 3340 1129 nostraequem
3359 1056 3586 1113 credere
3610 1052 3791 1128 gentis

2323 1154 2629 1210 Debuimus
2661 1172 2672 1207 :
2708 1152 2888 1209 solvat
2917 1150 3046 1222 ligni
3071 1149 3141 1205 de
3165 1148 3365 1204 robore
3393 1161 3616 1229 corpus,

2334 1247 2488 1304 Tunc
2515 1245 2722 1303 sanctis
2753 1246 2912 1318 digne
2937 1244 3238 1316 poterimus
3264 1241 3495 1299 credere
3522 1242 3713 1314 signis.

2333 1342 2498 1414 379
2525 1340 2763 1396 Conﬂdit
2798 1338 3051 1414 genitore
3080 1338 3194 1394 Deo
3225 1352 3241 1391 :
3275 1336 3557 1393 dimittere
3589 1350 3753 1405 pmna

2189 1434 2296 1491 685
2330 1434 2443 1492 Cur
2469 1432 2745 1506 propriam
2774 1446 2884 1488 non
2908 1430 3028 1487 vult
3057 1428 3306 1487 sobolem
3338 1426 3651 1485 veneranda
3680 1443 3786 1500 po-

3485 1521 3716 1596 [ωειδέῖ

2330 1622 2446 1681 Nec
2458 1621 2639 1680 minus
2650 1620 2987 1694 increpitant
3004 1618 3219 1689 dextra,
3235 1616 3483 1687 laevaque
3498 1622 3791 1688 gementes

1693 1783 2103 1843 'LECTIONES
2138 1783 2564 1842 VARIANTES.

466 1908 693 1979 legere:
731 1903 839 1959 Nec
893 1912 1065 1960 tamen
1093 1901 1354 1979 insultans
1398 1901 1667 1979 hominum
1720 1903 1867 1979 furor
1895 1901 2072 1954 omnia
2100 1905 2151 1966 Β
2248 1900 2378 1979 675.
2404 1901 2570 1979 lleg.,
2597 1900 2791 1979 sobolis
2805 1897 3106 1979 penerando
3133 1910 3153 1951 :
3180 1895 3369 1979 Rom.,
3403 1893 3607 1951 soboles
3633 1908 3794 1950 uene-

508 1971 654 2045 oscit,
683 1987 775 2031 aut
806 1985 979 2044 posset
1006 1994 1024 2029 :
1052 1976 1178 2042 quia
1199 1974 1406 2028 scilicet
1432 1974 1690 2027 intactam
1714 1971 1949 2026 tunicam
1978 1988 2068 2028 rc-

492 2051 767 2121 iqueruu},
790 2056 993 2102 sortem
1022 2060 1188 2121 super
1210 2060 1331 2099 eam
1351 2046 1660 2121 mittentes;

537 2113 662 2177 665.
705 2118 940 2188 Poelm.,
992 2113 1177 2188 pro'd.
1210 2130 1259 2170 s.
1287 2157 1303 2180 ,
1350 2113 1521 2188 'l‘orn.
1551 2158 1567 2179 ,
1625 2113 1781 2188 Cruci
1836 2115 1957 2185 aﬂix

466 2191 728 2257 Plerique
764 2204 892 2244 mss.
927 2185 1009 2245 ἐί
1045 2187 1197 2249 editi,
1239 2185 1569 2256 cruciﬁxum,
1609 2186 1714 2257 sed
1750 2186 2070 2254 separandae

466 2273 596 2320 sunt
622 2254 891 2317 dictiones
916 2260 1059 2314 cruci
1090 2259 1278 2326 ﬁxum,
1306 2270 1366 2311 ut
1385 2254 1667 2327 postrema
1700 2254 1753 2311 in
1782 2258 1924 2311 cruci
1948 2273 2071 2327 pro-

465 2334 719 2397 ducatur,
736 2347 859 2401 qua:
885 2330 939 2385 in
957 2328 1363 2401 compositione
1394 2328 1705 2398 cruciﬁxum
1723 2327 2070 2399 corripienda

471 2411 623 2461 esset
644 2420 709 2458 ex
742 2399 946 2470 regulis
970 2399 1261 2472 prosodiae.

541 2474 667 2532 664.
702 2473 938 2535 Poelm.,
969 2469 1231 2536 intexto,
1266 2470 1551 2537 Daventr.,
1581 2469 1704 2525 Ald.
1739 2478 1798 2526 et
1836 2470 1949 2538 alii,
1980 2470 2073 2527 ln-

473 2556 762 2611 tactamque
788 2544 930 2600 dedit
952 2542 1204 2597 tunicam.
1229 2540 1358 2596 Mss.
1391 2542 1586 2605 nostri,
1618 2550 1675 2596 et
1704 2542 1909 2597 Poelm.
1931 2586 1946 2609 ,
1975 2557 2072 2611 pro

467 2617 526 2674 d.
558 2634 630 2683 s.,
659 2613 982 2686 Intactieque
1010 2613 1152 2668 dedit
1182 2613 1396 2667 tunicae.
1425 2615 1855 2686 Sensusnostraa
1876 2614 2072 2669 lectio-

469 2689 558 2744 nis
587 2696 708 2744 est:
738 2686 852 2743 Sub
881 2684 1032 2740 sorte
1076 2699 1172 2754 per
1203 2698 1414 2748 omnes,
1446 2699 1543 2756 seu
1585 2684 1758 2739 missa
1797 2695 1950 2740 sorte
1973 2699 2075 2756 pro

469 2759 748 2820 omnibus,
781 2758 1085 2826 possessio,
1117 2770 1239 2825 qua:
1267 2756 1358 2808 nni
1392 2754 1601 2809 scilicet
1631 2756 1789 2810 militi
1817 2754 2070 2826 Contigit,

468 2830 620 2887 dedit
648 2832 863 2885 intactae
894 2829 1092 2882 tunicre
1143 2832 1375 2887 textum.
1421 2826 1676 2881 videlicet
1728 2827 2076 2882 conservavit

470 2902 671 2958 tunicae
698 2915 856 2954 suum
889 2907 1119 2953 textum.
1180 2897 1256 2950 lta
1284 2897 1429 2951 enim
1485 2896 1684 2952 factum
1715 2908 1820 2964 θεῖ,
1869 2908 1930 2952 ut
1965 2913 2073 2954 non

469 2972 829 3028 divideretur.
872 2969 1181 3025 Reuschius
1226 2969 1465 3034 priorem
1497 2970 1821 3035 scripturam
1856 2970 2079 3038 praefert

472 3042 579 3099 ltac
613 3043 975 3110 explicatione
1009 3059 1021 3094 :
1054 3039 1125 3094 Ut
1153 3039 1308 3092 miles
1348 3040 1542 3093 unicus
1572 3048 1776 3094 textum
1806 3041 2076 3110 integrum

471 3109 800 3185 possideret,
844 3110 973 3165 hinc
999 3110 1199 3163 factum
1221 3120 1329 3185 est,
1354 3120 1415 3185 ut
1454 3109 2017 3185 possessi«i_:ill‘eetuta
2045 3123 2078 3167 a

477 3178 746 3254 pluribus,
766 3198 900 3254 Aqua:
931 3188 1114 3235 tamen
1145 3178 1235 3254 uni
1286 3180 1463 3254 solum
1495 3180 1691 3235 cedere
1731 3180 1984 3254 debebat,
2013 3197 2076 3237 ac

475 3251 718 3326 poterat,
748 3251 938 3318 daret,
967 3267 1064 3326 seu
1114 3251 1358 3305 mitteret
1397 3252 1654 3326 intactam
1697 3251 1931 3326 tunicam
1975 3255 2079 3326 sub

474 3321 629 3453 gon:
655 3339 752 3395 per
772 3337 985 3388 omnes,
1030 3322 1134 3377 hoc
1158 3328 1262 3388 est,
1303 3322 1512 3392 aequale
1533 3321 1625 3392 jus
1655 3324 1951 3394 unicuique
1980 3325 2080 3380 tri-

522 3413 589 3453 ue
631 3409 706 3451 ιιι.

522 3413 589 3453 ue
595 3409 657 3451 Da
666 3409 683 3449 t
691 3435 706 3451 .

551 3467 679 3541 667.
713 3464 984 3541 Plerique,
1015 3462 1199 3536 plebis.
1224 3464 1513 3541 gentisque.
1545 3464 1875 3541 Reuscbius,
1893 3469 2084 3541 gentis,

478 3539 761 3611 plebisque,
786 3540 854 3591 'ut
878 3534 1025 3592 cum
1063 3550 1254 3611 regem
1303 3534 1508 3611 Jndzeze
1529 3538 1707 3607 gentis
1730 3534 1983 3611 dixisset,
2017 3554 2085 3594 ex

478 3606 667 3667 ruente
721 3611 1009 3678 impiorum
1032 3606 1578 3680 _.lud_:eort_1m_vcluti
1615 3610 1940 3680 corrigeret,
1975 3625 2083 3665 non

482 3684 648 3756 gentis
670 3695 769 3737 rex
804 3681 925 3756 luit,
950 3677 1044 3734 sed
1066 3677 1246 3750 plebis.
1280 3677 1338 3733 Id
1363 3677 1610 3735 iuvenco
1643 3680 1696 3735 in
1726 3677 1969 3738 mentem
1992 3696 2088 3738 ve-

476 3749 628 3809 nisse
662 3767 768 3807 non
790 3749 982 3806 credo.

550 3823 676 3897 668.
709 3820 1228 3897 Reg.,_0tt.,‘paana:
1249 3821 1463 3892 pariter.
1489 3820 1648 3877 Rom.
1680 3823 1876 3894 pariter
1899 3840 2084 3897 preme.

479 3894 628 3951 Editi
651 3892 815 3949 etiam
842 3891 924 3947 sic
954 3890 1186 3947 variant.

549 3964 676 4022 669.
705 3963 886 4027 Rom.,
918 3961 1049 4016 duos
1081 3978 1100 4015 :
1128 3962 1343 4031 corrige
1369 3962 1495 4016 duo.

549 4034 679 4091 672.
694 4034 852 4104 Mss.,
873 4034 1045 4089 trino:
1068 4031 1151 4089 sic
1161 4030 1299 4090 editi
1307 4030 1525 4105 plures;
1550 4033 1677 4090 Ald.
1703 4043 1761 4091 et
1778 4034 1897 4106 alii,
1917 4045 2081 4094 terno.

1960 2131 2067 2169 um.

2174 1973 2371 2039 rando,
2396 1967 2517 2029 Ott:
2532 1967 2657 2029 cum
2687 1972 2850 2027 editis
2883 1969 3052 2040 proles
3076 1967 3393 2023 veneranda.

2247 2037 2374 2099 676.
2401 2046 2510 2099 Ott.
2542 2062 2555 2098 :
2589 2045 2654 2097 At
2682 2037 2950 2107 Pharisei,
2982 2039 3287 2111 Scribteque
3311 2038 3488 2105 simul,
3542 2047 3590 2092 et
3630 2037 3798 2109 factio

2174 2118 2412 2171 demens.
2440 2115 2667 2182 Ca'teri,
2701 2127 2759 2169 ut
2789 2116 2995 2170 editum
3024 2121 3130 2168 est.

2248 2186 2375 2242 678.
2410 2179 2671 2253 Hatlam.,
2708 2184 3028 2241 Poelmann.
3049 2225 3065 2250 ,
3097 2192 3313 2253 (eterna.
3358 2179 3492 2236 Mss.
3520 2195 3645 2236 cum
3669 2180 3793 2247 ple-

2173 2258 2361 2325 risque
2388 2257 2574 2323 editis,
2613 2252 2821 2312 wterna:
2849 2298 2860 2318 .
2890 2270 2943 2311 et
2974 2256 3156 2323 glossa
3186 2257 3237 2308 in
3280 2252 3442 2325 Rgg,
3471 2262 3679 2325 (eterna:
3717 2278 3795 2325 -έ-

2210 2323 2334 2384 uare
2361 2330 2501 2383 hoc?
2526 2328 2806 2385 Obscurus
2833 2342 2966 2383 sane
2998 2329 3152 2382 locus
3181 2335 3290 2381 est.
3321 2323 3583 2380 Fortasse
3610 2323 3795 2378 innuit

2210 2347 2334 2384 uare
2361 2347 2458 2383 noc
2477 2347 2501 2383 .’
2526 2347 2806 2385 UDSCUI‘IIS
2833 2347 2966 2383 sane
2998 2347 3152 2382 locus
3181 2347 3290 2381 eat.
3321 2347 3583 2380 rurwsse
3610 2347 3793 2378 Iltuuu

2173 2347 2476 2465 iuvencus,
2509 2400 2560 2456 id
2600 2418 2629 2453 a
2679 2399 2976 2455 Pharisaeis
3015 2397 3237 2465 factum,
3282 2406 3341 2450 ut
3382 2405 3649 2465 augerent
3673 2408 3793 2465 pm-

2176 2488 2324 2527 nam.
2351 2471 2518 2528 Aldus
2540 2471 2822 2541 distinguit
2851 2468 3067 2524 Insanis
3087 2471 3352 2541 quatiunt,
3374 2474 3568 2541 attenta
3594 2465 3663 2518 ad
3678 2467 3795 2518 vin-

2177 2544 2295 2599 cula
2320 2559 2483 2615 ptume
2506 2573 2577 2615 ττ-
2631 2541 2683 2597 Ν
2690 2537 2823 2597 οήηε
2844 2542 2983 2615 alios
3009 2537 3274 2615 quondam
3298 2537 3533 2593 trucibus
3577 2548 3793 2592 servare

2177 2611 2375 2671 solebat
2404 2647 2474 2657 —
2498 2613 2804 2669 Morborum
2830 2611 3014 2667 vinclis
3031 2613 3057 2667 ?

2248 2686 2374 2741 680.
2414 2686 2819 2751 Ald.,Poelm.,
2869 2684 3094 2739 Hadam.
3142 2701 3155 2737 :
3206 2679 3508 2736 Morborum
3538 2679 3794 2751 vinclis?

2179 2773 2291 2811 sese
2317 2774 2408 2811 cur
2436 2749 2636 2812 soluere
2662 2758 2867 2812 vinclis.
2897 2756 2974 2811 lla
2999 2753 3188 2818 Rom.,
3238 2750 3427 2815 Falir.,
3456 2749 3552 2806 sed
3588 2749 3791 2805 solvere

2182 2830 2367 2897 poenis.
2403 2827 2515 2883 Ott.
2549 2846 2562 2882 :
2597 2827 2897 2882 Morborum
2942 2825 3125 2880 vinclis
3148 2826 3173 2879 ?
3199 2824 3439 2897 proprias
3470 2838 3563 2897 c_u_r
3587 2822 3796 2897 vincere

2179 2891 2396 2972 poenas.
2435 2910 2489 2955 et
2531 2901 2682 2970 prius
2726 2899 2825 2953 l‘uit
2869 2913 2957 2971 cor
2986 2914 3086 2967 pro
3117 2891 3229 2951 cur.
3446 2891 3795 2972 :_M_orborum

2179 2963 2405 3025 uinclis?
2432 2963 2656 3040 pro'sese
2675 2971 2877 3026 solvere
2898 2963 3059 3038 poenis
3085 3009 3102 3031 ,
3135 2977 3193 3024 et
3224 2963 3440 3023 videtur
3468 2963 3640 3021 fuisse
3683 2977 3797 3036 ρω-

2181 3058 2297 3096 nas.
2331 3041 2603 3110 Intelligo,
2638 3058 2732 3109 pro
2758 3057 2885 3097 esse
2916 3039 3085 3113 proh!

2254 3114 2380 3186 68!.
2410 3113 2605 3186 form,
2629 3120 2678 3186 e_t
2704 3128 2916 3186 regem;
2946 3113 3064 3177 lege
3093 3127 3157 3166 en
3176 3126 3372 3186 regem.

2257 3183 2384 3240 682.
2416 3179 2597 3250 Rem,
2633 3179 2845 3251 Ottob.,
2890 3184 3175 3248 Daventr.,
3208 3179 3403 3243 Torn.,
3439 3180 3588 3246 Ald.,
3631 3179 3791 3247 Bas.,

2184 3251 2496 3310 Debuimus.
2521 3256 2683 3311 Rom.
2707 3272 2831 3312 cum
2866 3255 3144 3311 nOnnullis
3172 3253 3358 3320 editis,
3388 3252 3661 3307 Debemus.

2110 3298 2157 3363 Ο
2184 3298 2582 3399 Ϊόἔὲῗῖίξέῗ
2600 3298 3794 3399 diritati:";;;i;r;;;;:;"c.7.a}}£Tum.

2187 3396 2436 3463 Poelm.,
2474 3396 2668 3464 Fabr.,
2704 3393 2970 3464 lladam.,
3022 3393 3309 3460 poterimus
3357 3396 3561 3451 credere
3598 3393 3672 3450 ue?
3687 3393 3792 3464 bis.

2187 3467 2337 3533 Ald.,
2366 3462 2515 3532 θὴς..
2567 3462 2849 3534 Daventr.,
2892 3462 3153 3524 valeamus
3182 3468 3391 3522 credere
3408 3467 3596 3529 verbis,
3641 3462 3795 3535 quod

2188 3543 2353 3612 etiam
2384 3539 2437 3594 in
2467 3539 2854 3612 Rotomagensi
2885 3539 3114 3609 reperiri
3159 3549 3395 3612 testatur
3421 3537 3718 3612 FtlbriCllla;
3736 3536 3797 3591 in

2188 3609 2524 3685 Comment,
2556 3607 2730 3668 verbo
2783 3607 3077 3685 Poterimus
3130 3610 3425 3685 penultinut
3462 3607 3799 3685 l9ng_a._Pro

2190 3682 2353 3755 uerbis
2407 3684 2603 3738 melius
2647 3694 2731 3739 est
2768 3684 2930 3755 signis
2969 3699 2995 3755 ί
3037 3678 3499 3755 ita'euimdudmi
3537 3678 3801 3755 dicebant

2191 3754 2382 3809 Matth.
2415 3770 2585 3823 xxvii,
2617 3755 2689 3810 42
2714 3773 2727 3810 :
2754 3750 2930 3812 Si'rea:
2959 3752 3130 3809 Israel
3155 3762 3253 3822 est,
3277 3753 3554 3810 descendat
3576 3750 3801 3805 nuncde

2191 3842 2362 3887 cruce.
2384 3834 2431 3881 et
2453 3826 2713 3881 credimus
2742 3827 2813 3880 ei.

2262 3895 2390 3968 685.
2421 3896 2547 3968 Ald.
2569 3939 2584 3964 ,
2614 3894 2720 3952 Cur
2748 3914 2851 3953 non
2884 3897 2992 3952 vult
3013 3897 3307 3968 pr0priam.

2261 3966 2392 4024 686.
2432 3967 2622 4039 Rom.,
2660 3968 2874 4026 dextera
2904 3984 2925 4025 :
2950 3966 3185 4026 emenda
3212 3968 3416 4024 dextra.

2072 4172 2304 4235 NOTAE.

477 4307 636 4367 ptura
665 4290 912 4367 :_deinde
949 4291 1133 4367 primis
1191 4289 1600 4367 lanl‘um‘labris
1622 4292 1968 4367 Διιεεςμιδιαυὶς,
2027 4309 2092 4349 ne

479 4362 658 4422 omnia
684 4364 907 4436 faceret,
948 4378 1050 4436 que
1076 4362 1247 4430 furori
1287 4362 1450 4436 plebis
1477 4362 1839 4432 satisfacerent
1864 4380 1882 4419 :
1906 4363 1971 4420 de
1989 4381 2091 4436 quo

484 4448 659 4492 tamen
685 4433 858 4490 meum
885 4433 1142 4502 judicium
1182 4433 1468 4501 suspendo.

556 4509 681 4566 665.
705 4505 951 4566 Tertium.
982 4504 1324 4560 substantive
1379 4520 1481 4574 pro
1511 4518 1714 4574 panno,
1762 4514 1913 4562 veste
1946 4515 2092 4564 texta

480 4581 688 4652 passim
729 4576 973 4652 occurrit
1011 4576 1424 4652 aptid__pootas.
1478 4574 1718 4630 Joannes
1776 4579 1854 4631 ait
1898 4597 1910 4632 :
1960 4578 2095 4634 Erat

479 4646 655 4705 autem
683 4650 861 4720 tunica
888 4647 1217 4720 inconsutilis
1244 4646 1465 4720 desuper
1496 4655 1735 4720 contexta
1771 4666 1863 4719 per
1891 4656 2093 4717 totum;

2265 4293 2392 4351 686.
2438 4293 2631 4352 Glossa
2670 4291 2842 4366 Reg.,
2888 4292 3216 4356 Increpitant
3253 4324 3325 4335 —
3368 4292 3666 4366 increpant,
3712 4291 3802 4349 uel

2195 4365 2537 4438 ingeminant.
2579 4364 2865 4423 Matthaeus
2906 4376 2962 4423 et
3004 4366 3218 4422 Marcus
3252 4375 3440 4435 aperte
3480 4364 3799 4438 altirmant,

2198 4436 2441 4493 lair0nes
2467 4482 2481 4502 ,
2511 4439 2601 4508 qui
2646 4438 2812 4494 simul
2850 4437 3093 4500 cruciﬁxi
3136 4446 3321 4503 erant,
3362 4438 3492 4508 Iesu
3526 4436 3805 4508 imprope-

2197 4524 2372 4565 rasse.
2403 4505 2660 4566 Nonnulli
2695 4512 3145 4580 interpretantur,
3174 4525 3270 4564 eos
3307 4505 3621 4577 neglexisse
3644 4505 3804 4580 indi-

2197 4595 2326 4635 c:ire
2350 4584 2488 4635 hanc
2519 4577 3019 4644 circumstantiam.
3056 4580 3200 4649 Quod
3232 4595 3373 4634 unus
3401 4588 3609 4634 tantum
3642 4577 3803 4633 blas-

2200 4650 2577 4721 phemaverit,
2604 4669 2766 4720 quam
2797 4652 2972 4708 Lucas
2998 4668 3104 4706 non
3133 4652 3335 4706 omisit.
3361 4649 3470 4706 Sed
3501 4649 3605 4721 lioc
3634 4658 3805 4721 pacto

477 4723 691 4779 scilicet
706 4718 882 4794 simili
903 4718 1018 4772 lere
1045 4732 1237 4794 opepe,
1269 4712 1713 4794 quonuneliunt
1756 4712 1970 4794 tibialia
1993 4712 2095 4778 acu
2124 4712 2174 4774 Ι)
2200 4712 2489 4779 concordia
2543 4712 2695 4780 roéie
2748 4725 2891 4779 inter
2936 4722 3304 4794 evangelistas
3351 4737 3456 4776 non
3504 4712 3697 4775 initur.
3736 4719 3808 4794 Si

476 4801 648 4848 texta.
704 4789 886 4861 Videri
931 4787 1114 4861 potest
1158 4787 1451 4861 Braunius,
1506 4789 1635 4844 libr.
1664 4803 1704 4855 ι,
1737 4806 1860 4861 cap.
1908 4791 1998 4859 16,
2026 4794 2096 4850 de

490 4862 645 4920 Vest.
673 4860 889 4915 sacerd.
930 4859 1235 4928 Hebraeae,
1264 4876 1317 4912 n.
1352 4858 1441 4913 14.

555 4935 681 4991 666.
702 4931 1001 5009 Malthmus
1029 4932 1110 5009 sic
1148 4931 1319 5009 liabet
1354 4947 1378 5009 ε.
1419 4929 1484 4983 Ει
1537 4931 1896 5009 imposuerunt
1939 4952 2098 5009 super

478 5013 641 5077 caput
665 5007 777 5077 ejus
807 5017 1020 5077 causam
1060 5001 1226 5069 ipsius
1275 5001 1558 5077 scriptam;
1576 5001 1807 5077 Titulus
1838 5014 1893 5059 et
1932 5001 2094 5063 causa

484 5070 589 5134 hac
615 5070 760 5132 io're
784 5075 1098 5136 promiscue
1126 5070 1482 5141 usurpantur.
1518 5070 1718 5128 Confer
1760 5074 2093 5141 disputatio-

482 5165 610 5205 nem
636 5144 827 5202 llankii
855 5144 919 5197 de
944 5141 1098 5196 titulo
1124 5145 1316 5208 crucis,
1358 5154 1413 5198 et
1442 5144 1888 5201 dissertationem
1940 5148 2091 5204 Sam.

482 5220 722 5303 [Ei-yheri
779 5216 844 5270 de
873 5213 1112 5285 cruciﬁxi
1161 5213 1296 5268 Jesu
1345 5216 1536 5283 titulis,
1584 5226 1630 5270 et
1662 5219 1727 5271 de
1745 5215 1877 5272 hora
1918 5221 2094 5275 cruci-

530 5306 723 5347 πιοηιε.

487 5291 1002 5433 ᾑπέςῗήᾳεοιυαι,
1029 5356 1233 5424 solvat,
1261 5355 1482 5433 liberet.
1518 5357 1630 5414 Hac
1653 5357 1796 5413 enim
1826 5361 2101 5433 signiﬁca-

485 5432 637 5487 ti0ue
663 5431 863 5503 gaudet
888 5429 1114 5503 verlntm
1136 5427 1361 5503 resolvo.

554 5497 859 5575 682:Ligni
887 5504 954 5575 de
977 5497 1160 5554 robore
1187 5516 1203 5552 :
1231 5498 1354 5575 vide
1381 5506 1500 5575 not.
1530 5498 1668 5575 adi.
1700 5516 1740 5568 t,
1775 5517 1919 5558 vers.
1963 5503 2092 5560 478.

552 5574 658 5630 684
712 5568 940 5641 ϐόηβάὶι
965 5575 1198 5641 genitore
1228 5568 1363 5635 Deo,
1399 5580 1461 5627 ut
1490 5573 1548 5627 lt.
1589 5572 1717 5628 libr.
1753 5588 1903 5630 vers.
1945 5576 2094 5631 527:

485 5642 715 5715 conﬁdit
739 5642 940 5715 uindice
968 5641 1128 5711 ferro,
1171 5656 1296 5715 cum
1335 5642 1582 5701 ablativo
1611 5662 1624 5698 :
1656 5645 1814 5715 cujus
1842 5656 2097 5704 constru-

489 5711 687 5772 ctionis
709 5712 879 5766 multa
904 5720 1035 5767 sunt
1060 5712 1334 5784 exempla.

2199 4796 2347 4849 enim
2379 4810 2520 4850 unus
2548 4803 2762 4850 tantum
2797 4791 3229 4862 blasphemavit,
3270 4794 3465 4848 l'alsum
3499 4800 3583 4846 est
3604 4833 3619 4855 ,
3646 4791 3802 4862 quod

2201 4864 2308 4919 duo
2343 4866 2862 4935 blasphemaverint.
2895 4868 3060 4922 Aiunt
3085 4880 3215 4925 ergo
3244 4863 3369 4927 alii,
3400 4862 3806 4935 Mattlneuni‘et

2202 4936 2444 5008 Murcum
2468 4932 2737 5006 pluralem
2779 4953 2877 5007 pro
2913 4938 3176 5008 singulari
3210 4937 3459 5005 posuis~e
3498 4948 3650 5008 more.
3689 4932 3807 4989 ﬂe-

2199 5003 2515 5072 brueorum',
2562 5010 2655 5079 qui
2699 5003 2793 5063 ita'
2815 5003 3126 5080 aliquando
3160 5003 3480 5077 loquuntur.
3501 5003 3807 5080 juveucus

2200 5088 2486 5146 utrumque
2511 5076 2778 5135 latronem
2806 5076 2931 5135 vere
2959 5076 3365 5147 lilaSphem’asse
3386 5076 3646 5146 credidit,
3671 5092 3806 5132 cum

2199 5149 2346 5205 dicat
2376 5148 2578 5207 dextra.
2613 5151 2860 5217 (retiaque.
2902 5150 2972 5206 Et
3012 5150 3065 5204 id
3100 5148 3285 5204 simile
3311 5164 3443 5204 vero
3480 5155 3597 5208 est.
3638 5148 3808 5204 initio

2204 5229 2493 5291 utrumque
2514 5222 2928 5288 blaSpliemasse
2954 5242 2966 5276 :
2996 5221 3089 5276 sed
3116 5229 3303 5289 postea
3330 5235 3455 5275 cum
3485 5231 3624 5271 unus
3646 5218 3804 5272 blas-

2204 5292 2465 5361 phemare
2492 5303 2774 5364 pergeret,
2817 5293 3053 5349 alterum
3092 5292 3276 5364 divino
3316 5292 3529 5364 lumine
3553 5291 3809 5364 illustre-

2205 5359 2316 5418 tum
2346 5359 2629 5419 veritatem
2672 5368 2992 5432 agnovisse,
3021 5363 3167 5433 quod
3208 5372 3357 5419 tenet
3405 5360 3623 5433 Badius.
3662 5359 3809 5433 Mal—

2202 5433 2438 5505 donatus
2469 5437 2606 5491 lianc
2647 5437 2964 5505 Opinionem
2995 5431 3186 5490 tribuit
3223 5431 3753 5505 Juvenco,_0rigeni
3775 5475 3800 5504 ,

2200 5503 2526 5569 Athanasio,
2559 5502 2875 5576 Eutliymio,
2907 5505 3325 5572 Tlteonliilacto,
3357 5502 3587 5576 Hilario,
3620 5502 3807 5575 tzhry-L

2200 5587 2449 5650 sostomo
2470 5594 2631 5650 quam
2652 5574 2815 5650 etiam
2843 5577 3181 5648 probabilem
3203 5584 3539 5634 censuerunt
3561 5574 3805 5632 Ambio-

2199 5648 2317 5705 sius
2332 5689 2348 5714 ,
2377 5648 2741 5721 Hieronymus
2757 5691 2773 5717 ,
2799 5649 2966 5708 Beda.
