4096 6182
459 256 570 315 8ιὸ

462 374 569 430 785
606 373 838 443 Jamque
860 367 1113 425 Galilaeos
1137 361 1533 419 conscenderat
1558 360 1721 415 anxia
1753 370 1966 414 montes

606 461 877 522 Mandatis
902 456 1112 515 Christi
1137 468 1472 511 concurrens
1498 452 1657 508 turba
1689 466 1947 508 suorum:

605 556 768 631 387
800 552 1056 611 Cernitur
1094 564 1224 606 ecce
1252 547 1367 605 suis
1397 546 1579 618 proles
1609 544 1924 603 veneranda
1955 544 2062 602 To-

1758 638 1983 713 hiantis.

608 744 763 799 llhtm
806 738 1169 813 procumbens
1202 744 1422 795 sanctus
1465 732 1663 790 chorus
1706 731 1885 788 omnis
1928 731 2060 789 ado-

1858 826 1984 901 [rat,

610 930 721 987 Nec
750 937 930 984 tamen
963 928 1015 982 in
1045 924 1256 981 cunctis
1286 909 1490 995 pariter
1523 921 1739 977 fundata
1776 921 2027 976 manebat

467 1024 572 1081 790
611 1022 930 1079 Pectoribus
971 1021 1144 1076 virtus
1185 1037 1196 1072 :
1230 1033 1352 1072 nam
1386 1031 1510 1088 pars
1540 1016 1819 1072 dubitabat
1846 1030 2056 1071 eorum.

610 1116 747 1171 Tum
776 1116 857 1170 sic
888 1111 1184 1183 discipulos
1214 1111 1392 1166 clarus
1414 1109 1706 1180 compellat
1739 1107 1885 1163 Iesus
1915 1125 1929 1162 :

611 1211 668 1265 lu
702 1207 844 1265 caelo
866 1251 881 1275 ,
913 1216 969 1262 et
998 1204 1157 1261 terris
1185 1203 1415 1260 Genitor
1444 1202 1577 1257 mihi
1606 1212 1799 1257 cuncta
1827 1202 2059 1272 subegit,

610 1304 699 1359 Me
726 1310 883 1373 pater
912 1310 994 1354 est
1024 1298 1176 1353 vobis
1203 1296 1451 1368 dignatus
1481 1297 1698 1351 mittere
1726 1294 1922 1350 lucem.

612 1394 882 1453 Gentibus
894 1392 960 1447 ba
971 1392 1037 1446 ud
1052 1390 1208 1445 aliter
1224 1404 1367 1445 nunc
1384 1403 1483 1444 vos
1503 1404 1602 1459 ego
1626 1388 1839 1443 mittere
1853 1389 2060 1444 cunctis

471 1486 575 1545 795
610 1485 847 1553 institui,
863 1494 1104 1541 vestrum
1119 1489 1437 1538 esteunctas
1451 1481 1822 1553 mihijungere
1839 1491 2058 1553 gentes:

613 1579 850 1649 Pergite,
880 1588 931 1634 et
962 1576 1176 1632 ablutos
1202 1575 1449 1632 homines
1476 1576 1829 1647 purgantibus
1857 1575 2017 1631 undis

1713 242 1776 298 C.
1819 242 1888 299 V.
1928 241 2160 313 AQUIL.
2200 243 2489 304 JUVENCI

2085 374 2138 432 Α

3650 231 3760 296 διε

2303 360 2532 417 Nomine
2559 361 2663 416 sub
2692 367 2885 416 sancto
2913 356 3113 424 Patris,
3143 353 3374 428 Natique
3399 355 3599 413 lavate.

2304 452 2511 510 Vivilici
2540 454 2745 525 pariter
2769 460 2992 508 currant
3015 448 3308 521 spiramina
3337 446 3549 504 Flatus.

2304 548 2628 619 Ablutisque
2655 547 2857 604 dehinc
2886 554 3073 601 nostra
3104 543 3379 599 insinuate
3404 543 3665 600 docentes

2161 644 2268 701 800
2303 643 2619 713 Praecepta,
2652 651 2711 697 ut
2733 642 2900 697 vitam
2931 638 3145 709 possint
3171 637 3726 707 agitarepcrennem.

2302 735 2409 792 Nec
2434 735 2589 791 vobis
2618 748 2873 803 umquam
2901 741 3085 787 nostra
3118 728 3406 801 prmsentia
3438 727 3637 785 deerit.

2303 829 2469 903 388
2497 828 2685 884 Donec
2710 840 3041 882 consumens
3064 823 3325 879 dissolvat
3352 822 3550 878 saecula
3579 822 3725 876 linis.

2383 924 2488 978 llas
2519 938 2635 979 mea
2666 938 2820 977 mens
2849 920 2975 976 lidei
3004 920 3170 982 vires,
3200 918 3485 988 sanctique
3514 915 3728 971 timoris

2307 1013 2487 1088 Cepit,
2516 1026 2571 1071 et
2598 1015 2652 1070 in
2676 1023 2879 1089 tantum
2907 1012 3043 1068 luxit
3070 1010 3202 1066 mihi
3227 1010 3400 1080 gratia
3425 1008 3653 1073 Christi,

2166 1113 2271 1170 805
2309 1110 2569 1167 Versibus
2601 1119 2660 1165 ut
2687 1110 2889 1165 nostris
2919 1106 3116 1162 divina:
3145 1104 3314 1176 gloria
3346 1104 3481 1174 legis

2307 1203 2636 1259 Ornamcntn
2665 1201 2840 1258 libens
2866 1207 3088 1269 caperet
3129 1196 3413 1254 terrestria
3442 1196 3655 1268 linguai.

2312 1296 2438 1353 llaec
2476 1295 2608 1351 mihi
2640 1308 2741 1367 pax
2767 1293 2968 1350 Christi
2998 1290 3206 1358 tribuit,
3238 1305 3343 1361 pax
3370 1290 3485 1345 haec
3511 1289 3640 1345 mihi
3665 1303 3776 1345 sm-

3579 1381 3694 1455 [ςιί.

2314 1484 2487 1552 Quam
2518 1484 2664 1539 fovet
2688 1481 2974 1552 indulgens
3000 1488 3160 1537 terrm
3186 1486 3441 1550 regnator
3462 1486 3663 1548 apertas

2316 1576 2731 1648 Constantinus,
2762 1574 2919 1632 adest
2942 1574 3026 1630 cui
3057 1574 3230 1646 gratia
3255 1571 3415 1643 digna
3442 1569 3700 1636 merenti,

1720 1692 2017 1750 LECTION
2026 1694 2107 1751 ES
2144 1694 2560 1753 VARIANTES.

543 1794 667 1852 786.
703 1795 862 1865 Reg.,
890 1750 1120 1865 O.ttoll.,_
1152 1788 1438 1865 Daventr.,
1486 1785 1687 1865 Torn._,
1719 1785 1869 1865 aut,
1916 1788 2066 1853 Bas.,

469 1857 1000 1923 concurrens'turba:
1030 1859 1220 1926 Fabr.,
1252 1857 1507 1925 lladam.,
1537 1858 1777 1925 Poelm.,
1802 1857 1856 1912 in
1892 1868 2064 1928 textu,

472 1954 793 1994 concursans
816 1935 984 1988 turba.

542 2010 669 2064 787.
702 2008 852 2073 Ahl.,
878 2006 1032 2070 Bas.,
1060 2018 1167 2057 esse
1199 2019 1217 2057 :
1246 2004 1340 2060 alii
1366 2016 1502 2057 ecce.

2245 1790 2371 1845 801.
2403 1789 2563 1858 Reg.,
2611 1799 2789 1847 nostra
2840 1789 3137 1857 praesentia,
3188 1785 3335 1856 quod
3377 1798 3567 1840 verum
3616 1791 3779 1858 puto,

2174 1861 2435 1931 producta
2478 1856 2665 1916 ultima
2708 1861 2762 1915 in
2794 1871 2975 1915 nostra
3001 1859 3119 1914 sive
3144 1858 3358 1931 ratione
3382 1856 3783 1931 caesurte,_sive

2175 1924 2355 2004 potius
2379 1931 2449 1987 ob
2468 1932 2605 1988 duas
2628 1944 2998 1987 consonantes
3022 1930 3278 2004 dictionis
3303 1927 3602 2004 sequentis.
3632 1924 3783 1983 Editi

2176 1999 2299 2059 rum
2331 2004 2540 2069 Ottob,
2574 2004 2740 2058 nostri
2768 2003 3061 2073 praesentia.
3096 1999 3377 2073 Evangelii
3410 1999 3574 2054 verba
3601 2007 3732 2073 sunt
3761 2011 3780 2051 :

544 2080 670 2136 788.
697 2069 1121 2165 Plerique-edin,
1144 2084 1351 2165 sanctus
1362 2072 2070 2165 choruzs.‘Fabrie:,_sancte.
2104 2104 2154 2165 Β
2184 2074 2317 2165 βεδε
2344 2092 2436 2165 ego
2464 2077 2727 2131 vobiscum
2751 2069 2868 2165 sl'nm
2895 2073 3132 2129 omnibus
3161 2072 3342 2128 diebus
3372 2087 3532 2142 usque
3560 2069 3630 2123 ad
3655 2085 3785 2124 con-

470 2153 534 2208 ln
574 2166 707 2207 mss.
752 2144 885 2220 Reg.
918 2158 971 2203 et
1010 2146 1150 2212 Ott.,
1178 2160 1211 2220 _a
1246 2163 1329 2214 pr.
1360 2162 1433 2199 m.
1454 2187 1470 2210 ,
1502 2144 1917 2220 videtur‘iuisse
1948 2162 2073 2199 san-

471 2235 613 2280 ctum
641 2237 738 2294 pro
763 2215 1671 2294 sanctorum,t\'elgnetumInempe
1692 2215 1843 2271 illum
1866 2233 1885 2271 :
1906 2231 1935 2271 a
1958 2232 2072 2273 scc.

472 2310 549 2352 In.
581 2289 773 2350 in'Olt.
802 2302 886 2347 est
911 2298 1121 2354 sancte;
1149 2290 1201 2343 in
1226 2289 1385 2360 Reg.,
1411 2297 1638 2342 sanctus.

547 2367 668 2422 790.
704 2364 863 2430 Reg.,
895 2378 1017 2436 pars
1049 2360 1287 2416 credebat
1314 2358 1495 2415 eorum
1519 2374 1538 2414 :
1562 2358 1756 2415 melius
1782 2359 2070 2429 dubitabat,

474 2453 543 2495 ex
572 2437 884 2499 Evangelia.

546 2510 666 2565 796.
702 2506 1010 2564 Reuschius
1054 2504 1360 2571 suspicatur
1388 2503 1587 2557 ablatos
1614 2501 1870 2567 homines,
1902 2502 1956 2557 h.
1989 2518 2066 2570 e.,

473 2595 507 2636 a
537 2580 726 2636 mundi
766 2594 926 2635 emno
957 2574 1239 2631 abductos.
1283 2576 1541 2646 Legerem
1584 2574 1764 2644 potius
1794 2574 2066 2643 adductos,

472 2655 557 2709 vel
598 2654 898 2725 adjunctos.
938 2646 1291 2725 Scripturam‘
1320 2661 1665 2725 communem
1685 2687 1714 2725 ,_
1734 2660 1801 2701 ne
1829 2646 2074 2725 rebapti-

472 2717 744 2780 zationém
791 2722 1016 2786 innuat,
1061 2717 1363 2774 Reuschius
1400 2718 1639 2787 explicat
1684 2717 1752 2771 de
1791 2718 2074 2774 ablutione

470 2794 745 2860 sordium,
796 2802 851 2849 et
875 2792 946 2847 de
990 2790 1281 2861 baptismo,
1323 2805 1419 2845 seu
1460 2789 1678 2843 lavacro
1705 2788 1846 2858 ignis
1876 2796 1933 2845 et
1960 2790 2073 2860 spi-

472 2869 632 2923 ritus.

549 2937 677 2993 798.
717 2935 863 3003 Ald.,
911 2935 1060 2997 Bas.,
1111 2932 1346 2998 Poelm.,
1394 2930 1586 3003 prod.
1619 2946 1694 2998 s.,
1737 2930 1954 2985 vivant:
1982 2931 2075 2987 alii

476 3009 609 3067 editi
638 3024 760 3063 cum
793 3002 951 3069 υνδε..
972 3015 1205 3060 currant.
1237 3004 1281 3060 Τ
1284 3002 1409 3060 orn.
1434 3002 1737 3076 spiramine,
1770 3017 1966 3076 nempe
1996 3004 2077 3058 vi—

474 3078 624 3137 viﬁci
668 3078 854 3135 Flatus
899 3085 1122 3132 currant
1170 3073 1471 3145 spiramine
1509 3092 1523 3128 :
1558 3073 1755 3145 melius
1802 3073 2068 3143 plerique,

476 3152 787 3224 spiramina.
818 3146 1125 3224 Beuscliius
1155 3161 1262 3224 no_n
1293 3146 1435 3224 adeo
1467 3144 1745 3224 improbat
1768 3145 1941 3224 vivant
1967 3148 2076 3218 spi-

476 3213 701 3289 ramine,
747 3222 791 3274 si
823 3217 1195 3287 intelligantur
1219 3217 1457 3272 homines
1484 3215 1671 3270 abluti.
1710 3213 1817 3272 Sed
1849 3216 1952 3271 alia
1993 3213 2078 3273 est

477 3294 752 3351 sententia
783 3289 1085 3362 Evangelii.

2182 2147 2587 2203 summiltioncm
2615 2147 2813 2203 saeculi.

2249 2220 2372 2275 805.
2413 2219 2669 2275 Barthius
2712 2218 2887 2274 codici
2917 2233 3019 2274 suo
3061 2217 3392 2286 ascripserat
3424 2231 3438 2267 :
3472 2211 3601 2269 Hac
3630 2214 3783 2286 clauo

2177 2292 2297 2346 sula
2334 2307 2436 2345 non
2474 2299 2550 2344 est
2589 2294 2644 2344 in
2680 2307 2792 2345 meo
2830 2307 2925 2344 ms.
2978 2288 3103 2344 Non
3134 2284 3313 2343 dubito
3344 2296 3514 2340 tamen
3541 2301 3650 2339 esse
3678 2284 3785 2338 Ju-

2177 2363 2339 2417 venci.
2376 2363 2561 2417 Exstat
2588 2361 2644 2417 in
2672 2361 2927 2418 omnibus
2951 2361 3232 2430 impressis
3258 2369 3314 2416 et
3363 2357 3589 2429 reliquis
3615 2371 3782 2412 manu

2178 2435 2418 2489 exaratis
2446 2432 2750 2495 codicibus,
2783 2447 2922 2502 quos
2945 2429 3223 2489 Onieisius
3240 2429 3480 2502 viderat.

2250 2505 2375 2561 804.
2423 2505 2571 2571 Ald.,
2618 2499 2829 2577 Cmpit}
2861 2504 2982 2577 lege
3022 2502 3189 2577 Cepit.
3220 2501 3376 2577 Reg.,
3409 2499 3545 2561 Ott.,
3573 2500 3628 2554 in
3657 2508 3784 2554 tan-

2180 2583 2290 2648 tum
2338 2577 2511 2641 lucet;
2557 2577 2654 2632 sed
2688 2574 2744 2631 in
2784 2574 2939 2640 Ott.,
2966 2592 2996 2631 a
3044 2574 3126 2648 pr.
3164 2590 3264 2640 tn.,
3300 2574 3357 2627 in
3381 2581 3599 2638 tantam,
3629 2586 3787 2627 men-

2180 2647 2331 2703 dose.
2369 2648 2534 2711 Editi,
2566 2650 2621 2703 in
2651 2658 2847 2702 tantum
2873 2649 3028 2702 luxit.

2252 2719 2359 2774 805
2409 2718 2649 2792 _We.~th.,
2675 2720 2728 2775 in
2754 2727 2928 2785 textu,
2954 2718 3125 2792 gratia
3148 2717 3312 2790 legis;
3334 2713 3403 2771 ad
3426 2728 3625 2785 marg.,
3654 2727 3783 2769 cum

2182 2790 2332 2863 aliis,
2365 2790 2538 2863 gloria
2567 2792 2716 2863 legis.
2846 2862 2851 2863 γ
2920 2790 2969 2863 λ
3166 2840 3181 2849 .

2255 2861 2379 2918 806.
2411 2861 2561 2929 Ald.,
2593 2861 2742 2929 liam,
2774 2862 2949 2916 tulerit
2981 2877 3000 2917 :
3027 2861 3392 2932 alii,.caperet.

2253 2934 2377 2989 808.
2411 2932 2549 3001 Ott.,
2582 2934 2744 2999 Quem
2770 2950 2789 2988 :
2818 2944 3127 2989 correctum
3157 2931 3348 2997 Quam.

2253 3004 2376 3062 809.
2398 3005 2558 3076 εἶρε..
2581 3005 2718 3069 Ott.,
2747 3005 2893 3071 Ald.,
2918 3004 3112 3067 Torn.,
3135 3001 3337 3069 West.,
3360 3001 3781 3076 Ba_s.._Davent.,

2183 3075 2372 3142 Fabr.,
2407 3072 2544 3131 "ad.
2571 3117 2586 3143 ,
2615 3076 2931 3132 Poelmann.
2952 3117 2968 3143 ,
2999 3077 3055 3133 in
3081 3083 3267 3139 textu,
3296 3074 3467 3146 gratia
3493 3072 3653 3145 digna
3679 3090 3790 3146 me-

2182 3148 2339 3221 renti.
2358 3148 2702 3221 Poelmann.,
2721 3164 2821 3220 pro
2844 3148 2900 3203 d.
2927 3163 2999 3221 si.,
3022 3147 3193 3221 gloria
3208 3144 3387 3215 digna.
3409 3144 3596 3221 cant,
3617 3145 3790 3221 gratia

2185 3218 2327 3287 diva,
2358 3220 2501 3291 quod
2520 3236 2552 3275 a
2572 3215 2876 3293 glossatore
2895 3215 3079 3291 aliquo
3102 3232 3224 3276 esse
3243 3226 3431 3273 censet
3456 3215 3785 3272 Reuschius.

552 3480 681 3537 785.
709 3476 938 3535 CAPUT
969 3474 1161 3547 xxvi.
1188 3472 1343 3529 Jesns
1363 3472 1418 3528 in
1445 3472 1670 3547 Catilina
1693 3380 2254 3547 discipulisaE-Og‘fx
2282 3475 2443 3540 Aldo.
2484 3486 2607 3547 post
2642 3477 2814 3533 schol.
2859 3478 2914 3534 in
2942 3485 3236 3534 comment.
3267 3474 3518 3547 Caesaris.
3551 3472 3664 3547 Hac
3683 3487 3791 3547 au-

480 3562 650 3628 paret,
673 3549 1000 3628 pracipiens,
1027 3557 1086 3628 ut
1109 3544 1772 3628 an-ngeiium‘prtedicent,
1798 3553 1845 3598 et
1866 3544 2080 3628 creden-

478 3614 554 3682 ies
575 3614 866 3679 in’nomin'e
897 3614 1096 3684 Patris,
1126 3626 1173 3672 et
1198 3614 1351 3687 Filii,
1377 3627 1427 3671 et
1456 3616 1690 3687 Spiritus
1718 3618 1882 3670 sancti
1912 3615 2080 3687 bapti-

480 3707 616 3754 sent.
645 3696 832 3751 Matth.
870 3706 1066 3756 xxvttt,
1100 3689 1168 3745 16
1194 3703 1351 3760 seq.;
1386 3688 1551 3742 Marc.
1582 3702 1696 3753 xvt,
1731 3688 1817 3742 15.

553 3767 677 3823 797.
720 3765 830 3821 Sub
857 3778 956 3833 pro
982 3765 1059 3830 in,
1090 3770 1148 3817 ut
1168 3760 1298 3815 alibi
1322 3760 1549 3833 dictum.

554 3838 682 3895 798.
732 3830 935 3906 Viviﬁci
976 3849 994 3887 :
1035 3831 1458 3906 vox_Atnmiani_
1489 3830 1867 3906 et_Ap_ule_ii,__a
1895 3830 2083 3906 multis

480 3901 1188 3980 seriptoribus'Christianis
1217 3901 1518 3973 praesertim
1548 3902 1601 3955 in
1630 3901 1787 3957 libris
1815 3902 2080 3973 liturgicis

480 3987 740 4038 usurpata
753 4016 765 4029 .

554 3997 1002 4107 gilgitanum“
1026 4044 1102 4099 ait
1133 4063 1145 4099 :
1175 4041 1371 4098 Euntes
1401 4059 1524 4116 ergo
1551 4044 1728 4116 docete
1756 4059 1929 4116 omnes
1959 4061 2083 4115 gen-

488 4134 587 4191 tes,
635 4121 956 4190 baptisantes
990 4133 1081 4191 eos
1118 4117 1174 4170 in
1206 4116 1413 4170 nomine
1449 4114 1648 4191 Patris,
1677 4124 1809 4191 _etc._
1830 4114 2081 4191 Docgntes

481 4185 584 4253 eos'
609 4185 818 4248 seruare
857 4190 1031 4246 omnia
1070 4202 1405 4260 quaecumque
1448 4186 1687 4260 mandavi
1728 4186 1887 4240 vobis.
1938 4185 2083 4260 Reu-

482 4266 669 4323 schius
709 4258 1094 4317 animadvertit
1129 4261 1455 4328 praecepisse
1496 4258 1796 4321 Christum,
1845 4266 1902 4311 ut
1934 4259 2082 4326 prius

484 4338 709 4395 edoctus
751 4342 1022 4404 praecepta
1071 4330 1167 4386 Dei
1216 4345 1374 4404 sacro
1412 4328 1646 4404 hederis
1693 4330 1819 4404 n_ovi
1867 4328 2082 4404 lavacro

480 4398 790 4463 abluercni.
838 4398 952 4459 Hoc
992 4404 1166 4472 ipsum
1210 4401 1597 4457 animadvertit
1636 4400 1687 4455 in
1716 4400 1964 4472 Juveuco
1986 4398 2080 4454 Ri-

483 4477 719 4535 chardus
757 4469 1054 4539 Simonius,
1096 4473 1300 4528 llistor.
1332 4473 1469 4529 Crit.
1495 4471 1799 4527 Comment.
1833 4469 1898 4526 N.
1928 4471 1992 4525 'l‘.
2027 4486 2078 4525 ρ.

484 4551 575 4621 25,
603 4550 759 4621 quasi
784 4549 1060 4605 Juvencus
1084 4545 1333 4621 ordinem
1363 4544 1667 4621 invenerit,
1697 4542 1769 4621 ᾼι
1796 4543 2082 4598 Matthaius

484 4615 751 4678 docti-inte
775 4632 906 4675 ante
930 4628 985 4675 et
1007 4622 1128 4684 post
1149 4616 1473 4686 baptismum
1502 4615 1770 4686 meminit.

557 4692 685 4750 80L
714 4691 891 4748 Deerit
919 4707 938 4746 :
968 4690 1049 4746 sic
1077 4684 1431 4758 dissy'llabum
1454 4701 1482 4741 a
1502 4686 1677 4758 poetis
1693 4684 1940 4742 adhiberi
1954 4699 2083 4740 con-

482 4764 683 4820 suevit.

556 4833 682 4890 802.
728 4833 1043 4889 Consumens
1063 4872 1079 4897 ,
1122 4843 1527 4886 consummatis.
1553 4828 1726 4899 Usque
1750 4830 1819 4882 ad
1841 4844 2082 4883 consum-

487 4906 766 4961 mulionem
793 4901 992 4958 seculi.

556 4976 683 5033 805.
723 4972 954 5047 CAPUT
995 4971 1208 5038 XXVII,
1236 4973 1342 5047 sive
1393 4972 1668 5047 Epilogus.
1705 4970 1966 5047 Iuvencus
1998 4974 2082 5042 [a-

481 5050 614 5103 bisse
653 5048 751 5102 sibi
785 5045 1065 5113 Christum,
1113 5052 1168 5097 ut
1207 5044 1568 5115 exigerethoc
1603 5061 1753 5113 opus,
1802 5044 2081 5117 gloriatur.

486 5119 627 5175 Hinc
655 5118 1045 5175 Constantinum
1076 5118 1435 5184 imperatorem
1456 5116 1659 5172 laudat.

557 5192 683 5246 804.
722 5190 791 5245 In
828 5197 1031 5242 tantum
1074 5204 1091 5241 :
1127 5187 1195 5242 de
1221 5186 1322 5241 bac
1352 5188 1533 5258 phrasi
1562 5189 1671 5243 dixi
1700 5188 1752 5242 iu
1780 5194 2077 5242 comment.

487 5265 555 5318 ad
596 5260 862 5317 Prudent.
903 5273 1048 5315 vers.
1091 5259 1197 5314 I55
1233 5258 1503 5327 Hamart.,
1533 5270 1586 5313 et
1612 5260 1665 5314 iu
1697 5270 1809 5313 not.
1843 5258 1911 5312 ad
1945 5258 2079 5313 Dra-

487 5345 637 5390 cout.
672 5334 710 5389 Ι.
754 5348 815 5396 tt.
859 5346 1003 5385 vers.
1050 5330 1175 5385 659.
1205 5330 1479 5386 iuvencus
1508 5331 1740 5400 Spiritus
1762 5328 1937 5385 sancti
1957 5343 2081 5400 gra-

485 5404 614 5460 tiam
644 5404 743 5458 sibi
776 5402 968 5459 adesse
998 5401 1364 5469 postulaverat
1387 5401 1425 5455 l.
1451 5416 1488 5468 ι,
1520 5415 1662 5456 vers.
1693 5401 1781 5456 54.

557 5476 680 5531 807.
716 5473 1026 5543 Emulatur
1050 5470 1352 5543 Virgilium,
1376 5472 1430 5527 in
1458 5474 1553 5526 lin.
1585 5473 1623 5526 i.
1652 5487 1703 5527 tv
1728 5474 1956 5543 Georg.,
1982 5472 2080 5528 sed

486 5545 679 5615 majori
700 5548 879 5609 elogio
899 5542 1315 5600 Constantinum
1340 5551 1518 5606 ornat.
1543 5545 1629 5599 cui
1659 5559 1844 5614 pacem
1870 5542 2080 5610 saeculi,

483 5624 540 5687 et
564 5615 843 5687 religionis
873 5616 1185 5670 christiana:
1214 5615 1613 5687 incrementum
1653 5615 1892 5670 ascribit.
1927 5616 2084 5672 Eme-

485 5684 605 5738 rita:
647 5684 699 5756 in
745 5686 999 5752 llispania
1044 5686 1257 5756 egregia
1298 5687 1369 5741 de
1404 5686 1761 5741 Constantino
1801 5686 2083 5755 inscriptio

489 5754 759 5821 exstabat,
789 5756 958 5806 relata
997 5769 1025 5807 a
1061 5754 1291 5811 Baronio
1317 5756 1385 5811 ad
1415 5772 1615 5811 annum
1647 5758 1771 5820 31:2,
1806 5754 2079 5826 num.’86,

2111 4876 2166 4937 D

2185 3555 2294 3603 tem
2335 3544 2693 3618 inscriptione
2732 3565 2839 3604 non
2880 3550 3055 3606 solum
3090 3548 3353 3603 refellitur
3378 3545 3648 3601 calumnia
3680 3544 3790 3600 Zo-

2186 3620 2331 3682 simi,
2363 3620 2456 3688 qui
2488 3620 2674 3685 tradit,
2702 3620 3116 3677 Constantinum
3140 3619 3295 3673 novis
3320 3632 3536 3687 semper
3556 3632 3789 3672 vexasse

2186 3693 2443 3761 populum
2494 3692 2747 3759 tributis,
2790 3708 2977 3757 verum
3021 3692 3181 3747 etiam
3230 3691 3425 3761 mirum
3471 3689 3789 3761 iu_tuodum

2186 3758 2560 3829 ionlirmatur,
2610 3758 2740 3819 eum’
2774 3765 2922 3820 omni
2969 3763 3272 3818 ol‘lieiorum
3311 3772 3368 3817 et
3394 3758 3789 3816 beneficiorum

2223 3848 2389 3908 enere
2405 3833 2779 3908 dechristinna
2806 3837 3067 3908 religione
3087 3835 3293 3908 optime
3316 3834 3569 3888 meritum
3596 3830 3787 3886 fuisse.

2232 3906 2371 3961 Iacet
2418 3903 2523 3959 hoc
2563 3906 2686 3961 loco
2726 3903 3135 3975 inscriptionem
3161 3907 3336 3976 ipsam
3367 3913 3787 3976 reprmseutare,

2186 3976 2453 4046 quamvis,
2478 3985 2539 4033 ut
2569 3988 2720 4050 puto,
2755 3973 2987 4034 ﬁdeliter
3012 3973 3288 4046 exscripta
3314 3991 3422 4030 non
3450 3973 3637 4029 fuerit.

2724 4066 2837 4106 IIP.
2855 4065 3009 4107 ῦΑεε.
3030 4063 3251 4105 ι-ἰΑγινε

2726 4136 3074 4179 CONSTANTIN.
3125 4135 3251 4177 AVG.

2722 4208 2871 4248 PACIS
2892 4209 2958 4247 ετ
2978 4207 3246 4247 ινετιτιλε

2730 4279 2891 4319 (ινιτ.
2909 4280 3027 4319 PiB.
3042 4277 3250 4327 QVIETIS

2729 4351 2883 4390 ΠΜ).
2948 4348 3249 4391 ιιειιῦιθυιδ

2731 4422 2799 4461 ΕΤ
2847 4422 2991 4462 FIDEI
3042 4420 3251 4461 Ανοτοιι

2722 4493 2827 4532 BE}!
2836 4492 2946 4532 ISSO
3063 4492 3255 4541 VBIQVE

2727 4564 2957 4605 TRIBVTO
3023 4564 3252 4603 FINITII.

2728 4635 2973 4678 PROVINC.
3103 4635 3250 4676 ITER.

2721 4707 2985 4749 RBSTAVB.
3132 4706 3257 4751 περ,

2917 4777 3090 4818 CXIIII.

2188 4833 2452 4891 Baronius
2482 4836 2646 4890 nimis
2682 4835 2914 4892 elfusutn
2943 4833 3159 4889 titulum
3187 4834 3418 4905 auctoris
3445 4833 3717 4905 religionis
3747 4843 3794 4890 et

2190 4905 2311 4973 fidei
2345 4906 2421 4961 ait
2460 4922 2581 4962 esse
2626 4924 2640 4960 :
2690 4906 2787 4961 sed
2818 4917 2969 4962 recte
2998 4907 3244 4975 exponit,
3274 4907 3346 4960 ita
3371 4904 3792 4961 Constantinum

2191 4978 2398 5043 vocari,
2437 4978 2580 5048 quod
2610 4979 2827 5048 pietatis
2853 4976 3162 5048 chrisuanue
3200 4977 3459 5032 miriﬁcus
3488 4976 3798 5048 ilinstrator

2188 5057 2337 5105 esset
2374 5046 2468 5105 ac'
2491 5046 2871 5119 propagator;
2896 5048 3040 5103 Idem
3089 5046 3482 5104 Constantinus
3521 5047 3713 5105 Roma
3739 5050 3795 5105 in

2184 5135 2315 5175 arcu
2356 5136 2456 5176 suo
2482 5116 2797 5188 triumphali
2823 5116 3101 5174 Fundator
3130 5120 3317 5190 quietis
3342 5119 3564 5175 dicitur.

2259 5192 2385 5247 808.
2421 5191 2597 5247 Terra:
2625 5198 2843 5260 apertas,
2876 5191 3129 5256 patentis.

2257 5264 2380 5318 809.
2410 5262 2510 5332 Qui
2537 5261 2878 5319 Constantini
2910 5262 3235 5332 baptismum
3256 5261 3322 5318 ad
3344 5260 3550 5317 obitum
3569 5261 3690 5333 ejus
3711 5262 3795 5318 di-

2186 5332 2352 5388 latum
2399 5334 2623 5401 nolunt,
2672 5333 2995 5388 nonnullum
3038 5342 3414 5403 argumentum
3444 5348 3513 5389 ex
3544 5332 3649 5388 hac
3676 5334 3796 5388 loco

2186 5415 2371 5473 petere
2417 5414 2667 5475 possunt.
2713 5404 2879 5475 Certe
2902 5405 2994 5475 vix
3026 5405 3201 5473 majus
3230 5405 3435 5475 aliquid
3466 5406 3535 5459 de
3565 5405 3793 5462 homine

2183 5474 2480 5531 christiano
2525 5475 2765 5545 perfecto
2805 5474 2912 5529 dici
2958 5477 3247 5544 potuisset.
3289 5474 3408 5530 Non
3441 5475 3629 5531 multis
3667 5485 3795 5533 ante

2184 5548 2344 5602 anuis
2400 5547 2681 5603 Matthmus
2728 5547 3128 5614 Aimcrichius,
3176 5547 3443 5602 doctrina:
3492 5562 3688 5614 uiagna
3740 5558 3795 5605 et

2184 5615 2436 5673 diuturna
2477 5618 2634 5674 laude
2661 5618 3009 5687 Conspicuus,
3061 5626 3182 5688 post
3208 5633 3368 5673 suum
3393 5617 3601 5674 Novum
3631 5618 3793 5674 Lexi-

2185 5704 2288 5743 cou
2334 5689 2668 5745 tlistoricum
2709 5698 2765 5744 et
2801 5688 3087 5754 Criticum,
3131 5689 3575 5745 dissertationem
3617 5690 3791 5746 edidit

2186 5759 2250 5815 de
2306 5758 2503 5832 duplici
2547 5758 2874 5816 Constantini
2924 5758 3106 5830 Magni
3155 5761 3494 5831 baptismate,
3554 5758 3791 5819 Romano
