  <div class='ocr_page' id='page_1' title='image "/cluster/home/n/w/nwhite01/storage/ocr_20150623/19/hvd.32044096580451/178.png"; bbox 0 0 4096 6182; ppageno 0'>
   <div class='ocr_carea' id='block_1_1' title="bbox 331 224 427 281">
    <p class='ocr_par' dir='ltr' id='par_1_1' title="bbox 331 224 427 281">
     <span class='ocr_line' id='line_1_1' title="bbox 331 224 427 281; baseline 0 -1"><span class='ocrx_word' id='word_1_1' title='bbox 331 224 427 281; x_wconf 74' lang='grc' dir='ltr'><strong>5ιῦ</strong></span> 
     </span>
    </p>
   </div>
   <div class='ocr_carea' id='block_1_2' title="bbox 325 339 1987 418">
    <p class='ocr_par' dir='ltr' id='par_1_2' title="bbox 325 339 1987 418">
     <span class='ocr_line' id='line_1_2' title="bbox 325 339 1987 418; baseline 0.001 -21"><span class='ocrx_word' id='word_1_2' title='bbox 325 341 421 398; x_wconf 74' lang='grc'><strong>810</strong></span> <span class='ocrx_word' id='word_1_3' title='bbox 453 339 739 418; x_wconf 65' lang='grc' dir='ltr'>θεθριιι</span> <span class='ocrx_word' id='word_1_4' title='bbox 762 342 914 399; x_wconf 89' lang='lat' dir='ltr'><strong>solus</strong></span> <span class='ocrx_word' id='word_1_5' title='bbox 953 356 1144 414; x_wconf 85' lang='lat' dir='ltr'><strong>regum</strong></span> <span class='ocrx_word' id='word_1_6' title='bbox 1181 343 1326 399; x_wconf 82' lang='lat' dir='ltr'><strong>sacri</strong></span> <span class='ocrx_word' id='word_1_7' title='bbox 1372 343 1475 400; x_wconf 87' lang='lat' dir='ltr'><strong>sibi</strong></span> <span class='ocrx_word' id='word_1_8' title='bbox 1521 343 1760 400; x_wconf 81' lang='lat' dir='ltr'><strong>nominis</strong></span> <span class='ocrx_word' id='word_1_9' title='bbox 1782 343 1911 399; x_wconf 87' lang='lat' dir='ltr'><strong>hor-</strong></span> <span class='ocrx_word' id='word_1_10' title='bbox 1933 345 1987 408; x_wconf 78' lang='grc' dir='ltr'>Α</span> 
     </span>
    </p>
   </div>
   <div class='ocr_carea' id='block_1_3' title="bbox 452 436 1838 604">
    <p class='ocr_par' dir='ltr' id='par_1_3' title="bbox 452 436 1838 604">
     <span class='ocr_line' id='line_1_3' title="bbox 452 436 1838 604; baseline 0.004 -22"><span class='ocrx_word' id='word_1_11' title='bbox 452 525 664 600; x_wconf 86' lang='lat' dir='ltr'><strong>lmponi</strong></span> <span class='ocrx_word' id='word_1_12' title='bbox 699 528 939 600; x_wconf 87' lang='lat' dir='ltr'><strong>pondus,</strong></span> <span class='ocrx_word' id='word_1_13' title='bbox 969 545 1078 603; x_wconf 85' lang='lat' dir='ltr'><strong>quo</strong></span> <span class='ocrx_word' id='word_1_14' title='bbox 1103 529 1266 603; x_wconf 85' lang='lat' dir='ltr'><strong>justis</strong></span> <span class='ocrx_word' id='word_1_15' title='bbox 1288 530 1504 604; x_wconf 75' lang='lat' dir='ltr'><strong>dignior</strong></span> <span class='ocrx_word' id='word_1_16' title='bbox 1534 532 1670 589; x_wconf 85' lang='lat' dir='ltr'><strong>actis</strong></span> <span class='ocrx_word' id='word_1_17' title='bbox 1715 436 1838 511; x_wconf 48' lang='lat' dir='ltr'><strong>[ret</strong></span> 
     </span>
    </p>
   </div>
   <div class='ocr_carea' id='block_1_4' title="bbox 1619 222 2297 298">
    <p class='ocr_par' dir='ltr' id='par_1_4' title="bbox 1619 222 2297 298">
     <span class='ocr_line' id='line_1_4' title="bbox 1619 222 2297 298; baseline 0.003 -18"><span class='ocrx_word' id='word_1_18' title='bbox 1619 222 1934 298; x_wconf 69' lang='lat' dir='ltr'><strong>meum</strong></span> <span class='ocrx_word' id='word_1_19' title='bbox 1968 223 2297 284; x_wconf 82' lang='lat' dir='ltr'><strong>GENESIM.</strong></span> 
     </span>
    </p>
   </div>
   <div class='ocr_carea' id='block_1_5' title="bbox 3505 228 3612 285">
    <p class='ocr_par' dir='ltr' id='par_1_5' title="bbox 3505 228 3612 285">
     <span class='ocr_line' id='line_1_5' title="bbox 3505 228 3612 285; baseline 0 -1"><span class='ocrx_word' id='word_1_20' title='bbox 3505 228 3612 285; x_wconf 73' lang='grc' dir='ltr'><strong>διδ</strong></span> 
     </span>
    </p>
   </div>
   <div class='ocr_carea' id='block_1_6' title="bbox 2160 342 3371 416">
    <p class='ocr_par' dir='ltr' id='par_1_6' title="bbox 2160 342 3371 416">
     <span class='ocr_line' id='line_1_6' title="bbox 2160 342 3371 416; baseline 0.003 -17"><span class='ocrx_word' id='word_1_21' title='bbox 2160 342 2448 399; x_wconf 68' lang='lat' dir='ltr'><strong>Etet-nam</strong></span> <span class='ocrx_word' id='word_1_22' title='bbox 2478 343 2660 416; x_wconf 81' lang='lat' dir='ltr'><strong>capiat</strong></span> <span class='ocrx_word' id='word_1_23' title='bbox 2683 344 2868 401; x_wconf 82' lang='lat' dir='ltr'><strong>divina</strong></span> <span class='ocrx_word' id='word_1_24' title='bbox 2891 345 2946 402; x_wconf 92' lang='lat' dir='ltr'><strong>in</strong></span> <span class='ocrx_word' id='word_1_25' title='bbox 2969 346 3171 403; x_wconf 80' lang='lat' dir='ltr'><strong>saecula</strong></span> <span class='ocrx_word' id='word_1_26' title='bbox 3203 347 3371 403; x_wconf 79' lang='lat' dir='ltr'><strong>vitam</strong></span> 
     </span>
    </p>
   </div>
   <div class='ocr_carea' id='block_1_7' title="bbox 2015 436 3609 513">
    <p class='ocr_par' dir='ltr' id='par_1_7' title="bbox 2015 436 3609 513">
     <span class='ocr_line' id='line_1_7' title="bbox 2015 436 3609 513; baseline 0.003 -19"><span class='ocrx_word' id='word_1_27' title='bbox 2015 438 2121 495; x_wconf 77' lang='grc'><strong>815</strong></span> <span class='ocrx_word' id='word_1_28' title='bbox 2155 436 2258 494; x_wconf 89' lang='lat' dir='ltr'><strong>Per</strong></span> <span class='ocrx_word' id='word_1_29' title='bbox 2301 437 2593 495; x_wconf 87' lang='lat' dir='ltr'><strong>Dominum</strong></span> <span class='ocrx_word' id='word_1_30' title='bbox 2639 438 2776 497; x_wconf 90' lang='lat' dir='ltr'><strong>lucis</strong></span> <span class='ocrx_word' id='word_1_31' title='bbox 2815 438 3119 509; x_wconf 77' lang='lat' dir='ltr'><strong>Christum,</strong></span> <span class='ocrx_word' id='word_1_32' title='bbox 3172 441 3266 513; x_wconf 86' lang='lat' dir='ltr'><strong>qui</strong></span> <span class='ocrx_word' id='word_1_33' title='bbox 3314 442 3369 497; x_wconf 90' lang='lat' dir='ltr'><strong>in</strong></span> <span class='ocrx_word' id='word_1_34' title='bbox 3404 441 3609 498; x_wconf 56' lang='lat' dir='ltr'><strong>saecula</strong></span> 
     </span>
    </p>
   </div>
   <div class='ocr_carea' id='block_1_8' title="bbox 3279 536 3537 610">
    <p class='ocr_par' dir='ltr' id='par_1_8' title="bbox 3279 536 3537 610">
     <span class='ocr_line' id='line_1_8' title="bbox 3279 536 3537 610; baseline 0.008 -19"><span class='ocrx_word' id='word_1_35' title='bbox 3279 536 3299 610; x_wconf 93' lang='lat'>[</span> <span class='ocrx_word' id='word_1_36' title='bbox 3323 546 3537 607; x_wconf 85' lang='lat' dir='ltr'><strong>regnat.</strong></span> 
     </span>
    </p>
   </div>
   <div class='ocr_carea' id='block_1_9' title="bbox 1553 647 2395 708">
    <p class='ocr_par' dir='ltr' id='par_1_9' title="bbox 1553 647 2395 708">
     <span class='ocr_line' id='line_1_9' title="bbox 1553 647 2395 708; baseline 0.005 -5"><span class='ocrx_word' id='word_1_37' title='bbox 1553 647 1936 707; x_wconf 81' lang='lat' dir='ltr'><strong>LECTIONES</strong></span> <span class='ocrx_word' id='word_1_38' title='bbox 1974 649 2064 707; x_wconf 77' lang='lat' dir='ltr'><strong>VA</strong></span> <span class='ocrx_word' id='word_1_39' title='bbox 2074 650 2395 708; x_wconf 79' lang='lat' dir='ltr'><strong>RIANTES.</strong></span> 
     </span>
    </p>
   </div>
   <div class='ocr_carea' id='block_1_10' title="bbox 386 740 1905 812">
    <p class='ocr_par' dir='ltr' id='par_1_10' title="bbox 386 740 1905 812">
     <span class='ocr_line' id='line_1_10' title="bbox 386 740 1905 812; baseline 0.002 -15"><span class='ocrx_word' id='word_1_40' title='bbox 386 740 506 797; x_wconf 85' lang='lat' dir='ltr'><strong>8l0.</strong></span> <span class='ocrx_word' id='word_1_41' title='bbox 540 740 651 798; x_wconf 90' lang='lat' dir='ltr'><strong>Ott.</strong></span> <span class='ocrx_word' id='word_1_42' title='bbox 676 783 692 806; x_wconf 96' lang='lat'><strong>,</strong></span> <span class='ocrx_word' id='word_1_43' title='bbox 744 742 879 799; x_wconf 85' lang='lat' dir='ltr'><strong>llad.</strong></span> <span class='ocrx_word' id='word_1_44' title='bbox 900 784 919 810; x_wconf 91' lang='lat'><strong>,</strong></span> <span class='ocrx_word' id='word_1_45' title='bbox 960 744 1279 800; x_wconf 87' lang='lat' dir='ltr'><strong>Poelmann.</strong></span> <span class='ocrx_word' id='word_1_46' title='bbox 1299 790 1313 810; x_wconf 85' lang='grc'>,</span> <span class='ocrx_word' id='word_1_47' title='bbox 1345 744 1592 810; x_wconf 89' lang='lat' dir='ltr'><strong>numinis,</strong></span> <span class='ocrx_word' id='word_1_48' title='bbox 1629 745 1770 812; x_wconf 85' lang='lat' dir='ltr'><strong>quod</strong></span> <span class='ocrx_word' id='word_1_49' title='bbox 1797 744 1905 799; x_wconf 76' lang='lat' dir='ltr'><strong>l’or-</strong></span> 
     </span>
    </p>
   </div>
   <div class='ocr_carea' id='block_1_11' title="bbox 317 812 1898 883">
    <p class='ocr_par' dir='ltr' id='par_1_11' title="bbox 317 812 1898 883">
     <span class='ocr_line' id='line_1_11' title="bbox 317 812 1898 883; baseline 0.003 -15"><span class='ocrx_word' id='word_1_50' title='bbox 317 822 455 868; x_wconf 84' lang='lat' dir='ltr'><strong>tasse</strong></span> <span class='ocrx_word' id='word_1_51' title='bbox 482 812 600 879; x_wconf 88' lang='lat' dir='ltr'><strong>l&#39;uit,</strong></span> <span class='ocrx_word' id='word_1_52' title='bbox 639 828 671 867; x_wconf 89' lang='lat' dir='ltr'><strong>a</strong></span> <span class='ocrx_word' id='word_1_53' title='bbox 714 830 794 883; x_wconf 94' lang='lat' dir='ltr'><strong>pr.</strong></span> <span class='ocrx_word' id='word_1_54' title='bbox 841 831 941 881; x_wconf 89' lang='lat' dir='ltr'><strong>m.,</strong></span> <span class='ocrx_word' id='word_1_55' title='bbox 971 816 1022 869; x_wconf 91' lang='lat' dir='ltr'><strong>in</strong></span> <span class='ocrx_word' id='word_1_56' title='bbox 1051 815 1209 883; x_wconf 84' lang='lat' dir='ltr'><strong>Reg.,</strong></span> <span class='ocrx_word' id='word_1_57' title='bbox 1245 816 1333 871; x_wconf 86' lang='lat' dir='ltr'><strong>ubi</strong></span> <span class='ocrx_word' id='word_1_58' title='bbox 1371 832 1516 871; x_wconf 91' lang='lat' dir='ltr'><strong>nunc</strong></span> <span class='ocrx_word' id='word_1_59' title='bbox 1544 826 1623 870; x_wconf 89' lang='lat' dir='ltr'><strong>est</strong></span> <span class='ocrx_word' id='word_1_60' title='bbox 1651 816 1898 883; x_wconf 91' lang='lat' dir='ltr'><strong>nominis,</strong></span> 
     </span>
    </p>
   </div>
   <div class='ocr_carea' id='block_1_12' title="bbox 316 884 1894 955">
    <p class='ocr_par' dir='ltr' id='par_1_12' title="bbox 316 884 1894 955">
     <span class='ocr_line' id='line_1_12' title="bbox 316 884 1894 955; baseline 0.003 -17"><span class='ocrx_word' id='word_1_61' title='bbox 316 894 371 939; x_wconf 92' lang='lat' dir='ltr'><strong>ut</strong></span> <span class='ocrx_word' id='word_1_62' title='bbox 392 884 445 955; x_wconf 90' lang='lat' dir='ltr'><strong>in</strong></span> <span class='ocrx_word' id='word_1_63' title='bbox 470 884 593 940; x_wconf 84' lang='lat' dir='ltr'><strong>Ald.</strong></span> <span class='ocrx_word' id='word_1_64' title='bbox 613 927 629 949; x_wconf 88' lang='lat'><strong>,</strong></span> <span class='ocrx_word' id='word_1_65' title='bbox 660 884 917 942; x_wconf 87' lang='lat' dir='ltr'><strong>Daventr.</strong></span> <span class='ocrx_word' id='word_1_66' title='bbox 942 930 957 952; x_wconf 95' lang='lat'><strong>,</strong></span> <span class='ocrx_word' id='word_1_67' title='bbox 988 884 1203 942; x_wconf 80' lang='lat' dir='ltr'><strong>Westli.</strong></span> <span class='ocrx_word' id='word_1_68' title='bbox 1226 929 1241 952; x_wconf 93' lang='lat'><strong>,</strong></span> <span class='ocrx_word' id='word_1_69' title='bbox 1272 887 1440 943; x_wconf 75' lang='lat' dir='ltr'><strong>Turn.</strong></span> <span class='ocrx_word' id='word_1_70' title='bbox 1463 930 1477 954; x_wconf 89' lang='lat'><strong>,</strong></span> <span class='ocrx_word' id='word_1_71' title='bbox 1515 887 1710 955; x_wconf 84' lang='lat' dir='ltr'><strong>Fabr.,</strong></span> <span class='ocrx_word' id='word_1_72' title='bbox 1747 888 1894 955; x_wconf 87' lang='lat' dir='ltr'><strong>Bas.,</strong></span> 
     </span>
    </p>
   </div>
   <div class='ocr_carea' id='block_1_13' title="bbox 313 954 1893 1028">
    <p class='ocr_par' dir='ltr' id='par_1_13' title="bbox 313 954 1893 1028">
     <span class='ocr_line' id='line_1_13' title="bbox 313 954 1893 1028; baseline 0.002 -18"><span class='ocrx_word' id='word_1_73' title='bbox 313 954 557 1023; x_wconf 75' lang='lat' dir='ltr'><strong>aliiSque.</strong></span> <span class='ocrx_word' id='word_1_74' title='bbox 590 956 799 1028; x_wconf 79' lang='lat' dir='ltr'><strong>Revera</strong></span> <span class='ocrx_word' id='word_1_75' title='bbox 827 959 999 1027; x_wconf 77' lang='lat' dir='ltr'><strong>magis</strong></span> <span class='ocrx_word' id='word_1_76' title='bbox 1022 961 1198 1028; x_wconf 85' lang='lat' dir='ltr'><strong>placet</strong></span> <span class='ocrx_word' id='word_1_77' title='bbox 1227 960 1470 1022; x_wconf 89' lang='lat' dir='ltr'><strong>nominis,</strong></span> <span class='ocrx_word' id='word_1_78' title='bbox 1493 968 1556 1013; x_wconf 90' lang='lat' dir='ltr'><strong>ut</strong></span> <span class='ocrx_word' id='word_1_79' title='bbox 1582 974 1732 1015; x_wconf 85' lang='lat' dir='ltr'><strong>reete</strong></span> <span class='ocrx_word' id='word_1_80' title='bbox 1750 954 1893 1015; x_wconf 84' lang='lat' dir='ltr'><strong>vers.</strong></span> 
     </span>
    </p>
   </div>
   <div class='ocr_carea' id='block_1_14' title="bbox 311 1027 1898 1103">
    <p class='ocr_par' dir='ltr' id='par_1_14' title="bbox 311 1027 1898 1103">
     <span class='ocr_line' id='line_1_14' title="bbox 311 1027 1898 1103; baseline 0.003 -22"><span class='ocrx_word' id='word_1_81' title='bbox 311 1042 424 1103; x_wconf 81' lang='lat' dir='ltr'><strong>seq.</strong></span> <span class='ocrx_word' id='word_1_82' title='bbox 485 1027 853 1103; x_wconf 71' lang='lat' dir='ltr'><strong>respondeant</strong></span> <span class='ocrx_word' id='word_1_83' title='bbox 892 1027 1259 1103; x_wconf 9' lang='lat' dir='ltr'><strong>rliarcfverba,</strong></span> <span class='ocrx_word' id='word_1_84' title='bbox 1312 1032 1427 1095; x_wconf 79' lang='lat' dir='ltr'><strong>Quo</strong></span> <span class='ocrx_word' id='word_1_85' title='bbox 1465 1033 1630 1103; x_wconf 88' lang='lat' dir='ltr'><strong>justis</strong></span> <span class='ocrx_word' id='word_1_86' title='bbox 1691 1031 1898 1101; x_wconf 80' lang='lat' dir='ltr'><strong>dignior</strong></span> 
     </span>
    </p>
   </div>
   <div class='ocr_carea' id='block_1_15' title="bbox 309 1099 1892 1173">
    <p class='ocr_par' dir='ltr' id='par_1_15' title="bbox 309 1099 1892 1173">
     <span class='ocr_line' id='line_1_15' title="bbox 309 1099 1892 1173; baseline 0.003 -21"><span class='ocrx_word' id='word_1_87' title='bbox 309 1099 456 1155; x_wconf 82' lang='lat' dir='ltr'><strong>actis.</strong></span> <span class='ocrx_word' id='word_1_88' title='bbox 513 1099 857 1173; x_wconf 7' lang='lat' dir='ltr'><strong>Sichaulent</strong></span> <span class='ocrx_word' id='word_1_89' title='bbox 888 1102 1192 1173; x_wconf 88' lang='lat' dir='ltr'><strong>intelligas,</strong></span> <span class='ocrx_word' id='word_1_90' title='bbox 1225 1099 1641 1158; x_wconf 76' lang='lat' dir='ltr'><strong>Consmntinum</strong></span> <span class='ocrx_word' id='word_1_91' title='bbox 1673 1099 1892 1172; x_wconf 82' lang='lat' dir='ltr'><strong>pontiﬁ-</strong></span> 
     </span>
    </p>
   </div>
   <div class='ocr_carea' id='block_1_16' title="bbox 309 1171 1893 1238">
    <p class='ocr_par' dir='ltr' id='par_1_16' title="bbox 309 1171 1893 1238">
     <span class='ocr_line' id='line_1_16' title="bbox 309 1171 1893 1238; baseline 0.003 -13"><span class='ocrx_word' id='word_1_92' title='bbox 309 1181 485 1225; x_wconf 82' lang='lat' dir='ltr'><strong>catum</strong></span> <span class='ocrx_word' id='word_1_93' title='bbox 520 1171 814 1226; x_wconf 81' lang='lat' dir='ltr'><strong>maximum</strong></span> <span class='ocrx_word' id='word_1_94' title='bbox 849 1171 1161 1238; x_wconf 83' lang='lat' dir='ltr'><strong>recusasse,</strong></span> <span class='ocrx_word' id='word_1_95' title='bbox 1197 1175 1313 1230; x_wconf 86' lang='lat' dir='ltr'><strong>sive</strong></span> <span class='ocrx_word' id='word_1_96' title='bbox 1350 1176 1611 1238; x_wconf 86' lang='lat' dir='ltr'><strong>noluisse,</strong></span> <span class='ocrx_word' id='word_1_97' title='bbox 1646 1190 1705 1229; x_wconf 91' lang='lat' dir='ltr'><strong>se</strong></span> <span class='ocrx_word' id='word_1_98' title='bbox 1732 1174 1893 1229; x_wconf 86' lang='lat' dir='ltr'><strong>deum</strong></span> 
     </span>
    </p>
   </div>
   <div class='ocr_carea' id='block_1_17' title="bbox 306 1241 1893 1314">
    <p class='ocr_par' dir='ltr' id='par_1_17' title="bbox 306 1241 1893 1314">
     <span class='ocr_line' id='line_1_17' title="bbox 306 1241 1893 1314; baseline 0.003 -19"><span class='ocrx_word' id='word_1_99' title='bbox 306 1241 600 1311; x_wconf 85' lang='lat' dir='ltr'><strong>appellari,</strong></span> <span class='ocrx_word' id='word_1_100' title='bbox 637 1254 695 1295; x_wconf 87' lang='grc' dir='ltr'><strong>ιιι</strong></span> <span class='ocrx_word' id='word_1_101' title='bbox 722 1244 931 1309; x_wconf 85' lang='lat' dir='ltr'><strong>priores</strong></span> <span class='ocrx_word' id='word_1_102' title='bbox 960 1246 1324 1314; x_wconf 71' lang='lat' dir='ltr'><strong>imperatores</strong></span> <span class='ocrx_word' id='word_1_103' title='bbox 1351 1255 1778 1308; x_wconf 77' lang='lat' dir='ltr'><strong>consueverant.</strong></span> <span class='ocrx_word' id='word_1_104' title='bbox 1808 1261 1893 1300; x_wconf 87' lang='lat' dir='ltr'><strong>re-</strong></span> 
     </span>
    </p>
   </div>
   <div class='ocr_carea' id='block_1_18' title="bbox 304 1314 1892 1388">
    <p class='ocr_par' dir='ltr' id='par_1_18' title="bbox 304 1314 1892 1388">
     <span class='ocr_line' id='line_1_18' title="bbox 304 1314 1892 1388; baseline 0.003 -21"><span class='ocrx_word' id='word_1_105' title='bbox 304 1323 388 1388; x_wconf 81' lang='lat' dir='ltr'><strong>cte</strong></span> <span class='ocrx_word' id='word_1_106' title='bbox 412 1314 665 1388; x_wconf 80' lang='lat' dir='ltr'><strong>procedit</strong></span> <span class='ocrx_word' id='word_1_107' title='bbox 687 1314 889 1388; x_wconf 73' lang='lat' dir='ltr'><strong>lectio:</strong></span> <span class='ocrx_word' id='word_1_108' title='bbox 923 1316 1025 1383; x_wconf 79' lang='lat' dir='ltr'><strong>Qui</strong></span> <span class='ocrx_word' id='word_1_109' title='bbox 1052 1318 1196 1388; x_wconf 87' lang='lat' dir='ltr'><strong>solus</strong></span> <span class='ocrx_word' id='word_1_110' title='bbox 1232 1333 1413 1388; x_wconf 87' lang='lat' dir='ltr'><strong>regum</strong></span> <span class='ocrx_word' id='word_1_111' title='bbox 1439 1316 1578 1371; x_wconf 85' lang='lat' dir='ltr'><strong>sacri</strong></span> <span class='ocrx_word' id='word_1_112' title='bbox 1599 1318 1697 1371; x_wconf 92' lang='lat' dir='ltr'><strong>sibi</strong></span> <span class='ocrx_word' id='word_1_113' title='bbox 1723 1318 1892 1371; x_wconf 83' lang='lat' dir='ltr'><strong>nomi-</strong></span> 
     </span>
    </p>
   </div>
   <div class='ocr_carea' id='block_1_19' title="bbox 303 1383 1890 1455">
    <p class='ocr_par' dir='ltr' id='par_1_19' title="bbox 303 1383 1890 1455">
     <span class='ocr_line' id='line_1_19' title="bbox 303 1383 1890 1455; baseline 0.003 -17"><span class='ocrx_word' id='word_1_114' title='bbox 303 1386 381 1439; x_wconf 85' lang='lat' dir='ltr'><strong>nis</strong></span> <span class='ocrx_word' id='word_1_115' title='bbox 400 1383 885 1455; x_wconf 79' lang='lat' dir='ltr'><strong>horret—lmponi</strong></span> <span class='ocrx_word' id='word_1_116' title='bbox 925 1387 1148 1450; x_wconf 86' lang='lat' dir='ltr'><strong>pondus.</strong></span> <span class='ocrx_word' id='word_1_117' title='bbox 1203 1383 1509 1443; x_wconf 78' lang='lat' dir='ltr'><strong>Renscbins</strong></span> <span class='ocrx_word' id='word_1_118' title='bbox 1547 1388 1715 1442; x_wconf 86' lang='lat' dir='ltr'><strong>edidit</strong></span> <span class='ocrx_word' id='word_1_119' title='bbox 1754 1389 1890 1442; x_wconf 85' lang='lat' dir='ltr'><strong>sacri</strong></span> 
     </span>
    </p>
   </div>
   <div class='ocr_carea' id='block_1_20' title="bbox 300 1456 1888 1528">
    <p class='ocr_par' dir='ltr' id='par_1_20' title="bbox 300 1456 1888 1528">
     <span class='ocr_line' id='line_1_20' title="bbox 300 1456 1888 1528; baseline 0.004 -19"><span class='ocrx_word' id='word_1_120' title='bbox 300 1456 392 1528; x_wconf 77' lang='lat' dir='ltr'><strong>sub</strong></span> <span class='ocrx_word' id='word_1_121' title='bbox 419 1456 681 1521; x_wconf 78' lang='lat' dir='ltr'><strong>nominis;</strong></span> <span class='ocrx_word' id='word_1_122' title='bbox 730 1459 824 1512; x_wconf 88' lang='lat' dir='ltr'><strong>sed</strong></span> <span class='ocrx_word' id='word_1_123' title='bbox 864 1474 986 1513; x_wconf 87' lang='lat' dir='ltr'><strong>cum</strong></span> <span class='ocrx_word' id='word_1_124' title='bbox 1031 1459 1451 1528; x_wconf 73' lang='lat' dir='ltr'><strong>discrepantiam</strong></span> <span class='ocrx_word' id='word_1_125' title='bbox 1487 1460 1736 1515; x_wconf 87' lang='lat' dir='ltr'><strong>lectionis</strong></span> <span class='ocrx_word' id='word_1_126' title='bbox 1780 1476 1888 1515; x_wconf 87' lang='lat' dir='ltr'><strong>non</strong></span> 
     </span>
    </p>
   </div>
   <div class='ocr_carea' id='block_1_21' title="bbox 299 1526 1777 1602">
    <p class='ocr_par' dir='ltr' id='par_1_21' title="bbox 299 1526 1777 1602">
     <span class='ocr_line' id='line_1_21' title="bbox 299 1526 1777 1602; baseline 0.002 -21"><span class='ocrx_word' id='word_1_127' title='bbox 299 1526 568 1602; x_wconf 46' lang='lat' dir='ltr'><strong>advertat,</strong></span> <span class='ocrx_word' id='word_1_128' title='bbox 602 1528 831 1584; x_wconf 84' lang='lat' dir='ltr'><strong>credere</strong></span> <span class='ocrx_word' id='word_1_129' title='bbox 859 1539 1097 1599; x_wconf 82' lang='lat' dir='ltr'><strong>oportet,</strong></span> <span class='ocrx_word' id='word_1_130' title='bbox 1120 1526 1391 1586; x_wconf 79' lang='lat' dir='ltr'><strong>excidisse</strong></span> <span class='ocrx_word' id='word_1_131' title='bbox 1418 1531 1512 1585; x_wconf 90' lang='lat' dir='ltr'><strong>sub</strong></span> <span class='ocrx_word' id='word_1_132' title='bbox 1534 1547 1636 1602; x_wconf 89' lang='lat' dir='ltr'><strong>pro</strong></span> <span class='ocrx_word' id='word_1_133' title='bbox 1657 1533 1777 1586; x_wconf 84' lang='lat' dir='ltr'><strong>sibi.</strong></span> 
     </span>
    </p>
   </div>
   <div class='ocr_carea' id='block_1_22' title="bbox 364 1598 1888 1676">
    <p class='ocr_par' dir='ltr' id='par_1_22' title="bbox 364 1598 1888 1676">
     <span class='ocr_line' id='line_1_22' title="bbox 364 1598 1888 1676; baseline 0.003 -21"><span class='ocrx_word' id='word_1_134' title='bbox 364 1598 494 1655; x_wconf 82' lang='grc'><strong>811.</strong></span> <span class='ocrx_word' id='word_1_135' title='bbox 530 1599 663 1671; x_wconf 75' lang='lat' dir='ltr'><strong>Reg.</strong></span> <span class='ocrx_word' id='word_1_136' title='bbox 685 1641 699 1666; x_wconf 88' lang='lat'><strong>,</strong></span> <span class='ocrx_word' id='word_1_137' title='bbox 730 1602 842 1657; x_wconf 86' lang='grc' dir='ltr'>υιι.</span> <span class='ocrx_word' id='word_1_138' title='bbox 862 1643 876 1669; x_wconf 83' lang='grc'><em>,</em></span> <span class='ocrx_word' id='word_1_139' title='bbox 900 1598 995 1673; x_wconf 82' lang='lat' dir='ltr'><strong>qui</strong></span> <span class='ocrx_word' id='word_1_140' title='bbox 1015 1604 1215 1676; x_wconf 89' lang='lat' dir='ltr'><strong>justis:</strong></span> <span class='ocrx_word' id='word_1_141' title='bbox 1245 1603 1358 1659; x_wconf 87' lang='lat' dir='ltr'><strong>Ott.</strong></span> <span class='ocrx_word' id='word_1_142' title='bbox 1380 1647 1395 1672; x_wconf 93' lang='lat'><strong>,</strong></span> <span class='ocrx_word' id='word_1_143' title='bbox 1425 1618 1453 1658; x_wconf 88' lang='lat' dir='ltr'><strong>a</strong></span> <span class='ocrx_word' id='word_1_144' title='bbox 1483 1598 1597 1660; x_wconf 77' lang='lat' dir='ltr'><strong>sec.</strong></span> <span class='ocrx_word' id='word_1_145' title='bbox 1625 1619 1698 1659; x_wconf 86' lang='grc' dir='ltr'>ιιι.</span> <span class='ocrx_word' id='word_1_146' title='bbox 1719 1647 1733 1671; x_wconf 91' lang='grc'><em>,</em></span> <span class='ocrx_word' id='word_1_147' title='bbox 1764 1618 1888 1660; x_wconf 90' lang='lat' dir='ltr'><strong>cum</strong></span> 
     </span>
    </p>
   </div>
   <div class='ocr_carea' id='block_1_23' title="bbox 2007 745 2522 819">
    <p class='ocr_par' dir='ltr' id='par_1_23' title="bbox 2007 745 2522 819">
     <span class='ocr_line' id='line_1_23' title="bbox 2007 745 2522 819; baseline 0.002 -17"><span class='ocrx_word' id='word_1_148' title='bbox 2007 745 2189 811; x_wconf 81' lang='lat' dir='ltr'><strong>editis,</strong></span> <span class='ocrx_word' id='word_1_149' title='bbox 2215 764 2319 819; x_wconf 90' lang='lat' dir='ltr'><strong>quo</strong></span> <span class='ocrx_word' id='word_1_150' title='bbox 2341 749 2522 819; x_wconf 88' lang='lat' dir='ltr'><strong>justis.</strong></span> 
     </span>
    </p>
   </div>
   <div class='ocr_carea' id='block_1_24' title="bbox 2074 816 3604 889">
    <p class='ocr_par' dir='ltr' id='par_1_24' title="bbox 2074 816 3604 889">
     <span class='ocr_line' id='line_1_24' title="bbox 2074 816 3604 889; baseline 0.001 -17"><span class='ocrx_word' id='word_1_151' title='bbox 2074 819 2200 874; x_wconf 79' lang='grc'><strong>815.</strong></span> <span class='ocrx_word' id='word_1_152' title='bbox 2228 816 2366 882; x_wconf 62' lang='lat' dir='ltr'><strong>Reg.</strong></span> <span class='ocrx_word' id='word_1_153' title='bbox 2392 864 2406 884; x_wconf 93' lang='lat'><strong>,</strong></span> <span class='ocrx_word' id='word_1_154' title='bbox 2455 819 2568 875; x_wconf 76' lang='lat' dir='ltr'><strong>Ott.</strong></span> <span class='ocrx_word' id='word_1_155' title='bbox 2594 861 2610 885; x_wconf 90' lang='lat'><strong>,</strong></span> <span class='ocrx_word' id='word_1_156' title='bbox 2658 818 2864 882; x_wconf 82' lang='lat' dir='ltr'><strong>Torn.,</strong></span> <span class='ocrx_word' id='word_1_157' title='bbox 2907 816 3069 889; x_wconf 45' lang='lat' dir='ltr'><strong>Ald“</strong></span> <span class='ocrx_word' id='word_1_158' title='bbox 3113 818 3274 885; x_wconf 88' lang='lat' dir='ltr'><strong>Bas.,</strong></span> <span class='ocrx_word' id='word_1_159' title='bbox 3310 817 3604 889; x_wconf 83' lang='lat' dir='ltr'><strong>Daventr.,</strong></span> 
     </span>
    </p>
   </div>
   <div class='ocr_carea' id='block_1_25' title="bbox 2007 888 3604 957">
    <p class='ocr_par' dir='ltr' id='par_1_25' title="bbox 2007 888 3604 957">
     <span class='ocr_line' id='line_1_25' title="bbox 2007 888 3604 957; baseline 0.001 -14"><span class='ocrx_word' id='word_1_160' title='bbox 2007 891 2165 945; x_wconf 82' lang='lat' dir='ltr'><strong>Fabr.</strong></span> <span class='ocrx_word' id='word_1_161' title='bbox 2196 933 2210 956; x_wconf 92' lang='lat'><strong>,</strong></span> <span class='ocrx_word' id='word_1_162' title='bbox 2285 890 2390 947; x_wconf 85' lang='lat' dir='ltr'><strong>l’er</strong></span> <span class='ocrx_word' id='word_1_163' title='bbox 2451 891 2721 945; x_wconf 88' lang='lat' dir='ltr'><strong>dominum</strong></span> <span class='ocrx_word' id='word_1_164' title='bbox 2786 889 2917 945; x_wconf 88' lang='lat' dir='ltr'><strong>lucis</strong></span> <span class='ocrx_word' id='word_1_165' title='bbox 2986 888 3271 945; x_wconf 75' lang='lat' dir='ltr'><strong>Christum.</strong></span> <span class='ocrx_word' id='word_1_166' title='bbox 3330 888 3604 957; x_wconf 82' lang='lat' dir='ltr'><strong>Hadam.,</strong></span> 
     </span>
    </p>
   </div>
   <div class='ocr_carea' id='block_1_26' title="bbox 1999 957 3603 1028">
    <p class='ocr_par' dir='ltr' id='par_1_26' title="bbox 1999 957 3603 1028">
     <span class='ocr_line' id='line_1_26' title="bbox 1999 957 3603 1028; baseline 0.001 -13"><span class='ocrx_word' id='word_1_167' title='bbox 1999 960 2208 1016; x_wconf 88' lang='lat' dir='ltr'><strong>Poelm.</strong></span> <span class='ocrx_word' id='word_1_168' title='bbox 2233 1005 2246 1024; x_wconf 87' lang='lat'><strong><em>.</em></strong></span> <span class='ocrx_word' id='word_1_169' title='bbox 2291 963 2343 1016; x_wconf 90' lang='lat' dir='ltr'><strong>in</strong></span> <span class='ocrx_word' id='word_1_170' title='bbox 2389 972 2574 1028; x_wconf 78' lang='lat' dir='ltr'><strong>textu,</strong></span> <span class='ocrx_word' id='word_1_171' title='bbox 2613 964 2715 1017; x_wconf 82' lang='lat' dir='ltr'><strong>Per</strong></span> <span class='ocrx_word' id='word_1_172' title='bbox 2738 962 3021 1017; x_wconf 88' lang='lat' dir='ltr'><strong>Dominum</strong></span> <span class='ocrx_word' id='word_1_173' title='bbox 3049 970 3286 1016; x_wconf 90' lang='lat' dir='ltr'><strong>nostrum</strong></span> <span class='ocrx_word' id='word_1_174' title='bbox 3316 957 3603 1017; x_wconf 79' lang='lat' dir='ltr'><strong>Christum.</strong></span> 
     </span>
    </p>
   </div>
   <div class='ocr_carea' id='block_1_27' title="bbox 2000 1032 3603 1103">
    <p class='ocr_par' dir='ltr' id='par_1_27' title="bbox 2000 1032 3603 1103">
     <span class='ocr_line' id='line_1_27' title="bbox 2000 1032 3603 1103; baseline 0 -15"><span class='ocrx_word' id='word_1_175' title='bbox 2000 1032 2157 1088; x_wconf 84' lang='lat' dir='ltr'><strong>Prior</strong></span> <span class='ocrx_word' id='word_1_176' title='bbox 2200 1034 2477 1102; x_wconf 88' lang='lat' dir='ltr'><strong>scriptura</strong></span> <span class='ocrx_word' id='word_1_177' title='bbox 2528 1035 2708 1089; x_wconf 82' lang='lat' dir='ltr'><strong>verior</strong></span> <span class='ocrx_word' id='word_1_178' title='bbox 2753 1045 2859 1088; x_wconf 89' lang='lat' dir='ltr'><strong>est.</strong></span> <span class='ocrx_word' id='word_1_179' title='bbox 2909 1033 2999 1088; x_wconf 89' lang='lat' dir='ltr'><strong>Sic</strong></span> <span class='ocrx_word' id='word_1_180' title='bbox 3039 1032 3201 1087; x_wconf 89' lang='lat' dir='ltr'><strong>etiam</strong></span> <span class='ocrx_word' id='word_1_181' title='bbox 3237 1033 3338 1085; x_wconf 90' lang='lat' dir='ltr'><strong>hoc</strong></span> <span class='ocrx_word' id='word_1_182' title='bbox 3370 1032 3494 1088; x_wconf 82' lang='lat' dir='ltr'><strong>libr.</strong></span> <span class='ocrx_word' id='word_1_183' title='bbox 3524 1049 3603 1103; x_wconf 83' lang='lat' dir='ltr'><strong>Iv,</strong></span> 
     </span>
    </p>
   </div>
   <div class='ocr_carea' id='block_1_28' title="bbox 1999 1104 3603 1177">
    <p class='ocr_par' dir='ltr' id='par_1_28' title="bbox 1999 1104 3603 1177">
     <span class='ocr_line' id='line_1_28' title="bbox 1999 1104 3603 1177; baseline 0.001 -18"><span class='ocrx_word' id='word_1_184' title='bbox 1999 1119 2146 1177; x_wconf 48' lang='lat' dir='ltr'><strong>vers.</strong></span> <span class='ocrx_word' id='word_1_185' title='bbox 2182 1106 2324 1160; x_wconf 75' lang='lat'><strong>656:</strong></span> <span class='ocrx_word' id='word_1_186' title='bbox 2362 1106 2480 1173; x_wconf 84' lang='lat' dir='ltr'><strong>Quo</strong></span> <span class='ocrx_word' id='word_1_187' title='bbox 2501 1106 2771 1159; x_wconf 87' lang='lat' dir='ltr'><strong>dominum</strong></span> <span class='ocrx_word' id='word_1_188' title='bbox 2802 1105 2933 1159; x_wconf 90' lang='lat' dir='ltr'><strong>lucis</strong></span> <span class='ocrx_word' id='word_1_189' title='bbox 2954 1106 3124 1177; x_wconf 82' lang='lat' dir='ltr'><strong>jussis</strong></span> <span class='ocrx_word' id='word_1_190' title='bbox 3152 1104 3603 1177; x_wconf 6' lang='lat' dir='ltr'><strong>sufﬁgereqsteris.</strong></span> 
     </span>
    </p>
   </div>
   <div class='ocr_carea' id='block_1_29' title="bbox 1998 1175 3600 1249">
    <p class='ocr_par' dir='ltr' id='par_1_29' title="bbox 1998 1175 3600 1249">
     <span class='ocr_line' id='line_1_29' title="bbox 1998 1175 3600 1249; baseline 0.002 -20"><span class='ocrx_word' id='word_1_191' title='bbox 1998 1175 2269 1249; x_wconf 64' lang='lat' dir='ltr'><strong>Christus</strong></span> <span class='ocrx_word' id='word_1_192' title='bbox 2280 1192 2427 1249; x_wconf 48' lang='lat' dir='ltr'><strong>sirpe</strong></span> <span class='ocrx_word' id='word_1_193' title='bbox 2453 1187 2657 1243; x_wconf 84' lang='lat' dir='ltr'><strong>auctor,</strong></span> <span class='ocrx_word' id='word_1_194' title='bbox 2680 1175 3202 1249; x_wconf 31' lang='lat' dir='ltr'><strong>repertorL‘dominus</strong></span> <span class='ocrx_word' id='word_1_195' title='bbox 3225 1176 3356 1249; x_wconf 83' lang='lat' dir='ltr'><strong>lucis</strong></span> <span class='ocrx_word' id='word_1_196' title='bbox 3381 1175 3600 1231; x_wconf 86' lang='lat' dir='ltr'><strong>dicitur.</strong></span> 
     </span>
    </p>
   </div>
   <div class='ocr_carea' id='block_1_30' title="bbox 1998 1245 3600 1318">
    <p class='ocr_par' dir='ltr' id='par_1_30' title="bbox 1998 1245 3600 1318">
     <span class='ocr_line' id='line_1_30' title="bbox 1998 1245 3600 1318; baseline 0 -16"><span class='ocrx_word' id='word_1_197' title='bbox 1998 1245 2223 1317; x_wconf 86' lang='lat' dir='ltr'><strong>Legesis</strong></span> <span class='ocrx_word' id='word_1_198' title='bbox 2248 1247 2568 1318; x_wconf 83' lang='lat' dir='ltr'><strong>Wopkensii</strong></span> <span class='ocrx_word' id='word_1_199' title='bbox 2604 1245 2790 1303; x_wconf 77' lang='lat' dir='ltr'><strong>notam</strong></span> <span class='ocrx_word' id='word_1_200' title='bbox 2822 1247 2889 1302; x_wconf 89' lang='lat' dir='ltr'><strong>ad</strong></span> <span class='ocrx_word' id='word_1_201' title='bbox 2922 1246 3229 1318; x_wconf 69' lang='lat' dir='ltr'><strong>Sedulium,</strong></span> <span class='ocrx_word' id='word_1_202' title='bbox 3265 1247 3302 1299; x_wconf 93' lang='grc' dir='ltr'>Ι.</span> <span class='ocrx_word' id='word_1_203' title='bbox 3339 1262 3420 1315; x_wconf 86' lang='grc' dir='ltr'>ιιι,</span> <span class='ocrx_word' id='word_1_204' title='bbox 3455 1261 3600 1318; x_wconf 61' lang='grc' dir='ltr'>γει-ε.</span> 
     </span>
    </p>
   </div>
   <div class='ocr_carea' id='block_1_31' title="bbox 2004 1316 3607 1384">
    <p class='ocr_par' dir='ltr' id='par_1_31' title="bbox 2004 1316 3607 1384">
     <span class='ocr_line' id='line_1_31' title="bbox 2004 1316 3607 1384; baseline -0.001 -11"><span class='ocrx_word' id='word_1_205' title='bbox 2004 1316 2127 1375; x_wconf 58' lang='lat' dir='ltr'><strong>lli.</strong></span> <span class='ocrx_word' id='word_1_206' title='bbox 2180 1318 2312 1374; x_wconf 84' lang='lat' dir='ltr'><strong>Post</strong></span> <span class='ocrx_word' id='word_1_207' title='bbox 2339 1316 2587 1374; x_wconf 83' lang='lat' dir='ltr'><strong>ultimum</strong></span> <span class='ocrx_word' id='word_1_208' title='bbox 2620 1322 2765 1375; x_wconf 89' lang='lat' dir='ltr'><strong>hunc</strong></span> <span class='ocrx_word' id='word_1_209' title='bbox 2801 1333 3046 1384; x_wconf 81' lang='lat' dir='ltr'><strong>versum,</strong></span> <span class='ocrx_word' id='word_1_210' title='bbox 3073 1316 3209 1380; x_wconf 74' lang='lat' dir='ltr'><strong>Reg.</strong></span> <span class='ocrx_word' id='word_1_211' title='bbox 3239 1328 3287 1372; x_wconf 86' lang='lat' dir='ltr'><strong>et</strong></span> <span class='ocrx_word' id='word_1_212' title='bbox 3313 1318 3460 1373; x_wconf 86' lang='lat' dir='ltr'><strong>0tt.:</strong></span> <span class='ocrx_word' id='word_1_213' title='bbox 3507 1316 3607 1372; x_wconf 84' lang='lat' dir='ltr'><strong>Fi-</strong></span> 
     </span>
    </p>
   </div>
   <div class='ocr_carea' id='block_1_32' title="bbox 1998 1387 3602 1462">
    <p class='ocr_par' dir='ltr' id='par_1_32' title="bbox 1998 1387 3602 1462">
     <span class='ocr_line' id='line_1_32' title="bbox 1998 1387 3602 1462; baseline 0.001 -19"><span class='ocrx_word' id='word_1_214' title='bbox 1998 1390 2095 1451; x_wconf 85' lang='lat' dir='ltr'><strong>nit,</strong></span> <span class='ocrx_word' id='word_1_215' title='bbox 2126 1400 2270 1455; x_wconf 89' lang='lat' dir='ltr'><strong>etc.,</strong></span> <span class='ocrx_word' id='word_1_216' title='bbox 2300 1400 2356 1444; x_wconf 86' lang='lat' dir='ltr'><strong>nt</strong></span> <span class='ocrx_word' id='word_1_217' title='bbox 2391 1391 2455 1462; x_wconf 89' lang='lat' dir='ltr'><strong>in</strong></span> <span class='ocrx_word' id='word_1_218' title='bbox 2502 1389 2720 1462; x_wconf 84' lang='lat' dir='ltr'><strong>Proleg.</strong></span> <span class='ocrx_word' id='word_1_219' title='bbox 2777 1408 2939 1462; x_wconf 51' lang='lat' dir='ltr'><strong>num.</strong></span> <span class='ocrx_word' id='word_1_220' title='bbox 2975 1390 3067 1455; x_wconf 70' lang='lat'><strong>48,</strong></span> <span class='ocrx_word' id='word_1_221' title='bbox 3118 1388 3205 1462; x_wconf 72' lang='lat'><strong>49,</strong></span> <span class='ocrx_word' id='word_1_222' title='bbox 3237 1388 3485 1462; x_wconf 75' lang='lat' dir='ltr'><strong>exposui.</strong></span> <span class='ocrx_word' id='word_1_223' title='bbox 3545 1387 3602 1445; x_wconf 89' lang='lat' dir='ltr'><strong>In</strong></span> 
     </span>
    </p>
   </div>
   <div class='ocr_carea' id='block_1_33' title="bbox 1999 1459 3603 1527">
    <p class='ocr_par' dir='ltr' id='par_1_33' title="bbox 1999 1459 3603 1527">
     <span class='ocr_line' id='line_1_33' title="bbox 1999 1459 3603 1527; baseline -0.001 -12"><span class='ocrx_word' id='word_1_224' title='bbox 1999 1462 2233 1527; x_wconf 85' lang='lat' dir='ltr'><strong>quodam</strong></span> <span class='ocrx_word' id='word_1_225' title='bbox 2278 1461 2471 1518; x_wconf 89' lang='lat' dir='ltr'><strong>codice</strong></span> <span class='ocrx_word' id='word_1_226' title='bbox 2513 1459 3301 1518; x_wconf 57' lang='lat' dir='ltr'><strong>bibliotheca“Lanrentiana:</strong></span> <span class='ocrx_word' id='word_1_227' title='bbox 3345 1459 3603 1515; x_wconf 71' lang='lat' dir='ltr'><strong>Medicea:</strong></span> 
     </span>
    </p>
   </div>
   <div class='ocr_carea' id='block_1_34' title="bbox 1998 1530 3604 1598">
    <p class='ocr_par' dir='ltr' id='par_1_34' title="bbox 1998 1530 3604 1598">
     <span class='ocr_line' id='line_1_34' title="bbox 1998 1530 3604 1598; baseline 0.001 -12"><span class='ocrx_word' id='word_1_228' title='bbox 1998 1532 2346 1587; x_wconf 82' lang='lat' dir='ltr'><strong>desideratur</strong></span> <span class='ocrx_word' id='word_1_229' title='bbox 2394 1534 2617 1588; x_wconf 75' lang='lat' dir='ltr'><strong>ultimus</strong></span> <span class='ocrx_word' id='word_1_230' title='bbox 2657 1548 2850 1589; x_wconf 76' lang='lat' dir='ltr'><strong>versus</strong></span> <span class='ocrx_word' id='word_1_231' title='bbox 2893 1530 2999 1586; x_wconf 87' lang='lat' dir='ltr'><strong>Per</strong></span> <span class='ocrx_word' id='word_1_232' title='bbox 3036 1533 3304 1586; x_wconf 87' lang='lat' dir='ltr'><strong>dominum</strong></span> <span class='ocrx_word' id='word_1_233' title='bbox 3344 1530 3512 1598; x_wconf 84' lang='lat' dir='ltr'><strong>lucis,</strong></span> <span class='ocrx_word' id='word_1_234' title='bbox 3545 1539 3604 1588; x_wconf 91' lang='lat' dir='ltr'><strong>ut</strong></span> 
     </span>
    </p>
   </div>
   <div class='ocr_carea' id='block_1_35' title="bbox 1999 1604 3043 1676">
    <p class='ocr_par' dir='ltr' id='par_1_35' title="bbox 1999 1604 3043 1676">
     <span class='ocr_line' id='line_1_35' title="bbox 1999 1604 3043 1676; baseline -0.001 -18"><span class='ocrx_word' id='word_1_235' title='bbox 1999 1604 2281 1659; x_wconf 80' lang='lat' dir='ltr'><strong>observavi</strong></span> <span class='ocrx_word' id='word_1_236' title='bbox 2309 1621 2459 1660; x_wconf 87' lang='lat' dir='ltr'><strong>num.</strong></span> <span class='ocrx_word' id='word_1_237' title='bbox 2482 1606 2552 1660; x_wconf 70' lang='grc'><strong>45</strong></span> <span class='ocrx_word' id='word_1_238' title='bbox 2579 1605 3043 1676; x_wconf 67' lang='lat' dir='ltr'><strong>Prolegomenmn.</strong></span> 
     </span>
    </p>
   </div>
   <div class='ocr_carea' id='block_1_36' title="bbox 1842 1720 2071 1778">
    <p class='ocr_par' dir='ltr' id='par_1_36' title="bbox 1842 1720 2071 1778">
     <span class='ocr_line' id='line_1_36' title="bbox 1842 1720 2071 1778; baseline -0.004 -1"><span class='ocrx_word' id='word_1_239' title='bbox 1842 1720 2071 1778; x_wconf 66' lang='lat' dir='ltr'><strong>NOTAE.</strong></span> 
     </span>
    </p>
   </div>
   <div class='ocr_carea' id='block_1_37' title="bbox 290 1812 2067 1891">
    <p class='ocr_par' dir='ltr' id='par_1_37' title="bbox 290 1812 2067 1891">
     <span class='ocr_line' id='line_1_37' title="bbox 290 1812 2067 1891; baseline 0.004 -24"><span class='ocrx_word' id='word_1_240' title='bbox 290 1828 425 1891; x_wconf 74' lang='lat' dir='ltr'><strong>uno,</strong></span> <span class='ocrx_word' id='word_1_241' title='bbox 459 1812 1053 1891; x_wconf 72' lang='lat' dir='ltr'><strong>Nicomediensiattero.</strong></span> <span class='ocrx_word' id='word_1_242' title='bbox 1086 1818 1431 1874; x_wconf 75' lang='lat' dir='ltr'><strong>Contrarium</strong></span> <span class='ocrx_word' id='word_1_243' title='bbox 1462 1828 1548 1875; x_wconf 90' lang='lat' dir='ltr'><strong>est</strong></span> <span class='ocrx_word' id='word_1_244' title='bbox 1575 1819 1886 1891; x_wconf 72' lang='lat' dir='ltr'><strong>paradoxon</strong></span> <span class='ocrx_word' id='word_1_245' title='bbox 1921 1826 1969 1884; x_wconf 80' lang='grc' dir='ltr'><strong>Β</strong></span> <span class='ocrx_word' id='word_1_246' title='bbox 1999 1819 2067 1874; x_wconf 90' lang='lat' dir='ltr'><strong>tis</strong></span> 
     </span>
    </p>
   </div>
   <div class='ocr_carea' id='block_1_38' title="bbox 2114 1813 3602 1889">
    <p class='ocr_par' dir='ltr' id='par_1_38' title="bbox 2114 1813 3602 1889">
     <span class='ocr_line' id='line_1_38' title="bbox 2114 1813 3602 1889; baseline -0.003 -15"><span class='ocrx_word' id='word_1_247' title='bbox 2114 1820 2308 1889; x_wconf 85' lang='lat' dir='ltr'><strong>probat</strong></span> <span class='ocrx_word' id='word_1_248' title='bbox 2353 1819 2591 1875; x_wconf 76' lang='lat' dir='ltr'><strong>lacubus</strong></span> <span class='ocrx_word' id='word_1_249' title='bbox 2619 1815 3360 1889; x_wconf 79' lang='lat' dir='ltr'><strong>Gothofredus,_inepistola</strong></span> <span class='ocrx_word' id='word_1_250' title='bbox 3389 1813 3459 1870; x_wconf 85' lang='lat' dir='ltr'><strong>ad</strong></span> <span class='ocrx_word' id='word_1_251' title='bbox 3490 1815 3602 1871; x_wconf 79' lang='lat' dir='ltr'><strong>An-</strong></span> 
     </span>
    </p>
   </div>
   <div class='ocr_carea' id='block_1_39' title="bbox 288 1885 3598 1954">
    <p class='ocr_par' dir='ltr' id='par_1_39' title="bbox 288 1885 3598 1954">
     <span class='ocr_line' id='line_1_39' title="bbox 288 1885 3598 1954; baseline -0.001 -13"><span class='ocrx_word' id='word_1_252' title='bbox 288 1885 467 1941; x_wconf 71' lang='lat' dir='ltr'><strong>doctae</strong></span> <span class='ocrx_word' id='word_1_253' title='bbox 505 1887 719 1942; x_wconf 63' lang='lat' dir='ltr'><strong>feminae</strong></span> <span class='ocrx_word' id='word_1_254' title='bbox 761 1887 1033 1944; x_wconf 85' lang='lat' dir='ltr'><strong>Gabrielis</strong></span> <span class='ocrx_word' id='word_1_255' title='bbox 1059 1891 1266 1946; x_wconf 55' lang='grc' dir='ltr'><strong>εει-οιαὶ</strong></span> <span class='ocrx_word' id='word_1_256' title='bbox 1303 1891 1529 1946; x_wconf 69' lang='lat' dir='ltr'><strong>Patinim.</strong></span> <span class='ocrx_word' id='word_1_257' title='bbox 1568 1885 1620 1945; x_wconf 81' lang='lat' dir='ltr'><strong>in</strong></span> <span class='ocrx_word' id='word_1_258' title='bbox 1661 1892 1890 1954; x_wconf 82' lang='lat' dir='ltr'><strong>epistola</strong></span> <span class='ocrx_word' id='word_1_259' title='bbox 1998 1885 2186 1947; x_wconf 82' lang='lat' dir='ltr'><strong>dream</strong></span> <span class='ocrx_word' id='word_1_260' title='bbox 2232 1891 2504 1954; x_wconf 77' lang='lat' dir='ltr'><strong>ltivctum,</strong></span> <span class='ocrx_word' id='word_1_261' title='bbox 2544 1890 2612 1945; x_wconf 87' lang='lat' dir='ltr'><strong>de</strong></span> <span class='ocrx_word' id='word_1_262' title='bbox 2661 1890 2952 1945; x_wconf 87' lang='lat' dir='ltr'><strong>inlerdicta</strong></span> <span class='ocrx_word' id='word_1_263' title='bbox 2998 1886 3433 1945; x_wconf 83' lang='lat' dir='ltr'><strong>Christianorum</strong></span> <span class='ocrx_word' id='word_1_264' title='bbox 3475 1901 3598 1942; x_wconf 92' lang='lat' dir='ltr'><strong>cum</strong></span> 
     </span>
    </p>
   </div>
   <div class='ocr_carea' id='block_1_40' title="bbox 288 1956 1891 2029">
    <p class='ocr_par' dir='ltr' id='par_1_40' title="bbox 288 1956 1891 2029">
     <span class='ocr_line' id='line_1_40' title="bbox 288 1956 1891 2029; baseline 0.003 -17"><span class='ocrx_word' id='word_1_265' title='bbox 288 1956 353 2029; x_wconf 78' lang='lat' dir='ltr'><strong>de</strong></span> <span class='ocrx_word' id='word_1_266' title='bbox 373 1956 661 2023; x_wconf 71' lang='lat' dir='ltr'><strong>Phoenice,</strong></span> <span class='ocrx_word' id='word_1_267' title='bbox 682 1975 802 2027; x_wconf 73' lang='lat' dir='ltr'><strong>qua:</strong></span> <span class='ocrx_word' id='word_1_268' title='bbox 828 1970 1011 2029; x_wconf 83' lang='lat' dir='ltr'><strong>negat,</strong></span> <span class='ocrx_word' id='word_1_269' title='bbox 1036 1959 1451 2018; x_wconf 86' lang='lat' dir='ltr'><strong>Constantinum</strong></span> <span class='ocrx_word' id='word_1_270' title='bbox 1473 1962 1787 2018; x_wconf 78' lang='lat' dir='ltr'><strong>christiana:</strong></span> <span class='ocrx_word' id='word_1_271' title='bbox 1806 1976 1891 2017; x_wconf 85' lang='lat' dir='ltr'><strong>re-</strong></span> 
     </span>
    </p>
   </div>
   <div class='ocr_carea' id='block_1_41' title="bbox 287 2027 1886 2104">
    <p class='ocr_par' dir='ltr' id='par_1_41' title="bbox 287 2027 1886 2104">
     <span class='ocr_line' id='line_1_41' title="bbox 287 2027 1886 2104; baseline 0.004 -23"><span class='ocrx_word' id='word_1_272' title='bbox 287 2027 477 2104; x_wconf 72' lang='lat' dir='ltr'><strong>ligioni</strong></span> <span class='ocrx_word' id='word_1_273' title='bbox 522 2030 793 2104; x_wconf 89' lang='lat' dir='ltr'><strong>addictum</strong></span> <span class='ocrx_word' id='word_1_274' title='bbox 848 2027 1015 2088; x_wconf 78' lang='lat' dir='ltr'><strong>fuisse</strong></span> <span class='ocrx_word' id='word_1_275' title='bbox 1042 2076 1054 2097; x_wconf 94' lang='lat'><strong>,</strong></span> <span class='ocrx_word' id='word_1_276' title='bbox 1105 2036 1301 2090; x_wconf 86' lang='lat' dir='ltr'><strong>merito</strong></span> <span class='ocrx_word' id='word_1_277' title='bbox 1346 2038 1414 2088; x_wconf 89' lang='lat' dir='ltr'><strong>ab</strong></span> <span class='ocrx_word' id='word_1_278' title='bbox 1454 2034 1577 2089; x_wconf 84' lang='lat' dir='ltr'><strong>aliis</strong></span> <span class='ocrx_word' id='word_1_279' title='bbox 1606 2034 1886 2104; x_wconf 84' lang='lat' dir='ltr'><strong>rejectum.</strong></span> 
     </span>
    </p>
   </div>
   <div class='ocr_carea' id='block_1_42' title="bbox 283 2097 1889 2171">
    <p class='ocr_par' dir='ltr' id='par_1_42' title="bbox 283 2097 1889 2171">
     <span class='ocr_line' id='line_1_42' title="bbox 283 2097 1889 2171; baseline 0.005 -18"><span class='ocrx_word' id='word_1_280' title='bbox 283 2097 562 2171; x_wconf 64' lang='lat' dir='ltr'><strong>iuvencus</strong></span> <span class='ocrx_word' id='word_1_281' title='bbox 617 2103 844 2157; x_wconf 81' lang='lat' dir='ltr'><strong>innuero</strong></span> <span class='ocrx_word' id='word_1_282' title='bbox 900 2104 1162 2171; x_wconf 84' lang='lat' dir='ltr'><strong>videtur,</strong></span> <span class='ocrx_word' id='word_1_283' title='bbox 1218 2106 1635 2161; x_wconf 83' lang='lat' dir='ltr'><strong>Constantinum</strong></span> <span class='ocrx_word' id='word_1_284' title='bbox 1663 2097 1889 2161; x_wconf 31' lang='lat' dir='ltr'><strong>“nomen</strong></span> 
     </span>
    </p>
   </div>
   <div class='ocr_carea' id='block_1_43' title="bbox 282 2170 1893 2247">
    <p class='ocr_par' dir='ltr' id='par_1_43' title="bbox 282 2170 1893 2247">
     <span class='ocr_line' id='line_1_43' title="bbox 282 2170 1893 2247; baseline 0.004 -21"><span class='ocrx_word' id='word_1_285' title='bbox 282 2170 566 2227; x_wconf 82' lang='lat' dir='ltr'><strong>Pontiﬁcis</strong></span> <span class='ocrx_word' id='word_1_286' title='bbox 594 2176 812 2229; x_wconf 79' lang='lat' dir='ltr'><strong>maximi</strong></span> <span class='ocrx_word' id='word_1_287' title='bbox 845 2189 1131 2231; x_wconf 82' lang='lat' dir='ltr'><strong>recusasse</strong></span> <span class='ocrx_word' id='word_1_288' title='bbox 1152 2170 1180 2231; x_wconf 29' lang='lat'><strong>&#39;:</strong></span> <span class='ocrx_word' id='word_1_289' title='bbox 1213 2194 1372 2247; x_wconf 87' lang='lat' dir='ltr'><strong>quam</strong></span> <span class='ocrx_word' id='word_1_290' title='bbox 1399 2178 1732 2233; x_wconf 85' lang='lat' dir='ltr'><strong>sententiam</strong></span> <span class='ocrx_word' id='word_1_291' title='bbox 1757 2177 1893 2232; x_wconf 89' lang='lat' dir='ltr'><strong>mul-</strong></span> 
     </span>
    </p>
   </div>
   <div class='ocr_carea' id='block_1_44' title="bbox 2001 1957 3594 2030">
    <p class='ocr_par' dir='ltr' id='par_1_44' title="bbox 2001 1957 3594 2030">
     <span class='ocr_line' id='line_1_44' title="bbox 2001 1957 3594 2030; baseline -0.003 -12"><span class='ocrx_word' id='word_1_292' title='bbox 2001 1963 2305 2019; x_wconf 81' lang='lat' dir='ltr'><strong>Gcntilibns</strong></span> <span class='ocrx_word' id='word_1_293' title='bbox 2331 1963 2735 2027; x_wconf 86' lang='lat' dir='ltr'><strong>communione,</strong></span> <span class='ocrx_word' id='word_1_294' title='bbox 2758 1969 2814 2015; x_wconf 89' lang='lat' dir='ltr'><strong>et</strong></span> <span class='ocrx_word' id='word_1_295' title='bbox 2845 1968 3025 2015; x_wconf 90' lang='lat' dir='ltr'><strong>tuetur</strong></span> <span class='ocrx_word' id='word_1_296' title='bbox 3056 1958 3253 2030; x_wconf 84' lang='lat' dir='ltr'><strong>Pagins</strong></span> <span class='ocrx_word' id='word_1_297' title='bbox 3277 1958 3344 2012; x_wconf 90' lang='lat' dir='ltr'><strong>ad</strong></span> <span class='ocrx_word' id='word_1_298' title='bbox 3373 1957 3594 2014; x_wconf 86' lang='lat' dir='ltr'><strong>Baronii</strong></span> 
     </span>
    </p>
   </div>
   <div class='ocr_carea' id='block_1_45' title="bbox 1998 2032 3115 2102">
    <p class='ocr_par' dir='ltr' id='par_1_45' title="bbox 1998 2032 3115 2102">
     <span class='ocr_line' id='line_1_45' title="bbox 1998 2032 3115 2102; baseline -0.005 -12"><span class='ocrx_word' id='word_1_299' title='bbox 1998 2034 2223 2102; x_wconf 81' lang='lat' dir='ltr'><strong>Annal.,</strong></span> <span class='ocrx_word' id='word_1_300' title='bbox 2253 2050 2395 2089; x_wconf 85' lang='lat' dir='ltr'><strong>anno</strong></span> <span class='ocrx_word' id='word_1_301' title='bbox 2420 2034 2548 2097; x_wconf 70' lang='lat' dir='ltr'><strong>5l‘2,</strong></span> <span class='ocrx_word' id='word_1_302' title='bbox 2587 2042 2641 2087; x_wconf 89' lang='lat' dir='ltr'><strong>ut</strong></span> <span class='ocrx_word' id='word_1_303' title='bbox 2675 2034 2813 2087; x_wconf 89' lang='lat' dir='ltr'><strong>alios</strong></span> <span class='ocrx_word' id='word_1_304' title='bbox 2843 2032 3115 2087; x_wconf 84' lang='lat' dir='ltr'><strong>omittam.</strong></span> 
     </span>
    </p>
   </div>
   <div class='ocr_carea' id='block_1_46' title="bbox 2072 2099 3599 2173">
    <p class='ocr_par' dir='ltr' id='par_1_46' title="bbox 2072 2099 3599 2173">
     <span class='ocr_line' id='line_1_46' title="bbox 2072 2099 3599 2173; baseline -0.003 -13"><span class='ocrx_word' id='word_1_305' title='bbox 2072 2099 2486 2173; x_wconf 38' lang='lat' dir='ltr'><strong>812.&#39;Epitbeta</strong></span> <span class='ocrx_word' id='word_1_306' title='bbox 2518 2114 2851 2159; x_wconf 87' lang='lat' dir='ltr'><strong>commutat:</strong></span> <span class='ocrx_word' id='word_1_307' title='bbox 2909 2102 3090 2173; x_wconf 87' lang='lat' dir='ltr'><strong>aptius</strong></span> <span class='ocrx_word' id='word_1_308' title='bbox 3124 2099 3270 2157; x_wconf 87' lang='lat' dir='ltr'><strong>enim</strong></span> <span class='ocrx_word' id='word_1_309' title='bbox 3316 2100 3599 2156; x_wconf 82' lang='lat' dir='ltr'><strong>videretur</strong></span> 
     </span>
    </p>
   </div>
   <div class='ocr_carea' id='block_1_47' title="bbox 1999 2175 2888 2241">
    <p class='ocr_par' dir='ltr' id='par_1_47' title="bbox 1999 2175 2888 2241">
     <span class='ocr_line' id='line_1_47' title="bbox 1999 2175 2888 2241; baseline -0.003 -10"><span class='ocrx_word' id='word_1_310' title='bbox 1999 2178 2224 2232; x_wconf 82' lang='lat' dir='ltr'><strong>divinam</strong></span> <span class='ocrx_word' id='word_1_311' title='bbox 2254 2181 2433 2241; x_wconf 73' lang='lat' dir='ltr'><strong>vitam,</strong></span> <span class='ocrx_word' id='word_1_312' title='bbox 2458 2187 2652 2231; x_wconf 68' lang='lat' dir='ltr'><strong>«eterna</strong></span> <span class='ocrx_word' id='word_1_313' title='bbox 2673 2175 2888 2231; x_wconf 75' lang='lat' dir='ltr'><strong>sa&#39;cula.</strong></span> 
     </span>
    </p>
   </div>
   <div class='ocr_carea' id='block_1_48' title="bbox 289 2286 3569 2313">
    <p class='ocr_par' dir='ltr' id='par_1_48' title="bbox 289 2286 3569 2313">
     <span class='ocr_line' id='line_1_48' title="bbox 289 2286 3569 2313; baseline 0 -10"><span class='ocrx_word' id='word_1_314' title='bbox 289 2286 3569 2313; x_wconf 55' lang='lat' dir='ltr'>W</span> 
     </span>
    </p>
   </div>
   <div class='ocr_carea' id='block_1_49' title="bbox 1462 2419 2486 2532">
    <p class='ocr_par' dir='ltr' id='par_1_49' title="bbox 1462 2419 2486 2532">
     <span class='ocr_line' id='line_1_49' title="bbox 1462 2419 2486 2532; baseline 0 -1"><span class='ocrx_word' id='word_1_315' title='bbox 1462 2419 2486 2532; x_wconf 76' lang='lat' dir='ltr'><strong>APPENDIX.</strong></span> 
     </span>
    </p>
   </div>
   <div class='ocr_carea' id='block_1_50' title="bbox 408 2623 2134 2778">
    <p class='ocr_par' dir='ltr' id='par_1_50' title="bbox 408 2623 2134 2778">
     <span class='ocr_line' id='line_1_50' title="bbox 408 2623 2134 2778; baseline 0.001 -6"><span class='ocrx_word' id='word_1_316' title='bbox 408 2631 512 2772; x_wconf 89' lang='lat' dir='ltr'><strong>J</strong></span> <span class='ocrx_word' id='word_1_317' title='bbox 536 2623 1356 2778; x_wconf 85' lang='lat' dir='ltr'><strong>UVENCO</strong></span> <span class='ocrx_word' id='word_1_318' title='bbox 1448 2626 2134 2778; x_wconf 80' lang='lat' dir='ltr'><strong>OPERA</strong></span> 
     </span>
    </p>
   </div>
   <div class='ocr_carea' id='block_1_51' title="bbox 1618 2855 2174 2889">
    <p class='ocr_par' dir='ltr' id='par_1_51' title="bbox 1618 2855 2174 2889">
     <span class='ocr_line' id='line_1_51' title="bbox 1618 2855 2174 2889; baseline 0.004 -6"><span class='ocrx_word' id='word_1_319' title='bbox 1618 2855 2174 2889; x_wconf 55' lang='grc' dir='ltr'><strong>-ῷ-ν-</strong></span> 
     </span>
    </p>
   </div>
   <div class='ocr_carea' id='block_1_52' title="bbox 2229 2624 3431 2773">
    <p class='ocr_par' dir='ltr' id='par_1_52' title="bbox 2229 2624 3431 2773">
     <span class='ocr_line' id='line_1_52' title="bbox 2229 2624 3431 2773; baseline -0.001 -2"><span class='ocrx_word' id='word_1_320' title='bbox 2229 2624 3431 2773; x_wconf 78' lang='lat' dir='ltr'><strong>ATTRIBUTA.</strong></span> 
     </span>
    </p>
   </div>
   <div class='ocr_carea' id='block_1_53' title="bbox 1368 3002 2527 3089">
    <p class='ocr_par' dir='ltr' id='par_1_53' title="bbox 1368 3002 2527 3089">
     <span class='ocr_line' id='line_1_53' title="bbox 1368 3002 2527 3089; baseline -0.004 -2"><span class='ocrx_word' id='word_1_321' title='bbox 1368 3002 1713 3089; x_wconf 77' lang='lat' dir='ltr'><strong>LIBER</strong></span> <span class='ocrx_word' id='word_1_322' title='bbox 1785 3004 1913 3087; x_wconf 91' lang='lat' dir='ltr'><strong>IN</strong></span> <span class='ocrx_word' id='word_1_323' title='bbox 1985 3003 2527 3089; x_wconf 87' lang='lat' dir='ltr'><strong>GENESIN.</strong></span> 
     </span>
    </p>
   </div>
   <div class='ocr_carea' id='block_1_54' title="bbox 1750 3168 2151 3181">
    <p class='ocr_par' dir='ltr' id='par_1_54' title="bbox 1750 3168 2151 3181">
     <span class='ocr_line' id='line_1_54' title="bbox 1750 3168 2151 3181; baseline 0.002 -2"><span class='ocrx_word' id='word_1_324' title='bbox 1750 3168 2151 3181; x_wconf 45' lang='grc' dir='ltr'><strong>...ι-..μψ-</strong></span> 
     </span>
    </p>
   </div>
   <div class='ocr_carea' id='block_1_55' title="bbox 276 3276 1948 3361">
    <p class='ocr_par' dir='ltr' id='par_1_55' title="bbox 276 3276 1948 3361">
     <span class='ocr_line' id='line_1_55' title="bbox 276 3276 1948 3361; baseline 0.001 -25"><span class='ocrx_word' id='word_1_325' title='bbox 276 3276 428 3337; x_wconf 79' lang='lat' dir='ltr'><strong>CAP.</strong></span> <span class='ocrx_word' id='word_1_326' title='bbox 454 3282 501 3338; x_wconf 92' lang='lat' dir='ltr'><strong>l.</strong></span> <span class='ocrx_word' id='word_1_327' title='bbox 534 3281 805 3353; x_wconf 83' lang='lat' dir='ltr'><strong>Principio</strong></span> <span class='ocrx_word' id='word_1_328' title='bbox 827 3281 1082 3338; x_wconf 84' lang='lat' dir='ltr'><strong>Dominus</strong></span> <span class='ocrx_word' id='word_1_329' title='bbox 1098 3283 1308 3350; x_wconf 70' lang='lat' dir='ltr'><strong>ctutum,</strong></span> <span class='ocrx_word' id='word_1_330' title='bbox 1341 3292 1631 3355; x_wconf 83' lang='lat' dir='ltr'><strong>terramque</strong></span> <span class='ocrx_word' id='word_1_331' title='bbox 1655 3282 1876 3337; x_wconf 74' lang='lat' dir='ltr'><strong>locauit:</strong></span> <span class='ocrx_word' id='word_1_332' title='bbox 1901 3296 1948 3361; x_wconf 72' lang='grc' dir='ltr'><strong>ρ</strong></span> 
     </span>
    </p>
   </div>
   <div class='ocr_carea' id='block_1_56' title="bbox 418 3373 1963 3448">
    <p class='ocr_par' dir='ltr' id='par_1_56' title="bbox 418 3373 1963 3448">
     <span class='ocr_line' id='line_1_56' title="bbox 418 3373 1963 3448; baseline -0.001 -17"><span class='ocrx_word' id='word_1_333' title='bbox 418 3373 673 3447; x_wconf 83' lang='lat' dir='ltr'><strong>Namque</strong></span> <span class='ocrx_word' id='word_1_334' title='bbox 692 3385 800 3431; x_wconf 91' lang='lat' dir='ltr'><strong>erat</strong></span> <span class='ocrx_word' id='word_1_335' title='bbox 819 3376 1085 3448; x_wconf 79' lang='lat' dir='ltr'><strong>informis,</strong></span> <span class='ocrx_word' id='word_1_336' title='bbox 1106 3377 1370 3447; x_wconf 83' lang='lat' dir='ltr'><strong>ﬂuctuque</strong></span> <span class='ocrx_word' id='word_1_337' title='bbox 1380 3375 1682 3431; x_wconf 88' lang='lat' dir='ltr'><strong>abscondita</strong></span> <span class='ocrx_word' id='word_1_338' title='bbox 1704 3374 1878 3441; x_wconf 91' lang='lat' dir='ltr'><strong>tellus,</strong></span> <span class='ocrx_word' id='word_1_339' title='bbox 1958 3411 1963 3415; x_wconf 63' lang='grc' dir='ltr'><strong>ς</strong></span> 
     </span>
    </p>
   </div>
   <div class='ocr_carea' id='block_1_57' title="bbox 416 3466 1880 3541">
    <p class='ocr_par' dir='ltr' id='par_1_57' title="bbox 416 3466 1880 3541">
     <span class='ocr_line' id='line_1_57' title="bbox 416 3466 1880 3541; baseline -0.001 -19"><span class='ocrx_word' id='word_1_340' title='bbox 416 3466 819 3540; x_wconf 84' lang='lat' dir='ltr'><strong>Immensusque</strong></span> <span class='ocrx_word' id='word_1_341' title='bbox 849 3468 992 3523; x_wconf 82' lang='lat' dir='ltr'><strong>Deus</strong></span> <span class='ocrx_word' id='word_1_342' title='bbox 1032 3485 1187 3541; x_wconf 85' lang='lat' dir='ltr'><strong>super</strong></span> <span class='ocrx_word' id='word_1_343' title='bbox 1221 3484 1431 3539; x_wconf 79' lang='lat' dir='ltr'><strong>tequora</strong></span> <span class='ocrx_word' id='word_1_344' title='bbox 1472 3478 1620 3523; x_wconf 79' lang='lat' dir='ltr'><strong>uasta</strong></span> <span class='ocrx_word' id='word_1_345' title='bbox 1647 3466 1880 3533; x_wconf 77' lang='lat' dir='ltr'><strong>meabat;</strong></span> 
     </span>
    </p>
   </div>
   <div class='ocr_carea' id='block_1_58' title="bbox 416 3558 1838 3634">
    <p class='ocr_par' dir='ltr' id='par_1_58' title="bbox 416 3558 1838 3634">
     <span class='ocr_line' id='line_1_58' title="bbox 416 3558 1838 3634; baseline 0 -19"><span class='ocrx_word' id='word_1_346' title='bbox 416 3558 564 3615; x_wconf 84' lang='lat' dir='ltr'><strong>Dum</strong></span> <span class='ocrx_word' id='word_1_347' title='bbox 590 3562 771 3629; x_wconf 84' lang='lat' dir='ltr'><strong>chaos,</strong></span> <span class='ocrx_word' id='word_1_348' title='bbox 803 3569 851 3614; x_wconf 92' lang='lat' dir='ltr'><strong>et</strong></span> <span class='ocrx_word' id='word_1_349' title='bbox 872 3561 1040 3634; x_wconf 76' lang='lat' dir='ltr'><strong>nigra:</strong></span> <span class='ocrx_word' id='word_1_350' title='bbox 1064 3561 1337 3632; x_wconf 75' lang='lat' dir='ltr'><strong>fuscabant</strong></span> <span class='ocrx_word' id='word_1_351' title='bbox 1368 3568 1553 3614; x_wconf 86' lang='lat' dir='ltr'><strong>cuncta</strong></span> <span class='ocrx_word' id='word_1_352' title='bbox 1582 3560 1803 3615; x_wconf 66' lang='lat' dir='ltr'><strong>tenebras</strong></span> <span class='ocrx_word' id='word_1_353' title='bbox 1824 3602 1838 3625; x_wconf 92' lang='lat'><strong>,</strong></span> 
     </span>
    </p>
   </div>
   <div class='ocr_carea' id='block_1_59' title="bbox 343 3651 1662 3728">
    <p class='ocr_par' dir='ltr' id='par_1_59' title="bbox 343 3651 1662 3728">
     <span class='ocr_line' id='line_1_59' title="bbox 343 3651 1662 3728; baseline -0.002 -19"><span class='ocrx_word' id='word_1_354' title='bbox 343 3651 379 3709; x_wconf 84' lang='lat'><strong>5</strong></span> <span class='ocrx_word' id='word_1_355' title='bbox 417 3651 541 3707; x_wconf 86' lang='lat' dir='ltr'><strong>Has</strong></span> <span class='ocrx_word' id='word_1_356' title='bbox 557 3651 688 3708; x_wconf 82' lang='lat' dir='ltr'><strong>dum</strong></span> <span class='ocrx_word' id='word_1_357' title='bbox 705 3653 905 3709; x_wconf 88' lang='lat' dir='ltr'><strong>sidereo</strong></span> <span class='ocrx_word' id='word_1_358' title='bbox 934 3654 1192 3728; x_wconf 85' lang='lat' dir='ltr'><strong>disjungit</strong></span> <span class='ocrx_word' id='word_1_359' title='bbox 1220 3654 1455 3720; x_wconf 84' lang='lat' dir='ltr'><strong>cardine,</strong></span> <span class='ocrx_word' id='word_1_360' title='bbox 1484 3655 1662 3725; x_wconf 84' lang='lat' dir='ltr'><strong>fatur:</strong></span> 
     </span>
    </p>
   </div>
   <div class='ocr_carea' id='block_1_60' title="bbox 412 3744 1649 3815">
    <p class='ocr_par' dir='ltr' id='par_1_60' title="bbox 412 3744 1649 3815">
     <span class='ocr_line' id='line_1_60' title="bbox 412 3744 1649 3815; baseline -0.001 -14"><span class='ocrx_word' id='word_1_361' title='bbox 412 3744 538 3801; x_wconf 69' lang='lat' dir='ltr'><strong>Lux</strong></span> <span class='ocrx_word' id='word_1_362' title='bbox 564 3745 680 3815; x_wconf 79' lang='lat' dir='ltr'><strong>ﬁat,</strong></span> <span class='ocrx_word' id='word_1_363' title='bbox 712 3756 762 3801; x_wconf 89' lang='lat' dir='ltr'><strong>et</strong></span> <span class='ocrx_word' id='word_1_364' title='bbox 790 3745 912 3802; x_wconf 73' lang='lat' dir='ltr'><strong>lano</strong></span> <span class='ocrx_word' id='word_1_365' title='bbox 939 3748 1203 3802; x_wconf 85' lang='lat' dir='ltr'><strong>nituerunt</strong></span> <span class='ocrx_word' id='word_1_366' title='bbox 1232 3749 1410 3802; x_wconf 86' lang='lat' dir='ltr'><strong>omnia</strong></span> <span class='ocrx_word' id='word_1_367' title='bbox 1431 3747 1649 3811; x_wconf 74' lang='lat' dir='ltr'><strong>mundo.</strong></span> 
     </span>
    </p>
   </div>
   <div class='ocr_carea' id='block_1_61' title="bbox 413 3838 1647 3915">
    <p class='ocr_par' dir='ltr' id='par_1_61' title="bbox 413 3838 1647 3915">
     <span class='ocr_line' id='line_1_61' title="bbox 413 3838 1647 3915; baseline -0.002 -19"><span class='ocrx_word' id='word_1_368' title='bbox 413 3838 657 3913; x_wconf 84' lang='lat' dir='ltr'><strong>Cumque</strong></span> <span class='ocrx_word' id='word_1_369' title='bbox 683 3839 824 3897; x_wconf 86' lang='lat' dir='ltr'><strong>Deus</strong></span> <span class='ocrx_word' id='word_1_370' title='bbox 850 3844 1005 3915; x_wconf 84' lang='lat' dir='ltr'><strong>primi</strong></span> <span class='ocrx_word' id='word_1_371' title='bbox 1029 3843 1331 3913; x_wconf 75' lang='lat' dir='ltr'><strong>complessrt</strong></span> <span class='ocrx_word' id='word_1_372' title='bbox 1359 3841 1496 3911; x_wconf 82' lang='lat' dir='ltr'><strong>[acta</strong></span> <span class='ocrx_word' id='word_1_373' title='bbox 1523 3841 1647 3904; x_wconf 83' lang='lat' dir='ltr'><strong>diei,</strong></span> 
     </span>
    </p>
   </div>
   <div class='ocr_carea' id='block_1_62' title="bbox 412 3935 1719 3992">
    <p class='ocr_par' dir='ltr' id='par_1_62' title="bbox 412 3935 1719 3992">
     <span class='ocr_line' id='line_1_62' title="bbox 412 3935 1719 3992; baseline 0.002 -2"><span class='ocrx_word' id='word_1_374' title='bbox 412 3935 669 3991; x_wconf 82' lang='lat' dir='ltr'><strong>Condidit</strong></span> <span class='ocrx_word' id='word_1_375' title='bbox 694 3937 948 3992; x_wconf 84' lang='lat' dir='ltr'><strong>albentem</strong></span> <span class='ocrx_word' id='word_1_376' title='bbox 972 3935 1171 3991; x_wconf 84' lang='lat' dir='ltr'><strong>nebulis</strong></span> <span class='ocrx_word' id='word_1_377' title='bbox 1195 3938 1524 3992; x_wconf 85' lang='lat' dir='ltr'><strong>nascentibus</strong></span> <span class='ocrx_word' id='word_1_378' title='bbox 1549 3951 1719 3992; x_wconf 66' lang='lat' dir='ltr'><strong>axem.</strong></span> 
     </span>
    </p>
   </div>
   <div class='ocr_carea' id='block_1_63' title="bbox 414 4029 1632 4101">
    <p class='ocr_par' dir='ltr' id='par_1_63' title="bbox 414 4029 1632 4101">
     <span class='ocr_line' id='line_1_63' title="bbox 414 4029 1632 4101; baseline 0.002 -18"><span class='ocrx_word' id='word_1_379' title='bbox 414 4029 627 4100; x_wconf 80' lang='lat' dir='ltr'><strong>Accipit</strong></span> <span class='ocrx_word' id='word_1_380' title='bbox 650 4030 928 4085; x_wconf 86' lang='lat' dir='ltr'><strong>immensus</strong></span> <span class='ocrx_word' id='word_1_381' title='bbox 954 4032 1184 4086; x_wconf 73' lang='lat' dir='ltr'><strong>errantia</strong></span> <span class='ocrx_word' id='word_1_382' title='bbox 1214 4030 1392 4085; x_wconf 85' lang='lat' dir='ltr'><strong>littora</strong></span> <span class='ocrx_word' id='word_1_383' title='bbox 1423 4041 1632 4101; x_wconf 87' lang='lat' dir='ltr'><strong>pontus,</strong></span> 
     </span>
    </p>
   </div>
   <div class='ocr_carea' id='block_1_64' title="bbox 307 4121 1869 4192">
    <p class='ocr_par' dir='ltr' id='par_1_64' title="bbox 307 4121 1869 4192">
     <span class='ocr_line' id='line_1_64' title="bbox 307 4121 1869 4192; baseline 0 -15"><span class='ocrx_word' id='word_1_384' title='bbox 307 4121 376 4178; x_wconf 65' lang='lat'><strong>{0</strong></span> <span class='ocrx_word' id='word_1_385' title='bbox 412 4121 747 4192; x_wconf 70' lang='lat' dir='ltr'><strong>Multiplices</strong></span> <span class='ocrx_word' id='word_1_386' title='bbox 777 4124 988 4191; x_wconf 88' lang='lat' dir='ltr'><strong>rapiens</strong></span> <span class='ocrx_word' id='word_1_387' title='bbox 1018 4123 1204 4179; x_wconf 81' lang='lat' dir='ltr'><strong>validis</strong></span> <span class='ocrx_word' id='word_1_388' title='bbox 1243 4142 1359 4179; x_wconf 86' lang='lat' dir='ltr'><strong>cum</strong></span> <span class='ocrx_word' id='word_1_389' title='bbox 1400 4124 1646 4179; x_wconf 81' lang='lat' dir='ltr'><strong>tractibus</strong></span> <span class='ocrx_word' id='word_1_390' title='bbox 1669 4139 1869 4179; x_wconf 87' lang='lat' dir='ltr'><strong>amnes.</strong></span> 
     </span>
    </p>
   </div>
   <div class='ocr_carea' id='block_1_65' title="bbox 412 4215 1632 4291">
    <p class='ocr_par' dir='ltr' id='par_1_65' title="bbox 412 4215 1632 4291">
     <span class='ocr_line' id='line_1_65' title="bbox 412 4215 1632 4291; baseline 0 -20"><span class='ocrx_word' id='word_1_391' title='bbox 412 4215 599 4271; x_wconf 86' lang='lat' dir='ltr'><strong>Tertia</strong></span> <span class='ocrx_word' id='word_1_392' title='bbox 626 4218 723 4273; x_wconf 80' lang='lat' dir='ltr'><strong>tua:</strong></span> <span class='ocrx_word' id='word_1_393' title='bbox 750 4218 938 4290; x_wconf 79' lang='lat' dir='ltr'><strong>[aciem</strong></span> <span class='ocrx_word' id='word_1_394' title='bbox 967 4227 1224 4273; x_wconf 89' lang='lat' dir='ltr'><strong>terrarum</strong></span> <span class='ocrx_word' id='word_1_395' title='bbox 1255 4218 1400 4291; x_wconf 80' lang='lat' dir='ltr'><strong>fulva</strong></span> <span class='ocrx_word' id='word_1_396' title='bbox 1428 4218 1632 4274; x_wconf 71' lang='lat' dir='ltr'><strong>retexit.</strong></span> 
     </span>
    </p>
   </div>
   <div class='ocr_carea' id='block_1_66' title="bbox 413 4311 1620 4384">
    <p class='ocr_par' dir='ltr' id='par_1_66' title="bbox 413 4311 1620 4384">
     <span class='ocr_line' id='line_1_66' title="bbox 413 4311 1620 4384; baseline -0.001 -18"><span class='ocrx_word' id='word_1_397' title='bbox 413 4311 587 4366; x_wconf 79' lang='lat' dir='ltr'><strong>Arida</strong></span> <span class='ocrx_word' id='word_1_398' title='bbox 614 4327 737 4366; x_wconf 69' lang='lat' dir='ltr'><strong>mox</strong></span> <span class='ocrx_word' id='word_1_399' title='bbox 763 4313 932 4384; x_wconf 82' lang='lat' dir='ltr'><strong>pasito</strong></span> <span class='ocrx_word' id='word_1_400' title='bbox 958 4320 1206 4367; x_wconf 85' lang='lat' dir='ltr'><strong>narratur</strong></span> <span class='ocrx_word' id='word_1_401' title='bbox 1232 4312 1438 4367; x_wconf 87' lang='lat' dir='ltr'><strong>nomine</strong></span> <span class='ocrx_word' id='word_1_402' title='bbox 1462 4320 1620 4365; x_wconf 89' lang='lat' dir='ltr'><strong>terra.</strong></span> 
     </span>
    </p>
   </div>
   <div class='ocr_carea' id='block_1_67' title="bbox 337 4470 1855 4542">
    <p class='ocr_par' dir='ltr' id='par_1_67' title="bbox 337 4470 1855 4542">
     <span class='ocr_line' id='line_1_67' title="bbox 337 4470 1855 4542; baseline -0.004 -13"><span class='ocrx_word' id='word_1_403' title='bbox 337 4471 417 4529; x_wconf 85' lang='lat' dir='ltr'><strong>De</strong></span> <span class='ocrx_word' id='word_1_404' title='bbox 466 4472 573 4527; x_wconf 90' lang='lat' dir='ltr'><strong>hoc</strong></span> <span class='ocrx_word' id='word_1_405' title='bbox 619 4470 877 4528; x_wconf 88' lang='lat' dir='ltr'><strong>Carmine</strong></span> <span class='ocrx_word' id='word_1_406' title='bbox 924 4486 1233 4527; x_wconf 87' lang='lat' dir='ltr'><strong>sermonem</strong></span> <span class='ocrx_word' id='word_1_407' title='bbox 1280 4472 1445 4527; x_wconf 82' lang='lat' dir='ltr'><strong>habui</strong></span> <span class='ocrx_word' id='word_1_408' title='bbox 1475 4471 1855 4542; x_wconf 83' lang='lat' dir='ltr'><strong>Prolegomen.</strong></span> 
     </span>
    </p>
   </div>
   <div class='ocr_carea' id='block_1_68' title="bbox 2121 3281 3429 3359">
    <p class='ocr_par' dir='ltr' id='par_1_68' title="bbox 2121 3281 3429 3359">
     <span class='ocr_line' id='line_1_68' title="bbox 2121 3281 3429 3359; baseline -0.001 -21"><span class='ocrx_word' id='word_1_409' title='bbox 2121 3281 2319 3341; x_wconf 84' lang='lat' dir='ltr'><strong>Florea</strong></span> <span class='ocrx_word' id='word_1_410' title='bbox 2343 3287 2563 3341; x_wconf 81' lang='lat' dir='ltr'><strong>ventosis</strong></span> <span class='ocrx_word' id='word_1_411' title='bbox 2593 3294 2913 3357; x_wconf 85' lang='lat' dir='ltr'><strong>consurgunt</strong></span> <span class='ocrx_word' id='word_1_412' title='bbox 2939 3286 3177 3359; x_wconf 86' lang='lat' dir='ltr'><strong>germina</strong></span> <span class='ocrx_word' id='word_1_413' title='bbox 3208 3286 3429 3357; x_wconf 88' lang='lat' dir='ltr'><strong>campis,</strong></span> 
     </span>
    </p>
   </div>
   <div class='ocr_carea' id='block_1_69' title="bbox 2129 3377 3439 3451">
    <p class='ocr_par' dir='ltr' id='par_1_69' title="bbox 2129 3377 3439 3451">
     <span class='ocr_line' id='line_1_69' title="bbox 2129 3377 3439 3451; baseline 0 -18"><span class='ocrx_word' id='word_1_414' title='bbox 2129 3377 2483 3451; x_wconf 81' lang='lat' dir='ltr'><strong>Pomi/erique</strong></span> <span class='ocrx_word' id='word_1_415' title='bbox 2509 3380 2667 3435; x_wconf 80' lang='lat' dir='ltr'><strong>simul</strong></span> <span class='ocrx_word' id='word_1_416' title='bbox 2697 3389 3008 3449; x_wconf 80' lang='lat' dir='ltr'><strong>procurvam</strong></span> <span class='ocrx_word' id='word_1_417' title='bbox 3044 3378 3255 3433; x_wconf 82' lang='lat' dir='ltr'><strong>brachia</strong></span> <span class='ocrx_word' id='word_1_418' title='bbox 3283 3382 3439 3434; x_wconf 87' lang='lat' dir='ltr'><strong>rami.</strong></span> 
     </span>
    </p>
   </div>
   <div class='ocr_carea' id='block_1_70' title="bbox 2019 3470 3482 3546">
    <p class='ocr_par' dir='ltr' id='par_1_70' title="bbox 2019 3470 3482 3546">
     <span class='ocr_line' id='line_1_70' title="bbox 2019 3470 3482 3546; baseline -0.003 -18"><span class='ocrx_word' id='word_1_419' title='bbox 2019 3472 2089 3528; x_wconf 81' lang='grc'><strong>15</strong></span> <span class='ocrx_word' id='word_1_420' title='bbox 2130 3472 2333 3541; x_wconf 83' lang='lat' dir='ltr'><strong>Quarta</strong></span> <span class='ocrx_word' id='word_1_421' title='bbox 2357 3473 2443 3527; x_wconf 88' lang='lat' dir='ltr'><strong>die</strong></span> <span class='ocrx_word' id='word_1_422' title='bbox 2466 3482 2679 3546; x_wconf 79' lang='lat' dir='ltr'><strong>generat</strong></span> <span class='ocrx_word' id='word_1_423' title='bbox 2707 3472 2836 3526; x_wconf 91' lang='lat' dir='ltr'><strong>solis</strong></span> <span class='ocrx_word' id='word_1_424' title='bbox 2860 3488 2977 3525; x_wconf 90' lang='lat' dir='ltr'><strong>cum</strong></span> <span class='ocrx_word' id='word_1_425' title='bbox 3009 3470 3255 3542; x_wconf 84' lang='lat' dir='ltr'><strong>lampade</strong></span> <span class='ocrx_word' id='word_1_426' title='bbox 3281 3471 3482 3538; x_wconf 87' lang='lat' dir='ltr'><strong>lunam,</strong></span> 
     </span>
    </p>
   </div>
   <div class='ocr_carea' id='block_1_71' title="bbox 2125 3562 3393 3635">
    <p class='ocr_par' dir='ltr' id='par_1_71' title="bbox 2125 3562 3393 3635">
     <span class='ocr_line' id='line_1_71' title="bbox 2125 3562 3393 3635; baseline -0.003 -16"><span class='ocrx_word' id='word_1_427' title='bbox 2125 3564 2195 3619; x_wconf 85' lang='lat' dir='ltr'><strong>Et</strong></span> <span class='ocrx_word' id='word_1_428' title='bbox 2222 3564 2399 3620; x_wconf 84' lang='lat' dir='ltr'><strong>stellas</strong></span> <span class='ocrx_word' id='word_1_429' title='bbox 2427 3565 2650 3620; x_wconf 91' lang='lat' dir='ltr'><strong>tremulo</strong></span> <span class='ocrx_word' id='word_1_430' title='bbox 2677 3565 2946 3618; x_wconf 87' lang='lat' dir='ltr'><strong>radiantes</strong></span> <span class='ocrx_word' id='word_1_431' title='bbox 2976 3562 3176 3617; x_wconf 86' lang='lat' dir='ltr'><strong>lumine</strong></span> <span class='ocrx_word' id='word_1_432' title='bbox 3202 3563 3393 3635; x_wconf 84' lang='lat' dir='ltr'><strong>pingit.</strong></span> 
     </span>
    </p>
   </div>
   <div class='ocr_carea' id='block_1_72' title="bbox 2128 3653 3477 3725">
    <p class='ocr_par' dir='ltr' id='par_1_72' title="bbox 2128 3653 3477 3725">
     <span class='ocr_line' id='line_1_72' title="bbox 2128 3653 3477 3725; baseline -0.004 -14"><span class='ocrx_word' id='word_1_433' title='bbox 2128 3656 2259 3712; x_wconf 69' lang='lat' dir='ltr'><strong>Haec</strong></span> <span class='ocrx_word' id='word_1_434' title='bbox 2287 3659 2539 3712; x_wconf 89' lang='lat' dir='ltr'><strong>elementa</strong></span> <span class='ocrx_word' id='word_1_435' title='bbox 2570 3656 2711 3710; x_wconf 88' lang='lat' dir='ltr'><strong>dedit</strong></span> <span class='ocrx_word' id='word_1_436' title='bbox 2740 3656 2972 3725; x_wconf 85' lang='lat' dir='ltr'><strong>subjecto</strong></span> <span class='ocrx_word' id='word_1_437' title='bbox 3000 3654 3229 3724; x_wconf 89' lang='lat' dir='ltr'><strong>insignia</strong></span> <span class='ocrx_word' id='word_1_438' title='bbox 3260 3653 3477 3719; x_wconf 88' lang='lat' dir='ltr'><strong>mundo,</strong></span> 
     </span>
    </p>
   </div>
   <div class='ocr_carea' id='block_1_73' title="bbox 2125 3744 3583 3820">
    <p class='ocr_par' dir='ltr' id='par_1_73' title="bbox 2125 3744 3583 3820">
     <span class='ocr_line' id='line_1_73' title="bbox 2125 3744 3583 3820; baseline -0.001 -18"><span class='ocrx_word' id='word_1_439' title='bbox 2125 3747 2387 3818; x_wconf 85' lang='lat' dir='ltr'><strong>Tempora</strong></span> <span class='ocrx_word' id='word_1_440' title='bbox 2410 3764 2527 3820; x_wconf 76' lang='lat' dir='ltr'><strong>qua:</strong></span> <span class='ocrx_word' id='word_1_441' title='bbox 2556 3748 2778 3802; x_wconf 83' lang='lat' dir='ltr'><strong>doceant</strong></span> <span class='ocrx_word' id='word_1_442' title='bbox 2807 3747 2978 3801; x_wconf 82' lang='lat' dir='ltr'><strong>uarios</strong></span> <span class='ocrx_word' id='word_1_443' title='bbox 3006 3744 3263 3800; x_wconf 88' lang='lat' dir='ltr'><strong>mutanda</strong></span> <span class='ocrx_word' id='word_1_444' title='bbox 3292 3760 3383 3816; x_wconf 88' lang='lat' dir='ltr'><strong>per</strong></span> <span class='ocrx_word' id='word_1_445' title='bbox 3413 3754 3583 3800; x_wconf 90' lang='lat' dir='ltr'><strong>ortus.</strong></span> 
     </span>
    </p>
   </div>
   <div class='ocr_carea' id='block_1_74' title="bbox 2130 3837 3474 3914">
    <p class='ocr_par' dir='ltr' id='par_1_74' title="bbox 2130 3837 3474 3914">
     <span class='ocr_line' id='line_1_74' title="bbox 2130 3837 3474 3914; baseline -0.004 -18"><span class='ocrx_word' id='word_1_446' title='bbox 2130 3842 2322 3909; x_wconf 80' lang='lat' dir='ltr'><strong>Quinta</strong></span> <span class='ocrx_word' id='word_1_447' title='bbox 2348 3842 2431 3898; x_wconf 82' lang='lat' dir='ltr'><strong>die</strong></span> <span class='ocrx_word' id='word_1_448' title='bbox 2458 3841 2723 3914; x_wconf 87' lang='lat' dir='ltr'><strong>accipiunt</strong></span> <span class='ocrx_word' id='word_1_449' title='bbox 2751 3838 3002 3903; x_wconf 87' lang='lat' dir='ltr'><strong>liquentia</strong></span> <span class='ocrx_word' id='word_1_450' title='bbox 3027 3837 3255 3909; x_wconf 80' lang='lat' dir='ltr'><strong>[lumina</strong></span> <span class='ocrx_word' id='word_1_451' title='bbox 3284 3838 3474 3907; x_wconf 87' lang='lat' dir='ltr'><strong>pisces,</strong></span> 
     </span>
    </p>
   </div>
   <div class='ocr_carea' id='block_1_75' title="bbox 2013 3923 3454 4004">
    <p class='ocr_par' dir='ltr' id='par_1_75' title="bbox 2013 3923 3454 4004">
     <span class='ocr_line' id='line_1_75' title="bbox 2013 3923 3454 4004; baseline -0.006 -10"><span class='ocrx_word' id='word_1_452' title='bbox 2013 3937 2085 3996; x_wconf 71' lang='lat'><strong>20</strong></span> <span class='ocrx_word' id='word_1_453' title='bbox 2122 3935 2193 3993; x_wconf 86' lang='lat' dir='ltr'><strong>Et</strong></span> <span class='ocrx_word' id='word_1_454' title='bbox 2221 3923 2453 3993; x_wconf 81' lang='lat' dir='ltr'><strong>volucres</strong></span> <span class='ocrx_word' id='word_1_455' title='bbox 2483 3937 2628 3989; x_wconf 83' lang='lat' dir='ltr'><strong>varia</strong></span> <span class='ocrx_word' id='word_1_456' title='bbox 2654 3932 2979 4004; x_wconf 86' lang='lat' dir='ltr'><strong>suspendunt</strong></span> <span class='ocrx_word' id='word_1_457' title='bbox 3009 3947 3236 4003; x_wconf 89' lang='lat' dir='ltr'><strong>corpora</strong></span> <span class='ocrx_word' id='word_1_458' title='bbox 3264 3946 3454 4001; x_wconf 81' lang='lat' dir='ltr'><strong>penna.</strong></span> 
     </span>
    </p>
   </div>
   <div class='ocr_carea' id='block_1_76' title="bbox 2126 4024 3470 4101">
    <p class='ocr_par' dir='ltr' id='par_1_76' title="bbox 2126 4024 3470 4101">
     <span class='ocr_line' id='line_1_76' title="bbox 2126 4024 3470 4101; baseline -0.005 -16"><span class='ocrx_word' id='word_1_459' title='bbox 2126 4030 2288 4085; x_wconf 67' lang='lat' dir='ltr'><strong>Sexta</strong></span> <span class='ocrx_word' id='word_1_460' title='bbox 2311 4037 2456 4100; x_wconf 86' lang='lat' dir='ltr'><strong>pater</strong></span> <span class='ocrx_word' id='word_1_461' title='bbox 2484 4027 2684 4101; x_wconf 85' lang='lat' dir='ltr'><strong>gelidos</strong></span> <span class='ocrx_word' id='word_1_462' title='bbox 2710 4028 2765 4082; x_wconf 88' lang='lat' dir='ltr'><strong>in</strong></span> <span class='ocrx_word' id='word_1_463' title='bbox 2792 4027 2967 4098; x_wconf 88' lang='lat' dir='ltr'><strong>spiras</strong></span> <span class='ocrx_word' id='word_1_464' title='bbox 2992 4024 3214 4079; x_wconf 86' lang='lat' dir='ltr'><strong>lubricat</strong></span> <span class='ocrx_word' id='word_1_465' title='bbox 3251 4040 3470 4094; x_wconf 89' lang='lat' dir='ltr'><strong>angues,</strong></span> 
     </span>
    </p>
   </div>
   <div class='ocr_carea' id='block_1_77' title="bbox 2124 4118 3579 4196">
    <p class='ocr_par' dir='ltr' id='par_1_77' title="bbox 2124 4118 3579 4196">
     <span class='ocr_line' id='line_1_77' title="bbox 2124 4118 3579 4196; baseline -0.005 -18"><span class='ocrx_word' id='word_1_466' title='bbox 2124 4124 2617 4196; x_wconf 83' lang='lat' dir='ltr'><strong>Quadripedumque</strong></span> <span class='ocrx_word' id='word_1_467' title='bbox 2660 4126 2838 4195; x_wconf 62' lang='lat' dir='ltr'><strong>grege}</strong></span> <span class='ocrx_word' id='word_1_468' title='bbox 2869 4129 3001 4175; x_wconf 87' lang='lat' dir='ltr'><strong>totos</strong></span> <span class='ocrx_word' id='word_1_469' title='bbox 3033 4118 3286 4187; x_wconf 72' lang='lat' dir='ltr'><strong>cli/fundit</strong></span> <span class='ocrx_word' id='word_1_470' title='bbox 3318 4119 3371 4171; x_wconf 88' lang='lat' dir='ltr'><strong>in</strong></span> <span class='ocrx_word' id='word_1_471' title='bbox 3400 4133 3579 4189; x_wconf 85' lang='lat' dir='ltr'><strong>agros,</strong></span> 
     </span>
    </p>
   </div>
   <div class='ocr_carea' id='block_1_78' title="bbox 2116 4209 3507 4283">
    <p class='ocr_par' dir='ltr' id='par_1_78' title="bbox 2116 4209 3507 4283">
     <span class='ocr_line' id='line_1_78' title="bbox 2116 4209 3507 4283; baseline -0.008 -12"><span class='ocrx_word' id='word_1_472' title='bbox 2116 4216 2414 4282; x_wconf 89' lang='lat' dir='ltr'><strong>Cunctaque</strong></span> <span class='ocrx_word' id='word_1_473' title='bbox 2441 4212 2724 4283; x_wconf 88' lang='lat' dir='ltr'><strong>multiplici</strong></span> <span class='ocrx_word' id='word_1_474' title='bbox 2756 4214 3024 4267; x_wconf 80' lang='lat' dir='ltr'><strong>mandavit</strong></span> <span class='ocrx_word' id='word_1_475' title='bbox 3055 4226 3283 4267; x_wconf 82' lang='lat' dir='ltr'><strong>crescere</strong></span> <span class='ocrx_word' id='word_1_476' title='bbox 3312 4209 3507 4280; x_wconf 87' lang='lat' dir='ltr'><strong>passim</strong></span> 
     </span>
    </p>
   </div>
   <div class='ocr_carea' id='block_1_79' title="bbox 2117 4304 3502 4376">
    <p class='ocr_par' dir='ltr' id='par_1_79' title="bbox 2117 4304 3502 4376">
     <span class='ocr_line' id='line_1_79' title="bbox 2117 4304 3502 4376; baseline -0.004 -12"><span class='ocrx_word' id='word_1_477' title='bbox 2117 4307 2385 4375; x_wconf 82' lang='lat' dir='ltr'><strong>Germine,</strong></span> <span class='ocrx_word' id='word_1_478' title='bbox 2417 4317 2465 4363; x_wconf 89' lang='lat' dir='ltr'><strong>et</strong></span> <span class='ocrx_word' id='word_1_479' title='bbox 2492 4307 2755 4361; x_wconf 89' lang='lat' dir='ltr'><strong>immensis</strong></span> <span class='ocrx_word' id='word_1_480' title='bbox 2786 4323 2986 4371; x_wconf 88' lang='lat' dir='ltr'><strong>errare,</strong></span> <span class='ocrx_word' id='word_1_481' title='bbox 3018 4315 3065 4359; x_wconf 92' lang='lat' dir='ltr'><strong>et</strong></span> <span class='ocrx_word' id='word_1_482' title='bbox 3091 4321 3302 4376; x_wconf 79' lang='lat' dir='ltr'><strong>pascere</strong></span> <span class='ocrx_word' id='word_1_483' title='bbox 3329 4304 3502 4360; x_wconf 79' lang='lat' dir='ltr'><strong>terris.</strong></span> 
     </span>
    </p>
   </div>
   <div class='ocr_carea' id='block_1_80' title="bbox 2041 4465 3575 4539">
    <p class='ocr_par' dir='ltr' id='par_1_80' title="bbox 2041 4465 3575 4539">
     <span class='ocr_line' id='line_1_80' title="bbox 2041 4465 3575 4539; baseline -0.004 -14"><span class='ocrx_word' id='word_1_484' title='bbox 2041 4470 2096 4525; x_wconf 91' lang='lat'><strong>6.</strong></span> <span class='ocrx_word' id='word_1_485' title='bbox 2124 4468 2291 4537; x_wconf 86' lang='lat' dir='ltr'><strong>Editi,</strong></span> <span class='ocrx_word' id='word_1_486' title='bbox 2308 4472 2451 4525; x_wconf 89' lang='lat' dir='ltr'><strong>claro</strong></span> <span class='ocrx_word' id='word_1_487' title='bbox 2466 4477 2531 4531; x_wconf 86' lang='lat' dir='ltr'><strong>et,</strong></span> <span class='ocrx_word' id='word_1_488' title='bbox 2551 4483 2651 4539; x_wconf 87' lang='lat' dir='ltr'><strong>pro</strong></span> <span class='ocrx_word' id='word_1_489' title='bbox 2664 4483 2772 4537; x_wconf 85' lang='lat' dir='ltr'><strong>quo</strong></span> <span class='ocrx_word' id='word_1_490' title='bbox 2793 4467 3052 4539; x_wconf 81' lang='lat' dir='ltr'><strong>Morclius</strong></span> <span class='ocrx_word' id='word_1_491' title='bbox 3070 4467 3376 4539; x_wconf 65' lang='lat' dir='ltr'><strong>legitclare.</strong></span> <span class='ocrx_word' id='word_1_492' title='bbox 3398 4465 3575 4539; x_wconf 72' lang='lat' dir='ltr'><strong>MART.</strong></span> 
     </span>
    </p>
   </div>
   <div class='ocr_carea' id='block_1_81' title="bbox 268 4535 3574 4671">
    <p class='ocr_par' dir='ltr' id='par_1_81' title="bbox 268 4535 3574 4671">
     <span class='ocr_line' id='line_1_81' title="bbox 268 4535 3574 4671; baseline -0.002 -72"><span class='ocrx_word' id='word_1_493' title='bbox 268 4560 418 4599; x_wconf 91' lang='lat' dir='ltr'><strong>num.</strong></span> <span class='ocrx_word' id='word_1_494' title='bbox 450 4543 653 4671; x_wconf 57' lang='grc' dir='ltr'>ιϐεὲἓ.</span> <span class='ocrx_word' id='word_1_495' title='bbox 683 4543 867 4599; x_wconf 89' lang='lat' dir='ltr'><strong>Prima</strong></span> <span class='ocrx_word' id='word_1_496' title='bbox 885 4553 1123 4614; x_wconf 80' lang='lat' dir='ltr'><strong>quatuor</strong></span> <span class='ocrx_word' id='word_1_497' title='bbox 1140 4546 1314 4615; x_wconf 71' lang='lat' dir='ltr'><strong>capita</strong></span> <span class='ocrx_word' id='word_1_498' title='bbox 1346 4561 1415 4599; x_wconf 75' lang='lat' dir='ltr'><strong>ex</strong></span> <span class='ocrx_word' id='word_1_499' title='bbox 1444 4535 1722 4599; x_wconf 67' lang='lat' dir='ltr'><strong>veteribus</strong></span> <span class='ocrx_word' id='word_1_500' title='bbox 1745 4541 1863 4597; x_wconf 90' lang='lat' dir='ltr'><strong>edi-</strong></span> <span class='ocrx_word' id='word_1_501' title='bbox 1968 4572 2040 4583; x_wconf 94' lang='lat'><strong><em>—</em></strong></span> <span class='ocrx_word' id='word_1_502' title='bbox 2065 4535 2349 4598; x_wconf 69' lang='lat' dir='ltr'><strong>Fabricius</strong></span> <span class='ocrx_word' id='word_1_503' title='bbox 2401 4541 2530 4611; x_wconf 87' lang='lat' dir='ltr'><strong>legit</strong></span> <span class='ocrx_word' id='word_1_504' title='bbox 2552 4535 2699 4595; x_wconf 71' lang='grc' dir='ltr'>ἰιιώ</span> <span class='ocrx_word' id='word_1_505' title='bbox 2727 4540 2852 4611; x_wconf 78' lang='lat' dir='ltr'><strong>ﬁat,</strong></span> <span class='ocrx_word' id='word_1_506' title='bbox 2902 4550 2953 4593; x_wconf 87' lang='lat' dir='ltr'><strong>et</strong></span> <span class='ocrx_word' id='word_1_507' title='bbox 3001 4537 3170 4593; x_wconf 87' lang='lat' dir='ltr'><strong>claro.</strong></span> <span class='ocrx_word' id='word_1_508' title='bbox 3203 4535 3400 4593; x_wconf 83' lang='lat' dir='ltr'><strong>Junius</strong></span> <span class='ocrx_word' id='word_1_509' title='bbox 3428 4537 3574 4607; x_wconf 84' lang='lat' dir='ltr'><strong>apud</strong></span> 
     </span>
     <span class='ocr_line' id='line_1_82' title="bbox 268 4611 3037 4671; baseline -0.001 -4"><span class='ocrx_word' id='word_1_510' title='bbox 268 4616 516 4671; x_wconf 88' lang='lat' dir='ltr'><strong>tionibus</strong></span> <span class='ocrx_word' id='word_1_511' title='bbox 638 4615 734 4670; x_wconf 88' lang='lat' dir='ltr'><strong>idit</strong></span> <span class='ocrx_word' id='word_1_512' title='bbox 781 4614 1030 4671; x_wconf 84' lang='lat' dir='ltr'><strong>Andreas</strong></span> <span class='ocrx_word' id='word_1_513' title='bbox 1054 4614 1283 4669; x_wconf 72' lang='lat' dir='ltr'><strong>Rivinns</strong></span> <span class='ocrx_word' id='word_1_514' title='bbox 1314 4615 1417 4669; x_wconf 90' lang='lat' dir='ltr'><strong>hoc</strong></span> <span class='ocrx_word' id='word_1_515' title='bbox 1446 4616 1630 4669; x_wconf 78' lang='lat' dir='ltr'><strong>titulo:</strong></span> <span class='ocrx_word' id='word_1_516' title='bbox 1664 4611 1860 4668; x_wconf 77' lang='lat' dir='ltr'><strong>chilii</strong></span> <span class='ocrx_word' id='word_1_517' title='bbox 1970 4614 2247 4671; x_wconf 80' lang='lat' dir='ltr'><strong>Rivinum.</strong></span> <span class='ocrx_word' id='word_1_518' title='bbox 2281 4612 2398 4667; x_wconf 78' lang='lat' dir='ltr'><strong>Lua:</strong></span> <span class='ocrx_word' id='word_1_519' title='bbox 2428 4615 2538 4671; x_wconf 83' lang='lat' dir='ltr'><strong>ﬁat.</strong></span> <span class='ocrx_word' id='word_1_520' title='bbox 2574 4611 2716 4667; x_wconf 88' lang='lat' dir='ltr'><strong>claro</strong></span> <span class='ocrx_word' id='word_1_521' title='bbox 2746 4613 3037 4665; x_wconf 88' lang='lat' dir='ltr'><strong>nituerunt.</strong></span> 
     </span>
    </p>
   </div>
   <div class='ocr_carea' id='block_1_82' title="bbox 268 4611 1860 4671">
    <p class='ocr_par' dir='ltr' id='par_1_82' title="bbox 268 4611 1860 4671">
     <span class='ocr_line' id='line_1_83' title="bbox 268 4611 1860 4671; baseline 0 -4"><span class='ocrx_word' id='word_1_522' title='bbox 268 4616 516 4671; x_wconf 86' lang='lat' dir='ltr'><strong>tionibus</strong></span> <span class='ocrx_word' id='word_1_523' title='bbox 564 4611 734 4671; x_wconf 81' lang='lat' dir='ltr'><strong>edidit</strong></span> <span class='ocrx_word' id='word_1_524' title='bbox 781 4611 1030 4671; x_wconf 72' lang='lat' dir='ltr'><strong>Andreas</strong></span> <span class='ocrx_word' id='word_1_525' title='bbox 1054 4611 1283 4669; x_wconf 68' lang='lat' dir='ltr'><strong>Rivititts</strong></span> <span class='ocrx_word' id='word_1_526' title='bbox 1314 4615 1417 4669; x_wconf 90' lang='lat' dir='ltr'><strong>hoc</strong></span> <span class='ocrx_word' id='word_1_527' title='bbox 1446 4616 1630 4669; x_wconf 82' lang='lat' dir='ltr'><strong>titulo:</strong></span> <span class='ocrx_word' id='word_1_528' title='bbox 1664 4611 1860 4668; x_wconf 76' lang='lat' dir='ltr'><strong>chilii</strong></span> 
     </span>
    </p>
   </div>
   <div class='ocr_carea' id='block_1_83' title="bbox 264 4683 1861 4757">
    <p class='ocr_par' dir='ltr' id='par_1_83' title="bbox 264 4683 1861 4757">
     <span class='ocr_line' id='line_1_84' title="bbox 264 4683 1861 4757; baseline -0.003 -16"><span class='ocrx_word' id='word_1_529' title='bbox 264 4683 544 4757; x_wconf 69' lang='lat' dir='ltr'><strong>Cypriani,</strong></span> <span class='ocrx_word' id='word_1_530' title='bbox 572 4703 665 4741; x_wconf 86' lang='lat' dir='ltr'><strong>seu</strong></span> <span class='ocrx_word' id='word_1_531' title='bbox 696 4688 867 4754; x_wconf 82' lang='lat' dir='ltr'><strong>potius</strong></span> <span class='ocrx_word' id='word_1_532' title='bbox 900 4685 965 4754; x_wconf 79' lang='grc' dir='ltr'>ρ.</span> <span class='ocrx_word' id='word_1_533' title='bbox 991 4686 1236 4757; x_wconf 82' lang='lat' dir='ltr'><strong>Septimii</strong></span> <span class='ocrx_word' id='word_1_534' title='bbox 1260 4684 1528 4741; x_wconf 83' lang='lat' dir='ltr'><strong>Florentis</strong></span> <span class='ocrx_word' id='word_1_535' title='bbox 1549 4685 1861 4752; x_wconf 83' lang='lat' dir='ltr'><strong>Tertulliani</strong></span> 
     </span>
    </p>
   </div>
   <div class='ocr_carea' id='block_1_84' title="bbox 1970 4612 2398 4678">
    <p class='ocr_par' dir='ltr' id='par_1_84' title="bbox 1970 4612 2398 4678">
     <span class='ocr_line' id='line_1_85' title="bbox 1970 4612 2398 4678; baseline -0.005 -9"><span class='ocrx_word' id='word_1_536' title='bbox 1970 4614 2247 4678; x_wconf 80' lang='lat' dir='ltr'><strong>Rivinum,</strong></span> <span class='ocrx_word' id='word_1_537' title='bbox 2281 4612 2398 4667; x_wconf 80' lang='lat' dir='ltr'><strong>Lua:</strong></span> 
     </span>
    </p>
   </div>
   <div class='ocr_carea' id='block_1_85' title="bbox 2427 4611 3037 4680">
    <p class='ocr_par' dir='ltr' id='par_1_85' title="bbox 2427 4611 3037 4680">
     <span class='ocr_line' id='line_1_86' title="bbox 2427 4611 3037 4680; baseline -0.003 -15"><span class='ocrx_word' id='word_1_538' title='bbox 2427 4615 2538 4680; x_wconf 84' lang='lat' dir='ltr'><strong>ﬁat.</strong></span> <span class='ocrx_word' id='word_1_539' title='bbox 2574 4611 2716 4667; x_wconf 85' lang='lat' dir='ltr'><strong>claro</strong></span> <span class='ocrx_word' id='word_1_540' title='bbox 2746 4613 3037 4665; x_wconf 88' lang='lat' dir='ltr'><strong>nituerunt.</strong></span> 
     </span>
    </p>
   </div>
   <div class='ocr_carea' id='block_1_86' title="bbox 2043 4677 3573 4751">
    <p class='ocr_par' dir='ltr' id='par_1_86' title="bbox 2043 4677 3573 4751">
     <span class='ocr_line' id='line_1_87' title="bbox 2043 4677 3573 4751; baseline -0.003 -10"><span class='ocrx_word' id='word_1_541' title='bbox 2043 4687 2095 4741; x_wconf 88' lang='lat'><strong>7.</strong></span> <span class='ocrx_word' id='word_1_542' title='bbox 2130 4685 2292 4741; x_wconf 84' lang='lat' dir='ltr'><strong>Fabr.</strong></span> <span class='ocrx_word' id='word_1_543' title='bbox 2314 4704 2328 4741; x_wconf 89' lang='lat'><strong>:</strong></span> <span class='ocrx_word' id='word_1_544' title='bbox 2347 4677 2478 4739; x_wconf 86' lang='lat' dir='ltr'><strong>Cum</strong></span> <span class='ocrx_word' id='word_1_545' title='bbox 2494 4682 2751 4738; x_wconf 87' lang='lat' dir='ltr'><strong>Dominus</strong></span> <span class='ocrx_word' id='word_1_546' title='bbox 2780 4684 2955 4751; x_wconf 88' lang='lat' dir='ltr'><strong>primi.</strong></span> <span class='ocrx_word' id='word_1_547' title='bbox 2989 4681 3082 4737; x_wconf 89' lang='lat' dir='ltr'><strong>Sic</strong></span> <span class='ocrx_word' id='word_1_548' title='bbox 3103 4680 3266 4735; x_wconf 83' lang='lat' dir='ltr'><strong>etiam</strong></span> <span class='ocrx_word' id='word_1_549' title='bbox 3290 4677 3573 4737; x_wconf 75' lang='grc' dir='ltr'><strong>Μαι-ειίης.</strong></span> 
     </span>
    </p>
   </div>
   <div class='ocr_carea' id='block_1_87' title="bbox 264 4752 3574 4839">
    <p class='ocr_par' dir='ltr' id='par_1_87' title="bbox 264 4752 3574 4839">
     <span class='ocr_line' id='line_1_88' title="bbox 264 4752 3574 4839; baseline -0.001 -28"><span class='ocrx_word' id='word_1_550' title='bbox 264 4752 504 4839; x_wconf 51' lang='lat' dir='ltr'><strong>Genesis.</strong></span> <span class='ocrx_word' id='word_1_551' title='bbox 532 4752 774 4839; x_wconf 83' lang='lat' dir='ltr'><strong>Su_bjicio</strong></span> <span class='ocrx_word' id='word_1_552' title='bbox 795 4752 1043 4814; x_wconf 77' lang='lat' dir='ltr'><strong>Martenii</strong></span> <span class='ocrx_word' id='word_1_553' title='bbox 1066 4752 1244 4825; x_wconf 82' lang='lat' dir='ltr'><strong>notas,</strong></span> <span class='ocrx_word' id='word_1_554' title='bbox 1270 4760 1466 4829; x_wconf 71' lang='lat' dir='ltr'><strong>quibus</strong></span> <span class='ocrx_word' id='word_1_555' title='bbox 1488 4772 1689 4828; x_wconf 88' lang='lat' dir='ltr'><strong>paucas</strong></span> <span class='ocrx_word' id='word_1_556' title='bbox 1715 4770 1864 4811; x_wconf 84' lang='lat' dir='ltr'><strong>meas</strong></span> <span class='ocrx_word' id='word_1_557' title='bbox 1892 4780 1945 4839; x_wconf 78' lang='grc' dir='ltr'>υ</span> <span class='ocrx_word' id='word_1_558' title='bbox 2130 4756 2277 4839; x_wconf 52' lang='lat' dir='ltr'><strong>Fidi}.</strong></span> <span class='ocrx_word' id='word_1_559' title='bbox 2300 4798 2315 4824; x_wconf 89' lang='lat'><strong>,</strong></span> <span class='ocrx_word' id='word_1_560' title='bbox 2346 4756 2591 4839; x_wconf 63' lang='lat' dir='ltr'><strong>verentia:</strong></span> <span class='ocrx_word' id='word_1_561' title='bbox 2637 4756 2815 4839; x_wconf 42' lang='lat' dir='ltr'><strong>illam.</strong></span> <span class='ocrx_word' id='word_1_562' title='bbox 2854 4781 2927 4794; x_wconf 91' lang='lat'><strong>—</strong></span> <span class='ocrx_word' id='word_1_563' title='bbox 2964 4752 3110 4839; x_wconf 53' lang='lat' dir='ltr'><strong>Lege</strong></span> <span class='ocrx_word' id='word_1_564' title='bbox 3139 4752 3424 4839; x_wconf 74' lang='lat' dir='ltr'><strong>verrentia.</strong></span> <span class='ocrx_word' id='word_1_565' title='bbox 3480 4752 3574 4807; x_wconf 90' lang='lat' dir='ltr'><strong>Sic</strong></span> 
     </span>
    </p>
   </div>
   <div class='ocr_carea' id='block_1_88' title="bbox 265 4829 896 4899">
    <p class='ocr_par' dir='ltr' id='par_1_88' title="bbox 265 4829 896 4899">
     <span class='ocr_line' id='line_1_89' title="bbox 265 4829 896 4899; baseline -0.002 -15"><span class='ocrx_word' id='word_1_566' title='bbox 265 4829 435 4899; x_wconf 85' lang='lat' dir='ltr'><strong>addo,</strong></span> <span class='ocrx_word' id='word_1_567' title='bbox 484 4840 577 4886; x_wconf 89' lang='lat' dir='ltr'><strong>aut</strong></span> <span class='ocrx_word' id='word_1_568' title='bbox 604 4830 896 4885; x_wconf 88' lang='lat' dir='ltr'><strong>intersero.</strong></span> 
     </span>
    </p>
   </div>
   <div class='ocr_carea' id='block_1_89' title="bbox 339 4900 1870 4971">
    <p class='ocr_par' dir='ltr' id='par_1_89' title="bbox 339 4900 1870 4971">
     <span class='ocr_line' id='line_1_90' title="bbox 339 4900 1870 4971; baseline -0.001 -14"><span class='ocrx_word' id='word_1_569' title='bbox 339 4900 503 4957; x_wconf 76' lang='lat' dir='ltr'><strong>Vere.</strong></span> <span class='ocrx_word' id='word_1_570' title='bbox 539 4905 591 4958; x_wconf 80' lang='lat' dir='ltr'><strong>l.</strong></span> <span class='ocrx_word' id='word_1_571' title='bbox 624 4900 768 4957; x_wconf 84' lang='lat' dir='ltr'><strong>Editi</strong></span> <span class='ocrx_word' id='word_1_572' title='bbox 802 4902 988 4971; x_wconf 84' lang='lat' dir='ltr'><strong>legunt</strong></span> <span class='ocrx_word' id='word_1_573' title='bbox 1028 4902 1222 4956; x_wconf 83' lang='lat' dir='ltr'><strong>creavit</strong></span> <span class='ocrx_word' id='word_1_574' title='bbox 1248 4946 1263 4969; x_wconf 85' lang='lat'><strong>,</strong></span> <span class='ocrx_word' id='word_1_575' title='bbox 1302 4915 1464 4970; x_wconf 82' lang='lat' dir='ltr'><strong>quam</strong></span> <span class='ocrx_word' id='word_1_576' title='bbox 1495 4916 1683 4956; x_wconf 82' lang='lat' dir='ltr'><strong>vocem</strong></span> <span class='ocrx_word' id='word_1_577' title='bbox 1709 4915 1870 4956; x_wconf 87' lang='lat' dir='ltr'><strong>usur-</strong></span> 
     </span>
    </p>
   </div>
   <div class='ocr_carea' id='block_1_90' title="bbox 264 4972 1867 5044">
    <p class='ocr_par' dir='ltr' id='par_1_90' title="bbox 264 4972 1867 5044">
     <span class='ocr_line' id='line_1_91' title="bbox 264 4972 1867 5044; baseline -0.001 -18"><span class='ocrx_word' id='word_1_578' title='bbox 264 4983 357 5044; x_wconf 78' lang='lat' dir='ltr'><strong>pat</strong></span> <span class='ocrx_word' id='word_1_579' title='bbox 403 4973 631 5040; x_wconf 71' lang='lat' dir='ltr'><strong>Vulgata</strong></span> <span class='ocrx_word' id='word_1_580' title='bbox 680 4975 892 5036; x_wconf 82' lang='lat' dir='ltr'><strong>versio,</strong></span> <span class='ocrx_word' id='word_1_581' title='bbox 946 4974 1190 5030; x_wconf 66' lang='lat' dir='ltr'><strong>iuvenco</strong></span> <span class='ocrx_word' id='word_1_582' title='bbox 1237 4974 1443 5044; x_wconf 74' lang='lat' dir='ltr'><strong>ignota.</strong></span> <span class='ocrx_word' id='word_1_583' title='bbox 1478 4972 1764 5027; x_wconf 68' lang='lat' dir='ltr'><strong>Murrane.</strong></span> <span class='ocrx_word' id='word_1_584' title='bbox 1795 5003 1867 5013; x_wconf 89' lang='lat'><strong>——</strong></span> 
     </span>
    </p>
   </div>
   <div class='ocr_carea' id='block_1_91' title="bbox 266 5041 789 5115">
    <p class='ocr_par' dir='ltr' id='par_1_91' title="bbox 266 5041 789 5115">
     <span class='ocr_line' id='line_1_92' title="bbox 266 5041 789 5115; baseline 0.006 -19"><span class='ocrx_word' id='word_1_585' title='bbox 266 5041 397 5098; x_wconf 86' lang='lat' dir='ltr'><strong>Itala</strong></span> <span class='ocrx_word' id='word_1_586' title='bbox 431 5046 618 5115; x_wconf 15' lang='lat' dir='ltr'><strong>ivcrsio</strong></span> <span class='ocrx_word' id='word_1_587' title='bbox 644 5046 789 5115; x_wconf 76' lang='lat' dir='ltr'><strong>fecit.</strong></span> 
     </span>
    </p>
   </div>
   <div class='ocr_carea' id='block_1_92' title="bbox 333 5114 1866 5187">
    <p class='ocr_par' dir='ltr' id='par_1_92' title="bbox 333 5114 1866 5187">
     <span class='ocr_line' id='line_1_93' title="bbox 333 5114 1866 5187; baseline -0.001 -18"><span class='ocrx_word' id='word_1_588' title='bbox 333 5117 392 5169; x_wconf 76' lang='lat'><strong>2.</strong></span> <span class='ocrx_word' id='word_1_589' title='bbox 429 5114 492 5169; x_wconf 84' lang='lat' dir='ltr'><strong>In</strong></span> <span class='ocrx_word' id='word_1_590' title='bbox 524 5114 754 5187; x_wconf 77' lang='lat' dir='ltr'><strong>Vulgata</strong></span> <span class='ocrx_word' id='word_1_591' title='bbox 784 5114 1024 5172; x_wconf 87' lang='lat' dir='ltr'><strong>editione</strong></span> <span class='ocrx_word' id='word_1_592' title='bbox 1048 5116 1311 5186; x_wconf 75' lang='lat' dir='ltr'><strong>legimus,</strong></span> <span class='ocrx_word' id='word_1_593' title='bbox 1354 5114 1522 5187; x_wconf 64' lang='lat' dir='ltr'><strong>Terra</strong></span> <span class='ocrx_word' id='word_1_594' title='bbox 1550 5123 1723 5168; x_wconf 89' lang='lat' dir='ltr'><strong>autem</strong></span> <span class='ocrx_word' id='word_1_595' title='bbox 1752 5124 1866 5187; x_wconf 85' lang='lat' dir='ltr'><strong>erat</strong></span> 
     </span>
    </p>
   </div>
   <div class='ocr_carea' id='block_1_93' title="bbox 262 5185 1865 5257">
    <p class='ocr_par' dir='ltr' id='par_1_93' title="bbox 262 5185 1865 5257">
     <span class='ocr_line' id='line_1_94' title="bbox 262 5185 1865 5257; baseline 0.001 -19"><span class='ocrx_word' id='word_1_596' title='bbox 262 5185 439 5243; x_wconf 86' lang='lat' dir='ltr'><strong>inanis</strong></span> <span class='ocrx_word' id='word_1_597' title='bbox 468 5199 516 5243; x_wconf 88' lang='lat' dir='ltr'><strong>et</strong></span> <span class='ocrx_word' id='word_1_598' title='bbox 544 5185 729 5243; x_wconf 76' lang='lat' dir='ltr'><strong>vacua.</strong></span> <span class='ocrx_word' id='word_1_599' title='bbox 788 5189 859 5243; x_wconf 85' lang='lat' dir='ltr'><strong>At</strong></span> <span class='ocrx_word' id='word_1_600' title='bbox 890 5185 1124 5257; x_wconf 75' lang='lat' dir='ltr'><strong>antiqua</strong></span> <span class='ocrx_word' id='word_1_601' title='bbox 1145 5190 1327 5243; x_wconf 78' lang='lat' dir='ltr'><strong>versit)</strong></span> <span class='ocrx_word' id='word_1_602' title='bbox 1355 5185 1566 5250; x_wconf 77' lang='lat' dir='ltr'><strong>Italica,</strong></span> <span class='ocrx_word' id='word_1_603' title='bbox 1597 5201 1760 5255; x_wconf 81' lang='lat' dir='ltr'><strong>quam</strong></span> <span class='ocrx_word' id='word_1_604' title='bbox 1788 5185 1865 5239; x_wconf 90' lang='lat' dir='ltr'><strong>ci-</strong></span> 
     </span>
    </p>
   </div>
   <div class='ocr_carea' id='block_1_94' title="bbox 264 5257 1861 5329">
    <p class='ocr_par' dir='ltr' id='par_1_94' title="bbox 264 5257 1861 5329">
     <span class='ocr_line' id='line_1_95' title="bbox 264 5257 1861 5329; baseline -0.001 -17"><span class='ocrx_word' id='word_1_605' title='bbox 264 5264 341 5312; x_wconf 85' lang='lat' dir='ltr'><strong>tat</strong></span> <span class='ocrx_word' id='word_1_606' title='bbox 366 5260 739 5329; x_wconf 73' lang='lat' dir='ltr'><strong>Angustinus,</strong></span> <span class='ocrx_word' id='word_1_607' title='bbox 779 5257 945 5313; x_wconf 82' lang='lat' dir='ltr'><strong>habet</strong></span> <span class='ocrx_word' id='word_1_608' title='bbox 993 5278 1006 5311; x_wconf 90' lang='lat'><strong>:</strong></span> <span class='ocrx_word' id='word_1_609' title='bbox 1061 5258 1219 5313; x_wconf 87' lang='lat' dir='ltr'><strong>Terra</strong></span> <span class='ocrx_word' id='word_1_610' title='bbox 1248 5269 1420 5313; x_wconf 87' lang='lat' dir='ltr'><strong>autent</strong></span> <span class='ocrx_word' id='word_1_611' title='bbox 1447 5266 1558 5313; x_wconf 89' lang='lat' dir='ltr'><strong>erat</strong></span> <span class='ocrx_word' id='word_1_612' title='bbox 1586 5257 1861 5311; x_wconf 80' lang='lat' dir='ltr'><strong>invisibilis</strong></span> 
     </span>
    </p>
   </div>
   <div class='ocr_carea' id='block_1_95' title="bbox 261 5329 1858 5399">
    <p class='ocr_par' dir='ltr' id='par_1_95' title="bbox 261 5329 1858 5399">
     <span class='ocr_line' id='line_1_96' title="bbox 261 5329 1858 5399; baseline 0.001 -18"><span class='ocrx_word' id='word_1_613' title='bbox 261 5338 312 5381; x_wconf 87' lang='lat' dir='ltr'><strong>et</strong></span> <span class='ocrx_word' id='word_1_614' title='bbox 338 5331 714 5399; x_wconf 87' lang='lat' dir='ltr'><strong>incomposita.</strong></span> <span class='ocrx_word' id='word_1_615' title='bbox 750 5329 928 5385; x_wconf 72' lang='grc' dir='ltr'><strong>ΜΑΜ.</strong></span> <span class='ocrx_word' id='word_1_616' title='bbox 960 5359 1030 5370; x_wconf 90' lang='grc'><strong>--</strong></span> <span class='ocrx_word' id='word_1_617' title='bbox 1062 5330 1292 5385; x_wconf 79' lang='lat' dir='ltr'><strong>Rivinus</strong></span> <span class='ocrx_word' id='word_1_618' title='bbox 1329 5345 1398 5384; x_wconf 81' lang='lat' dir='ltr'><strong>ex</strong></span> <span class='ocrx_word' id='word_1_619' title='bbox 1429 5329 1749 5399; x_wconf 70' lang='lat' dir='ltr'><strong>conjectura</strong></span> <span class='ocrx_word' id='word_1_620' title='bbox 1778 5330 1858 5383; x_wconf 84' lang='lat' dir='ltr'><strong>le-</strong></span> 
     </span>
    </p>
   </div>
   <div class='ocr_carea' id='block_1_96' title="bbox 261 5398 1865 5475">
    <p class='ocr_par' dir='ltr' id='par_1_96' title="bbox 261 5398 1865 5475">
     <span class='ocr_line' id='line_1_97' title="bbox 261 5398 1865 5475; baseline -0.001 -21"><span class='ocrx_word' id='word_1_621' title='bbox 261 5401 340 5470; x_wconf 88' lang='lat' dir='ltr'><strong>git</strong></span> <span class='ocrx_word' id='word_1_622' title='bbox 362 5398 595 5475; x_wconf 63' lang='lat' dir='ltr'><strong>lanaque</strong></span> <span class='ocrx_word' id='word_1_623' title='bbox 632 5417 729 5475; x_wconf 85' lang='lat' dir='ltr'><strong>pro</strong></span> <span class='ocrx_word' id='word_1_624' title='bbox 760 5400 1023 5473; x_wconf 85' lang='lat' dir='ltr'><strong>Namque.</strong></span> <span class='ocrx_word' id='word_1_625' title='bbox 1062 5400 1197 5457; x_wconf 87' lang='lat' dir='ltr'><strong>Cum</strong></span> <span class='ocrx_word' id='word_1_626' title='bbox 1223 5398 1744 5472; x_wconf 78' lang='lat' dir='ltr'><strong>Augustinulegunt</strong></span> <span class='ocrx_word' id='word_1_627' title='bbox 1773 5398 1865 5454; x_wconf 89' lang='lat' dir='ltr'><strong>alii</strong></span> 
     </span>
    </p>
   </div>
   <div class='ocr_carea' id='block_1_97' title="bbox 261 5473 828 5540">
    <p class='ocr_par' dir='ltr' id='par_1_97' title="bbox 261 5473 828 5540">
     <span class='ocr_line' id='line_1_98' title="bbox 261 5473 828 5540; baseline 0.007 -15"><span class='ocrx_word' id='word_1_628' title='bbox 261 5474 408 5540; x_wconf 78' lang='lat' dir='ltr'><strong>apud</strong></span> <span class='ocrx_word' id='word_1_629' title='bbox 441 5473 828 5530; x_wconf 84' lang='lat' dir='ltr'><strong>Sabatierium.</strong></span> 
     </span>
    </p>
   </div>
   <div class='ocr_carea' id='block_1_98' title="bbox 332 5543 1866 5616">
    <p class='ocr_par' dir='ltr' id='par_1_98' title="bbox 332 5543 1866 5616">
     <span class='ocr_line' id='line_1_99' title="bbox 332 5543 1866 5616; baseline 0 -17"><span class='ocrx_word' id='word_1_630' title='bbox 332 5546 390 5599; x_wconf 86' lang='lat'><strong>5.</strong></span> <span class='ocrx_word' id='word_1_631' title='bbox 428 5545 599 5602; x_wconf 85' lang='lat' dir='ltr'><strong>Paulo</strong></span> <span class='ocrx_word' id='word_1_632' title='bbox 630 5544 971 5616; x_wconf 17' lang='lat' dir='ltr'><strong>aliteribnnc</strong></span> <span class='ocrx_word' id='word_1_633' title='bbox 998 5558 1219 5599; x_wconf 84' lang='lat' dir='ltr'><strong>versum</strong></span> <span class='ocrx_word' id='word_1_634' title='bbox 1259 5548 1387 5616; x_wconf 77' lang='lat' dir='ltr'><strong>legit</strong></span> <span class='ocrx_word' id='word_1_635' title='bbox 1422 5543 1716 5607; x_wconf 84' lang='lat' dir='ltr'><strong>Pamelius.</strong></span> <span class='ocrx_word' id='word_1_636' title='bbox 1746 5544 1866 5616; x_wconf 81' lang='lat' dir='ltr'><strong>hoc</strong></span> 
     </span>
    </p>
   </div>
   <div class='ocr_carea' id='block_1_99' title="bbox 259 5613 1862 5691">
    <p class='ocr_par' dir='ltr' id='par_1_99' title="bbox 259 5613 1862 5691">
     <span class='ocr_line' id='line_1_100' title="bbox 259 5613 1862 5691; baseline 0 -22"><span class='ocrx_word' id='word_1_637' title='bbox 259 5613 527 5691; x_wconf 68' lang='lat' dir='ltr'><strong>nimirum</strong></span> <span class='ocrx_word' id='word_1_638' title='bbox 548 5618 711 5672; x_wconf 80' lang='lat' dir='ltr'><strong>modo</strong></span> <span class='ocrx_word' id='word_1_639' title='bbox 743 5614 898 5691; x_wconf 83' lang='lat' dir='ltr'><strong>:Ha_s</strong></span> <span class='ocrx_word' id='word_1_640' title='bbox 939 5616 1062 5691; x_wconf 74' lang='lat' dir='ltr'><strong>dum</strong></span> <span class='ocrx_word' id='word_1_641' title='bbox 1102 5613 1334 5691; x_wconf 79' lang='lat' dir='ltr'><strong>disjnngi</strong></span> <span class='ocrx_word' id='word_1_642' title='bbox 1352 5617 1509 5690; x_wconf 82' lang='lat' dir='ltr'><strong>jussit</strong></span> <span class='ocrx_word' id='word_1_643' title='bbox 1536 5615 1862 5691; x_wconf 70' lang='lat' dir='ltr'><strong>de_cartline,</strong></span> 
     </span>
    </p>
   </div>
   <div class='ocr_carea' id='block_1_100' title="bbox 258 5685 1864 5760">
    <p class='ocr_par' dir='ltr' id='par_1_100' title="bbox 258 5685 1864 5760">
     <span class='ocr_line' id='line_1_101' title="bbox 258 5685 1864 5760; baseline 0.002 -22"><span class='ocrx_word' id='word_1_644' title='bbox 258 5685 429 5760; x_wconf 65' lang='lat' dir='ltr'><strong>fatur.</strong></span> <span class='ocrx_word' id='word_1_645' title='bbox 466 5687 640 5760; x_wconf 57' lang='lat' dir='ltr'><strong>Mser.</strong></span> <span class='ocrx_word' id='word_1_646' title='bbox 686 5692 826 5744; x_wconf 83' lang='lat' dir='ltr'><strong>Ante</strong></span> <span class='ocrx_word' id='word_1_647' title='bbox 857 5685 1300 5747; x_wconf 58' lang='lat' dir='ltr'><strong>Pamelium&#39;sic&#39;</strong></span> <span class='ocrx_word' id='word_1_648' title='bbox 1328 5685 1573 5760; x_wconf 77' lang='lat' dir='ltr'><strong>legerant</strong></span> <span class='ocrx_word' id='word_1_649' title='bbox 1604 5686 1864 5743; x_wconf 80' lang='lat' dir='ltr'><strong>Murelius</strong></span> 
     </span>
    </p>
   </div>
   <div class='ocr_carea' id='block_1_101' title="bbox 257 5754 648 5816">
    <p class='ocr_par' dir='ltr' id='par_1_101' title="bbox 257 5754 648 5816">
     <span class='ocr_line' id='line_1_102' title="bbox 257 5754 648 5816; baseline 0.008 -6"><span class='ocrx_word' id='word_1_650' title='bbox 257 5766 317 5811; x_wconf 87' lang='lat' dir='ltr'><strong>et</strong></span> <span class='ocrx_word' id='word_1_651' title='bbox 348 5754 648 5816; x_wconf 80' lang='lat' dir='ltr'><strong>Fabricius.</strong></span> 
     </span>
    </p>
   </div>
   <div class='ocr_carea' id='block_1_102' title="bbox 1971 4824 3330 4895">
    <p class='ocr_par' dir='ltr' id='par_1_102' title="bbox 1971 4824 3330 4895">
     <span class='ocr_line' id='line_1_103' title="bbox 1971 4824 3330 4895; baseline -0.005 -11"><span class='ocrx_word' id='word_1_652' title='bbox 1971 4830 2116 4884; x_wconf 91' lang='lat' dir='ltr'><strong>enim</strong></span> <span class='ocrx_word' id='word_1_653' title='bbox 2145 4827 2333 4894; x_wconf 85' lang='lat' dir='ltr'><strong>Fahr.,</strong></span> <span class='ocrx_word' id='word_1_654' title='bbox 2365 4828 2624 4882; x_wconf 78' lang='lat' dir='ltr'><strong>verrentia</strong></span> <span class='ocrx_word' id='word_1_655' title='bbox 2649 4827 2831 4880; x_wconf 89' lang='lat' dir='ltr'><strong>littora</strong></span> <span class='ocrx_word' id='word_1_656' title='bbox 2865 4834 2988 4895; x_wconf 88' lang='lat' dir='ltr'><strong>post</strong></span> <span class='ocrx_word' id='word_1_657' title='bbox 3016 4824 3330 4880; x_wconf 78' lang='lat' dir='ltr'><strong>Morelium.</strong></span> 
     </span>
    </p>
   </div>
   <div class='ocr_carea' id='block_1_103' title="bbox 2030 4896 3579 4984">
    <p class='ocr_par' dir='ltr' id='par_1_103' title="bbox 2030 4896 3579 4984">
     <span class='ocr_line' id='line_1_104' title="bbox 2030 4896 3579 4984; baseline -0.005 -30"><span class='ocrx_word' id='word_1_658' title='bbox 2030 4901 2134 4984; x_wconf 48' lang='grc' dir='ltr'><strong>μδ.</strong></span> <span class='ocrx_word' id='word_1_659' title='bbox 2166 4899 2400 4955; x_wconf 84' lang='lat' dir='ltr'><strong>Rivinus</strong></span> <span class='ocrx_word' id='word_1_660' title='bbox 2440 4915 2506 4953; x_wconf 79' lang='lat' dir='ltr'><strong>ex</strong></span> <span class='ocrx_word' id='word_1_661' title='bbox 2549 4900 2765 4971; x_wconf 81' lang='lat' dir='ltr'><strong>ingenio</strong></span> <span class='ocrx_word' id='word_1_662' title='bbox 2812 4898 3029 4967; x_wconf 82' lang='lat' dir='ltr'><strong>reponit</strong></span> <span class='ocrx_word' id='word_1_663' title='bbox 3052 4896 3296 4968; x_wconf 86' lang='lat' dir='ltr'><strong>gramina</strong></span> <span class='ocrx_word' id='word_1_664' title='bbox 3329 4908 3429 4964; x_wconf 92' lang='lat' dir='ltr'><strong>pro</strong></span> <span class='ocrx_word' id='word_1_665' title='bbox 3457 4909 3579 4967; x_wconf 83' lang='lat' dir='ltr'><strong>ger-</strong></span> 
     </span>
    </p>
   </div>
   <div class='ocr_carea' id='block_1_104' title="bbox 1971 4987 2133 5025">
    <p class='ocr_par' dir='ltr' id='par_1_104' title="bbox 1971 4987 2133 5025">
     <span class='ocr_line' id='line_1_105' title="bbox 1971 4987 2133 5025; baseline -0.006 -1"><span class='ocrx_word' id='word_1_666' title='bbox 1971 4987 2112 5025; x_wconf 76' lang='lat' dir='ltr'><strong>mina</strong></span> <span class='ocrx_word' id='word_1_667' title='bbox 2119 5009 2133 5023; x_wconf 86' lang='lat'><strong>.</strong></span> 
     </span>
    </p>
   </div>
   <div class='ocr_carea' id='block_1_105' title="bbox 2042 5033 3571 5098">
    <p class='ocr_par' dir='ltr' id='par_1_105' title="bbox 2042 5033 3571 5098">
     <span class='ocr_line' id='line_1_106' title="bbox 2042 5033 3571 5098; baseline -0.005 -2"><span class='ocrx_word' id='word_1_668' title='bbox 2042 5043 2130 5096; x_wconf 77' lang='grc'><strong>15.</strong></span> <span class='ocrx_word' id='word_1_669' title='bbox 2162 5041 2307 5096; x_wconf 88' lang='lat' dir='ltr'><strong>Nihil</strong></span> <span class='ocrx_word' id='word_1_670' title='bbox 2354 5052 2505 5097; x_wconf 88' lang='lat' dir='ltr'><strong>notat</strong></span> <span class='ocrx_word' id='word_1_671' title='bbox 2552 5041 2886 5098; x_wconf 84' lang='lat' dir='ltr'><strong>Martenius:</strong></span> <span class='ocrx_word' id='word_1_672' title='bbox 2937 5038 3032 5095; x_wconf 86' lang='lat' dir='ltr'><strong>sed</strong></span> <span class='ocrx_word' id='word_1_673' title='bbox 3083 5036 3367 5093; x_wconf 87' lang='lat' dir='ltr'><strong>Fabricius</strong></span> <span class='ocrx_word' id='word_1_674' title='bbox 3406 5033 3571 5089; x_wconf 89' lang='lat' dir='ltr'><strong>habet</strong></span> 
     </span>
    </p>
   </div>
   <div class='ocr_carea' id='block_1_106' title="bbox 1972 5112 3430 5186">
    <p class='ocr_par' dir='ltr' id='par_1_106' title="bbox 1972 5112 3430 5186">
     <span class='ocr_line' id='line_1_107' title="bbox 1972 5112 3430 5186; baseline 0.001 -21"><span class='ocrx_word' id='word_1_675' title='bbox 1972 5114 2171 5182; x_wconf 82' lang='lat' dir='ltr'><strong>Quarta</strong></span> <span class='ocrx_word' id='word_1_676' title='bbox 2189 5113 2331 5186; x_wconf 82' lang='lat' dir='ltr'><strong>dies,</strong></span> <span class='ocrx_word' id='word_1_677' title='bbox 2360 5114 2503 5186; x_wconf 84' lang='lat' dir='ltr'><strong>quod</strong></span> <span class='ocrx_word' id='word_1_678' title='bbox 2538 5123 2712 5186; x_wconf 86' lang='lat' dir='ltr'><strong>metro</strong></span> <span class='ocrx_word' id='word_1_679' title='bbox 2742 5112 3007 5186; x_wconf 65' lang='lat' dir='ltr'><strong>cohaeret.</strong></span> <span class='ocrx_word' id='word_1_680' title='bbox 3145 5180 3178 5186; x_wconf 86' lang='lat'><strong>__</strong></span> <span class='ocrx_word' id='word_1_681' title='bbox 3418 5174 3430 5186; x_wconf 50' lang='grc'><em>,</em></span> 
     </span>
    </p>
   </div>
   <div class='ocr_carea' id='block_1_107' title="bbox 2041 5176 3569 5254">
    <p class='ocr_par' dir='ltr' id='par_1_107' title="bbox 2041 5176 3569 5254">
     <span class='ocr_line' id='line_1_108' title="bbox 2041 5176 3569 5254; baseline -0.005 -15"><span class='ocrx_word' id='word_1_682' title='bbox 2041 5187 2130 5239; x_wconf 75' lang='lat' dir='ltr'><strong>ili.</strong></span> <span class='ocrx_word' id='word_1_683' title='bbox 2163 5176 2328 5247; x_wconf 74' lang='lat' dir='ltr'><strong>Edit.,</strong></span> <span class='ocrx_word' id='word_1_684' title='bbox 2354 5176 2528 5254; x_wconf 75' lang='lat' dir='ltr'><strong>fingit.</strong></span> <span class='ocrx_word' id='word_1_685' title='bbox 2553 5185 2822 5254; x_wconf 50' lang='grc' dir='ltr'><strong>ΜΑιισι-η-</strong></span> <span class='ocrx_word' id='word_1_686' title='bbox 2843 5180 3249 5254; x_wconf 11' lang='grc' dir='ltr'>[ιοιιεθᾲιιιριίιιε</span> <span class='ocrx_word' id='word_1_687' title='bbox 3271 5186 3356 5254; x_wconf 77' lang='lat' dir='ltr'><strong>cst</strong></span> <span class='ocrx_word' id='word_1_688' title='bbox 3377 5176 3569 5254; x_wconf 82' lang='lat' dir='ltr'><strong>pingit.</strong></span> 
     </span>
    </p>
   </div>
   <div class='ocr_carea' id='block_1_108' title="bbox 2042 5202 3569 5324">
    <p class='ocr_par' dir='ltr' id='par_1_108' title="bbox 2042 5202 3569 5324">
     <span class='ocr_line' id='line_1_109' title="bbox 2042 5202 3569 5309; baseline -0.005 -70"><span class='ocrx_word' id='word_1_689' title='bbox 2042 5202 2130 5239; x_wconf 78' lang='lat' dir='ltr'><strong>‘ID.</strong></span> <span class='ocrx_word' id='word_1_690' title='bbox 2163 5202 2328 5247; x_wconf 66' lang='grc' dir='ltr'>ιιιιιι..</span> <span class='ocrx_word' id='word_1_691' title='bbox 2354 5202 2528 5309; x_wconf 49' lang='lat' dir='ltr'><strong>ﬁtfit.</strong></span> <span class='ocrx_word' id='word_1_692' title='bbox 2553 5202 2822 5257; x_wconf 54' lang='lat' dir='ltr'><strong>MARTsf-</strong></span> <span class='ocrx_word' id='word_1_693' title='bbox 2843 5202 3029 5250; x_wconf 73' lang='lat' dir='ltr'><strong>Longe</strong></span> <span class='ocrx_word' id='word_1_694' title='bbox 3052 5202 3249 5234; x_wconf 69' lang='lat' dir='ltr'><strong>melius</strong></span> <span class='ocrx_word' id='word_1_695' title='bbox 3271 5202 3356 5258; x_wconf 55' lang='lat' dir='ltr'><strong>C?l</strong></span> <span class='ocrx_word' id='word_1_696' title='bbox 3377 5202 3569 5247; x_wconf 78' lang='lat' dir='ltr'><strong>pmgts.</strong></span> 
     </span>
     <span class='ocr_line' id='line_1_110' title="bbox 2042 5249 3569 5324; baseline -0.006 -14"><span class='ocrx_word' id='word_1_697' title='bbox 2042 5257 2133 5310; x_wconf 78' lang='grc'><strong>19.</strong></span> <span class='ocrx_word' id='word_1_698' title='bbox 2167 5255 2315 5310; x_wconf 79' lang='grc' dir='ltr'>Ειιίι.</span> <span class='ocrx_word' id='word_1_699' title='bbox 2338 5297 2354 5320; x_wconf 87' lang='grc'>,</span> <span class='ocrx_word' id='word_1_700' title='bbox 2455 5257 2708 5324; x_wconf 87' lang='lat' dir='ltr'><strong>tquinta,</strong></span> <span class='ocrx_word' id='word_1_701' title='bbox 2759 5256 2965 5309; x_wconf 73' lang='lat' dir='ltr'><strong>omisso</strong></span> <span class='ocrx_word' id='word_1_702' title='bbox 2993 5252 3103 5314; x_wconf 89' lang='lat' dir='ltr'><strong>die,</strong></span> <span class='ocrx_word' id='word_1_703' title='bbox 3158 5264 3265 5304; x_wconf 92' lang='lat' dir='ltr'><strong>non</strong></span> <span class='ocrx_word' id='word_1_704' title='bbox 3306 5258 3382 5324; x_wconf 76' lang='lat' dir='ltr'><strong>ita</strong></span> <span class='ocrx_word' id='word_1_705' title='bbox 3406 5249 3569 5301; x_wconf 88' lang='lat' dir='ltr'><strong>bene.</strong></span> 
     </span>
    </p>
   </div>
   <div class='ocr_carea' id='block_1_109' title="bbox 1971 5318 3564 5390">
    <p class='ocr_par' dir='ltr' id='par_1_109' title="bbox 1971 5318 3564 5390">
     <span class='ocr_line' id='line_1_111' title="bbox 1971 5318 3564 5390; baseline -0.008 -8"><span class='ocrx_word' id='word_1_706' title='bbox 1971 5328 2148 5383; x_wconf 79' lang='grc' dir='ltr'>ΜΑιιτ.</span> <span class='ocrx_word' id='word_1_707' title='bbox 2183 5357 2255 5368; x_wconf 90' lang='lat'><strong><em>—</em></strong></span> <span class='ocrx_word' id='word_1_708' title='bbox 2285 5318 2537 5383; x_wconf 71' lang='lat' dir='ltr'><strong>Editur-es</strong></span> <span class='ocrx_word' id='word_1_709' title='bbox 2580 5335 2795 5383; x_wconf 70' lang='lat' dir='ltr'><strong>Veteres</strong></span> <span class='ocrx_word' id='word_1_710' title='bbox 2823 5360 2849 5390; x_wconf 52' lang='grc' dir='ltr'><strong>,ν</strong></span> <span class='ocrx_word' id='word_1_711' title='bbox 2886 5332 2947 5380; x_wconf 86' lang='grc' dir='ltr'><strong>ιιι</strong></span> <span class='ocrx_word' id='word_1_712' title='bbox 2992 5332 3165 5377; x_wconf 91' lang='lat' dir='ltr'><strong>metro</strong></span> <span class='ocrx_word' id='word_1_713' title='bbox 3194 5318 3564 5385; x_wconf 87' lang='lat' dir='ltr'><strong>consulerent,</strong></span> 
     </span>
    </p>
   </div>
   <div class='ocr_carea' id='block_1_110' title="bbox 1973 5398 3099 5473">
    <p class='ocr_par' dir='ltr' id='par_1_110' title="bbox 1973 5398 3099 5473">
     <span class='ocr_line' id='line_1_112' title="bbox 1973 5398 3099 5473; baseline -0.008 -18"><span class='ocrx_word' id='word_1_714' title='bbox 1973 5400 2391 5473; x_wconf 61' lang='lat' dir='ltr'><strong>rescripsernnt.</strong></span> <span class='ocrx_word' id='word_1_715' title='bbox 2431 5400 2494 5453; x_wconf 85' lang='lat' dir='ltr'><strong>At</strong></span> <span class='ocrx_word' id='word_1_716' title='bbox 2521 5400 2700 5473; x_wconf 84' lang='lat' dir='ltr'><strong>quinta</strong></span> <span class='ocrx_word' id='word_1_717' title='bbox 2728 5398 3011 5473; x_wconf 75' lang='lat' dir='ltr'><strong>accipiunt.</strong></span> <span class='ocrx_word' id='word_1_718' title='bbox 3067 5464 3099 5473; x_wconf 49' lang='grc' dir='ltr'>η</span> 
     </span>
    </p>
   </div>
   <div class='ocr_carea' id='block_1_111' title="bbox 2041 5458 3568 5538">
    <p class='ocr_par' dir='ltr' id='par_1_111' title="bbox 2041 5458 3568 5538">
     <span class='ocr_line' id='line_1_113' title="bbox 2041 5458 3568 5538; baseline -0.006 -15"><span class='ocrx_word' id='word_1_719' title='bbox 2041 5458 2320 5526; x_wconf 71' lang='grc' dir='ltr'>20.Ἠιιιιε</span> <span class='ocrx_word' id='word_1_720' title='bbox 2361 5458 2577 5524; x_wconf 75' lang='lat' dir='ltr'><strong>versum</strong></span> <span class='ocrx_word' id='word_1_721' title='bbox 2624 5471 2696 5525; x_wconf 89' lang='lat' dir='ltr'><strong>ita</strong></span> <span class='ocrx_word' id='word_1_722' title='bbox 2730 5458 2857 5538; x_wconf 75' lang='lat' dir='ltr'><strong>Iegii</strong></span> <span class='ocrx_word' id='word_1_723' title='bbox 2901 5458 3568 5538; x_wconf 38' lang='lat' dir='ltr'><strong>PamcliuszhEtvolucres</strong></span> 
     </span>
    </p>
   </div>
   <div class='ocr_carea' id='block_1_112' title="bbox 1970 5529 3566 5612">
    <p class='ocr_par' dir='ltr' id='par_1_112' title="bbox 1970 5529 3566 5612">
     <span class='ocr_line' id='line_1_114' title="bbox 1970 5529 3566 5612; baseline -0.008 -16"><span class='ocrx_word' id='word_1_724' title='bbox 1970 5543 2136 5596; x_wconf 80' lang='lat' dir='ltr'><strong>varias</strong></span> <span class='ocrx_word' id='word_1_725' title='bbox 2167 5540 2488 5612; x_wconf 88' lang='lat' dir='ltr'><strong>suspendunt</strong></span> <span class='ocrx_word' id='word_1_726' title='bbox 2521 5558 2637 5595; x_wconf 88' lang='lat' dir='ltr'><strong>aere</strong></span> <span class='ocrx_word' id='word_1_727' title='bbox 2662 5529 2875 5612; x_wconf 71' lang='lat' dir='ltr'><strong>pennas.</strong></span> <span class='ocrx_word' id='word_1_728' title='bbox 2901 5538 3084 5593; x_wconf 71' lang='lat' dir='ltr'><strong>Msn‘t‘.</strong></span> <span class='ocrx_word' id='word_1_729' title='bbox 3114 5561 3183 5573; x_wconf 93' lang='lat'><strong><em>—</em></strong></span> <span class='ocrx_word' id='word_1_730' title='bbox 3205 5529 3340 5587; x_wconf 88' lang='lat' dir='ltr'><strong>Cutn</strong></span> <span class='ocrx_word' id='word_1_731' title='bbox 3370 5531 3566 5585; x_wconf 73' lang='lat' dir='ltr'><strong>Parne-</strong></span> 
     </span>
    </p>
   </div>
   <div class='ocr_carea' id='block_1_113' title="bbox 1969 5611 3208 5677">
    <p class='ocr_par' dir='ltr' id='par_1_113' title="bbox 1969 5611 3208 5677">
     <span class='ocr_line' id='line_1_115' title="bbox 1969 5611 3208 5677; baseline -0.009 -10"><span class='ocrx_word' id='word_1_732' title='bbox 1969 5612 2044 5668; x_wconf 89' lang='lat' dir='ltr'><strong>lio</strong></span> <span class='ocrx_word' id='word_1_733' title='bbox 2070 5611 2196 5666; x_wconf 80' lang='lat' dir='ltr'><strong>facit</strong></span> <span class='ocrx_word' id='word_1_734' title='bbox 2229 5611 2533 5677; x_wconf 78' lang='lat' dir='ltr'><strong>Fabricius,</strong></span> <span class='ocrx_word' id='word_1_735' title='bbox 2572 5611 2667 5666; x_wconf 85' lang='lat' dir='ltr'><strong>sed</strong></span> <span class='ocrx_word' id='word_1_736' title='bbox 2699 5625 2916 5674; x_wconf 85' lang='lat' dir='ltr'><strong>corpore</strong></span> <span class='ocrx_word' id='word_1_737' title='bbox 2944 5624 3040 5673; x_wconf 83' lang='lat' dir='ltr'><strong>pro</strong></span> <span class='ocrx_word' id='word_1_738' title='bbox 3068 5620 3208 5660; x_wconf 88' lang='lat' dir='ltr'><strong>aere.</strong></span> 
     </span>
    </p>
   </div>
   <div class='ocr_carea' id='block_1_114' title="bbox 2038 5679 3087 5756">
    <p class='ocr_par' dir='ltr' id='par_1_114' title="bbox 2038 5679 3087 5756">
     <span class='ocr_line' id='line_1_116' title="bbox 2038 5679 3087 5756; baseline -0.007 -16"><span class='ocrx_word' id='word_1_739' title='bbox 2038 5683 2129 5756; x_wconf 74' lang='lat' dir='ltr'><strong>2i.</strong></span> <span class='ocrx_word' id='word_1_740' title='bbox 2162 5685 2332 5756; x_wconf 56' lang='grc' dir='ltr'><strong>δάιε..</strong></span> <span class='ocrx_word' id='word_1_741' title='bbox 2367 5684 2536 5756; x_wconf 67' lang='lat' dir='ltr'><strong>Sexta</strong></span> <span class='ocrx_word' id='word_1_742' title='bbox 2556 5682 2885 5756; x_wconf 78' lang='lat' dir='ltr'><strong>prtegelidos.</strong></span> <span class='ocrx_word' id='word_1_743' title='bbox 2915 5679 3087 5735; x_wconf 77' lang='grc' dir='ltr'>ΜΑιιτ.</span> 
     </span>
    </p>
   </div>
   <div class='ocr_carea' id='block_1_115' title="bbox 2038 5753 2914 5827">
    <p class='ocr_par' dir='ltr' id='par_1_115' title="bbox 2038 5753 2914 5827">
     <span class='ocr_line' id='line_1_117' title="bbox 2038 5753 2914 5827; baseline -0.001 -19"><span class='ocrx_word' id='word_1_744' title='bbox 2038 5754 2130 5809; x_wconf 71' lang='lat'><strong>2‘2.</strong></span> <span class='ocrx_word' id='word_1_745' title='bbox 2160 5754 2351 5825; x_wconf 84' lang='lat' dir='ltr'><strong>Fabr.,</strong></span> <span class='ocrx_word' id='word_1_746' title='bbox 2384 5753 2914 5827; x_wconf 77' lang='lat' dir='ltr'><strong>Quadrupedumque.</strong></span> 
     </span>
    </p>
   </div>
  </div>
