4096 6182
456 207 562 269 5‘7

606 323 729 379 "ate
757 323 844 379 ubi
872 322 1142 380 constituit
1172 322 1347 381 divina
1374 323 1606 392 polentia
1633 324 1802 389 iussu,

603 416 871 475 [lectorem
897 415 1174 483 inspiciens
1206 414 1487 471 mundanis
1516 413 1695 485 defore
1724 417 1902 484 rebus,

604 507 729 569 Ηωο
758 516 1048 561 memorat:
1087 506 1362 561 Hominem
1386 508 1577 561 nostris
1600 508 1853 578 faciamus
1877 507 1932 561 in
1952 524 2050 562 un-

1815 598 1989 674 [gnem

610 691 848 746 Vultibus
875 690 1177 759 assimilem,
1212 700 1318 746 toto
1344 690 1432 761 qui
1459 702 1641 764 regnet
1660 692 1716 749 in
1741 692 1882 748 orbe.

603 785 671 841 Et
701 783 817 840 licet
845 783 983 841 hunc
1006 787 1117 845 solo
1146 795 1315 858 posset
1346 800 1650 858 componere
1675 782 1849 851 verba,

494 877 566 935 50
605 877 726 949 Ipse
752 888 920 934 tamen
948 890 1126 933 saneta
1156 878 1400 950 dignatus
1419 878 1605 936 ducere
1630 878 1833 945 dextra,

602 968 834 1041 Inspirat
857 970 1060 1027 brutum
1085 969 1261 1025 divino
1289 988 1321 1023 a
1340 979 1544 1042 pectore
1564 982 1761 1040 pectus.

460 1063 611 1123 CAP.
647 1064 711 1122 ll.
761 1064 923 1135 Quem
974 1072 1244 1135 postquam
1291 1064 1454 1137 efﬁgie
1503 1068 1785 1137 formatum
1833 1080 1924 1123 ceu
1958 1080 2056 1127 sua

1792 1157 1812 1232 [
1838 1160 1981 1219 vidit.

603 1248 815 1305 Metitur
841 1251 1010 1305 solum
1039 1251 1304 1307 mordaces
1340 1250 1542 1306 voluere
1576 1266 1753 1306 curas.

604 1341 759 1397 Ilicet
780 1343 979 1414 irriguo
1010 1342 1278 1415 perfundit
1308 1343 1508 1398 lumina
1533 1358 1736 1412 somno,

494 1432 566 1488 35
605 1432 659 1488 Μ
666 1434 820 1489 ollius
851 1444 901 1489 ttt
932 1433 1078 1489 vulsa
1108 1438 1360 1506 formetur
1391 1436 1581 1508 femina
1608 1444 1773 1507 costa,

608 1526 775 1596 Atque
798 1537 944 1581 artus
989 1527 1150 1581 mixta
1179 1527 1408 1598 geminos
1436 1526 1719 1583 substantia
1750 1527 1931 1596 ﬁrmet,

610 1616 821 1672 luditur
847 1627 894 1671 et
928 1633 1136 1685 nomen,
1167 1620 1284 1673 vitta
1307 1620 1447 1690 quod
1475 1620 1686 1687 dicitur,
1721 1620 1846 1674 Era.

611 1711 936 1780 Quapmpter
965 1713 1074 1765 nati
1097 1713 1340 1781 linquunt
1370 1716 1435 1768 de
1464 1730 1606 1768 more
1628 1724 1885 1781 parentes,

612 1805 1033 1878 Confugibusque
1055 1808 1164 1861 suis
1194 1808 1373 1877 positis
1403 1824 1521 1862 cum
1549 1808 1756 1865 sedibus
1788 1810 2001 1867 luerent.

498 1899 569 1954 40
611 1900 843 1967 Septima
875 1897 990 1954 luce
1017 1897 1160 1954 Deus
1193 1900 1449 1969 factorum
1477 1900 1582 1970 fine
1607 1902 1815 1969 quievit,

610 1993 883 2046 Sacratam
907 2001 1134 2048 statuens
1160 1993 1359 2048 t'enturi
1380 1992 1446 2047 ad
1472 1994 1663 2063 gaudia
1689 1992 1849 2049 saecli.

608 2083 759 2141 Ilicet
789 2084 1028 2143 exhibitis
1051 2086 1375 2142 animantum
1405 2102 1469 2145 ex
1492 2086 1677 2140 ordine
1701 2087 1886 2154 turbis,

618 2175 826 2232 Viritim
857 2178 1054 2232 cunctis
1081 2194 1290 2245 nomen,
1323 2177 1463 2249 quod
1490 2188 1775 2250 permanet,
1805 2179 1936 2235 indit

610 2269 866 2334 Adamus,
889 2268 1083 2323 donata
1112 2268 1209 2322 sibi
1243 2269 1515 2336 prudentia
1541 2270 1722 2323 solers.

502 2358 574 2415 45
613 2359 777 2427 Quem
808 2359 947 2415 Deus
974 2359 1227 2431 alloquio,
1241 2364 1481 2432 junctam
1505 2362 1751 2433 dignatur
1780 2373 1827 2421 et
1859 2362 2017 2425 Evam
2051 2381 2069 2419 :

612 2454 836 2510 Crescite
860 2455 1169 2510 multimodo
1197 2466 1414 2510 ventura
1440 2457 1493 2511 in
1517 2466 1747 2529 tempora
1771 2467 1927 2531 partit
1942 2500 1958 2525 ν

614 2547 681 2604 Ut
713 2549 886 2621 polus,
916 2560 964 2603 et
990 2550 1159 2619 plena:
1183 2559 1350 2604 vestro
1378 2552 1479 2604 sint
1508 2552 1737 2623 germine
1765 2562 1936 2619 terrte,

618 2639 971 2711 Hmedesque
998 2643 1117 2707 mei,
1146 2643 1316 2699 uarios
1338 2640 1595 2715 decerpite
1623 2645 1845 2715 fructus,

616 2733 759 2800 Quos
788 2749 1023 2798 nemora,
1048 2742 1095 2787 et
1121 2734 1305 2806 pingui
1325 2734 1546 2789 reddunt
1566 2736 1631 2789 de
1656 2736 1845 2806 cespite
1876 2737 2067 2808 campi.

505 2827 576 2883 50
618 2825 744 2881 Htec
775 2826 863 2881 ubi
892 2828 1157 2896 disseruit,
1186 2835 1304 2882 taeta
1329 2830 1603 2897 paradisus
1631 2831 1684 2884 in
1714 2829 1840 2885 aula

618 2918 926 2986 lnstruitur,
959 2921 1214 2992 primique
1238 2931 1465 2989 aspectat
1492 2921 1687 2975 lumina
1708 2924 1852 2977 solis.

613 3012 859 3085 Gignitur
883 3016 993 3067 Iure
1018 3016 1154 3068 inter
1182 3018 1349 3081 pomis
1377 3015 1654 3073 lethalibus
1680 3016 1852 3082 arbos.

617 3103 966 3177 Conjunctum
992 3123 1243 3177 generous
1271 3109 1408 3175 uiue,
1439 3110 1716 3179 mortisque
1737 3126 1996 3180 saporem.

616 3195 689 3249 /E
694 3196 845 3250 dibus
871 3197 925 3250 in
956 3198 1140 3252 mediis
1165 3215 1295 3268 puro
1319 3199 1435 3267 flutt
1458 3200 1667 3272 agmine
1693 3203 1910 3271 ﬂumen,

509 3290 578 3345 55
619 3290 735 3359 Quo
756 3292 893 3360 rigat
922 3293 1149 3363 insignes
1179 3293 1392 3364 liquidis
1423 3294 1486 3347 de
1508 3293 1749 3365 ﬂuctibus
1779 3306 1943 3361 ortus,

622 3384 1056 3456 Quadriﬁdosque
1084 3395 1224 3440 secat
1250 3385 1469 3439 undanti
1498 3403 1562 3441 ea:
1588 3389 1731 3457 fonte
1752 3395 1970 3456 meatus,

617 3475 847 3532 Fisonus
876 3479 1119 3548 auriferis
1139 3479 1385 3551 prwdiues
1413 3481 1630 3551 ﬂuctuat
1657 3478 1832 3546 undis,

616 3568 1037 3635 Conspicuasque
1064 3571 1180 3624 terit
1210 3587 1369 3624 rauco
1397 3571 1460 3625 de
1491 3572 1693 3641 gurgite
1711 3586 1959 3643 gemmas,

616 3658 872 3716 Prasinus
896 3661 1020 3716 huic
1045 3679 1253 3729 nomen,
1284 3664 1362 3717 illi
1390 3673 1463 3717 est
1482 3662 1826 3718 carbunculus
1857 3662 2069 3732 ardens,

506 3753 577 3809 60
618 3753 1017 3827 Perspicuisque
1044 3756 1188 3811 vadis
1218 3768 1406 3811 terram
1437 3756 1725 3829 praelambit
1749 3754 1995 3811 Euillam.

543 3958 635 4013 27.
665 3957 856 4024 Fabr.,
891 3955 1295 4030 Hcecmemorat
1321 3974 1339 4011 :
1372 3954 1582 4030 Nostris
1611 3955 1874 4010 hominem
1898 3956 2063 4030 facia-

475 4032 955 4102 musadunguem.
991 4028 1246 4102 Morelius
1277 4030 1371 4094 ila,
1401 4028 1497 4083 sed
1524 4030 1577 4084 in
1598 4042 1843 4098 unguem.

545 4100 633 4156 29.
671 4100 842 4169 Edit.,
876 4101 1013 4156 hunc
1045 4117 1169 4156 una.
1201 4101 1378 4158 MART.

543 4175 633 4231 51.
686 4172 861 4247 Edit.,
904 4176 957 4229 in
996 4182 1233 4247 pectore,
1278 4177 1435 4247 longe
1466 4169 1908 4247 _melius__nosl.er
1958 4185 2063 4226 ms.

471 4262 503 4298 a
542 4253 764 4315 pectore.
814 4240 1097 4300 Murri-
1142 4240 1425 4300 Fabricius
1461 4241 1572 4313 jam
1615 4240 1863 4298 ediderat
1910 4258 1943 4295 a
1974 4258 2063 4311 pe-

475 4323 633 4370 ctare.

1541 205 1892 268 APPENDIX
1928 206 2023 269 ΔΙ)
2059 205 2289 268 ορειιΑ
2328 203 2638 269 JUVENCI.

2074 326 2127 387 Δ

2098 1722 2145 1781 Β

3648 200 3757 260 διο

2294 320 2421 379 Post
2445 320 2584 377 hunc
2615 318 2898 396 xEthiopas
2924 315 3103 375 Gehon
3131 316 3369 389 allapsus
3397 316 3616 391 opimat.

2295 413 2500 473 Tertius
2526 421 2601 467 est
2633 410 2827 483 Tigris,
2857 409 3122 483 Euphrati
3148 411 3430 483 adjunctus
3452 426 3682 476 amoeno,

2295 506 2561 578 Assyriam
2589 504 2744 563 celeri
2773 503 3034 561 discretim
3060 503 3274 576 ﬂumine
3302 502 3530 559 sulcum.

2299 598 2402 657 Hic
2427 599 2620 671 positus
2649 610 2818 652 custos
2839 597 3065 651 Adamus
3093 612 3208 651 eum
3236 598 3456 668 coniuge
3475 596 3582 665 fida
3606 614 3625 662 ,-

2191 692 2260 750 65
2299 693 2465 764 Atque
2489 693 2667 765 opifex
2694 691 2786 747 tali
2808 694 3067 762 formatur
3096 707 3218 746 uoce
3241 690 3494 745 Tonantis
3514 706 3533 745 :

2299 784 2382 845 Ne
2408 784 2663 855 trepidate
2691 784 2847 838 simul
2876 783 3051 842 licitas
3079 799 3391 857 prtvcerpere
3419 786 3645 853 fruetus,

2302 879 2444 945 Quos
2472 894 2652 934 nemus
2681 878 2943 937 intumum
2972 893 3117 937 ramo
3149 877 3421 950 frondente
3446 878 3656 945 creavit,

2302 972 2552 1039 Solliciti,
2584 988 2647 1025 ne
2676 975 2811 1041 forte
2839 971 3034 1027 malum
3064 971 3254 1026 nomale
3282 971 3499 1047 legatur,

2306 1064 2458 1132 Quod
2486 1064 2615 1117 viret
2641 1078 2707 1119 ea:
2730 1062 2936 1135 gemino
2957 1062 3181 1119 discreta
3212 1062 3281 1116 ad
3305 1064 3482 1117 munia
3509 1077 3679 1119 succo.

2198 1157 2266 1217 70
2307 1155 2361 1217 Ν
2364 1173 2419 1213 ec
2445 1157 2617 1214 minus
2644 1156 2839 1213 interea
2866 1170 3028 1212 cwcos
3054 1172 3159 1212 nos:
3186 1155 3295 1211 alta
3320 1155 3539 1225 tenebat,

2307 1252 2380 1303 Ac
2400 1249 2552 1303 modo
2578 1252 2828 1321 formatas
2855 1249 3007 1303 uestis
3029 1264 3133 1303 non
3152 1257 3346 1305 texerat
3377 1260 3540 1305 artus.

2162 1341 2315 1398 CAP.
2341 1340 2425 1398 lli.
2461 1341 2573 1396 llas
2592 1341 2727 1397 inter
2751 1341 2925 1409 sedes,
2955 1350 3003 1397 et
3029 1341 3197 1399 buccis
3211 1341 3423 1396 mitibus
3440 1341 3613 1398 hortos

2311 1432 2570 1505 Spumeus
2589 1442 2758 1491 astuto
2786 1433 2988 1489 vincens
3016 1433 3265 1490 animalia
3291 1450 3468 1505 sensu,

2309 1526 2559 1599 Serpebat
2591 1527 2741 1584 tacite
2769 1527 2923 1598 spiris
2946 1527 3249 1598 frigentibus
3275 1529 3495 1600 anguis;

2204 1619 2274 1676 75
2312 1617 2498 1673 Livida
2527 1618 2760 1673 mordaci
2788 1618 2997 1673 voluens
3024 1618 3297 1675 mendacia
3327 1636 3503 1685 sensu,

2316 1710 2559 1765 Femineo
2588 1719 2743 1765 tentat
2771 1709 2864 1765 sub
2892 1720 3095 1783 pectore
3111 1711 3294 1765 mollia
3321 1712 3480 1766 corda
3507 1728 3529 1768 :

2316 1803 2415 1863 Dic
2442 1804 2593 1871 mihi,
2623 1818 2714 1861 cur
2742 1812 2941 1861 metuas
2969 1803 3143 1874 felicia
3170 1805 3402 1876 germina
3429 1806 3599 1861 mali?

2316 1895 2588 1969 Numquid
2618 1912 2771 1965 poma
2798 1894 2939 1951 Deus
2969 1912 3073 1951 non
3101 1897 3276 1951 omnia
3300 1908 3424 1952 nata
3450 1898 3713 1954 sacrauit?

2319 1994 2472 2068 Atqui
2493 1995 2538 2048 si
2566 1994 2775 2049 studeas
2802 1993 3023 2048 mellitos
3044 2009 3255 2067 carpere
3277 1994 3440 2050 victus
3458 2034 3473 2059 ,

2208 2087 2279 2147 80
2315 2088 2516 2143 Aureus
2545 2086 2795 2158 astrigero
2821 2084 3011 2141 redibit
3036 2083 3252 2141 cardine
3273 2084 3522 2144 mundus.

2318 2179 2425 2234 illa
2450 2189 2637 2252 negat,
2674 2178 2955 2250 vetitosque
2983 2179 3129 2234 timet
3156 2179 3455 2251 contingere
3482 2193 3701 2243 ramos;

2321 2272 2426 2327 Sed
2457 2281 2629 2326 tamen
2649 2271 2856 2342 inﬁrmo
2886 2271 3157 2325 uincuntur
3181 2279 3388 2343 pectora
3416 2287 3590 2325 sensu.

2318 2363 2472 2425 Ilicet
2492 2373 2550 2417 ut
2578 2363 2724 2417 niveo
2743 2364 2859 2433 jam
2887 2363 3033 2416 mitia
3064 2362 3216 2418 dente
3239 2361 3517 2416 momordit
3540 2403 3557 2427 ,

2315 2458 2529 2529 Aﬂulsit
2557 2457 2705 2512 nulla
2732 2457 3049 2510 maculatum
3075 2455 3209 2511 nube
3232 2471 3490 2510 serenum.

2212 2554 2281 2611 85
2323 2552 2457 2608 Tum
2485 2569 2644 2625 sapor
2670 2550 2965 2607 illecebram
2992 2550 3199 2604 mellitis
3228 2550 3284 2603 in
3324 2548 3563 2620 faucibus
3590 2548 3778 2603 indens

2318 2645 2556 2720 Perpttlit
2582 2646 2782 2701 insueto
2812 2660 2997 2700 munus
3020 2644 3224 2715 deferre
3249 2644 3459 2699 marito.

2320 2739 2471 2806 Quod
2496 2738 2652 2794 simul
2681 2754 2744 2791 ac
2769 2738 3020 2809 sumpsit,
3051 2737 3251 2791 detersa
3276 2746 3424 2791 nocte
3443 2778 3457 2800 ,
3489 2734 3703 2792 nitentes

2320 2830 2589 2885 Emicuere
2618 2827 2787 2897 oculi,
2819 2832 3012 2883 mundo
3039 2830 3369 2896 splendente,
3401 2829 3590 2883 sereni.

2319 2924 2460 2995 Ergo
2490 2922 2575 2976 ubi
2603 2921 2857 2976 nudatum
2883 2922 3148 2993 prospexit
3169 2937 3356 2989 corpus
3382 2930 3595 2991 uterque
3617 2961 3632 2986 ,

2206 3017 2276 3075 90
2317 3016 2446 3084 Qua:
2472 3014 2716 3085 pudenda
2735 3014 2936 3077 rident,
2970 3012 3176 3081 Iieulnis
3206 3011 3481 3083 frondibus
3509 3011 3772 3070 umbraut.

2317 3105 2477 3162 Forte
2495 3106 2589 3160 sub
2614 3105 2826 3159 occiduo
2852 3103 3059 3158 Domini
3075 3104 3190 3175 jam
3210 3103 3401 3157 lumine
3424 3104 3550 3157 solis

2316 3200 2611 3272 Agnoscunt
2635 3201 2857 3253 sonitum
2882 3237 2896 3262 ,
2929 3196 3223 3266 trepidique
3252 3195 3322 3248 ad
3357 3196 3506 3250 devia
3534 3196 3771 3252 tendunt.

2318 3292 2453 3347 Tum
2481 3291 2734 3347 Dominus
2762 3288 2876 3344 caeli
2903 3296 3139 3343 maestum
3163 3287 3438 3356 compellat
3468 3287 3725 3343 Adamum
3755 3304 3777 3344 :

2317 3383 2447 3451 Dic,
2480 3383 2569 3437 ubi
2598 3397 2733 3436 nunc
2759 3381 2917 3452 degas
2941 3382 2964 3435 ?
2988 3377 3275 3450 Respondit
3300 3380 3427 3434 talia
3453 3380 3677 3451 supplex
3701 3397 3719 3434 :

2211 3476 2281 3536 95
2321 3477 2367 3533 0
2403 3475 2624 3531 Domine
2641 3517 2655 3541 ,
2681 3472 2874 3543 affatus
2905 3475 3092 3545 pavido
3117 3477 3211 3528 sub
3233 3474 3389 3529 corde
3414 3474 3669 3529 tremisco.

2322 3570 2513 3642 Magne
2535 3614 2550 3638 ,
2585 3579 2697 3624 tuos
2718 3612 2734 3638 ,
2765 3568 3038 3635 nudusque
3065 3579 3204 3623 metu
3232 3568 3432 3640 rigente
3456 3569 3669 3640 fatigor.

2322 3664 2452 3718 Tum
2481 3662 2740 3718 Dominus
2764 3678 2782 3717 :
2815 3661 2944 3730 Quis
2972 3676 3126 3731 poma
3154 3660 3293 3716 dedit
3318 3660 3531 3716 uenalia
3556 3660 3737 3716 vobis?

2317 3756 2359 3812 Τ
2364 3756 2561 3812 radtdit
2589 3756 2700 3811 luec
2721 3755 2926 3821 mulier,
2947 3754 3070 3809 dum
3093 3754 3240 3819 dicit,
3274 3752 3470 3811 lumina
3491 3750 3773 3825 proinptins

2239 3957 2331 4032 68.
2379 3958 2563 4032 Edit.,
2603 3959 2819 4032 legatis.
2865 3958 3044 4014 MART.
3093 3989 3166 4032 -έ
3217 3959 3470 4014 Barthius
3518 3960 3766 4032 conjicit,

2170 4029 2465 4103 plaudente
2497 4029 2691 4091 Riviuo
2711 4075 2725 4103 ,
2777 4047 2839 4084 ne
2884 4032 2991 4103 fors
3042 4031 3237 4086 malum
3265 4047 3363 4102 pro
3393 4048 3456 4087 ne
3483 4029 3634 4099 forte
3658 4050 3773 4087 ma-

2170 4101 2297 4157 lunt.
2335 4100 2535 4158 Malum
2563 4102 2768 4164 noxule.
2802 4100 3017 4170 pomum
3051 4100 3285 4171 noxale,
3332 4110 3393 4159 ut
3435 4103 3573 4161 inira
3621 4119 3768 4161 vers.

2169 4171 2258 4244 97,
2290 4172 2420 4239 Quis
2452 4189 2603 4244 pontu
2630 4174 2767 4229 dedit
2798 4174 3011 4228 noxttlia
3040 4174 3225 4228 vobis?
3490 4186 3495 4191 '

2242 4243 2330 4297 7i.
2365 4243 2616 4297 Mor-clins
2642 4247 2794 4300 vestis
2825 4262 2920 4300 nec
2942 4287 2958 4315 ,
3012 4244 3293 4300 Fabricius
3324 4261 3416 4299 nec
3444 4246 3618 4300 vestis.

2243 4315 2333 4370 72.
2364 4314 2531 4383 Edit.,
2564 4326 2726 4372 ortus.
2757 4316 2939 4372 ΜΑιιτ.

683 4386 930 4473 ῐξίνὶηιιδ,
978 4388 1181 4473 Bartltii
1236 4388 1604 4473 conjecturam
1655 4393 1896 4452 secutus,
1938 4383 2069 4457 legit
2093 4411 2149 4473 D
2362 4388 2531 4473 βίω..
2564 4398 2684 4442 nota
2706 4391 2947 4473 sacrauit.
2979 4386 3159 4473 Msnr.

472 4457 660 4529 effigies
688 4462 970 4529 formatum
999 4459 1083 4513 cui
1113 4476 1208 4514 sua
1236 4461 1385 4514 vidit.

542 4530 632 4587 56.
666 4530 834 4595 Edit.,
868 4532 1032 4586 mixtu
1056 4533 1276 4597 gemino.
1304 4530 1480 4587 Maus.

544 4603 634 4657 37.
661 4601 850 4668 Fabr.,
886 4604 1008 4657 victe
1039 4619 1133 4670 pm
1160 4604 1297 4657 vitat.

543 4672 632 4728 40.
679 4673 845 4739 Edit.,
883 4675 1117 4742 Septima
1145 4674 1356 4744 quando
1385 4671 1552 4728 Deus.
1587 4671 1766 4744 bis“.

544 4744 634 4799 M.
672 4744 815 4798 Edit.
852 4745 995 4802 hunc
1026 4742 1330 4800 versutnita
1358 4742 1812 4813 lc-guttt:Sacrata
1840 4750 2068 4803 statuens

469 4816 670 4887 uenturi
696 4817 889 4887 gaudia
918 4817 1077 4871 stecli.
1121 4816 1301 4875 Ms".
1331 4847 1402 4859 —-
1425 4813 1706 4872 Fabricius
1737 4815 2070 4887 iulerpungit

470 4883 719 4951 Sacrata,
747 4894 999 4947 statuens.

541 4955 631 5013 45.
668 4957 892 5033 Rivinus
923 4958 1167 5030 cdnjicit,
1209 4958 1464 5014 Virtutem
1480 4959 1678 5014 cunctis
1699 4960 2067 5033 nomen,quod

469 5042 753 5098 permanet,
783 5031 935 5086 indit.

540 5100 633 5155 ιι.
662 5101 830 5167 Edit.,
864 5102 1025 5171 paulo
1053 5103 1237 5166 aliter,
1287 5103 1476 5159 Adami
1524 5120 1555 5157 a
1599 5102 1822 5160 Domino
1869 5106 2067 5163 donata

470 5171 742 5240 prudentia
772 5175 952 5229 solers.
995 5173 1174 5230 ΜΑιιτ.
1211 5205 1278 5217 ——
1303 5174 1373 5230 At
1400 5173 1700 5241 Fabricius,
1733 5178 1891 5233 metri
1918 5176 2066 5232 sulli-

468 5242 630 5365 cit’us,
664 5246 932 5316 reposuit,
962 5246 1150 5302 Adami
1177 5266 1208 5302 a
1242 5246 1463 5301 Domino
1502 5246 1624 5302 data
1653 5250 1768 5316 quat
1791 5248 2066 5318 prudentia

468 5329 524 5365 ιο
546 5331 646 5365 ers.

465 5329 646 5371 ιοιεη.

542 5386 628 5461 55.
666 5388 920 5461 Barthius
953 5404 1051 5461 pro
1080 5403 1224 5446 ortus
1251 5389 1557 5460 suSpicstur
1600 5404 1790 5455 ornos,
1841 5388 2066 5449 Birinus

468 5460 655 5514 mallet
682 5458 877 5517 hortos.

539 5527 631 5584 56.
667 5531 825 5586 Falir.
837 5575 851 5597 ,
881 5533 1128 5588 undante.

540 5600 632 5653 57.
661 5599 848 5666 Falsa,
876 5602 1094 5659 Phison.

543 5666 633 5723 60.
667 5670 839 5738 Edit.,
871 5673 1063 5729 Evilat.
1094 5676 1274 5731 MART.

540 5738 629 5792 64.
667 5737 892 5799 Rivinns
935 5747 1252 5815 vult_Adam
1282 5762 1379 5826 pro
1411 5748 1663 5807 Adamn.

2245 4458 2334 4517 79.
2362 4458 2417 4513 In
2445 4471 2760 4531 m_s.gnustt:o
2789 4459 3022 4531 legitur:
3055 4459 3135 4514 At!
3161 4459 3278 4531 quis
3292 4474 3315 4531 ,ﬁ
3341 4457 3502 4527 editi,
3529 4458 3572 4516 E
3595 4460 3767 4531 queis.

2170 4529 2349 4603 usus.
2378 4529 2667 4603 -—-Fabr.,
2698 4530 2745 4589 E
2773 4531 2909 4603 quis.
2956 4529 3248 4589 Mttrtenius
3306 4530 3358 4587 in
3400 4539 3552 4589 textu
3597 4529 3770 4593 edidit

2171 4601 2343 4673 Adqui
2371 4616 2470 4672 pro
2494 4602 2671 4673 Atqui.

2242 4672 2333 4730 80.
2374 4674 2540 4741 Edit.,
2574 4672 2840 4731 remeabit
2884 4675 3114 4731 cardine.
3157 4672 3484 4744 lnHVulgata
3532 4687 3769 4744 serpens

2171 4743 2437 4816 promittit
2466 4745 2747 4805 Scientiatn
2782 4747 2905 4805 boui
2944 4756 3000 4806 et
3029 4745 3151 4805 mali
3172 4787 3186 4811 ,
3222 4742 3418 4810 Eritis,
3470 4745 3603 4801 sicut
3634 4742 3766 4815 dii,

2169 4817 2380 4871 scientes
2407 4816 2626 4885 bonum,
2655 4828 2704 4872 et
2729 4817 2942 4872 malum.
2977 4816 3155 4871 MART.

2241 4888 2332 4944 85.
2364 4888 2553 4956 Fabr.,
2585 4889 2793 4945 mellitis
2834 4887 3069 4962 faucibus
3089 4928 3104 4953 ,
3136 4885 3279 4960 quod
3311 4897 3461 4945 certe
3490 4886 3577 4945 lex
3607 4886 3767 4947 metri

2206 4962 2430 5019 ostulut.

2169 4977 2535 5099 Ροὲἒῖιῖηὲἀὶιη
2554 5031 2833 5101 Compulit.
2860 5029 3356 5087 Msnr.—Rivinus
3371 5045 3496 5087 eum
3522 5027 3769 5085 Cauchio

2168 5105 2427 5163 insuetum
2456 5119 2553 5173 pro
2573 5104 2795 5163 insueto.

2241 5175 2330 5232 90.
2358 5171 2501 5249 Edit,
2514 5217 2528 5238 .
2551 5175 2782 5246 Cumque
2797 5174 3058 5249 pudenda.
3073 5173 3329 5249 Mum-1
3344 5171 3603 5233 Fortasse
3618 5171 3769 5249 Qua:-

2168 5263 2266 5320 que
2293 5247 2535 5320 pudenda
2582 5244 3094 5317 pro‘Qu'teeumque,
3145 5255 3199 5301 ut
3239 5244 3456 5316 quisque
3496 5260 3595 5317 pro
3625 5245 3766 5319 quis-

2167 5319 2283 5390 quis
2292 5319 2312 5390 ς,
2344 5320 2668 5390 quicumque.

2242 5389 2332 5446 86.
2358 5388 2701 5472 Edit.,.‘metu
2722 5392 2961 5514 (rigente.
2989 5388 3167 5449 MART.
3225 5458 3236 5470 ,
3449 5454 3463 5468 .

2242 5461 2329 5514 98.
2376 5461 2502 5514 llaec
2550 5477 2602 5513 ιιι
2638 5461 2714 5514 Vn
2743 5469 2861 5514 gnta
2912 5476 3015 5514 non
3065 5471 3364 5514 rc-nertmns
3411 5456 3463 5512 dt

2239 5461 2329 5516 98.
2376 5461 2502 5517 llaec
2550 5462 2602 5513 in
2638 5455 2861 5530 Vulgata
2912 5476 3015 5514 non
3065 5455 3767 5530 rc-perimusdictal'ttisse

2170 5530 2381 5590 Adamo
2425 5548 2457 5587 a
2506 5528 2771 5600 muliere}
2824 5532 2918 5593 sed
2949 5547 3013 5587 ea
3058 5528 3333 5588 Jtirencus
3387 5529 3439 5583 in
3471 5528 3765 5599 nntiquiuri

2171 5603 2351 5675 potuit
2382 5605 2632 5662 versione
2661 5604 2867 5675 legere.
2908 5602 3093 5675 ,Msnr.
3122 5633 3193 5645 -—
3229 5601 3344 5657 Iluc
3378 5600 3608 5675 fortasse
3641 5615 3764 5675 99'?

2170 5670 2309 5735 tinet
2352 5676 2618 5731 sententia
2660 5670 2851 5731 versus
2898 5674 2988 5743 80,
3038 5676 3242 5731 Aureus
3287 5672 3541 5743 astrigero
3581 5670 3764 5743 redibit

2170 5745 2380 5801 cardine
2407 5743 2647 5801 mundus.
2682 5745 2754 5800 Ita
2785 5742 2981 5801 auctor
3018 5745 3276 5803 carminis
3314 5742 3568 5819 intelligit
3596 5742 3761 5803 verba

3688 5976 3699 6027 ἒ
