4096 6182
403 289 508 348 351

536 406 822 479 Disquirit,
851 422 1078 480 quonam
1109 414 1366 461 terrarum
1393 406 1550 479 degat
1578 406 1793 462 Abelus.

547 498 652 556 Ille
682 509 857 574 negat,
891 500 1113 573 positum
1137 500 1404 557 custodem
1432 515 1488 555 se
1514 503 1628 571 fore
1655 500 1858 572 fratris.

552 590 650 650 Cui
676 593 816 649 Deus
846 592 1035 661 elfatur
1057 610 1077 649 :
1102 592 1294 649 Nonne
1317 610 1416 649 vox
1431 595 1700 666 sanguinis
1728 596 1839 667 ejus

409 684 515 744 160
550 688 631 743 Ad
660 704 742 743 me
767 688 928 744 missa
954 696 1128 755 sonat,
1152 686 1448 759 celsumque
1477 687 1710 743 ascendit
1728 687 1798 742 ad
1816 691 2006 744 axem?

554 778 734 835 Nosce
758 781 923 855 igitur
954 796 1209 835 mansura
1234 780 1326 835 tibi
1358 798 1453 853 pro
1483 782 1697 837 crimine
1721 791 1900 849 tanto;

558 871 700 928 Nam
722 874 1023 950 modoquo:
1042 873 1242 928 maduit
1266 874 1501 947 germani
1529 877 1787 950 sanguine
1812 886 1974 943 terra,

556 964 739 1021 Inviso
770 948 1047 1021 maledicta
1077 966 1168 1021 tibi
1190 968 1464 1021 commissa
1484 948 1689 1040 negabit

558 1058 813 1127 Semina,
872 1069 919 1113 et
981 1059 1270 1131 absumptis
1333 1061 1561 1131 fructum
1615 1079 1719 1117 non
1781 1064 2007 1135 proferet

1682 1153 1898 1227 [herbis.

412 1243 518 1302 165
555 1244 828 1316 Torpidus
857 1254 915 1300 ut
947 1246 1111 1302 multo
1158 1246 1409 1302 collidens
1432 1246 1666 1303 membra
1692 1262 1932 1317 tremore,

557 1340 769 1396 Funere
797 1358 892 1397 ceu
920 1345 1102 1414 juncta
1124 1359 1328 1416 semper
1344 1345 1574 1413 suspiria
1606 1344 1788 1399 ducas.

555 1434 789 1492 Territus
813 1435 904 1491 ille
934 1438 1115 1508 gemit,
1141 1447 1461 1509 mortemque
1488 1456 1521 1493 a
1557 1441 1770 1495 numine
1794 1442 1961 1512 poscit
1986 1459 2003 1497 :

555 1527 687 1595 Quae
713 1539 885 1586 tamen
912 1531 1120 1602 infenso
1151 1547 1257 1587 non
1285 1540 1360 1587 est
1383 1547 1627 1587 concessa
1653 1531 1934 1601 Tonante;

554 1621 699 1676 Nam
728 1622 868 1678 malo
900 1626 1217 1694 promeritus
1247 1624 1399 1696 signo
1420 1626 1479 1693 lit
1508 1636 1661 1681 notus
1699 1628 1896 1695 inusto,

412 1712 519 1771 170
559 1717 804 1772 Sternere
827 1734 892 1773 ne
918 1719 1059 1789 ferro
1080 1717 1233 1773 liceat
1258 1720 1565 1791 cuicumque
1589 1731 1877 1790 nocentem,

554 1807 642 1864 Ne
668 1814 841 1882 majus
868 1813 1079 1885 septina
1107 1822 1292 1886 parent
1324 1812 1631 1867 discrimina
1655 1814 1835 1884 funus.

556 1900 710 1957 Ilicet
736 1920 768 1957 a
794 1905 927 1975 facie
957 1904 1195 1973 Domini,
1230 1921 1321 1960 ceu
1352 1906 1604 1977 perditus,
1628 1907 1752 1961 exit.

554 1993 789 2049 ﬁdibus
809 1994 1034 2050 obversis
1060 1994 1253 2052 Naida:
1280 1997 1336 2050 in
1360 1998 1552 2062 cespite
1572 2004 1725 2051 terra:
1750 2041 1765 2065 ,

556 2085 672 2141 Nec
693 2088 867 2143 minus
892 2104 956 2142 ex
984 2089 1146 2157 natis,
1177 2089 1409 2159 genitrix
1430 2104 1560 2160 quos
1590 2090 1700 2159 ﬁda
1721 2090 1934 2156 creavit,

416 2178 521 2235 175
562 2176 792 2233 Nomine
819 2179 1078 2250 prinuevis
1105 2180 1378 2235 sublimem
1404 2181 1637 2257 condidit
1665 2181 1862 2237 urbem.

554 2271 801 2327 Enochus
832 2270 1013 2327 Naida
1041 2284 1201 2340 creat,
1223 2291 1286 2328 ac
1316 2274 1504 2329 deinde
1539 2273 1860 2344 Malechum,

556 2364 675 2434 Quo
706 2364 1089 2421 Hatusalamus
1117 2368 1307 2421 sensim
1336 2367 1567 2439 genitore
1590 2366 1687 2421 sub
1707 2384 1865 2423 auras

551 2456 720 2525 Exiit,
750 2467 797 2512 et
837 2459 1009 2532 longa:
1037 2458 1286 2528 produxit
1326 2468 1561 2529 tempora
1588 2460 1727 2514 vitw.

554 2555 649 2609 Ast
678 2552 953 2624 Amalech,
975 2554 1153 2608 dirum
1173 2555 1263 2626 qui
1292 2555 1516 2628 percutit
1535 2570 1655 2609 ense
1675 2553 1913 2621 Cainem,

412 2644 523 2703 180
560 2644 864 2717 Perpetitur
895 2662 1026 2701 casso
1054 2647 1275 2701 multum
1302 2647 1544 2719 graviora
1565 2655 1797 2702 nocente.

552 2735 792 2791 Crimina
816 2754 939 2791 nam
965 2739 1207 2793 meritum
1236 2739 1401 2792 decies
1432 2740 1633 2811 septina
1659 2747 1917 2795 coercent.

554 2828 877 2903 Conjugibns
901 2831 988 2885 hic
1009 2832 1150 2903 facta
1168 2848 1379 2903 gemens
1399 2848 1511 2887 sese
1536 2833 1774 2904 increpat
1806 2833 1967 2903 ultro,

554 2922 798 2994 Quarum
824 2925 994 2996 prima
1018 2926 1119 2997 fuit
1148 2926 1287 2995 Ada,
1318 2936 1469 2998 atque
1492 2926 1659 2982 altera
1688 2926 1858 2984 Sella.

553 3019 734 3074 Aelum
758 3018 847 3075 sed
871 3020 1043 3089 prima
1070 3028 1235 3087 creat,
1265 3020 1357 3090 qui
1386 3029 1566 3092 pastor
1595 3021 1649 3074 in
1669 3021 1808 3075 arvis

411 3108 517 3168 185
553 3110 854 3166 Gramineis
881 3112 1001 3166 laeta
1019 3112 1239 3183 pecudes
1259 3112 1502 3184 pascebat
1526 3113 1579 3167 in
1612 3112 1792 3168 herba.

548 3202 770 3260 Jobalus
793 3221 945 3277 quem
964 3205 1156 3261 deinde
1185 3206 1341 3272 subit,
1376 3207 1466 3277 qui
1485 3207 1686 3261 musica
1705 3208 1899 3279 plectra

549 3298 820 3369 Repperit,
852 3307 901 3353 et
930 3299 1074 3353 vario
1094 3300 1375 3354 concordes
1400 3316 1662 3355 murmure
1683 3299 1927 3358 chordas.

548 3392 817 3447 Tobellum
844 3409 967 3448 mox
988 3392 1136 3449 Sella
1164 3397 1324 3465 parit,
1349 3396 1436 3450 cui
1462 3395 1680 3467 fundere
1705 3399 1841 3453 rivos

552 3483 704 3541 Ai'ris
724 3497 837 3541 erat
859 3486 1041 3555 moris,
1067 3491 1366 3560 ferrumque
1388 3489 1577 3544 incude
1601 3490 1869 3545 subactum

410 3576 519 3636 190
553 3577 787 3634 Diversis
812 3579 1044 3648 formare
1075 3580 1266 3646 modis,
1297 3582 1545 3635 stridente
1575 3583 1818 3637 camino:

554 3675 719 3741 Quem
747 3671 954 3729 Noema
993 3691 1210 3746 sequens
1236 3692 1342 3731 uno
1362 3676 1593 3748 genitore
1624 3685 1816 3731 creata.

552 3764 683 3822 Hac
706 3766 843 3822 inter
861 3768 1049 3839 vegetis
1073 3767 1243 3821 Adam
1264 3784 1368 3822 non
1390 3767 1675 3839 languidus
1694 3769 1871 3836 annis,

556 3857 777 3914 Sethum
801 3868 1108 3931 progenerat
1131 3842 1245 3929 post
1274 3869 1491 3913 mortem
1530 3861 1671 3914 mitis
1698 3860 1891 3931 Abelis,

554 3947 831 4003 Enochum
859 3951 905 4004 is
926 3950 1110 4004 deinde
1136 3961 1298 4018 creat,
1327 3952 1414 4005 cui
1434 3951 1659 4006 candida
1683 3953 1844 4006 corda

476 4153 601 4213 159.
630 4152 708 4210 lta
731 4154 899 4211 etiam
928 4151 1101 4210 edidit
1127 4153 1409 4210 Morelius.
1431 4153 1577 4210 Edit.
1598 4166 1664 4210 ex
1687 4153 2005 4225 conjectura

410 4230 712 4286 restituunt
735 4242 986 4280 numnam
1012 4242 1130 4282 vox.
1158 4227 1338 4282 Mam.

480 4320 607 4376 160.
638 4318 813 4381 Edit.,
845 4320 1152 4376 descendit:
1182 4320 1378 4377 melius
1403 4321 1577 4377 codex
1607 4329 1797 4376 noster
1818 4336 2003 4375 ascen-

403 4393 504 4478 .
526 4390 783 4447 ΜΑιιτ.--
799 4390 1090 4449 Fabricius
1104 4394 1221 4463 jam
1233 4393 1483 4450 ediderat
1508 4391 1807 4464 celsumque
1820 4408 2003 4448 ascen-

408 4465 602 4594 duIGsl.
629 4535 821 4601 Fabr.,
849 4536 1151 4607 assumptis,
1188 4549 1287 4607 pro
1312 4536 1623 4607 absumptis.

477 4626 604 4700 165.
631 4627 852 4695 Junius,
883 4638 940 4683 ut
981 4640 1207 4684 carmen
1237 4629 1618 4692 concluderet,
1650 4627 1917 4700 Torpidns
1957 4639 2005 4683 et

403 4698 567 4755 multo
598 4700 812 4755 collides
839 4700 1068 4755 membra
1108 4709 1343 4754 tremore.
1394 4699 1526 4768 Alii,
1576 4708 1631 4754 ut
1658 4698 1824 4756 multo
1852 4702 2006 4756 colli-

403 4771 680 4844 dens,_gui
705 4774 869 4844 etiam
897 4780 1175 4844 notarunt,
1200 4775 1394 4827 deesse
1424 4773 1615 4828 linem.
1646 4771 1878 4844 Reliqua
1931 4788 2002 4829 ex

406 4841 529 4898 solo
557 4841 809 4897 Mai-teuii
834 4843 1023 4898 codice
1053 4842 1428 4912 proferuntur.

481 4934 607 4990 167.
635 4934 763 4990 Haec
790 4935 1127 5007 proculrsunt
1149 4952 1177 4990 a
1202 4934 1432 5006 Vulgata
1459 4937 1847 5007 versione,ubi
1867 4936 2001 4994 Cain

410 5020 518 5080 n_on
552 5007 796 5080 petiisse,
833 5007 928 5080 sed
962 5006 1217 5080 timuisse
1252 5017 1490 5080 mortem
1534 5020 1998 5080 repraesentetur:

413 5076 597 5133 Omnis
623 5078 806 5152 igitur,
862 5078 1057 5148 inquit,
1100 5079 1192 5149 qui
1241 5079 1491 5135 invenerit
1520 5076 1624 5150 me,
1657 5082 1855 5138 occidet
1896 5097 1999 5137 me.

1668 5153 1850 5209 Μλιιτ.

480 5221 606 5279 175.
634 5220 797 5277 Juxta
834 5220 1141 5295 vulgatam,
1178 5220 1313 5295 Cai_n
1357 5225 1609 5295 profugus
1651 5226 1907 5280 habitavit
1944 5225 2000 5280 in

410 5301 555 5347 terra
575 5294 644 5347 ad
654 5292 980 5367 orientalem
1005 5294 1213 5367 plagam
1246 5292 1419 5351 Eden.
1450 5292 1518 5350 At
1555 5299 1706 5363 juxta
1737 5297 2001 5367 Hierony-

413 5377 592 5430 mum,
651 5366 705 5419 in
738 5365 865 5419 libr.
916 5364 1295 5433 Quaestionum
1331 5367 1619 5434 lli-brain,
1651 5369 1901 5423 habitavit
1942 5364 2000 5422 in

418 5434 756 5509 terraANaid.
789 5439 969 5509 Atque
999 5437 1072 5491 ita
1100 5438 1266 5492 etiam
1321 5436 1680 5509 Septuaginta
1727 5442 1999 5509 interpre-

416 5506 823 5633 ithshblnr.—
854 5507 1188 5582 Hieronymo
1209 5506 1458 5566 concinit
1488 5506 1795 5567 Eucherius
1821 5506 1996 5583 Lugd.

558 5592 711 5633 eues.

411 5589 471 5631 ιη
508 5589 711 5635 lienes.

481 5667 609 5749 175.
634 5669 844 5734 Quaerit
868 5671 930 5749 _S.
958 5674 1317 5749 Augustinus,
1349 5676 1405 5732 in
1433 5676 1560 5736 libr.
1583 5676 1796 5749 Qumst.
1822 5676 1878 5732 in
1897 5674 1998 5733 Ge.

398 5742 595 5819 nesin,
634 5742 933 5821 .qutimgdq
977 5742 1387 5821 Cfin‘potuerit
1416 5742 1658 5821 condere
1693 5748 1990 5821 civitatem,

392 5823 513 5864 cum
546 5808 735 5863 civitas
776 5810 933 5865 alicui
961 5808 1305 5870 constituatur
1344 5817 1616 5873 hominum
1644 5808 1985 5885 multitudini,

1480 289 1836 349 APPENDIX
1873 290 1968 347 AD
2005 288 2244 349 OPERA
2279 288 2589 349 JUVENCI.

2028 409 2077 471 Α
2108 405 2213 464 195
2249 406 2501 480 Largitus
2532 405 2814 475 Dominus,
2848 406 2946 460 hoc
2971 421 3024 460 se
3045 412 3287 477 poscente
3305 404 3484 480 rogari

2037 1815 2086 1875 B

3598 289 3708 348 552

2251 502 2474 568 Annuit,
2494 509 2546 556 et
2570 499 2794 572 placida:
2815 499 3039 572 suscepit
3064 514 3277 554 munera
3304 498 3513 553 mentis.

2106 592 2264 651 CAP.
2286 593 2355 651 V.
2389 592 2694 667 Nongentos
2725 592 2887 665 igitur
2923 600 3201 666 postquam
3241 589 3523 662 complerat
3560 589 3708 648 Ada-

2255 781 2357 837 Ter
2393 783 2651 853 denosque
2670 797 2860 850 annos,
2888 780 3091 853 s0pitus
3112 787 3275 834 morte
3299 779 3511 850 quievit.

2247 874 2635 949 Longtcvusque
2655 873 2841 930 dehinc
2879 883 3166 948 nongentos
3182 872 3406 944 quinque
3421 889 3513 943 per
3542 888 3713 931 annos

2108 969 2216 1027 200
2255 969 2498 1025 Enochus
2525 971 2675 1034 vixit,
2705 985 2855 1041 quem
2883 967 3149 1024 Cainanus
3187 968 3470 1039 adtequans

2256 1062 2493 1133 Quinque
2516 1063 2615 1134 fuit
2643 1070 2844 1115 tantum
2871 1060 3120 1133 protentis
3143 1060 3351 1132 longior
3381 1058 3556 1114 annis.

2250 1154 2445 1209 Iunior
2464 1154 2561 1209 hoc
2587 1155 2773 1209 iterum
2795 1162 2871 1208 ter
2893 1152 3041 1208 denis
3068 1152 3287 1207 decubat
3313 1151 3488 1205 annis.

2254 1247 2538 1302 Malaleela
2556 1263 2714 1303 senex
2735 1256 2812 1301 ter
2838 1244 3013 1313 denis,
3038 1244 3227 1300 deinde
3249 1243 3466 1298 Jaretus

2252 1343 2417 1412 Atque
2439 1341 2604 1397 tribus
2634 1341 2761 1395 vixit
2786 1340 2943 1413 longo
2961 1338 3296 1393 constrictior
3329 1354 3456 1393 arvo.

2107 1437 2216 1495 205
2255 1437 2521 1503 Enochus,
2551 1436 2632 1490 cui
2661 1450 2789 1490 cura
2817 1434 2915 1504 fuit
2944 1432 3133 1488 servire
3157 1431 3390 1498 Potenti,

2256 1529 2324 1586 Et
2353 1538 2569 1584 mentem
2598 1528 2798 1582 sociare
2832 1525 2961 1593 Deo,
2991 1524 3225 1593 sajunior
3245 1524 3359 1579 istis

2252 1624 2353 1681 Ter
2383 1634 2584 1679 centum
2615 1622 2890 1695 explicitis,
2918 1621 2965 1676 si
2988 1621 3214 1692 quinque
3237 1619 3522 1692 adjnngere
3546 1634 3721 1688 cures,

2260 1717 2439 1774 Sexies
2465 1727 2511 1772 et
2543 1718 2723 1783 denos,
2766 1714 2939 1772 subita
2966 1714 3186 1787 caligine
3213 1724 3372 1769 tectus

2257 1813 2498 1878 Abditur,
2531 1820 2578 1865 et
2604 1810 2829 1865 Domino
2854 1810 3076 1864 multum
3109 1810 3383 1864 miserante
3409 1817 3660 1876 remotus,

2110 1904 2219 1961 210
2259 1903 2484 1960 Felicem
2506 1903 2713 1975 placido
2740 1903 2862 1958 vivit
2889 1919 3007 1957 cum
3036 1912 3266 1971 tempore
3294 1902 3471 1956 vitam.

2254 1997 2321 2054 At
2350 1998 2728 2053 Matusalamus
2755 2006 3038 2072 nongentos
3070 1997 3290 2068 porrigit
3310 1995 3483 2063 orbes,

2257 2092 2457 2164 Septies
2487 2101 2533 2145 et
2554 2092 2737 2160 denos,
2771 2107 2932 2145 unum
2959 2090 3076 2161 quis
3097 2093 3323 2163 jungere
3340 2092 3435 2163 jus
3454 2098 3548 2144 est.

2260 2187 2546 2242 Lamechus
2575 2188 2669 2242 hoc
2700 2195 2844 2258 patre
2873 2195 3038 2254 satus,
3079 2184 3247 2240 Noele
3276 2194 3465 2254 creato,

2258 2280 2407 2337 Talia
2435 2282 2699 2347 disseruit,
2732 2282 2856 2335 dum
2881 2290 3059 2334 vatum
3089 2294 3232 2333 more
3252 2278 3431 2348 futura

2110 2371 2218 2431 215
2254 2372 2532 2440 Prwridet,
2564 2382 2610 2428 et
2636 2390 2816 2428 sensus
2843 2381 3115 2427 venturum
3138 2370 3292 2424 mittit
3312 2369 3367 2422 in
3392 2384 3555 2424 tecum
3586 2386 3606 2434 ;

2256 2466 2359 2521 Hic
2379 2484 2561 2522 secura
2589 2466 2733 2521 dabit
2761 2465 2908 2520 nobis
2936 2463 3246 2519 commercia
3272 2462 3408 2531 vitta,

2252 2559 2321 2615 Et
2349 2560 2537 2615 durum
2570 2559 2844 2615 removebit
2873 2576 3027 2626 onus,
3057 2573 3339 2630 pacemque
3371 2557 3604 2622 reducet,

2257 2653 2387 2720 Qua:
2415 2655 2563 2726 factis
2591 2662 2665 2708 est
2694 2654 2844 2723 pulsa
2870 2653 3045 2721 malis,
3079 2661 3355 2722 nostroque
3380 2659 3553 2717 reatu,

2255 2745 2508 2802 Tristibus
2529 2756 2575 2802 et
2602 2747 2814 2813 dextris,
2852 2761 3072 2817 quarum
3096 2746 3298 2799 sulcata
3328 2742 3501 2797 labore

2109 2837 2217 2896 220
2239 2837 2398 2894 Terra
2428 2847 2579 2911 negat
2620 2842 2864 2910 fructum,
2906 2835 3127 2891 Domino
3154 2833 3428 2889 maledicta
3452 2832 3709 2903 loquente.

2254 2931 2456 3002 Septies
2485 2931 2570 2986 hic
2601 2942 2800 2986 centum
2827 2930 2975 2997 vixit,
3010 2939 3301 3000 septemque
3324 2943 3417 2998 per
3439 2942 3625 2994 annos,

2256 3024 2598 3097 Septuaginta
2627 3039 2777 3097 super
2799 3023 3001 3096 positis,
3029 3031 3084 3077 ut
3107 3019 3363 3077 summula
3383 3017 3565 3093 poscit.

2256 3115 2370 3171 Hoc
2394 3127 2687 3189 generante,
2714 3116 2884 3187 probis
2916 3112 3117 3169 Noelus
3146 3112 3331 3169 nobilis
3356 3112 3487 3167 actis

2253 3207 2464 3275 Editur,
2496 3210 2717 3263 innocuo
2742 3208 2959 3263 daturus
2987 3207 3182 3262 semina
3211 3206 3386 3274 steclo,

2109 3298 2217 3356 225
2257 3299 2479 3371 Tresque
2502 3309 2638 3355 creat
2663 3309 2831 3369 natos,
2864 3297 3103 3365 Sethum,
3153 3294 3527 3370 Chamumque,
3556 3295 3709 3369 Iafe-

3363 3390 3384 3464 [
3406 3399 3632 3462 tumque,

2252 3488 2592 3544 Innumerum
2619 3486 2799 3541 solitos
2819 3485 3074 3541 mollitum
3104 3484 3318 3540 tundere
3345 3486 3560 3556 ferrum,

2253 3582 2322 3636 Et
2349 3580 2686 3636 scintillantes
2705 3579 2984 3652 promptim
3011 3578 3296 3650 procudere
3326 3594 3541 3631 massas.

2109 3673 2265 3730 CAP.
2317 3672 2408 3729 Vl.
2487 3674 2667 3729 Sexies
2724 3670 2809 3726 hic
2882 3681 3017 3727 vates
3080 3681 3284 3726 centum
3342 3671 3455 3741 jam
3509 3670 3710 3728 vixerat

3414 3761 3437 3836 [
3457 3764 3629 3830 annis,

2255 3858 2385 3914 Cum
2406 3857 2660 3913 Dominus
2684 3857 2787 3912 diri
2813 3867 3058 3929 perttesus
3084 3856 3304 3911 crimina
3322 3857 3523 3924 mundi,

2110 3952 2218 4010 250
2256 3952 2693 4025 Multimodosque
2718 3950 2984 4007 hominum
3011 3951 3165 4025 longa
3191 3950 3284 4005 sub
3310 3951 3426 4007 luce
3449 3959 3642 4016 reatus,

2111 4156 2371 4225 solosque
2392 4156 2531 4212 duos
2546 4160 2798 4225 parentes
2812 4161 2866 4209 et
2881 4152 3017 4208 duos
3033 4166 3230 4225 eorum
3243 4159 3402 4208 natos
3418 4150 3703 4225 Scriptura

2113 4223 2538 4285 commemoret:
2563 4224 2988 4297 respondetque,
3013 4223 3152 4297 duos
3184 4224 3308 4297 illos
3336 4236 3499 4279 natos
3514 4224 3704 4297 plures

2114 4300 2255 4355 alios
2295 4307 2352 4355 et
2402 4294 2687 4369 genuisse,
2718 4310 3021 4368 eorumque
3051 4295 3192 4369 ﬁlios
3231 4294 3396 4369 etiam
3442 4294 3703 4366 genuisse

2109 4371 2285 4439 ﬁlios,
2325 4381 2382 4427 et
2405 4366 2586 4435 ﬁlias,
2645 4383 2879 4440 quorum
2934 4366 3163 4423 nomina
3226 4366 3515 4436 Scriptura
3590 4378 3700 4421 non

2108 4444 2381 4499 enuntiat.
2419 4443 2600 4498 Mser.

2029 4480 2085 4541 Β
2587 4481 2820 4569 Ἐηοοιιο
2847 4518 3034 4566 natum
3057 4508 3249 4565 tribuit
3270 4508 3526 4577 Vulgata,
3551 4521 3699 4562 nem-

2111 4600 2181 4656 pe
2211 4586 2353 4655 Irad,
2387 4585 2547 4641 lrado
2577 4584 2829 4642 Maviael.
2861 4582 3104 4637 Maviaeli
3142 4580 3467 4656 Matbttsael.
3511 4578 3695 4656 bitur.

2107 4647 2178 4698 '—
2201 4647 2407 4712 Auctor
2428 4657 2693 4712 carminis
2716 4656 2950 4724 fortasse
2970 4655 3221 4724 scripsit:
3256 4651 3502 4708 Enochus
3533 4647 3702 4704 Irada

2106 4739 2271 4792 creat,
2306 4727 2438 4783 Irad
2472 4726 2696 4782 Maviael
2717 4726 2804 4782 vel
2835 4723 3136 4780 Mavielum.

2179 4822 2303 4879 179.
2332 4821 2580 4877 Amalech
2607 4820 2696 4876 hic
2722 4819 2943 4890 ponitur
2966 4832 3067 4889 pro
3092 4816 3339 4873 Lamech.
3368 4816 3552 4872 Mser.

2179 4913 2305 4972 181.
2334 4914 2438 4970 Pro
2455 4913 2584 4968 Aelo
2606 4913 2836 4984 Vulgata
2862 4911 3025 4984 habet
3043 4908 3234 4984 {obel,-
3255 4920 3419 4982 atque
3438 4912 3508 4965 ita
3530 4892 3701 4984 etiam

2106 4986 2237 5059 legit
2258 4988 2618 5057 Augustinus,
2643 4986 2698 5040 in
2719 4980 2844 5039 libr.
2873 4998 2940 5037 xv
2964 4982 3034 5038 de
3051 4980 3287 5038 Civitate
3314 4980 3431 5108 Dtiil,
3454 4997 3579 5051 cap.
3600 4980 3630 5033 1
3648 4983 3703 5037 ἱ.

3427 5069 3549 5108 nr.

3427 5069 3549 5109 Αιιτ.

2181 5129 2302 5186 188.
2340 5129 2646 5209 Thobellunt
2687 5125 3130 5209 etiam_legit_S.l
3160 5126 3516 5209 Augustinus,
3570 5126 3700 5183 loco

2103 5202 2309 5257 citato:
2343 5217 2443 5271 pro
2469 5216 2579 5271 quo
2607 5198 2832 5285 vulgata
2858 5196 2994 5281 legit
3025 5196 3342 5252 Tubalcat'n.
3373 5198 3551 5253 blant.

2171 5272 2297 5329 206.
2342 5272 2508 5329 Forte
2530 5270 2620 5327 sed
2638 5286 2825 5343 juntor
2852 5281 2982 5325 istis.
3015 5268 3196 5323 ΜΑιιτ.

2171 5366 2298 5424 212.
2330 5368 2610 5438 Scriptura
2657 5381 2829 5420 annos
2869 5365 3153 5438 dumtaxat
3185 5375 3491 5438 nongentos
3533 5379 3697 5438 sexa-

2139 5441 2248 5495 inta
2288 5435 2481 5495 novem
2515 5438 2708 5494 tribuit
2754 5436 3149 5492 Matliusalamo
3191 5453 3204 5488 :
3240 5435 3326 5492 his
3370 5436 3507 5492 duos
3545 5437 3698 5493 addit

2140 5455 2248 5495 "lla
2288 5455 2481 5495 novem
2515 5455 2708 5494 ll'lDllll
2754 5455 3149 5492 malliusatamo
3191 5455 3204 5488 ζ
3240 5455 3326 5492 ως
3370 5455 3507 5492 auos
3545 5455 3697 5493 auatt

2099 5455 2403 5567 guvencus.
2436 5511 2617 5566 Mser.
2643 5538 2716 5551 —
2745 5507 2909 5564 Forte
2951 5507 3236 5578 legendum
3275 5523 3439 5563 unum
3461 5510 3576 5581 quis
3602 5508 3697 5564 de-

2102 5598 2238 5638 mere
2255 5586 2349 5656 jus
2376 5593 2471 5639 est.

2173 5672 2300 5733 226.
2331 5675 2463 5742 Quas
2486 5673 2575 5745 hic
2604 5672 2672 5729 de
2703 5671 2829 5745 liliis
2857 5671 2972 5745 Noe
3015 5679 3334 5745 narrantur,
3381 5672 3436 5728 in
3472 5671 3697 5745 Vulgata

2100 5761 2207 5801 non
2231 5740 2469 5802 exstant.
2499 5744 2679 5803 ΜΑιιτ.
2696 5773 2767 5786 -
2791 5743 2894 5802 Pro
2918 5740 3279 5811 Innumeram,
3306 5742 3481 5815 legam
3507 5740 3697 5799 ln'nu-h

2098 5830 2314 5873 merum.
