4096 6182
294 197 405 257 ass
1077 181 1082 185 ’
1404 260 1409 267 ι
1592 191 1825 254 'LIBER
1864 191 1911 253 It

1979 189 2289 253 GENESIN.
3487 187 3596 254 555

437 309 756 384 Constringit
784 311 1034 367 miserans
1060 310 1276 382 prolixa:
1300 311 1356 366 in
1377 312 1596 366 crimina
1620 313 1755 380 vitm,
1913 316 1962 377 Α
1991 307 2098 364 275
2129 306 2354 363 Cardine
2384 307 2448 361 ab
2470 307 2716 373 aethereo,
2747 314 3064 381 cunctosque
3090 307 3321 364 evolvere
3350 306 3519 378 fontes

438 404 794 477 Imposuitque
824 404 1030 459 modum
1056 404 1133 459 bis
1159 403 1431 476 sexaginta
1456 420 1547 475 per
1570 420 1756 471 annos,
2139 398 2360 469 Allapsu
2382 404 2581 473 majore
2604 416 2857 472 paro,quo
2878 402 3130 473 grandior
3154 400 3309 456 undis

447 495 662 553 Vincere
686 512 841 569 quem
870 496 1044 551 nullus
1072 495 1220 551 nulla
1245 495 1339 550 sub
1365 494 1475 569 lege
1499 494 1710 552 valeret.
2138 492 2350 550 eEsluel
2375 494 2635 562 Oceanus,
2666 497 2923 566 spumosis
2956 495 3159 568 largius
3180 509 3354 550 omnes
3412 518 3415 525 ἲ

437 591 570 647 Haec
597 592 731 645 inter
755 599 960 645 sanctos
981 590 1140 645 lactat
1168 598 1369 647 terrena
1394 590 1651 663 voluptas,
2139 588 2434 658 Accipiens,
2467 593 2685 662 fusoque
2724 587 2985 644 oblimans
3028 588 3206 643 omnia
3234 595 3427 641 tractu.

290 682 400 741 235
440 683 784 758 Captivosque
806 692 940 738 tenet
968 682 1161 738 caelesti
1186 697 1250 737 ecc
1272 698 1393 738 arce
1416 691 1640 737 meantes
1658 696 1681 737 :
2143 679 2388 751 Namque
2415 690 2600 753 quater
2619 680 2769 736 denis
2791 680 2981 751 iuncta
3008 695 3125 735 cum
3144 687 3295 733 nocte
3316 675 3496 732 diebus

439 775 577 832 Dum
601 778 761 849 facies
785 775 1001 844 pulchro
1021 774 1249 831 ridentes
1267 790 1483 843 corpore
1502 783 1716 829 cernunt
1994 775 2103 836 280
2141 775 2414 833 Grandine
2442 785 2698 848 perpetua
2731 776 2889 832 nubes
2917 774 3186 848 complebo
3212 773 3499 838 madentes,

438 868 732 936 Femineas,
761 868 1064 941 placitisque
1090 868 1243 922 nimis
1261 865 1844 941 complexibuslta’rent,
2146 870 2217 927 Ut
2241 871 2499 943 quidquid
2525 872 2671 939 vivit,
2705 871 2923 927 tumidis
2945 879 3210 943 mergatur
3227 869 3283 923 in
3309 867 3486 922 undis.

437 962 766 1038 Progenuere
795 962 891 1017 sibi
919 971 1063 1017 torva
1091 978 1207 1016 cum
1234 961 1369 1016 mole
1396 962 1629 1035 gigantes
1650 977 1671 1016 :
2143 964 2275 1019 Hac
2302 966 2389 1020 ubi
2413 967 2574 1034 dicta,
2604 967 2734 1035 ﬁunt
2753 964 2973 1020 Domini
3002 964 3275 1027 mandata,
3302 959 3523 1029 volente,

439 1057 674 1126 Quorum
712 1056 1015 1113 criminibus
1040 1055 1255 1111 Domini
1282 1056 1529 1127 patientia
1556 1056 1764 1110 tandem
2146 1056 2463 1131 Festinoque
2483 1075 2629 1128 sene,
2654 1060 2808 1131 longo
2832 1058 2924 1132 qui
2949 1058 3141 1113 nobilis
3167 1072 3275 1113 cavo

288 1150 400 1208 240
435 1149 651 1222 Cogitur
670 1148 887 1218 offendi,
922 1149 1134 1221 longam
1157 1150 1281 1204 dum
1309 1148 1532 1219 concipit
1558 1148 1712 1215 iram,
2141 1149 2427 1208 Sexcentas
2447 1152 2653 1224 agitans
2677 1169 2866 1219 annos,
2882 1169 2938 1209 se
2951 1151 3179 1207 credidit
3206 1150 3381 1218 undis,

438 1243 603 1313 Atque
625 1243 766 1297 dolet
788 1241 1050 1297 hominem
1079 1241 1265 1298 dextra
1292 1242 1549 1313 formante
1574 1249 1810 1297 creatum
1993 1241 2102 1300 285
2140 1242 2562 1317 Conjunctosque
2586 1243 2746 1300 simul
2772 1254 2948 1315 natos,
2996 1254 3250 1317 natasque
3272 1242 3487 1314 recepit,

440 1336 679 1405 Siderea,
707 1344 883 1390 sancto
911 1346 1169 1405 permotus
1194 1346 1397 1406 pectore
1423 1333 1565 1404 fatur
1589 1351 1610 1389 :
2143 1333 2393 1403 Conﬂxus
2416 1334 2559 1389 tenui
2584 1336 2819 1406 quamvis
2851 1339 2983 1407 foret
3012 1334 3221 1390 obditus
3241 1342 3417 1389 antro.

437 1423 536 1480 Jus
563 1424 733 1481 delere
763 1423 890 1479 mihi
913 1425 1093 1479 mundi
1120 1433 1333 1497 peccata
1355 1424 1608 1490 nocentis,
2142 1425 2354 1482 Interea
2368 1436 2502 1482 totos
2525 1427 2772 1484 laxarunt
2799 1426 2982 1483 nubila
3010 1428 3235 1495 nimbos,

443 1517 718 1574 Fluctibus
742 1519 991 1590 aequoreis
1015 1527 1272 1590 totamque
1295 1521 1549 1576 involvere
1574 1529 1783 1585 terram,
2139 1520 2308 1593 Atque
2337 1521 2557 1593 abyssus
2580 1524 2759 1594 riguos
2789 1521 2990 1576 dimisit
3012 1522 3067 1576 in
3093 1537 3304 1592 aequora
3335 1521 3525 1592 fontes.

286 1611 406 1669 245
444 1610 848 1681 Humanumque
875 1628 1033 1682 genus
1060 1612 1220 1666 vastis
1247 1628 1470 1668 mersare
1498 1616 1728 1685 ﬂuentis,
2139 1610 2365 1680 Jamque
2393 1625 2579 1682 quater
2607 1614 2756 1669 denis
2809 1620 3123 1685 stagnantur
3177 1620 3365 1666 cuncta
3392 1609 3605 1680 diebus,

443 1705 856 1777 Omnigenasque
881 1704 1037 1759 simul
1059 1705 1301 1775 pecudes,
1329 1722 1445 1776 quae
1480 1707 1599 1762 lecta
1629 1723 1720 1778 per
1744 1724 1899 1782 agros
1929 1705 1979 1770 B
2002 1703 2112 1764 290
2153 1704 2278 1760 Non
2305 1705 2538 1761 volucres
2565 1705 2760 1761 levibus
2781 1704 3107 1775 suspendunt
3134 1718 3355 1773 corpora
3380 1701 3597 1775 pennis,

440 1796 693 1853 Gramina
717 1796 1014 1863 detondent,
1046 1797 1196 1853 celsis
1221 1798 1347 1853 dum
1376 1799 1592 1854 collibus
1613 1809 1808 1855 errant.
2147 1798 2259 1855 Nec
2294 1802 2408 1871 fera
2435 1798 2690 1872 celsijugo
2719 1800 2915 1855 devitat
2932 1813 3201 1854 marmora
3219 1796 3378 1866 colle,

441 1889 720 1962 Serpentes
745 1905 845 1945 nea:
874 1907 979 1945 una
998 1902 1220 1960 premat,
1249 1890 1604 1964 volucresque,
1638 1893 1895 1963 ferasque,
2146 1894 2336 1949 Omnia
2363 1894 2667 1949 conduntur
2686 1894 2892 1966 pelago,
2921 1910 3061 1949 mors
3090 1892 3329 1949 omnibus
3369 1908 3476 1947 una
3502 1899 3602 1948 est.

443 1982 513 2040 Ut
535 2002 649 2039 mea
676 1983 859 2039 deletis
880 1984 1111 2039 mitescat
1140 1984 1411 2056 fraudibus
1437 1985 1536 2039 ira.
2144 1984 2257 2041 Nec
2280 1986 2450 2041 minus
2476 1986 2676 2041 interea
2720 1984 2985 2040 tumidum
3011 2001 3265 2055 suspensa
3312 1998 3403 2053 per
3427 1999 3604 2054 aequor

277 2075 403 2134 250
440 2077 642 2147 Accipit
664 2092 786 2149 ergo
825 2076 924 2131 Dei
950 2078 1198 2132 mandata
1223 2078 1453 2151 ingentia
1481 2076 1617 2143 Noe,
2142 2076 2281 2131 Area
2314 2077 2485 2146 ﬂuens
2511 2076 2749 2131 clausum
2793 2077 3027 2131 munibat
3052 2074 3279 2149 pendula
3306 2083 3495 2144 vatem,

442 2170 752 2243 Duplicibus
794 2172 1012 2227 cameris
1059 2188 1235 2227 arcam
1263 2188 1603 2245 compangere
1617 2175 1821 2245 jussus,
1996 2170 2106 2228 295
2156 2168 2501 2240 Venturisque
2526 2185 2714 2240 parens
2742 2169 2983 2224 servabat
3010 2168 3211 2224 semina
3237 2165 3393 2223 seclis

443 2263 578 2332 Quae
606 2273 775 2319 teneat
798 2264 1062 2319 volucrum
1091 2280 1335 2319 mansura
1360 2264 1429 2318 ad
1456 2265 1692 2335 germina
1721 2264 1892 2320 nidos.
1995 2264 2153 2323 CAP.
2184 2264 2322 2320 VIII.
2346 2262 2644 2336 Naufragio
2672 2279 2855 2318 secura
2882 2278 2998 2319 suo.
3028 2261 3159 2318 Mox
3178 2263 3353 2317 rarior
3369 2260 3531 2316 aether

440 2358 514 2412 Ac
544 2374 608 2412 ne
632 2357 880 2428 fissilibus
908 2356 1184 2412 dissultent
1204 2358 1390 2411 robora
1415 2356 1582 2424 rimis,
2145 2361 2388 2417 Nubibus
2416 2361 2475 2415 in
2493 2361 2654 2429 piceis
2680 2363 2833 2429 carpit
2855 2362 3215 2435 constringere
3238 2359 3463 2416 nimbos.
3552 2373 3575 2379 ’

444 2452 688 2524 Unguine
712 2450 1004 2525 praepingui
1034 2450 1186 2505 linuit
1212 2449 1475 2505 bituminis
1502 2466 1697 2507 arcam.
2142 2453 2371 2520 Jamque
2388 2452 2641 2508 relabenti
2669 2453 2919 2508 decrescit
2945 2453 3001 2508 in
3026 2469 3236 2523 wquore
3266 2462 3480 2523 pontus,

276 2545 403 2604 255
440 2546 569 2618 Ipsa
597 2546 697 2617 fuit
726 2545 905 2615 plenas
935 2552 1011 2599 ter
1041 2553 1241 2599 centum
1273 2543 1429 2615 longa
1456 2561 1546 2615 per
1574 2544 1751 2611 ulnas,
2143 2546 2216 2601 Ac
2239 2553 2513 2617 postquam
2545 2545 2749 2599 modico
2779 2543 3023 2615 ﬂuitabat
3049 2545 3261 2615 ﬂamine
3287 2544 3494 2616 cymba,

441 2639 831 2713 Quinquaginta
860 2647 1041 2710 patens
1066 2648 1408 2694 transversam
1448 2638 1555 2692 lata
1581 2655 1673 2711 per
1700 2638 1893 2694 alvum.
1999 2642 2105 2700 500
2144 2642 2352 2697 Emittit
2376 2641 2548 2696 senior
2569 2640 2864 2713 nigrantem
2891 2649 3100 2711 pectora
3127 2654 3359 2707 corvum,

441 2733 507 2786 At
534 2748 637 2800 qua
662 2728 876 2793 sublimi
895 2738 1114 2803 surgunt
1134 2731 1348 2803 fastigia
1378 2740 1533 2798 tecto,
2148 2735 2251 2803 Qui
2280 2733 2473 2789 levibus
2500 2732 2686 2803 pennis
2715 2730 2914 2786 volucri
2942 2731 3069 2785 dum
3094 2731 3311 2802 ﬂamine
3341 2732 3530 2802 fertur,

440 2826 604 2881 Edita
627 2834 702 2878 ter
731 2824 876 2878 denis
904 2824 960 2878 in
988 2822 1175 2879 ctelum
1213 2822 1419 2879 tollitur
1446 2823 1610 2891 ulnis,
2145 2827 2271 2883 Non
2296 2826 2476 2894 rediit,
2500 2827 2638 2901 justi
2678 2823 2999 2897 suspendens
3027 2832 3144 2880 vota
3173 2824 3457 2898 prophetae.

442 2918 629 2973 Assere
654 2916 910 2989 quadrato
933 2915 1096 2970 nullis
1125 2932 1347 2971 censura
1372 2917 1608 2987 ﬂuentis,
2143 2922 2271 2977 Post
2296 2920 2438 2975 hunc
2485 2920 2745 2976 albentem
2774 2917 2932 2973 mittit
2959 2935 3052 2990 per
3072 2927 3260 2988 stagna
3290 2916 3606 2985 columbam,

279 3014 408 3072 260
446 3012 526 3067 Ad
556 3010 785 3066 medium
809 3018 1018 3082 gestans
1040 3010 1189 3082 facili
1212 3026 1328 3065 cum
1355 3009 1568 3065 cardine
1596 3018 1786 3083 postes.
2148 3013 2280 3078 Qua:
2307 3028 2464 3081 super
2491 3026 2790 3083 aequoreum
2819 3025 3060 3081 campum
3086 3009 3294 3078 defessa
3321 3010 3500 3064 volatu

280 3107 453 3168 CAP.
502 3103 610 3162 VII.
648 3102 776 3159 Haec
818 3106 1049 3175 perfecta
1073 3101 1216 3159 Deus
1261 3112 1537 3175 postquam
1566 3104 1801 3176 despexit
1839 3101 1901 3159 ab
1930 3091 1977 3156 C
2007 3105 2116 3164 305
2155 3104 2433 3177 Nusquam
2462 3112 2614 3159 nacta
2642 3100 2835 3170 solum,
2858 3103 2963 3156 vati
2995 3118 3049 3156 se
3076 3101 3304 3156 reddidit
3336 3100 3499 3157 almo.

1626 3196 1823 3268 lustris,
2143 3198 2373 3270 Cumque
2389 3196 2702 3253 recurrentis
2731 3196 2993 3267 fulgerent
3020 3194 3240 3265 septima
3261 3195 3390 3250 solis

442 3288 660 3345 Talibus
693 3286 891 3356 affatur
914 3288 1225 3343 mittendum
1253 3290 1309 3343 in
1336 3305 1546 3361 aequora
1574 3299 1740 3343 vatem
1770 3304 1791 3343 :
2032 3323 2036 3326 ι
2147 3290 2390 3356 Lumina,
2421 3288 2639 3343 dimittit
2678 3304 2850 3358 penna
2880 3286 3163 3357 plaudente
3181 3286 3463 3353 volucrem,

447 3381 655 3439 Scande
675 3380 828 3444 citus,
850 3381 1063 3449 natique
1092 3381 1189 3451 tui,
1213 3391 1451 3453 natisque
1473 3382 1723 3452 ﬂuentem
2148 3382 2299 3451 Quae,
2331 3397 2541 3437 nemore
2585 3381 2813 3447 invento,
2846 3379 3008 3433 ramis
3035 3379 3360 3450 praepinguis
3381 3379 3534 3435 oliva:

442 3472 720 3531 Fluctibus
748 3476 803 3529 in
822 3475 1035 3530 tumidis
1056 3475 1313 3547 cymbam,
1337 3476 1461 3547 quia
1488 3485 1697 3546 pectora
1726 3475 1830 3530 vidi
2149 3475 2255 3531 Ora
2276 3478 2469 3547 referta
2495 3472 2769 3538 tulit,cum
2787 3473 2905 3543 jam
2934 3486 3026 3542 per
3046 3470 3227 3526 sidera
3248 3486 3427 3543 vesper

283 3566 414 3627 265
439 3565 599 3624 Iusta
625 3569 741 3638 tibi,
772 3567 1076 3639 dudumque
1096 3567 1226 3621 mihi
1255 3577 1348 3622 tua
1367 3577 1490 3622 nota
1517 3569 1758 3623 voluntas
2003 3571 2111 3629 510
2150 3570 2425 3641 Surgeret,
2457 3582 2520 3621 ac
2554 3563 2777 3621 tremulo
2806 3574 3009 3618 noctem
3039 3572 3387 3635 prtecurreret
3415 3562 3548 3633 igni.

448 3659 687 3716 Emeruit
706 3662 909 3733 majora
938 3658 1277 3730 praesentibus
1300 3676 1320 3727 ;
1346 3668 1499 3731 atque
1519 3669 1726 3714 coactas
2150 3661 2181 3717 Ι
2185 3662 2286 3718 nde
2308 3663 2495 3716 iterum
2511 3668 2708 3729 septem
2734 3657 3050 3712 transcursis
3070 3656 3168 3710 rite
3182 3655 3384 3722 diebus,

450 3750 654 3808 Claude
682 3750 841 3806 simul
859 3752 1082 3823 pecudes
1109 3752 1252 3806 omni
1272 3752 1337 3806 de
1363 3751 1596 3824 germine
1624 3752 1792 3820 mites,
2152 3754 2382 3811 Mittitur
2408 3754 2465 3808 in
2492 3751 2712 3824 pelagus
2730 3750 2863 3818 ales,
2895 3765 3014 3820 qua:
3045 3747 3198 3819 lapsa
3218 3758 3393 3802 meatu

455 3843 699 3917 Septenis
726 3842 962 3910 paribus,
996 3843 1266 3898 immundo
1291 3844 1355 3898 de
1383 3859 1542 3916 grege
1570 3844 1690 3899 bina

2152 3848 2440 3915 Perceleri,
2471 3860 2758 3918 numquam
2786 3843 2945 3899 socia
2971 3858 3026 3899 se
3053 3841 3286 3898 reddidit
3307 3840 3467 3897 culte.

456 3935 587 3991 Esse
612 3937 754 3991 sines
782 3944 968 4005 tecum,
985 3951 1260 4007 escamque
1280 3936 1362 3992 his
1392 3938 1629 3992 omnibus
1649 3937 1836 4007 infers,
2151 3940 2435 3997 sexcentos
2455 3938 2617 4013 igitur
2636 3940 2753 4011 jam
2780 3945 2892 3992 tum
2918 3943 3274 4008 transgressus
3306 3944 3354 3990 et
3381 3948 3543 3990 unum

290 4028 419 4088 370
443 4028 614 4102 Atque
641 4029 735 4084 tibi
761 4036 989 4097 ωειαηι,
1021 4045 1085 4084 ηε
1104 4044 1221 4083 cum
1247 4046 1339 4103 ρετ
1363 4038 1512 4084 vasta
1530 4030 1730 4099 ﬂuenta
2009 4034 2116 4093 515
2166 4032 2329 4089 Orbes
2353 4041 2466 4089 erat
2486 4040 2649 4099 vates,
2673 4031 2845 4103 primo
2865 4033 2983 4104 jam
3006 4045 3182 4084 mense
3203 4037 3397 4094 secuto,

454 4121 630 4179 Cultio
650 4123 921 4191 destiterit,
950 4123 1147 4196 pariter
1166 4124 1366 4197 patiore
1384 4124 1621 4195 molesta,
2156 4127 2320 4199 Atque
2346 4124 2433 4180 die
2462 4125 2653 4180 mensis
2676 4123 2870 4196 primo,
2895 4136 3015 4176 cum
3036 4120 3200 4176 libera
3227 4118 3380 4174 tellus

454 4212 694 4270 Provisis
721 4230 826 4269 non
849 4223 971 4269 ante
990 4214 1117 4269 cibis
1135 4231 1226 4286 per
1247 4215 1439 4289 glauca
1454 4216 1697 4273 vehendis
2163 4219 2290 4276 Visa
2311 4219 2517 4292 aperire
2539 4218 2722 4290 procul
2751 4225 2970 4281 montes,
3003 4232 3067 4270 ac
3091 4213 3296 4269 volvere
3324 4213 3544 4284 fumum,

463 4305 623 4363 Salsa
647 4309 860 4379 famem,
891 4323 1013 4362 nam
1036 4308 1182 4362 clara
1209 4308 1329 4377 polo
1348 4325 1468 4363 cum
1489 4309 1694 4365 lumina
1714 4312 1840 4367 solis
2160 4311 2305 4381 Quos
2329 4327 2489 4382 super
2514 4310 2741 4366 undarat
2770 4316 2846 4365 ter
2871 4308 3060 4379 quinas
3090 4315 3283 4379 pontus
3311 4305 3366 4361 in
3388 4305 3583 4365 ulnas:

463 4400 704 4468 Septima
719 4401 1031 4473 prodierint,
1047 4409 1183 4457 totos
1210 4400 1507 4471 diffundere
1531 4389 1813 4461 nimbos.“
2078 4390 2081 4397 ’
2162 4401 2394 4457 Decurso
2412 4403 2532 4475 jam
2552 4415 2749 4471 mense,
2781 4397 2971 4454 dehinc
2998 4414 3118 4453 cum
3146 4397 3285 4453 trina
3312 4397 3537 4454 secando

383 4581 518 4640 235.
550 4580 649 4637 Hic
670 4580 896 4654 respicit
923 4580 1207 4639 Iuvencus
1235 4578 1305 4635 ad
1334 4581 1433 4654 illa,
1474 4579 1921 4654 versionisqltali-
1944 4584 2000 4648 Ι)
2024 4578 2159 4654 nihil
2177 4576 2295 4654 tale
2316 4574 2562 4654 reperire
2575 4572 2737 4654 _Iicet.
2820 4650 2829 4654 _
2943 4641 2954 4654 Ι
3181 4643 3191 4654 ⁸

307 4672 397 4716 ca:
425 4655 597 4710 verba
627 4670 641 4707 :
680 4640 920 4726 Videntes
948 4661 1123 4708 autem
1142 4653 1313 4725 angeli
1345 4652 1437 4708 Dei
1462 4654 1597 4718 ﬁlias
1621 4652 1913 4726 hominum,
1944 4640 1989 4648 _
2042 4722 2064 4726 _
2096 4651 2225 4706 267.
2255 4640 2683 4726 Rescribenduin
2732 4650 2872 4726 puto
2920 4641 2986 4726 de
3031 4643 3259 4726 germine
3303 4640 3522 4726 mundo,
3552 4657 3619 4726 ex

387 4728 442 4780 ia
468 4730 614 4781 bona:
637 4733 684 4778 et
735 4725 966 4796 pulchra
993 4713 1523 4796 suntps'umpseru‘nt
1562 4724 1659 4780 sibi
1706 4713 1913 4779 uxores.
2026 4722 2229 4780 Cenes.
2253 4735 2347 4789 vn,
2370 4718 2444 4773 2:
2480 4716 2563 4771 Ea:
2601 4715 2837 4771 omnibus
2861 4713 3211 4769 animantibus
3250 4713 3458 4769 mundis
3501 4714 3624 4772 tolle

387 4747 442 4780 ια
468 4747 614 4781 υοηω
637 4747 683 4778 ει
735 4747 966 4796 putcurtz
993 4747 1144 4789 sum,
1192 4747 1523 4793 sumpserunt
1562 4747 1659 4780 διυι
1706 4747 1913 4779 uxor".
2026 4747 2229 4780 υῠιιυδο
2257 4747 2347 4789 VII,
2374 4747 2408 4773 ὖ
2432 4757 2443 4771 ο
2480 4747 2562 4771 μω
2601 4747 2696 4769 υηιι

305 4747 419 4857 Ἠῖο
441 4812 577 4853 vero
626 4798 825 4867 quierit
863 4795 919 4867 S,
949 4795 1306 4867 Augustinus,
1335 4796 1612 4867 qumnodo
1643 4802 1920 4864 potuerunt
2026 4803 2235 4867 septena
2254 4803 2308 4867 et
2328 4800 2559 4867 septena,
2587 4797 2696 4845 etc.

309 4870 495 4943 angeli
524 4861 867 4943 cum'ﬂliabns
893 4861 1570 4943 ltoininum_concu'mbere_:
1598 4861 1920 4937 respondcl-
2253 4861 2439 4943 Enrtc,
2467 4863 2625 4932 infer.

310 4933 431 5015 quis
468 4933 757 5015 nonnuiins
788 4940 1015 5015 Latinas
1055 4947 1112 4994 et
1156 4937 1380 5015 Graecos
1418 4933 1786 5015 codicesjon
1817 4954 1918 4992 an—
2262 4933 2448 5015 li‘prte,
2478 4947 2768 5015 spumosos.

313 5002 468 5085 g'elos
489 5054 505 5077 ,
537 5010 633 5085 sed
660 5009 925 5085 ﬁlios_Det°
956 5012 1137 5085 [egere
1161 5050 1178 5076 ,
1217 5008 1506 5085 iustosque
1552 5009 1920 5085 itt_§criptura
2100 5005 2230 5085 2§§.
2263 5002 2765 5085 Natusqn'escilicet
2792 5014 2994 5084 uxores
3020 5009 3297 5056 natorum.
3338 5070 3373 5085 __

313 5070 380 5140 Et
438 5070 673 5154 angelos,
702 5088 759 5137 et
783 5081 919 5149 filios
952 5070 1045 5135 Ι)ἑῖ
1072 5070 1335 5154 appel'lari
1353 5123 1367 5145 ,
1393 5070 1467 5154 ac
1496 5070 1777 5137 credibile'
1797 5093 1924 5135 esse
2101 5074 2229 5133 305.
2262 5074 2360 5154 Iiic
2380 5070 2579 5143 φίλει-ῆι
2605 5073 2964 5154 Augustinus,
2993 5087 3090 5127 cur
3118 5086 3228 5127 non
3258 5070 3485 5130 redierit
3503 5085 3631 5154 cor-

315 5142 578 5226 homities
612 5142 800 5226 justiti;
820 5194 836 5218 ,
889 5142 1332 5226 concupiscentia
1356 5142 1364 5145 ’
1390 5152 1575 5226 lapsos
1598 5193 1614 5218 ,
1668 5165 1925 5226 peccasse
2029 5142 2419 5226 v.us_,_redivrtt_
2451 5142 2877 5226 verticoiumbu,
2899 5158 2969 5198 an
2998 5158 3198 5226 curvus
3232 5157 3490 5226 mortuus
3511 5142 3635 5226 lue-2

314 5240 450 5281 cum
498 5213 735 5280 feminis.
781 5213 862 5278 Ita
909 5224 963 5278 in
1014 5213 1138 5279 libr.
1172 5223 1378 5291 Quaest.
1422 5213 1475 5277 in
1527 5213 1730 5280 canes.
1779 5222 1925 5293 q.3,
2031 5216 2671 5293 ritiliespondetq_ue,_a
2723 5217 2912 5293 multts_
2937 5213 3160 5293 conjici,
3210 5213 3348 5283 quod
3392 5213 3635 5293 cadaveri

319 5296 597 5353 Msnr.—
623 5294 1056 5365 S.Augustinus.
1080 5295 1149 5351 de
1176 5283 1337 5350 Civil.
1366 5297 1458 5351 Dei
1494 5296 1618 5350 libr.
1637 5283 1812 5359 xv,c.'
1830 5283 1925 5359 25,
2032 5289 2265 5365 potuerit
2283 5283 2467 5344 corvus
2504 5283 2751 5356 insidere,
2774 5284 2910 5357 quod
2939 5285 3177 5339 columba
3219 5283 3529 5339 naturaliter
3550 5299 3640 5338 re-

318 5367 456 5439 legit
482 5367 607 5439 quia
631 5362 943 5439 bonte'sunt,
966 5376 1312 5438 sumpserunt,
1336 5375 1442 5422 etc.
1474 5365 1725 5437 Explicat
1746 5375 1930 5422 autem
2034 5362 2471 5439 fugitlhlssrn”
2714 5429 2757 5439 _
2877 5427 2982 5439 AM
3059 5426 3126 5439 ψ
3348 5426 3359 5438 .

322 5425 512 5498 bonas:
544 5438 598 5508 id
620 5445 719 5504 est,
746 5425 1011 5508 pulchras.
1081 5425 1093 5438 ’
1297 5425 1311 5435 ⁷
1559 5425 1574 5437 ’
2035 5425 2047 5435 ’
2098 5425 2235 5490 '317.
2281 5431 2563 5508 Virgilius,
2608 5445 2667 5508 ut
2691 5429 2845 5495 ιλΕη..
2875 5427 3022 5508 296:
3059 5426 3185 5508 Visa
3212 5426 3419 5508 aperire
3446 5425 3634 5508 procul

401 5508 531 5583 299.
557 5499 923 5583 Fcirte,:nnltis
954 5525 1159 5565 cessura
1178 5510 1407 5583 ﬂuentis.
1516 5580 1527 5583 _
1651 5579 1684 5583 __
1731 5578 1744 5583 _
1794 5578 1808 5583 _
2038 5517 2259 5583 montes,
2305 5520 2369 5557 ac
2386 5499 2598 5583 volvere
2638 5506 2863 5583 fumum.
2898 5499 3097 5583 Verum
3131 5499 3222 5579 hic
3248 5506 3464 5583 auctor
3513 5507 3636 5583 post

404 5577 531 5634 26:6.
556 5580 708 5635 Adeo
727 5568 997 5653 'lrequens
1027 5591 1112 5636 est
1143 5568 1194 5637 in
1227 5582 1332 5638 hoc
1360 5580 1605 5637 carmine
1633 5578 1933 5653 diphthon-
2037 5568 2306 5653 diluvium
2334 5577 2519 5630 nescio
2542 5568 2706 5644 quem
2733 5573 2939 5628 iunium
2954 5568 3127 5636 dicat,
3154 5568 3264 5625 nisi
3294 5570 3440 5627 forte
3465 5569 3636 5629 exha-

326 5662 465 5783 gntn
493 5667 540 5705 te
585 5652 813 5722 corripi,
842 5647 904 5707 ut
930 5667 1039 5708 non
1091 5654 1410 5723 excriptori,
1467 5653 1562 5709 sed
1592 5647 1804 5708 auciori
1835 5651 1932 5708 tri-
2040 5647 2221 5704 [antes
2260 5658 2518 5718 vapores.

378 5723 613 5779 nendum
661 5722 720 5779 id
748 5737 875 5779 esse
917 5722 1186 5781 videatur.
1218 5723 1279 5781 In
1307 5723 1534 5782 iuvenci
1585 5737 1754 5783 onere
1796 5737 1931 5781 vero

378 5723 613 5779 nendum
661 5722 720 5779 id
748 5737 875 5779 esse
917 5722 1186 5781 videatur.
1218 5722 1279 5781 In
1307 5723 1534 5782 iuvenci
1585 5737 1754 5795 opere
1796 5737 1931 5781 vero
