  <div class='ocr_page' id='page_1' title='image "/cluster/home/n/w/nwhite01/storage/ocr_20150623/19/hvd.32044096580451/185.png"; bbox 0 0 4096 6182; ppageno 0'>
   <div class='ocr_carea' id='block_1_1' title="bbox 431 284 540 342">
    <p class='ocr_par' dir='ltr' id='par_1_1' title="bbox 431 284 540 342">
     <span class='ocr_line' id='line_1_1' title="bbox 431 284 540 342; baseline -0.009 0"><span class='ocrx_word' id='word_1_1' title='bbox 431 284 540 342; x_wconf 84' lang='lat'><strong><em>559</em></strong></span> 
     </span>
    </p>
   </div>
   <div class='ocr_carea' id='block_1_2' title="bbox 577 387 1847 461">
    <p class='ocr_par' dir='ltr' id='par_1_2' title="bbox 577 387 1847 461">
     <span class='ocr_line' id='line_1_2' title="bbox 577 387 1847 461; baseline -0.009 -8"><span class='ocrx_word' id='word_1_2' title='bbox 577 396 793 461; x_wconf 87' lang='lat' dir='ltr'><strong><em>Serviet,</em></strong></span> <span class='ocrx_word' id='word_1_3' title='bbox 817 394 887 448; x_wconf 88' lang='lat' dir='ltr'><strong><em>ad</em></strong></span> <span class='ocrx_word' id='word_1_4' title='bbox 912 400 1076 448; x_wconf 90' lang='lat' dir='ltr'><strong><em>terras</em></strong></span> <span class='ocrx_word' id='word_1_5' title='bbox 1104 404 1288 445; x_wconf 89' lang='lat' dir='ltr'><strong><em>rursus</em></strong></span> <span class='ocrx_word' id='word_1_6' title='bbox 1314 387 1601 445; x_wconf 82' lang='lat' dir='ltr'><strong><em>revocanda</em></strong></span> <span class='ocrx_word' id='word_1_7' title='bbox 1632 388 1847 459; x_wconf 89' lang='lat' dir='ltr'><strong><em>feraces,</em></strong></span> 
     </span>
    </p>
   </div>
   <div class='ocr_carea' id='block_1_3' title="bbox 576 476 1939 555">
    <p class='ocr_par' dir='ltr' id='par_1_3' title="bbox 576 476 1939 555">
     <span class='ocr_line' id='line_1_3' title="bbox 576 476 1939 555; baseline -0.008 -13"><span class='ocrx_word' id='word_1_8' title='bbox 576 488 651 542; x_wconf 80' lang='lat' dir='ltr'><strong><em>Ae</em></strong></span> <span class='ocrx_word' id='word_1_9' title='bbox 672 488 777 540; x_wconf 88' lang='lat' dir='ltr'><strong><em>vice</em></strong></span> <span class='ocrx_word' id='word_1_10' title='bbox 797 494 1031 552; x_wconf 85' lang='lat' dir='ltr'><strong><em>mutata,</em></strong></span> <span class='ocrx_word' id='word_1_11' title='bbox 1066 499 1182 555; x_wconf 72' lang='lat' dir='ltr'><strong><em>qua:</em></strong></span> <span class='ocrx_word' id='word_1_12' title='bbox 1216 481 1482 552; x_wconf 89' lang='lat' dir='ltr'><strong><em>quandam</em></strong></span> <span class='ocrx_word' id='word_1_13' title='bbox 1510 495 1654 535; x_wconf 82' lang='lat' dir='ltr'><strong><em>serva</em></strong></span> <span class='ocrx_word' id='word_1_14' title='bbox 1678 476 1939 545; x_wconf 89' lang='lat' dir='ltr'><strong><em>tremebat,</em></strong></span> 
     </span>
    </p>
   </div>
   <div class='ocr_carea' id='block_1_4' title="bbox 574 576 1886 654">
    <p class='ocr_par' dir='ltr' id='par_1_4' title="bbox 574 576 1886 654">
     <span class='ocr_line' id='line_1_4' title="bbox 574 576 1886 654; baseline -0.008 -16"><span class='ocrx_word' id='word_1_15' title='bbox 574 581 797 654; x_wconf 77' lang='lat' dir='ltr'><strong><em>Sceptra</em></strong></span> <span class='ocrx_word' id='word_1_16' title='bbox 815 589 974 653; x_wconf 89' lang='lat' dir='ltr'><strong><em>reget,</em></strong></span> <span class='ocrx_word' id='word_1_17' title='bbox 1010 576 1186 633; x_wconf 92' lang='lat' dir='ltr'><strong><em>valida</em></strong></span> <span class='ocrx_word' id='word_1_18' title='bbox 1214 588 1389 649; x_wconf 78' lang='lat' dir='ltr'><strong><em>gentes</em></strong></span> <span class='ocrx_word' id='word_1_19' title='bbox 1410 576 1597 629; x_wconf 88' lang='lat' dir='ltr'><strong><em>virtute</em></strong></span> <span class='ocrx_word' id='word_1_20' title='bbox 1623 588 1886 628; x_wconf 78' lang='lat' dir='ltr'><strong><em>coercens.</em></strong></span> 
     </span>
    </p>
   </div>
   <div class='ocr_carea' id='block_1_5' title="bbox 428 666 1745 743">
    <p class='ocr_par' dir='ltr' id='par_1_5' title="bbox 428 666 1745 743">
     <span class='ocr_line' id='line_1_5' title="bbox 428 666 1745 743; baseline -0.009 -12"><span class='ocrx_word' id='word_1_21' title='bbox 428 673 539 731; x_wconf 74' lang='lat'><strong><em>490</em></strong></span> <span class='ocrx_word' id='word_1_22' title='bbox 576 673 642 728; x_wconf 80' lang='lat' dir='ltr'><strong><em>At</em></strong></span> <span class='ocrx_word' id='word_1_23' title='bbox 681 684 769 739; x_wconf 90' lang='lat' dir='ltr'><strong><em>tu,</em></strong></span> <span class='ocrx_word' id='word_1_24' title='bbox 802 687 922 727; x_wconf 87' lang='lat' dir='ltr'><strong><em>eum</em></strong></span> <span class='ocrx_word' id='word_1_25' title='bbox 949 670 1104 743; x_wconf 84' lang='lat' dir='ltr'><strong><em>fuerit</em></strong></span> <span class='ocrx_word' id='word_1_26' title='bbox 1123 669 1300 724; x_wconf 90' lang='lat' dir='ltr'><strong><em>metati</em></strong></span> <span class='ocrx_word' id='word_1_27' title='bbox 1331 668 1583 723; x_wconf 75' lang='lat' dir='ltr'><strong><em>terminus</em></strong></span> <span class='ocrx_word' id='word_1_28' title='bbox 1610 666 1705 721; x_wconf 81' lang='lat' dir='ltr'><strong><em>cevi</em></strong></span> <span class='ocrx_word' id='word_1_29' title='bbox 1732 709 1745 733; x_wconf 93' lang='lat'><strong><em>,</em></strong></span> 
     </span>
    </p>
   </div>
   <div class='ocr_carea' id='block_1_6' title="bbox 586 759 1852 834">
    <p class='ocr_par' dir='ltr' id='par_1_6' title="bbox 586 759 1852 834">
     <span class='ocr_line' id='line_1_6' title="bbox 586 759 1852 834; baseline -0.008 -13"><span class='ocrx_word' id='word_1_30' title='bbox 586 763 809 821; x_wconf 81' lang='lat' dir='ltr'><strong><em>Sedibus</em></strong></span> <span class='ocrx_word' id='word_1_31' title='bbox 828 765 883 818; x_wconf 90' lang='lat' dir='ltr'><strong><em>in</em></strong></span> <span class='ocrx_word' id='word_1_32' title='bbox 905 763 1090 834; x_wconf 91' lang='lat' dir='ltr'><strong><em>patriis</em></strong></span> <span class='ocrx_word' id='word_1_33' title='bbox 1118 766 1326 834; x_wconf 87' lang='lat' dir='ltr'><strong><em>functus</em></strong></span> <span class='ocrx_word' id='word_1_34' title='bbox 1348 759 1667 815; x_wconf 86' lang='lat' dir='ltr'><strong><em>mandabere</em></strong></span> <span class='ocrx_word' id='word_1_35' title='bbox 1687 759 1852 813; x_wconf 88' lang='lat' dir='ltr'><strong><em>busto.</em></strong></span> 
     </span>
    </p>
   </div>
   <div class='ocr_carea' id='block_1_7' title="bbox 586 852 1807 929">
    <p class='ocr_par' dir='ltr' id='par_1_7' title="bbox 586 852 1807 929">
     <span class='ocr_line' id='line_1_7' title="bbox 586 852 1807 929; baseline -0.007 -17"><span class='ocrx_word' id='word_1_36' title='bbox 586 856 727 912; x_wconf 89' lang='lat' dir='ltr'><strong><em>Nam</em></strong></span> <span class='ocrx_word' id='word_1_37' title='bbox 751 856 975 929; x_wconf 87' lang='lat' dir='ltr'><strong><em>populus</em></strong></span> <span class='ocrx_word' id='word_1_38' title='bbox 997 856 1202 926; x_wconf 89' lang='lat' dir='ltr'><strong><em>infensa</em></strong></span> <span class='ocrx_word' id='word_1_39' title='bbox 1223 854 1312 908; x_wconf 92' lang='lat' dir='ltr'><strong><em>tibi</em></strong></span> <span class='ocrx_word' id='word_1_40' title='bbox 1334 852 1399 908; x_wconf 91' lang='lat' dir='ltr'><strong><em>de</em></strong></span> <span class='ocrx_word' id='word_1_41' title='bbox 1417 853 1536 907; x_wconf 89' lang='lat' dir='ltr'><strong><em>sede</em></strong></span> <span class='ocrx_word' id='word_1_42' title='bbox 1554 852 1807 918; x_wconf 89' lang='lat' dir='ltr'><strong><em>revulsus,</em></strong></span> 
     </span>
    </p>
   </div>
   <div class='ocr_carea' id='block_1_8' title="bbox 583 947 1993 1018">
    <p class='ocr_par' dir='ltr' id='par_1_8' title="bbox 583 947 1993 1018">
     <span class='ocr_line' id='line_1_8' title="bbox 583 947 1993 1018; baseline -0.006 -11"><span class='ocrx_word' id='word_1_43' title='bbox 583 950 708 1007; x_wconf 86' lang='lat' dir='ltr'><strong><em>Huc</em></strong></span> <span class='ocrx_word' id='word_1_44' title='bbox 735 953 921 1018; x_wconf 87' lang='lat' dir='ltr'><strong><em>veniet,</em></strong></span> <span class='ocrx_word' id='word_1_45' title='bbox 955 950 1193 1005; x_wconf 86' lang='lat' dir='ltr'><strong><em>domibus</em></strong></span> <span class='ocrx_word' id='word_1_46' title='bbox 1216 959 1445 1004; x_wconf 89' lang='lat' dir='ltr'><strong><em>veterum</em></strong></span> <span class='ocrx_word' id='word_1_47' title='bbox 1466 947 1742 1003; x_wconf 86' lang='lat' dir='ltr'><strong><em>donandus</em></strong></span> <span class='ocrx_word' id='word_1_48' title='bbox 1765 960 1993 1001; x_wconf 89' lang='lat' dir='ltr'><strong><em>avorum.</em></strong></span> 
     </span>
    </p>
   </div>
   <div class='ocr_carea' id='block_1_9' title="bbox 575 1040 1875 1117">
    <p class='ocr_par' dir='ltr' id='par_1_9' title="bbox 575 1040 1875 1117">
     <span class='ocr_line' id='line_1_9' title="bbox 575 1040 1875 1117; baseline -0.004 -18"><span class='ocrx_word' id='word_1_49' title='bbox 575 1044 719 1099; x_wconf 88' lang='lat' dir='ltr'><strong><em>Nam</em></strong></span> <span class='ocrx_word' id='word_1_50' title='bbox 739 1061 845 1116; x_wconf 92' lang='lat' dir='ltr'><strong><em>qua</em></strong></span> <span class='ocrx_word' id='word_1_51' title='bbox 874 1042 1102 1101; x_wconf 82' lang='lat' dir='ltr'><strong><em>Niliacis</em></strong></span> <span class='ocrx_word' id='word_1_52' title='bbox 1130 1044 1321 1117; x_wconf 92' lang='lat' dir='ltr'><strong><em>gaudet</em></strong></span> <span class='ocrx_word' id='word_1_53' title='bbox 1344 1058 1482 1097; x_wconf 90' lang='lat' dir='ltr'><strong><em>nunc</em></strong></span> <span class='ocrx_word' id='word_1_54' title='bbox 1506 1040 1682 1097; x_wconf 90' lang='lat' dir='ltr'><strong><em>incola</em></strong></span> <span class='ocrx_word' id='word_1_55' title='bbox 1704 1041 1875 1107; x_wconf 85' lang='lat' dir='ltr'><strong><em>terris,</em></strong></span> 
     </span>
    </p>
   </div>
   <div class='ocr_carea' id='block_1_10' title="bbox 437 1130 1926 1207">
    <p class='ocr_par' dir='ltr' id='par_1_10' title="bbox 437 1130 1926 1207">
     <span class='ocr_line' id='line_1_10' title="bbox 437 1130 1926 1207; baseline -0.007 -10"><span class='ocrx_word' id='word_1_56' title='bbox 437 1139 549 1197; x_wconf 70' lang='lat'><strong>495</strong></span> <span class='ocrx_word' id='word_1_57' title='bbox 588 1135 660 1191; x_wconf 81' lang='lat' dir='ltr'><strong><em>Et</em></strong></span> <span class='ocrx_word' id='word_1_58' title='bbox 686 1136 824 1191; x_wconf 88' lang='lat' dir='ltr'><strong><em>celer</em></strong></span> <span class='ocrx_word' id='word_1_59' title='bbox 868 1134 1165 1207; x_wconf 80' lang='lat' dir='ltr'><strong><em>Euphrates</em></strong></span> <span class='ocrx_word' id='word_1_60' title='bbox 1194 1134 1450 1206; x_wconf 79' lang='lat' dir='ltr'><strong><em>Syrorum</em></strong></span> <span class='ocrx_word' id='word_1_61' title='bbox 1472 1141 1728 1205; x_wconf 64' lang='lat' dir='ltr'><strong><em>praenatat</em></strong></span> <span class='ocrx_word' id='word_1_62' title='bbox 1758 1130 1926 1195; x_wconf 85' lang='lat' dir='ltr'><strong><em>orbes,</em></strong></span> 
     </span>
    </p>
   </div>
   <div class='ocr_carea' id='block_1_11' title="bbox 584 1227 1753 1302">
    <p class='ocr_par' dir='ltr' id='par_1_11' title="bbox 584 1227 1753 1302">
     <span class='ocr_line' id='line_1_11' title="bbox 584 1227 1753 1302; baseline -0.008 -16"><span class='ocrx_word' id='word_1_63' title='bbox 584 1229 799 1286; x_wconf 70' lang='lat' dir='ltr'><strong><em>Genatos</em></strong></span> <span class='ocrx_word' id='word_1_64' title='bbox 828 1230 1069 1302; x_wconf 87' lang='lat' dir='ltr'><strong><em>populos,</em></strong></span> <span class='ocrx_word' id='word_1_65' title='bbox 1094 1227 1454 1297; x_wconf 77' lang='lat' dir='ltr'><strong><em>Genezeosque</em></strong></span> <span class='ocrx_word' id='word_1_66' title='bbox 1481 1227 1753 1287; x_wconf 85' lang='lat' dir='ltr'><strong><em>tenebunt,</em></strong></span> 
     </span>
    </p>
   </div>
   <div class='ocr_carea' id='block_1_12' title="bbox 585 1318 2036 1397">
    <p class='ocr_par' dir='ltr' id='par_1_12' title="bbox 585 1318 2036 1397">
     <span class='ocr_line' id='line_1_12' title="bbox 585 1318 2036 1397; baseline -0.007 -14"><span class='ocrx_word' id='word_1_67' title='bbox 585 1326 954 1396; x_wconf 86' lang='lat' dir='ltr'><strong><em>Chalmoneos,</em></strong></span> <span class='ocrx_word' id='word_1_68' title='bbox 987 1323 1271 1396; x_wconf 84' lang='lat' dir='ltr'><strong><em>Chelasque</em></strong></span> <span class='ocrx_word' id='word_1_69' title='bbox 1286 1328 1478 1397; x_wconf 85' lang='lat' dir='ltr'><strong><em>juncta</em></strong></span> <span class='ocrx_word' id='word_1_70' title='bbox 1502 1339 1621 1377; x_wconf 89' lang='lat' dir='ltr'><strong><em>cum</em></strong></span> <span class='ocrx_word' id='word_1_71' title='bbox 1645 1330 1792 1393; x_wconf 87' lang='lat' dir='ltr'><strong><em>gente</em></strong></span> <span class='ocrx_word' id='word_1_72' title='bbox 1816 1318 2036 1385; x_wconf 72' lang='lat' dir='ltr'><strong><em>Fereza,</em></strong></span> 
     </span>
    </p>
   </div>
   <div class='ocr_carea' id='block_1_13' title="bbox 581 1414 1871 1489">
    <p class='ocr_par' dir='ltr' id='par_1_13' title="bbox 581 1414 1871 1489">
     <span class='ocr_line' id='line_1_13' title="bbox 581 1414 1871 1489; baseline -0.006 -14"><span class='ocrx_word' id='word_1_73' title='bbox 581 1420 650 1475; x_wconf 82' lang='lat' dir='ltr'><strong><em>Et</em></strong></span> <span class='ocrx_word' id='word_1_74' title='bbox 674 1418 927 1489; x_wconf 74' lang='lat' dir='ltr'><strong><em>lia/fana,</em></strong></span> <span class='ocrx_word' id='word_1_75' title='bbox 963 1420 1046 1473; x_wconf 90' lang='lat' dir='ltr'><strong><em>cui</em></strong></span> <span class='ocrx_word' id='word_1_76' title='bbox 1070 1434 1255 1473; x_wconf 89' lang='lat' dir='ltr'><strong><em>manus</em></strong></span> <span class='ocrx_word' id='word_1_77' title='bbox 1277 1426 1349 1472; x_wconf 89' lang='lat' dir='ltr'><strong><em>est</em></strong></span> <span class='ocrx_word' id='word_1_78' title='bbox 1370 1416 1627 1471; x_wconf 86' lang='lat' dir='ltr'><strong><em>Jebosaco</em></strong></span> <span class='ocrx_word' id='word_1_79' title='bbox 1647 1414 1871 1481; x_wconf 67' lang='lat' dir='ltr'><strong><em>haerens,</em></strong></span> 
     </span>
    </p>
   </div>
   <div class='ocr_carea' id='block_1_14' title="bbox 584 1506 1769 1583">
    <p class='ocr_par' dir='ltr' id='par_1_14' title="bbox 584 1506 1769 1583">
     <span class='ocr_line' id='line_1_14' title="bbox 584 1506 1769 1583; baseline -0.006 -17"><span class='ocrx_word' id='word_1_80' title='bbox 584 1509 887 1583; x_wconf 84' lang='lat' dir='ltr'><strong><em>Dilectaque</em></strong></span> <span class='ocrx_word' id='word_1_81' title='bbox 908 1510 1007 1566; x_wconf 87' lang='lat' dir='ltr'><strong><em>sibi</em></strong></span> <span class='ocrx_word' id='word_1_82' title='bbox 1031 1512 1292 1582; x_wconf 89' lang='lat' dir='ltr'><strong><em>pellentur</em></strong></span> <span class='ocrx_word' id='word_1_83' title='bbox 1320 1508 1440 1563; x_wconf 87' lang='lat' dir='ltr'><strong><em>sede</em></strong></span> <span class='ocrx_word' id='word_1_84' title='bbox 1469 1506 1769 1563; x_wconf 89' lang='lat' dir='ltr'><strong><em>Chananni.</em></strong></span> 
     </span>
    </p>
   </div>
   <div class='ocr_carea' id='block_1_15' title="bbox 438 1601 1862 1677">
    <p class='ocr_par' dir='ltr' id='par_1_15' title="bbox 438 1601 1862 1677">
     <span class='ocr_line' id='line_1_15' title="bbox 438 1601 1862 1677; baseline -0.008 -11"><span class='ocrx_word' id='word_1_85' title='bbox 438 1606 546 1666; x_wconf 87' lang='lat'><strong><em>500</em></strong></span> <span class='ocrx_word' id='word_1_86' title='bbox 586 1604 730 1674; x_wconf 84' lang='lat' dir='ltr'><strong><em>Quin</em></strong></span> <span class='ocrx_word' id='word_1_87' title='bbox 758 1615 806 1660; x_wconf 91' lang='lat' dir='ltr'><strong><em>et</em></strong></span> <span class='ocrx_word' id='word_1_88' title='bbox 829 1606 1128 1660; x_wconf 74' lang='lat' dir='ltr'><strong><em>Amorraeus</em></strong></span> <span class='ocrx_word' id='word_1_89' title='bbox 1147 1603 1398 1677; x_wconf 84' lang='lat' dir='ltr'><strong><em>Gergesso</em></strong></span> <span class='ocrx_word' id='word_1_90' title='bbox 1417 1616 1655 1658; x_wconf 72' lang='lat' dir='ltr'><strong><em>extrusus</em></strong></span> <span class='ocrx_word' id='word_1_91' title='bbox 1674 1601 1862 1671; x_wconf 87' lang='lat' dir='ltr'><strong><em>amico,</em></strong></span> 
     </span>
    </p>
   </div>
   <div class='ocr_carea' id='block_1_16' title="bbox 585 1694 1872 1767">
    <p class='ocr_par' dir='ltr' id='par_1_16' title="bbox 585 1694 1872 1767">
     <span class='ocr_line' id='line_1_16' title="bbox 585 1694 1872 1767; baseline -0.009 -11"><span class='ocrx_word' id='word_1_92' title='bbox 585 1698 919 1756; x_wconf 86' lang='lat' dir='ltr'><strong><em>Semianimis</em></strong></span> <span class='ocrx_word' id='word_1_93' title='bbox 950 1713 1189 1767; x_wconf 84' lang='lat' dir='ltr'><strong><em>possessa</em></strong></span> <span class='ocrx_word' id='word_1_94' title='bbox 1216 1696 1361 1751; x_wconf 86' lang='lat' dir='ltr'><strong><em>dabit</em></strong></span> <span class='ocrx_word' id='word_1_95' title='bbox 1381 1694 1699 1751; x_wconf 84' lang='lat' dir='ltr'><strong><em>venientibus</em></strong></span> <span class='ocrx_word' id='word_1_96' title='bbox 1727 1709 1872 1747; x_wconf 80' lang='lat' dir='ltr'><strong><em>arva.</em></strong></span> 
     </span>
    </p>
   </div>
   <div class='ocr_carea' id='block_1_17' title="bbox 588 1784 2124 1859">
    <p class='ocr_par' dir='ltr' id='par_1_17' title="bbox 588 1784 2124 1859">
     <span class='ocr_line' id='line_1_17' title="bbox 588 1784 2124 1859; baseline -0.007 -12"><span class='ocrx_word' id='word_1_97' title='bbox 588 1792 720 1859; x_wconf 69' lang='lat' dir='ltr'><strong><em>Qut:</em></strong></span> <span class='ocrx_word' id='word_1_98' title='bbox 769 1806 888 1845; x_wconf 82' lang='lat' dir='ltr'><strong><em>cum</em></strong></span> <span class='ocrx_word' id='word_1_99' title='bbox 930 1800 1113 1845; x_wconf 91' lang='lat' dir='ltr'><strong><em>sancta</em></strong></span> <span class='ocrx_word' id='word_1_100' title='bbox 1164 1785 1306 1843; x_wconf 82' lang='lat' dir='ltr'><strong><em>Deus</em></strong></span> <span class='ocrx_word' id='word_1_101' title='bbox 1347 1787 1670 1859; x_wconf 86' lang='lat' dir='ltr'><strong><em>promisisset</em></strong></span> <span class='ocrx_word' id='word_1_102' title='bbox 1714 1784 1865 1839; x_wconf 90' lang='lat' dir='ltr'><strong><em>verba</em></strong></span> <span class='ocrx_word' id='word_1_103' title='bbox 1925 1797 2046 1853; x_wconf 86' lang='lat' dir='ltr'><strong><em>pro-</em></strong></span> <span class='ocrx_word' id='word_1_104' title='bbox 2076 1785 2124 1847; x_wconf 87' lang='lat' dir='ltr'><strong>B</strong></span> 
     </span>
    </p>
   </div>
   <div class='ocr_carea' id='block_1_18' title="bbox 1824 1875 1953 1931">
    <p class='ocr_par' dir='ltr' id='par_1_18' title="bbox 1824 1875 1953 1931">
     <span class='ocr_line' id='line_1_18' title="bbox 1824 1875 1953 1931; baseline 0.008 -1"><span class='ocrx_word' id='word_1_105' title='bbox 1824 1875 1953 1931; x_wconf 79' lang='lat' dir='ltr'><strong><em>heia:</em></strong></span> 
     </span>
    </p>
   </div>
   <div class='ocr_carea' id='block_1_19' title="bbox 588 1876 1974 2041">
    <p class='ocr_par' dir='ltr' id='par_1_19' title="bbox 588 1876 1974 2041">
     <span class='ocr_line' id='line_1_19' title="bbox 1824 1876 1953 1931; baseline 0.008 -1"><span class='ocrx_word' id='word_1_106' title='bbox 1824 1876 1953 1931; x_wconf 81' lang='lat' dir='ltr'><strong><em>hetw</em></strong></span> 
     </span>
     <span class='ocr_line' id='line_1_20' title="bbox 588 1876 1974 2041; baseline -0.009 -7"><span class='ocrx_word' id='word_1_107' title='bbox 588 1976 714 2034; x_wconf 89' lang='lat' dir='ltr'><strong><em>Sole</em></strong></span> <span class='ocrx_word' id='word_1_108' title='bbox 741 1974 837 2031; x_wconf 87' lang='lat' dir='ltr'><strong><em>sub</em></strong></span> <span class='ocrx_word' id='word_1_109' title='bbox 860 1975 1080 2030; x_wconf 88' lang='lat' dir='ltr'><strong><em>occiduo</em></strong></span> <span class='ocrx_word' id='word_1_110' title='bbox 1108 1972 1309 2027; x_wconf 89' lang='lat' dir='ltr'><strong><em>clarum</em></strong></span> <span class='ocrx_word' id='word_1_111' title='bbox 1346 1972 1437 2025; x_wconf 88' lang='lat' dir='ltr'><strong><em>dat</em></strong></span> <span class='ocrx_word' id='word_1_112' title='bbox 1460 1970 1676 2041; x_wconf 85' lang='lat' dir='ltr'><strong><em>fulmine</em></strong></span> <span class='ocrx_word' id='word_1_113' title='bbox 1699 1876 1867 2041; x_wconf 49' lang='lat' dir='ltr'><strong><em>siglo.</em></strong></span> <span class='ocrx_word' id='word_1_114' title='bbox 1960 1916 1974 1943; x_wconf 61' lang='grc'><strong><em>’</em></strong></span> 
     </span>
    </p>
   </div>
   <div class='ocr_carea' id='block_1_20' title="bbox 590 2064 1886 2139">
    <p class='ocr_par' dir='ltr' id='par_1_20' title="bbox 590 2064 1886 2139">
     <span class='ocr_line' id='line_1_21' title="bbox 590 2064 1886 2139; baseline -0.007 -14"><span class='ocrx_word' id='word_1_115' title='bbox 590 2068 733 2125; x_wconf 83' lang='lat' dir='ltr'><strong><em>Nam</em></strong></span> <span class='ocrx_word' id='word_1_116' title='bbox 754 2070 894 2124; x_wconf 89' lang='lat' dir='ltr'><strong><em>velut</em></strong></span> <span class='ocrx_word' id='word_1_117' title='bbox 921 2068 1143 2122; x_wconf 84' lang='lat' dir='ltr'><strong><em>undanti</em></strong></span> <span class='ocrx_word' id='word_1_118' title='bbox 1165 2068 1380 2139; x_wconf 86' lang='lat' dir='ltr'><strong><em>ferveret</em></strong></span> <span class='ocrx_word' id='word_1_119' title='bbox 1410 2067 1628 2135; x_wconf 92' lang='lat' dir='ltr'><strong><em>ﬂamma</em></strong></span> <span class='ocrx_word' id='word_1_120' title='bbox 1653 2064 1886 2130; x_wconf 88' lang='lat' dir='ltr'><strong><em>camino,</em></strong></span> 
     </span>
    </p>
   </div>
   <div class='ocr_carea' id='block_1_21' title="bbox 441 2156 1927 2230">
    <p class='ocr_par' dir='ltr' id='par_1_21' title="bbox 441 2156 1927 2230">
     <span class='ocr_line' id='line_1_22' title="bbox 441 2156 1927 2230; baseline -0.009 -8"><span class='ocrx_word' id='word_1_121' title='bbox 441 2162 551 2223; x_wconf 86' lang='lat'><strong>505</strong></span> <span class='ocrx_word' id='word_1_122' title='bbox 587 2162 853 2219; x_wconf 82' lang='lat' dir='ltr'><strong><em>Ccesarum</em></strong></span> <span class='ocrx_word' id='word_1_123' title='bbox 884 2160 1135 2230; x_wconf 82' lang='lat' dir='ltr'><strong><em>pecudum</em></strong></span> <span class='ocrx_word' id='word_1_124' title='bbox 1164 2160 1274 2213; x_wconf 89' lang='lat' dir='ltr'><strong><em>visa</em></strong></span> <span class='ocrx_word' id='word_1_125' title='bbox 1304 2169 1379 2212; x_wconf 89' lang='lat' dir='ltr'><strong><em>est</em></strong></span> <span class='ocrx_word' id='word_1_126' title='bbox 1407 2156 1698 2212; x_wconf 87' lang='lat' dir='ltr'><strong><em>delambere</em></strong></span> <span class='ocrx_word' id='word_1_127' title='bbox 1725 2170 1927 2209; x_wconf 89' lang='lat' dir='ltr'><strong><em>carnes.</em></strong></span> 
     </span>
    </p>
   </div>
   <div class='ocr_carea' id='block_1_22' title="bbox 442 2249 2048 2327">
    <p class='ocr_par' dir='ltr' id='par_1_22' title="bbox 442 2249 2048 2327">
     <span class='ocr_line' id='line_1_23' title="bbox 442 2249 2048 2327; baseline -0.009 -13"><span class='ocrx_word' id='word_1_128' title='bbox 442 2256 597 2314; x_wconf 86' lang='lat' dir='ltr'><strong><em>CAP.</em></strong></span> <span class='ocrx_word' id='word_1_129' title='bbox 624 2254 767 2311; x_wconf 81' lang='lat' dir='ltr'><strong>XVI.</strong></span> <span class='ocrx_word' id='word_1_130' title='bbox 799 2254 826 2309; x_wconf 86' lang='grc'><em>1</em></span> <span class='ocrx_word' id='word_1_131' title='bbox 833 2262 1007 2309; x_wconf 89' lang='lat' dir='ltr'><strong><em>nterea</em></strong></span> <span class='ocrx_word' id='word_1_132' title='bbox 1029 2254 1228 2308; x_wconf 84' lang='lat' dir='ltr'><strong><em>steriles</em></strong></span> <span class='ocrx_word' id='word_1_133' title='bbox 1240 2256 1357 2327; x_wconf 89' lang='lat' dir='ltr'><strong><em>jam</em></strong></span> <span class='ocrx_word' id='word_1_134' title='bbox 1375 2251 1579 2324; x_wconf 85' lang='lat' dir='ltr'><strong><em>pridem</em></strong></span> <span class='ocrx_word' id='word_1_135' title='bbox 1607 2249 1744 2319; x_wconf 90' lang='lat' dir='ltr'><strong><em>fessa</em></strong></span> <span class='ocrx_word' id='word_1_136' title='bbox 1775 2262 1865 2319; x_wconf 91' lang='lat' dir='ltr'><strong><em>per</em></strong></span> <span class='ocrx_word' id='word_1_137' title='bbox 1883 2261 2048 2301; x_wconf 91' lang='lat' dir='ltr'><strong><em>annos</em></strong></span> 
     </span>
    </p>
   </div>
   <div class='ocr_carea' id='block_1_23' title="bbox 587 2345 1868 2419">
    <p class='ocr_par' dir='ltr' id='par_1_23' title="bbox 587 2345 1868 2419">
     <span class='ocr_line' id='line_1_24' title="bbox 587 2345 1868 2419; baseline -0.005 -15"><span class='ocrx_word' id='word_1_138' title='bbox 587 2348 903 2405; x_wconf 86' lang='lat' dir='ltr'><strong><em>Perdiderat</em></strong></span> <span class='ocrx_word' id='word_1_139' title='bbox 924 2348 1081 2402; x_wconf 91' lang='lat' dir='ltr'><strong><em>etiam</em></strong></span> <span class='ocrx_word' id='word_1_140' title='bbox 1102 2356 1277 2402; x_wconf 88' lang='lat' dir='ltr'><strong><em>votum</em></strong></span> <span class='ocrx_word' id='word_1_141' title='bbox 1293 2348 1411 2419; x_wconf 88' lang='lat' dir='ltr'><strong><em>jam</em></strong></span> <span class='ocrx_word' id='word_1_142' title='bbox 1432 2345 1598 2401; x_wconf 88' lang='lat' dir='ltr'><strong><em>Sarra</em></strong></span> <span class='ocrx_word' id='word_1_143' title='bbox 1615 2345 1868 2414; x_wconf 91' lang='lat' dir='ltr'><strong><em>parentis,</em></strong></span> 
     </span>
    </p>
   </div>
   <div class='ocr_carea' id='block_1_24' title="bbox 589 2437 1901 2515">
    <p class='ocr_par' dir='ltr' id='par_1_24' title="bbox 589 2437 1901 2515">
     <span class='ocr_line' id='line_1_25' title="bbox 589 2437 1901 2515; baseline -0.003 -18"><span class='ocrx_word' id='word_1_144' title='bbox 589 2442 657 2498; x_wconf 82' lang='lat' dir='ltr'><strong><em>Et</em></strong></span> <span class='ocrx_word' id='word_1_145' title='bbox 681 2442 806 2512; x_wconf 84' lang='lat' dir='ltr'><strong><em>quia</em></strong></span> <span class='ocrx_word' id='word_1_146' title='bbox 832 2441 1117 2515; x_wconf 65' lang='lat' dir='ltr'><strong><em>praegelida</em></strong></span> <span class='ocrx_word' id='word_1_147' title='bbox 1147 2449 1359 2511; x_wconf 89' lang='lat' dir='ltr'><strong><em>partum</em></strong></span> <span class='ocrx_word' id='word_1_148' title='bbox 1389 2456 1493 2494; x_wconf 92' lang='lat' dir='ltr'><strong><em>non</em></strong></span> <span class='ocrx_word' id='word_1_149' title='bbox 1524 2445 1735 2510; x_wconf 86' lang='lat' dir='ltr'><strong><em>poneret</em></strong></span> <span class='ocrx_word' id='word_1_150' title='bbox 1764 2437 1901 2503; x_wconf 89' lang='lat' dir='ltr'><strong><em>alvo,</em></strong></span> 
     </span>
    </p>
   </div>
   <div class='ocr_carea' id='block_1_25' title="bbox 586 2533 1787 2605">
    <p class='ocr_par' dir='ltr' id='par_1_25' title="bbox 586 2533 1787 2605">
     <span class='ocr_line' id='line_1_26' title="bbox 586 2533 1787 2605; baseline -0.004 -14"><span class='ocrx_word' id='word_1_151' title='bbox 586 2537 668 2591; x_wconf 85' lang='lat' dir='ltr'><strong><em>Ad</em></strong></span> <span class='ocrx_word' id='word_1_152' title='bbox 691 2536 921 2592; x_wconf 78' lang='lat' dir='ltr'><strong><em>secunda</em></strong></span> <span class='ocrx_word' id='word_1_153' title='bbox 948 2552 1100 2590; x_wconf 88' lang='lat' dir='ltr'><strong><em>suum</em></strong></span> <span class='ocrx_word' id='word_1_154' title='bbox 1141 2536 1294 2605; x_wconf 67' lang='lat' dir='ltr'><strong><em>capit</em></strong></span> <span class='ocrx_word' id='word_1_155' title='bbox 1320 2533 1517 2589; x_wconf 89' lang='lat' dir='ltr'><strong><em>lactare</em></strong></span> <span class='ocrx_word' id='word_1_156' title='bbox 1543 2534 1787 2588; x_wconf 89' lang='lat' dir='ltr'><strong><em>maritum</em></strong></span> 
     </span>
    </p>
   </div>
   <div class='ocr_carea' id='block_1_26' title="bbox 444 2628 1827 2700">
    <p class='ocr_par' dir='ltr' id='par_1_26' title="bbox 444 2628 1827 2700">
     <span class='ocr_line' id='line_1_27' title="bbox 444 2628 1827 2700; baseline -0.005 -11"><span class='ocrx_word' id='word_1_157' title='bbox 444 2632 553 2689; x_wconf 78' lang='grc'><strong><em>510</em></strong></span> <span class='ocrx_word' id='word_1_158' title='bbox 592 2629 823 2699; x_wconf 84' lang='lat' dir='ltr'><strong><em>Gaudia,</em></strong></span> <span class='ocrx_word' id='word_1_159' title='bbox 851 2639 902 2685; x_wconf 91' lang='lat' dir='ltr'><strong><em>et</em></strong></span> <span class='ocrx_word' id='word_1_160' title='bbox 929 2630 1183 2700; x_wconf 70' lang='lat' dir='ltr'><strong><em>inﬂexum</em></strong></span> <span class='ocrx_word' id='word_1_161' title='bbox 1209 2630 1347 2699; x_wconf 84' lang='lat' dir='ltr'><strong><em>cogit</em></strong></span> <span class='ocrx_word' id='word_1_162' title='bbox 1382 2628 1642 2683; x_wconf 84' lang='lat' dir='ltr'><strong><em>consortia</em></strong></span> <span class='ocrx_word' id='word_1_163' title='bbox 1671 2642 1827 2682; x_wconf 78' lang='lat' dir='ltr'><strong><em>serva:</em></strong></span> 
     </span>
    </p>
   </div>
   <div class='ocr_carea' id='block_1_27' title="bbox 591 2723 1891 2797">
    <p class='ocr_par' dir='ltr' id='par_1_27' title="bbox 591 2723 1891 2797">
     <span class='ocr_line' id='line_1_28' title="bbox 591 2723 1891 2797; baseline -0.002 -17"><span class='ocrx_word' id='word_1_164' title='bbox 591 2724 842 2791; x_wconf 83' lang='lat' dir='ltr'><strong><em>Nascere,</em></strong></span> <span class='ocrx_word' id='word_1_165' title='bbox 868 2740 971 2790; x_wconf 89' lang='lat' dir='ltr'><strong><em>quo</em></strong></span> <span class='ocrx_word' id='word_1_166' title='bbox 993 2726 1181 2780; x_wconf 88' lang='lat' dir='ltr'><strong><em>saltem</em></strong></span> <span class='ocrx_word' id='word_1_167' title='bbox 1210 2726 1410 2796; x_wconf 80' lang='lat' dir='ltr'><strong><em>genitor</em></strong></span> <span class='ocrx_word' id='word_1_168' title='bbox 1438 2725 1502 2779; x_wconf 97' lang='lat' dir='ltr'><strong><em>sit</em></strong></span> <span class='ocrx_word' id='word_1_169' title='bbox 1533 2726 1752 2797; x_wconf 87' lang='lat' dir='ltr'><strong><em>pignore</em></strong></span> <span class='ocrx_word' id='word_1_170' title='bbox 1778 2723 1891 2778; x_wconf 83' lang='lat' dir='ltr'><strong><em>vili.</em></strong></span> 
     </span>
    </p>
   </div>
   <div class='ocr_carea' id='block_1_28' title="bbox 588 2813 1898 2886">
    <p class='ocr_par' dir='ltr' id='par_1_28' title="bbox 588 2813 1898 2886">
     <span class='ocr_line' id='line_1_29' title="bbox 588 2813 1898 2886; baseline -0.003 -15"><span class='ocrx_word' id='word_1_171' title='bbox 588 2816 740 2871; x_wconf 87' lang='lat' dir='ltr'><strong><em>Ilicet</em></strong></span> <span class='ocrx_word' id='word_1_172' title='bbox 766 2818 823 2870; x_wconf 89' lang='lat' dir='ltr'><strong><em>in</em></strong></span> <span class='ocrx_word' id='word_1_173' title='bbox 861 2815 1120 2871; x_wconf 79' lang='lat' dir='ltr'><strong><em>thalamos</em></strong></span> <span class='ocrx_word' id='word_1_174' title='bbox 1147 2813 1404 2886; x_wconf 66' lang='lat' dir='ltr'><strong><em>Egyptia</em></strong></span> <span class='ocrx_word' id='word_1_175' title='bbox 1426 2814 1713 2868; x_wconf 87' lang='lat' dir='ltr'><strong><em>adducitur</em></strong></span> <span class='ocrx_word' id='word_1_176' title='bbox 1735 2814 1898 2883; x_wconf 78' lang='lat' dir='ltr'><strong><em>Agar,</em></strong></span> 
     </span>
    </p>
   </div>
   <div class='ocr_carea' id='block_1_29' title="bbox 589 2904 1948 2980">
    <p class='ocr_par' dir='ltr' id='par_1_29' title="bbox 589 2904 1948 2980">
     <span class='ocr_line' id='line_1_30' title="bbox 589 2904 1948 2980; baseline -0.004 -16"><span class='ocrx_word' id='word_1_177' title='bbox 589 2907 975 2980; x_wconf 89' lang='lat' dir='ltr'><strong><em>Ismaelumque</em></strong></span> <span class='ocrx_word' id='word_1_178' title='bbox 1004 2906 1221 2962; x_wconf 82' lang='lat' dir='ltr'><strong><em>nothum</em></strong></span> <span class='ocrx_word' id='word_1_179' title='bbox 1253 2906 1495 2975; x_wconf 70' lang='lat' dir='ltr'><strong><em>[iucunda</em></strong></span> <span class='ocrx_word' id='word_1_180' title='bbox 1524 2907 1694 2979; x_wconf 84' lang='lat' dir='ltr'><strong><em>gignit</em></strong></span> <span class='ocrx_word' id='word_1_181' title='bbox 1716 2906 1780 2959; x_wconf 92' lang='lat' dir='ltr'><strong><em>ab</em></strong></span> <span class='ocrx_word' id='word_1_182' title='bbox 1809 2904 1948 2960; x_wconf 90' lang='lat' dir='ltr'><strong><em>ulva.</em></strong></span> 
     </span>
    </p>
   </div>
   <div class='ocr_carea' id='block_1_30' title="bbox 589 2998 1920 3069">
    <p class='ocr_par' dir='ltr' id='par_1_30' title="bbox 589 2998 1920 3069">
     <span class='ocr_line' id='line_1_31' title="bbox 589 2998 1920 3069; baseline -0.002 -14"><span class='ocrx_word' id='word_1_183' title='bbox 589 3002 721 3069; x_wconf 74' lang='lat' dir='ltr'><strong><em>Quae</em></strong></span> <span class='ocrx_word' id='word_1_184' title='bbox 748 3016 869 3055; x_wconf 90' lang='lat' dir='ltr'><strong><em>cum</em></strong></span> <span class='ocrx_word' id='word_1_185' title='bbox 899 3000 1078 3054; x_wconf 80' lang='lat' dir='ltr'><strong><em>servili</em></strong></span> <span class='ocrx_word' id='word_1_186' title='bbox 1104 2998 1375 3053; x_wconf 85' lang='lat' dir='ltr'><strong><em>dominam</em></strong></span> <span class='ocrx_word' id='word_1_187' title='bbox 1402 3008 1755 3054; x_wconf 87' lang='lat' dir='ltr'><strong><em>contemneret</em></strong></span> <span class='ocrx_word' id='word_1_188' title='bbox 1781 3007 1920 3066; x_wconf 90' lang='lat' dir='ltr'><strong><em>astu,</em></strong></span> 
     </span>
    </p>
   </div>
   <div class='ocr_carea' id='block_1_31' title="bbox 446 3093 1814 3165">
    <p class='ocr_par' dir='ltr' id='par_1_31' title="bbox 446 3093 1814 3165">
     <span class='ocr_line' id='line_1_32' title="bbox 446 3093 1814 3165; baseline -0.007 -10"><span class='ocrx_word' id='word_1_189' title='bbox 446 3096 556 3155; x_wconf 77' lang='lat'><strong>515</strong></span> <span class='ocrx_word' id='word_1_190' title='bbox 601 3095 915 3151; x_wconf 86' lang='lat' dir='ltr'><strong><em>Verberibus</em></strong></span> <span class='ocrx_word' id='word_1_191' title='bbox 944 3094 1092 3148; x_wconf 89' lang='lat' dir='ltr'><strong><em>duris</em></strong></span> <span class='ocrx_word' id='word_1_192' title='bbox 1116 3095 1344 3165; x_wconf 90' lang='lat' dir='ltr'><strong><em>afﬂicta,</em></strong></span> <span class='ocrx_word' id='word_1_193' title='bbox 1373 3102 1421 3149; x_wconf 90' lang='lat' dir='ltr'><strong><em>et</em></strong></span> <span class='ocrx_word' id='word_1_194' title='bbox 1446 3093 1630 3148; x_wconf 89' lang='lat' dir='ltr'><strong><em>saucia</em></strong></span> <span class='ocrx_word' id='word_1_195' title='bbox 1658 3093 1814 3165; x_wconf 90' lang='lat' dir='ltr'><strong><em>fugit.</em></strong></span> 
     </span>
    </p>
   </div>
   <div class='ocr_carea' id='block_1_32' title="bbox 593 3186 1677 3261">
    <p class='ocr_par' dir='ltr' id='par_1_32' title="bbox 593 3186 1677 3261">
     <span class='ocr_line' id='line_1_33' title="bbox 593 3186 1677 3261; baseline -0.002 -18"><span class='ocrx_word' id='word_1_196' title='bbox 593 3187 669 3243; x_wconf 83' lang='lat' dir='ltr'><strong><em>Ac</em></strong></span> <span class='ocrx_word' id='word_1_197' title='bbox 693 3188 817 3242; x_wconf 87' lang='lat' dir='ltr'><strong><em>dum</em></strong></span> <span class='ocrx_word' id='word_1_198' title='bbox 846 3188 1016 3243; x_wconf 87' lang='lat' dir='ltr'><strong><em>vicino</em></strong></span> <span class='ocrx_word' id='word_1_199' title='bbox 1040 3195 1233 3259; x_wconf 86' lang='lat' dir='ltr'><strong><em>tegeret</em></strong></span> <span class='ocrx_word' id='word_1_200' title='bbox 1262 3202 1317 3241; x_wconf 90' lang='lat' dir='ltr'><strong><em>se</em></strong></span> <span class='ocrx_word' id='word_1_201' title='bbox 1344 3186 1491 3240; x_wconf 90' lang='lat' dir='ltr'><strong><em>devia</em></strong></span> <span class='ocrx_word' id='word_1_202' title='bbox 1517 3188 1677 3261; x_wconf 91' lang='lat' dir='ltr'><strong><em>fonte,</em></strong></span> 
     </span>
    </p>
   </div>
   <div class='ocr_carea' id='block_1_33' title="bbox 591 3278 1807 3349">
    <p class='ocr_par' dir='ltr' id='par_1_33' title="bbox 591 3278 1807 3349">
     <span class='ocr_line' id='line_1_34' title="bbox 591 3278 1807 3349; baseline -0.002 -13"><span class='ocrx_word' id='word_1_203' title='bbox 591 3279 831 3336; x_wconf 79' lang='lat' dir='ltr'><strong><em>Nuntius</em></strong></span> <span class='ocrx_word' id='word_1_204' title='bbox 855 3278 1081 3335; x_wconf 81' lang='lat' dir='ltr'><strong><em>tethereo</em></strong></span> <span class='ocrx_word' id='word_1_205' title='bbox 1104 3279 1368 3335; x_wconf 87' lang='lat' dir='ltr'><strong><em>descendit</em></strong></span> <span class='ocrx_word' id='word_1_206' title='bbox 1398 3279 1625 3334; x_wconf 86' lang='lat' dir='ltr'><strong><em>culmine</em></strong></span> <span class='ocrx_word' id='word_1_207' title='bbox 1662 3278 1807 3349; x_wconf 74' lang='lat' dir='ltr'><strong><em>cteli,</em></strong></span> 
     </span>
    </p>
   </div>
   <div class='ocr_carea' id='block_1_34' title="bbox 591 3371 2008 3443">
    <p class='ocr_par' dir='ltr' id='par_1_34' title="bbox 591 3371 2008 3443">
     <span class='ocr_line' id='line_1_35' title="bbox 591 3371 2008 3443; baseline -0.001 -14"><span class='ocrx_word' id='word_1_208' title='bbox 591 3372 1001 3441; x_wconf 85' lang='lat' dir='ltr'><strong><em>Cansuttamque</em></strong></span> <span class='ocrx_word' id='word_1_209' title='bbox 1028 3374 1175 3443; x_wconf 83' lang='lat' dir='ltr'><strong><em>prius</em></strong></span> <span class='ocrx_word' id='word_1_210' title='bbox 1202 3373 1541 3428; x_wconf 82' lang='lat' dir='ltr'><strong><em>dominarum</em></strong></span> <span class='ocrx_word' id='word_1_211' title='bbox 1570 3373 1728 3427; x_wconf 87' lang='lat' dir='ltr'><strong><em>mittit</em></strong></span> <span class='ocrx_word' id='word_1_212' title='bbox 1753 3372 1823 3427; x_wconf 90' lang='lat' dir='ltr'><strong><em>ad</em></strong></span> <span class='ocrx_word' id='word_1_213' title='bbox 1847 3371 2008 3438; x_wconf 74' lang='lat' dir='ltr'><strong><em>cedes,</em></strong></span> 
     </span>
    </p>
   </div>
   <div class='ocr_carea' id='block_1_35' title="bbox 596 3464 1890 3539">
    <p class='ocr_par' dir='ltr' id='par_1_35' title="bbox 596 3464 1890 3539">
     <span class='ocr_line' id='line_1_36' title="bbox 596 3464 1890 3539; baseline 0.001 -20"><span class='ocrx_word' id='word_1_214' title='bbox 596 3465 738 3534; x_wconf 85' lang='lat' dir='ltr'><strong><em>Quin</em></strong></span> <span class='ocrx_word' id='word_1_215' title='bbox 763 3466 919 3519; x_wconf 89' lang='lat' dir='ltr'><strong><em>etiam</em></strong></span> <span class='ocrx_word' id='word_1_216' title='bbox 943 3464 1109 3527; x_wconf 80' lang='lat' dir='ltr'><strong><em>multo</em></strong></span> <span class='ocrx_word' id='word_1_217' title='bbox 1135 3465 1453 3539; x_wconf 81' lang='lat' dir='ltr'><strong><em>gaudentem</em></strong></span> <span class='ocrx_word' id='word_1_218' title='bbox 1478 3480 1689 3520; x_wconf 89' lang='lat' dir='ltr'><strong><em>munere</em></strong></span> <span class='ocrx_word' id='word_1_219' title='bbox 1710 3464 1890 3531; x_wconf 89' lang='lat' dir='ltr'><strong><em>donat,</em></strong></span> 
     </span>
    </p>
   </div>
   <div class='ocr_carea' id='block_1_36' title="bbox 449 3555 1985 3631">
    <p class='ocr_par' dir='ltr' id='par_1_36' title="bbox 449 3555 1985 3631">
     <span class='ocr_line' id='line_1_37' title="bbox 449 3555 1985 3631; baseline -0.003 -16"><span class='ocrx_word' id='word_1_220' title='bbox 449 3556 556 3616; x_wconf 72' lang='lat'><strong><em>520</em></strong></span> <span class='ocrx_word' id='word_1_221' title='bbox 596 3558 728 3624; x_wconf 73' lang='lat' dir='ltr'><strong><em>Qua:</em></strong></span> <span class='ocrx_word' id='word_1_222' title='bbox 755 3558 878 3625; x_wconf 90' lang='lat' dir='ltr'><strong><em>quia</em></strong></span> <span class='ocrx_word' id='word_1_223' title='bbox 904 3558 1188 3630; x_wconf 87' lang='lat' dir='ltr'><strong><em>conspicuo</em></strong></span> <span class='ocrx_word' id='word_1_224' title='bbox 1216 3555 1499 3631; x_wconf 81' lang='lat' dir='ltr'><strong><em>fulgentem</em></strong></span> <span class='ocrx_word' id='word_1_225' title='bbox 1523 3556 1720 3611; x_wconf 88' lang='lat' dir='ltr'><strong><em>lumine</em></strong></span> <span class='ocrx_word' id='word_1_226' title='bbox 1748 3565 1985 3612; x_wconf 89' lang='lat' dir='ltr'><strong><em>sanctum</em></strong></span> 
     </span>
    </p>
   </div>
   <div class='ocr_carea' id='block_1_37' title="bbox 605 3649 1837 3721">
    <p class='ocr_par' dir='ltr' id='par_1_37' title="bbox 605 3649 1837 3721">
     <span class='ocr_line' id='line_1_38' title="bbox 605 3649 1837 3721; baseline -0.001 -16"><span class='ocrx_word' id='word_1_227' title='bbox 605 3649 837 3714; x_wconf 83' lang='lat' dir='ltr'><strong><em>Viderat,</em></strong></span> <span class='ocrx_word' id='word_1_228' title='bbox 868 3667 899 3704; x_wconf 92' lang='lat' dir='ltr'><strong><em>a</em></strong></span> <span class='ocrx_word' id='word_1_229' title='bbox 926 3650 1085 3704; x_wconf 90' lang='lat' dir='ltr'><strong><em>simili</em></strong></span> <span class='ocrx_word' id='word_1_230' title='bbox 1114 3650 1349 3704; x_wconf 90' lang='lat' dir='ltr'><strong><em>narravit</em></strong></span> <span class='ocrx_word' id='word_1_231' title='bbox 1379 3650 1593 3704; x_wconf 82' lang='lat' dir='ltr'><strong><em>nomine</em></strong></span> <span class='ocrx_word' id='word_1_232' title='bbox 1622 3650 1837 3721; x_wconf 90' lang='lat' dir='ltr'><strong><em>fontem.</em></strong></span> 
     </span>
    </p>
   </div>
   <div class='ocr_carea' id='block_1_38' title="bbox 447 3742 2048 3817">
    <p class='ocr_par' dir='ltr' id='par_1_38' title="bbox 447 3742 2048 3817">
     <span class='ocr_line' id='line_1_39' title="bbox 447 3742 2048 3817; baseline -0.004 -14"><span class='ocrx_word' id='word_1_233' title='bbox 447 3743 602 3803; x_wconf 84' lang='lat' dir='ltr'><strong>CAP.</strong></span> <span class='ocrx_word' id='word_1_234' title='bbox 654 3743 820 3801; x_wconf 75' lang='lat' dir='ltr'><strong>XVII.</strong></span> <span class='ocrx_word' id='word_1_235' title='bbox 842 3744 1068 3815; x_wconf 79' lang='lat' dir='ltr'><strong><em>Jamque</em></strong></span> <span class='ocrx_word' id='word_1_236' title='bbox 1093 3759 1275 3799; x_wconf 89' lang='lat' dir='ltr'><strong><em>novem</em></strong></span> <span class='ocrx_word' id='word_1_237' title='bbox 1294 3742 1477 3812; x_wconf 85' lang='lat' dir='ltr'><strong><em>denas,</em></strong></span> <span class='ocrx_word' id='word_1_238' title='bbox 1502 3759 1785 3815; x_wconf 85' lang='lat' dir='ltr'><strong><em>novemque</em></strong></span> <span class='ocrx_word' id='word_1_239' title='bbox 1812 3753 2048 3817; x_wconf 74' lang='lat' dir='ltr'><strong><em>exegerat</em></strong></span> 
     </span>
    </p>
   </div>
   <div class='ocr_carea' id='block_1_39' title="bbox 1811 3853 1975 3893">
    <p class='ocr_par' dir='ltr' id='par_1_39' title="bbox 1811 3853 1975 3893">
     <span class='ocr_line' id='line_1_40' title="bbox 1811 3853 1975 3893; baseline -0.012 0"><span class='ocrx_word' id='word_1_240' title='bbox 1811 3853 1975 3893; x_wconf 89' lang='lat' dir='ltr'><strong><em>annos</em></strong></span> 
     </span>
    </p>
   </div>
   <div class='ocr_carea' id='block_1_40' title="bbox 588 3836 1942 4001">
    <p class='ocr_par' dir='ltr' id='par_1_40' title="bbox 588 3836 1942 4001">
     <span class='ocr_line' id='line_1_41' title="bbox 1811 3853 1942 3893; baseline -0.015 0"><span class='ocrx_word' id='word_1_241' title='bbox 1811 3853 1942 3893; x_wconf 87' lang='lat' dir='ltr'><strong><em>anno</em></strong></span> 
     </span>
     <span class='ocr_line' id='line_1_42' title="bbox 588 3836 1942 4001; baseline 0 -17"><span class='ocrx_word' id='word_1_242' title='bbox 588 3928 849 3984; x_wconf 83' lang='lat' dir='ltr'><strong><em>Abramus</em></strong></span> <span class='ocrx_word' id='word_1_243' title='bbox 872 3936 1039 3995; x_wconf 87' lang='lat' dir='ltr'><strong><em>vates,</em></strong></span> <span class='ocrx_word' id='word_1_244' title='bbox 1069 3944 1190 3982; x_wconf 89' lang='lat' dir='ltr'><strong><em>cum</em></strong></span> <span class='ocrx_word' id='word_1_245' title='bbox 1221 3944 1275 3983; x_wconf 89' lang='lat' dir='ltr'><strong><em>se</em></strong></span> <span class='ocrx_word' id='word_1_246' title='bbox 1292 3931 1413 4001; x_wconf 87' lang='lat' dir='ltr'><strong><em>jam</em></strong></span> <span class='ocrx_word' id='word_1_247' title='bbox 1435 3929 1649 4000; x_wconf 80' lang='lat' dir='ltr'><strong><em>jamque</em></strong></span> <span class='ocrx_word' id='word_1_248' title='bbox 1676 3836 1942 4000; x_wconf 56' lang='lat' dir='ltr'><strong><em>pareIntem</em></strong></span> 
     </span>
    </p>
   </div>
   <div class='ocr_carea' id='block_1_41' title="bbox 590 4019 1730 4094">
    <p class='ocr_par' dir='ltr' id='par_1_41' title="bbox 590 4019 1730 4094">
     <span class='ocr_line' id='line_1_43' title="bbox 590 4019 1730 4094; baseline -0.002 -18"><span class='ocrx_word' id='word_1_249' title='bbox 590 4019 839 4094; x_wconf 82' lang='lat' dir='ltr'><strong><em>Agnoscit</em></strong></span> <span class='ocrx_word' id='word_1_250' title='bbox 864 4021 974 4076; x_wconf 90' lang='lat' dir='ltr'><strong><em>nati</em></strong></span> <span class='ocrx_word' id='word_1_251' title='bbox 999 4037 1192 4093; x_wconf 90' lang='lat' dir='ltr'><strong><em>magno</em></strong></span> <span class='ocrx_word' id='word_1_252' title='bbox 1221 4021 1286 4075; x_wconf 92' lang='lat' dir='ltr'><strong><em>de</em></strong></span> <span class='ocrx_word' id='word_1_253' title='bbox 1306 4036 1517 4075; x_wconf 90' lang='lat' dir='ltr'><strong><em>munere</em></strong></span> <span class='ocrx_word' id='word_1_254' title='bbox 1546 4021 1730 4089; x_wconf 88' lang='lat' dir='ltr'><strong><em>dandi,</em></strong></span> 
     </span>
    </p>
   </div>
   <div class='ocr_carea' id='block_1_42' title="bbox 447 4111 1872 4182">
    <p class='ocr_par' dir='ltr' id='par_1_42' title="bbox 447 4111 1872 4182">
     <span class='ocr_line' id='line_1_44' title="bbox 447 4111 1872 4182; baseline -0.002 -11"><span class='ocrx_word' id='word_1_255' title='bbox 447 4111 556 4171; x_wconf 73' lang='lat'><strong><em>525</em></strong></span> <span class='ocrx_word' id='word_1_256' title='bbox 597 4112 928 4169; x_wconf 86' lang='lat' dir='ltr'><strong><em>Testamenta</em></strong></span> <span class='ocrx_word' id='word_1_257' title='bbox 956 4111 1058 4168; x_wconf 89' lang='lat' dir='ltr'><strong><em>Dei</em></strong></span> <span class='ocrx_word' id='word_1_258' title='bbox 1087 4113 1169 4167; x_wconf 77' lang='lat' dir='ltr'><strong><em>cui</em></strong></span> <span class='ocrx_word' id='word_1_259' title='bbox 1199 4122 1321 4169; x_wconf 90' lang='lat' dir='ltr'><strong><em>sunt</em></strong></span> <span class='ocrx_word' id='word_1_260' title='bbox 1351 4114 1635 4169; x_wconf 91' lang='lat' dir='ltr'><strong><em>concordia</em></strong></span> <span class='ocrx_word' id='word_1_261' title='bbox 1659 4114 1872 4182; x_wconf 85' lang='lat' dir='ltr'><strong><em>summi,</em></strong></span> 
     </span>
    </p>
   </div>
   <div class='ocr_carea' id='block_1_43' title="bbox 590 4206 1989 4283">
    <p class='ocr_par' dir='ltr' id='par_1_43' title="bbox 590 4206 1989 4283">
     <span class='ocr_line' id='line_1_45' title="bbox 590 4206 1989 4283; baseline 0.001 -19"><span class='ocrx_word' id='word_1_262' title='bbox 590 4206 842 4265; x_wconf 81' lang='lat' dir='ltr'><strong><em>Gentibus</em></strong></span> <span class='ocrx_word' id='word_1_263' title='bbox 868 4208 1159 4264; x_wconf 85' lang='lat' dir='ltr'><strong><em>innumeris</em></strong></span> <span class='ocrx_word' id='word_1_264' title='bbox 1182 4209 1408 4283; x_wconf 88' lang='lat' dir='ltr'><strong><em>genitor,</em></strong></span> <span class='ocrx_word' id='word_1_265' title='bbox 1438 4207 1728 4281; x_wconf 88' lang='lat' dir='ltr'><strong><em>ductorque</em></strong></span> <span class='ocrx_word' id='word_1_266' title='bbox 1756 4211 1989 4280; x_wconf 88' lang='lat' dir='ltr'><strong><em>futurus,</em></strong></span> 
     </span>
    </p>
   </div>
   <div class='ocr_carea' id='block_1_44' title="bbox 593 4301 1976 4377">
    <p class='ocr_par' dir='ltr' id='par_1_44' title="bbox 593 4301 1976 4377">
     <span class='ocr_line' id='line_1_46' title="bbox 593 4301 1976 4377; baseline 0.001 -20"><span class='ocrx_word' id='word_1_267' title='bbox 593 4301 902 4373; x_wconf 85' lang='lat' dir='ltr'><strong><em>Percipiens</em></strong></span> <span class='ocrx_word' id='word_1_268' title='bbox 928 4302 1166 4376; x_wconf 88' lang='lat' dir='ltr'><strong><em>placidas</em></strong></span> <span class='ocrx_word' id='word_1_269' title='bbox 1186 4320 1279 4376; x_wconf 89' lang='lat' dir='ltr'><strong><em>per</em></strong></span> <span class='ocrx_word' id='word_1_270' title='bbox 1301 4303 1527 4377; x_wconf 86' lang='lat' dir='ltr'><strong><em>grandia</em></strong></span> <span class='ocrx_word' id='word_1_271' title='bbox 1547 4312 1780 4376; x_wconf 89' lang='lat' dir='ltr'><strong><em>tempora</em></strong></span> <span class='ocrx_word' id='word_1_272' title='bbox 1810 4303 1976 4359; x_wconf 90' lang='lat' dir='ltr'><strong><em>sedes.</em></strong></span> 
     </span>
    </p>
   </div>
   <div class='ocr_carea' id='block_1_45' title="bbox 593 4396 1872 4473">
    <p class='ocr_par' dir='ltr' id='par_1_45' title="bbox 593 4396 1872 4473">
     <span class='ocr_line' id='line_1_47' title="bbox 593 4396 1872 4473; baseline 0.003 -22"><span class='ocrx_word' id='word_1_273' title='bbox 593 4396 734 4465; x_wconf 79' lang='lat' dir='ltr'><strong><em>Quin</em></strong></span> <span class='ocrx_word' id='word_1_274' title='bbox 764 4398 923 4452; x_wconf 88' lang='lat' dir='ltr'><strong><em>etiam</em></strong></span> <span class='ocrx_word' id='word_1_275' title='bbox 953 4398 1123 4454; x_wconf 89' lang='lat' dir='ltr'><strong><em>solido</em></strong></span> <span class='ocrx_word' id='word_1_276' title='bbox 1154 4397 1220 4454; x_wconf 91' lang='lat' dir='ltr'><strong><em>de</em></strong></span> <span class='ocrx_word' id='word_1_277' title='bbox 1248 4400 1456 4455; x_wconf 86' lang='lat' dir='ltr'><strong><em>nomine</em></strong></span> <span class='ocrx_word' id='word_1_278' title='bbox 1482 4400 1737 4473; x_wconf 86' lang='lat' dir='ltr'><strong><em>grandior</em></strong></span> <span class='ocrx_word' id='word_1_279' title='bbox 1765 4402 1872 4455; x_wconf 72' lang='lat' dir='ltr'><strong><em>exit</em></strong></span> 
     </span>
    </p>
   </div>
   <div class='ocr_carea' id='block_1_46' title="bbox 592 4488 1815 4564">
    <p class='ocr_par' dir='ltr' id='par_1_46' title="bbox 592 4488 1815 4564">
     <span class='ocr_line' id='line_1_48' title="bbox 592 4488 1815 4564; baseline 0.002 -17"><span class='ocrx_word' id='word_1_280' title='bbox 592 4488 735 4547; x_wconf 86' lang='lat' dir='ltr'><strong><em>Dum</em></strong></span> <span class='ocrx_word' id='word_1_281' title='bbox 761 4490 921 4546; x_wconf 89' lang='lat' dir='ltr'><strong><em>decus</em></strong></span> <span class='ocrx_word' id='word_1_282' title='bbox 944 4491 1206 4561; x_wconf 86' lang='lat' dir='ltr'><strong><em>adjectum</em></strong></span> <span class='ocrx_word' id='word_1_283' title='bbox 1226 4492 1423 4548; x_wconf 91' lang='lat' dir='ltr'><strong><em>vocalis</em></strong></span> <span class='ocrx_word' id='word_1_284' title='bbox 1446 4492 1622 4548; x_wconf 91' lang='lat' dir='ltr'><strong><em>littera</em></strong></span> <span class='ocrx_word' id='word_1_285' title='bbox 1650 4494 1815 4564; x_wconf 83' lang='lat' dir='ltr'><strong><em>ducit,</em></strong></span> 
     </span>
    </p>
   </div>
   <div class='ocr_carea' id='block_1_47' title="bbox 448 4582 1932 4658">
    <p class='ocr_par' dir='ltr' id='par_1_47' title="bbox 448 4582 1932 4658">
     <span class='ocr_line' id='line_1_49' title="bbox 448 4582 1932 4658; baseline 0.001 -17"><span class='ocrx_word' id='word_1_286' title='bbox 448 4583 555 4641; x_wconf 80' lang='lat'><strong><em>550</em></strong></span> <span class='ocrx_word' id='word_1_287' title='bbox 593 4582 663 4639; x_wconf 77' lang='lat' dir='ltr'><strong><em>Et</em></strong></span> <span class='ocrx_word' id='word_1_288' title='bbox 691 4583 835 4641; x_wconf 89' lang='lat' dir='ltr'><strong><em>Sara</em></strong></span> <span class='ocrx_word' id='word_1_289' title='bbox 860 4601 977 4656; x_wconf 77' lang='lat' dir='ltr'><strong><em>quae</em></strong></span> <span class='ocrx_word' id='word_1_290' title='bbox 1004 4585 1194 4658; x_wconf 87' lang='lat' dir='ltr'><strong><em>fuerat,</em></strong></span> <span class='ocrx_word' id='word_1_291' title='bbox 1229 4585 1513 4641; x_wconf 88' lang='lat' dir='ltr'><strong><em>mandatur</em></strong></span> <span class='ocrx_word' id='word_1_292' title='bbox 1544 4586 1712 4643; x_wconf 91' lang='lat' dir='ltr'><strong><em>Sarra</em></strong></span> <span class='ocrx_word' id='word_1_293' title='bbox 1738 4588 1932 4642; x_wconf 90' lang='lat' dir='ltr'><strong><em>vocari.</em></strong></span> 
     </span>
    </p>
   </div>
   <div class='ocr_carea' id='block_1_48' title="bbox 595 4678 1900 4752">
    <p class='ocr_par' dir='ltr' id='par_1_48' title="bbox 595 4678 1900 4752">
     <span class='ocr_line' id='line_1_50' title="bbox 595 4678 1900 4752; baseline 0.002 -20"><span class='ocrx_word' id='word_1_294' title='bbox 595 4678 735 4747; x_wconf 80' lang='lat' dir='ltr'><strong><em>Quin</em></strong></span> <span class='ocrx_word' id='word_1_295' title='bbox 763 4680 921 4734; x_wconf 90' lang='lat' dir='ltr'><strong><em>etiam</em></strong></span> <span class='ocrx_word' id='word_1_296' title='bbox 950 4681 1125 4752; x_wconf 89' lang='lat' dir='ltr'><strong><em>patria</em></strong></span> <span class='ocrx_word' id='word_1_297' title='bbox 1157 4680 1404 4736; x_wconf 84' lang='lat' dir='ltr'><strong><em>Smaelus</em></strong></span> <span class='ocrx_word' id='word_1_298' title='bbox 1435 4696 1529 4752; x_wconf 91' lang='lat' dir='ltr'><strong><em>pro</em></strong></span> <span class='ocrx_word' id='word_1_299' title='bbox 1558 4697 1707 4752; x_wconf 90' lang='lat' dir='ltr'><strong><em>prece</em></strong></span> <span class='ocrx_word' id='word_1_300' title='bbox 1736 4681 1900 4748; x_wconf 83' lang='lat' dir='ltr'><strong><em>dives,</em></strong></span> 
     </span>
    </p>
   </div>
   <div class='ocr_carea' id='block_1_49' title="bbox 593 4774 1987 4852">
    <p class='ocr_par' dir='ltr' id='par_1_49' title="bbox 593 4774 1987 4852">
     <span class='ocr_line' id='line_1_51' title="bbox 593 4774 1987 4852; baseline 0.003 -21"><span class='ocrx_word' id='word_1_301' title='bbox 593 4774 686 4831; x_wconf 89' lang='lat' dir='ltr'><strong><em>Bis</em></strong></span> <span class='ocrx_word' id='word_1_302' title='bbox 710 4794 863 4832; x_wconf 89' lang='lat' dir='ltr'><strong><em>senos</em></strong></span> <span class='ocrx_word' id='word_1_303' title='bbox 892 4779 1131 4852; x_wconf 87' lang='lat' dir='ltr'><strong><em>princeps</em></strong></span> <span class='ocrx_word' id='word_1_304' title='bbox 1158 4779 1379 4849; x_wconf 89' lang='lat' dir='ltr'><strong><em>papulas</em></strong></span> <span class='ocrx_word' id='word_1_305' title='bbox 1406 4789 1715 4850; x_wconf 78' lang='lat' dir='ltr'><strong><em>generetque</em></strong></span> <span class='ocrx_word' id='word_1_306' title='bbox 1738 4778 1987 4851; x_wconf 86' lang='lat' dir='ltr'><strong><em>regitque.</em></strong></span> 
     </span>
    </p>
   </div>
   <div class='ocr_carea' id='block_1_50' title="bbox 597 4868 1985 4945">
    <p class='ocr_par' dir='ltr' id='par_1_50' title="bbox 597 4868 1985 4945">
     <span class='ocr_line' id='line_1_52' title="bbox 597 4868 1985 4945; baseline 0.003 -21"><span class='ocrx_word' id='word_1_307' title='bbox 597 4868 722 4925; x_wconf 83' lang='lat' dir='ltr'><strong><em>Post</em></strong></span> <span class='ocrx_word' id='word_1_308' title='bbox 751 4871 861 4926; x_wconf 64' lang='lat' dir='ltr'><strong><em>haec</em></strong></span> <span class='ocrx_word' id='word_1_309' title='bbox 890 4882 1036 4945; x_wconf 88' lang='lat' dir='ltr'><strong><em>gesta</em></strong></span> <span class='ocrx_word' id='word_1_310' title='bbox 1064 4889 1238 4942; x_wconf 70' lang='lat' dir='ltr'><strong><em>senem,</em></strong></span> <span class='ocrx_word' id='word_1_311' title='bbox 1273 4890 1393 4928; x_wconf 87' lang='lat' dir='ltr'><strong><em>cum</em></strong></span> <span class='ocrx_word' id='word_1_312' title='bbox 1412 4872 1495 4927; x_wconf 90' lang='lat' dir='ltr'><strong><em>sal</em></strong></span> <span class='ocrx_word' id='word_1_313' title='bbox 1525 4883 1734 4928; x_wconf 88' lang='lat' dir='ltr'><strong><em>octavus</em></strong></span> <span class='ocrx_word' id='word_1_314' title='bbox 1762 4875 1985 4942; x_wconf 85' lang='lat' dir='ltr'><strong><em>adesset,</em></strong></span> 
     </span>
    </p>
   </div>
   <div class='ocr_carea' id='block_1_51' title="bbox 519 5082 2041 5155">
    <p class='ocr_par' dir='ltr' id='par_1_51' title="bbox 519 5082 2041 5155">
     <span class='ocr_line' id='line_1_53' title="bbox 519 5082 2041 5155; baseline -0.002 -11"><span class='ocrx_word' id='word_1_315' title='bbox 519 5086 648 5144; x_wconf 72' lang='lat'><strong>497.</strong></span> <span class='ocrx_word' id='word_1_316' title='bbox 676 5082 924 5142; x_wconf 81' lang='lat' dir='ltr'><strong><em>Hethteos</em></strong></span> <span class='ocrx_word' id='word_1_317' title='bbox 959 5084 1196 5155; x_wconf 81' lang='lat' dir='ltr'><strong><em>appellat</em></strong></span> <span class='ocrx_word' id='word_1_318' title='bbox 1248 5082 1478 5155; x_wconf 77' lang='lat' dir='ltr'><strong><em>Vulgata</em></strong></span> <span class='ocrx_word' id='word_1_319' title='bbox 1510 5085 1714 5140; x_wconf 71' lang='lat' dir='ltr'><strong><em>vet-sio.</em></strong></span> <span class='ocrx_word' id='word_1_320' title='bbox 1770 5084 2003 5141; x_wconf 75' lang='lat' dir='ltr'><strong><em>Chetwos</em></strong></span> <span class='ocrx_word' id='word_1_321' title='bbox 2026 5129 2041 5155; x_wconf 91' lang='lat'><strong><em>,</em></strong></span> 
     </span>
    </p>
   </div>
   <div class='ocr_carea' id='block_1_52' title="bbox 449 5154 1616 5217">
    <p class='ocr_par' dir='ltr' id='par_1_52' title="bbox 449 5154 1616 5217">
     <span class='ocr_line' id='line_1_54' title="bbox 449 5154 1616 5217; baseline -0.007 0"><span class='ocrx_word' id='word_1_322' title='bbox 449 5172 549 5217; x_wconf 80' lang='lat' dir='ltr'><strong><em>seu</em></strong></span> <span class='ocrx_word' id='word_1_323' title='bbox 572 5157 760 5215; x_wconf 86' lang='lat' dir='ltr'><strong><em>Chetos</em></strong></span> <span class='ocrx_word' id='word_1_324' title='bbox 792 5157 977 5213; x_wconf 86' lang='lat' dir='ltr'><strong><em>Italica</em></strong></span> <span class='ocrx_word' id='word_1_325' title='bbox 1000 5154 1122 5211; x_wconf 82' lang='lat' dir='ltr'><strong><em>cum</em></strong></span> <span class='ocrx_word' id='word_1_326' title='bbox 1146 5154 1409 5212; x_wconf 77' lang='lat' dir='ltr'><strong><em>Juvencn.</em></strong></span> <span class='ocrx_word' id='word_1_327' title='bbox 1434 5155 1616 5211; x_wconf 76' lang='lat' dir='ltr'><strong><em>Msn&#39;r.</em></strong></span> 
     </span>
    </p>
   </div>
   <div class='ocr_carea' id='block_1_53' title="bbox 519 5228 1628 5302">
    <p class='ocr_par' dir='ltr' id='par_1_53' title="bbox 519 5228 1628 5302">
     <span class='ocr_line' id='line_1_55' title="bbox 519 5228 1628 5302; baseline -0.005 -14"><span class='ocrx_word' id='word_1_328' title='bbox 519 5231 646 5288; x_wconf 69' lang='lat'><strong>502.</strong></span> <span class='ocrx_word' id='word_1_329' title='bbox 679 5228 840 5285; x_wconf 81' lang='lat' dir='ltr'><strong><em>Furte</em></strong></span> <span class='ocrx_word' id='word_1_330' title='bbox 867 5229 1126 5302; x_wconf 81' lang='lat' dir='ltr'><strong><em>promisit,</em></strong></span> <span class='ocrx_word' id='word_1_331' title='bbox 1157 5229 1245 5283; x_wconf 77' lang='lat' dir='ltr'><strong><em>vel</em></strong></span> <span class='ocrx_word' id='word_1_332' title='bbox 1276 5228 1628 5299; x_wconf 85' lang='lat' dir='ltr'><strong><em>prompsisset.</em></strong></span> 
     </span>
    </p>
   </div>
   <div class='ocr_carea' id='block_1_54' title="bbox 521 5302 1136 5374">
    <p class='ocr_par' dir='ltr' id='par_1_54' title="bbox 521 5302 1136 5374">
     <span class='ocr_line' id='line_1_56' title="bbox 521 5302 1136 5374; baseline -0.01 -15"><span class='ocrx_word' id='word_1_333' title='bbox 521 5302 649 5374; x_wconf 63' lang='grc' dir='ltr'><strong><em>ξοδ.</em></strong></span> <span class='ocrx_word' id='word_1_334' title='bbox 680 5302 1136 5374; x_wconf 46' lang='grc' dir='ltr'><strong><em>Ιέοεειηι-ξὶςηιιηι.</em></strong></span> 
     </span>
    </p>
   </div>
   <div class='ocr_carea' id='block_1_55' title="bbox 520 5370 1370 5446">
    <p class='ocr_par' dir='ltr' id='par_1_55' title="bbox 520 5370 1370 5446">
     <span class='ocr_line' id='line_1_57' title="bbox 520 5370 1370 5446; baseline -0.007 -17"><span class='ocrx_word' id='word_1_335' title='bbox 520 5372 646 5446; x_wconf 70' lang='lat'><strong>512.</strong></span> <span class='ocrx_word' id='word_1_336' title='bbox 679 5370 835 5446; x_wconf 67' lang='lat' dir='ltr'><strong><em>Fuit.</em></strong></span> <span class='ocrx_word' id='word_1_337' title='bbox 857 5370 1127 5446; x_wconf 65' lang='lat' dir='ltr'><strong><em>)Eggptia</em></strong></span> <span class='ocrx_word' id='word_1_338' title='bbox 1139 5371 1370 5446; x_wconf 78' lang='lat' dir='ltr'><strong><em>ducitur.</em></strong></span> 
     </span>
    </p>
   </div>
   <div class='ocr_carea' id='block_1_56' title="bbox 1546 260 2641 330">
    <p class='ocr_par' dir='ltr' id='par_1_56' title="bbox 1546 260 2641 330">
     <span class='ocr_line' id='line_1_58' title="bbox 1546 260 2641 330; baseline -0.012 0"><span class='ocrx_word' id='word_1_339' title='bbox 1546 269 1897 330; x_wconf 77' lang='lat' dir='ltr'><strong>APPENDIX</strong></span> <span class='ocrx_word' id='word_1_340' title='bbox 1936 269 2028 325; x_wconf 79' lang='lat' dir='ltr'><strong><em>AD</em></strong></span> <span class='ocrx_word' id='word_1_341' title='bbox 2067 265 2304 324; x_wconf 54' lang='lat' dir='ltr'><strong>OPERA&#39;</strong></span> <span class='ocrx_word' id='word_1_342' title='bbox 2329 260 2641 323; x_wconf 80' lang='lat' dir='ltr'><strong>JUVENCI.</strong></span> 
     </span>
    </p>
   </div>
   <div class='ocr_carea' id='block_1_57' title="bbox 2055 387 2111 449">
    <p class='ocr_par' dir='ltr' id='par_1_57' title="bbox 2055 387 2111 449">
     <span class='ocr_line' id='line_1_59' title="bbox 2055 387 2111 449; baseline 0 -2"><span class='ocrx_word' id='word_1_343' title='bbox 2055 387 2111 449; x_wconf 79' lang='grc' dir='ltr'><strong>Α</strong></span> 
     </span>
    </p>
   </div>
   <div class='ocr_carea' id='block_1_58' title="bbox 2079 4577 2129 4640">
    <p class='ocr_par' dir='ltr' id='par_1_58' title="bbox 2079 4577 2129 4640">
     <span class='ocr_line' id='line_1_60' title="bbox 2079 4577 2129 4640; baseline 0 0"><span class='ocrx_word' id='word_1_344' title='bbox 2079 4577 2129 4640; x_wconf 90' lang='lat' dir='ltr'><strong><em>D</em></strong></span> 
     </span>
    </p>
   </div>
   <div class='ocr_carea' id='block_1_59' title="bbox 3622 241 3735 303">
    <p class='ocr_par' dir='ltr' id='par_1_59' title="bbox 3622 241 3735 303">
     <span class='ocr_line' id='line_1_61' title="bbox 3622 241 3735 303; baseline 0.018 -2"><span class='ocrx_word' id='word_1_345' title='bbox 3622 241 3735 303; x_wconf 83' lang='lat'><strong>560</strong></span> 
     </span>
    </p>
   </div>
   <div class='ocr_carea' id='block_1_60' title="bbox 2279 364 3475 440">
    <p class='ocr_par' dir='ltr' id='par_1_60' title="bbox 2279 364 3475 440">
     <span class='ocr_line' id='line_1_62' title="bbox 2279 364 3475 440; baseline -0.015 -5"><span class='ocrx_word' id='word_1_346' title='bbox 2279 380 2513 436; x_wconf 73' lang='lat' dir='ltr'><strong><em>Naribus</em></strong></span> <span class='ocrx_word' id='word_1_347' title='bbox 2541 374 2782 433; x_wconf 67' lang='lat' dir='ltr'><strong><em>exhibitis</em></strong></span> <span class='ocrx_word' id='word_1_348' title='bbox 2811 370 2993 427; x_wconf 89' lang='lat' dir='ltr'><strong><em>adimit</em></strong></span> <span class='ocrx_word' id='word_1_349' title='bbox 3022 365 3281 440; x_wconf 77' lang='lat' dir='ltr'><strong><em>prteputia</em></strong></span> <span class='ocrx_word' id='word_1_350' title='bbox 3311 364 3475 436; x_wconf 83' lang='lat' dir='ltr'><strong><em>ferro,</em></strong></span> 
     </span>
    </p>
   </div>
   <div class='ocr_carea' id='block_1_61' title="bbox 2132 456 3689 547">
    <p class='ocr_par' dir='ltr' id='par_1_61' title="bbox 2132 456 3689 547">
     <span class='ocr_line' id='line_1_63' title="bbox 2132 456 3689 547; baseline -0.012 -18"><span class='ocrx_word' id='word_1_351' title='bbox 2132 474 2239 532; x_wconf 76' lang='lat'><strong><em>535</em></strong></span> <span class='ocrx_word' id='word_1_352' title='bbox 2277 473 2582 547; x_wconf 88' lang='lat' dir='ltr'><strong><em>Adjungens</em></strong></span> <span class='ocrx_word' id='word_1_353' title='bbox 2611 470 2805 541; x_wconf 89' lang='lat' dir='ltr'><strong><em>pariter</em></strong></span> <span class='ocrx_word' id='word_1_354' title='bbox 2832 477 3183 536; x_wconf 87' lang='lat' dir='ltr'><strong><em>quoscumque</em></strong></span> <span class='ocrx_word' id='word_1_355' title='bbox 3208 476 3274 516; x_wconf 73' lang='lat' dir='ltr'><strong><em>ea:</em></strong></span> <span class='ocrx_word' id='word_1_356' title='bbox 3301 456 3450 531; x_wconf 88' lang='lat' dir='ltr'><strong><em>plebe</em></strong></span> <span class='ocrx_word' id='word_1_357' title='bbox 3478 472 3689 533; x_wconf 52' lang='lat' dir='ltr'><strong><em>seorsa.</em></strong></span> 
     </span>
    </p>
   </div>
   <div class='ocr_carea' id='block_1_62' title="bbox 2280 554 3549 635">
    <p class='ocr_par' dir='ltr' id='par_1_62' title="bbox 2280 554 3549 635">
     <span class='ocr_line' id='line_1_64' title="bbox 2280 554 3549 635; baseline -0.009 -15"><span class='ocrx_word' id='word_1_358' title='bbox 2280 565 2413 622; x_wconf 89' lang='lat' dir='ltr'><strong><em>Inde</em></strong></span> <span class='ocrx_word' id='word_1_359' title='bbox 2436 568 2587 621; x_wconf 90' lang='lat' dir='ltr'><strong><em>etiam</em></strong></span> <span class='ocrx_word' id='word_1_360' title='bbox 2614 573 2815 635; x_wconf 86' lang='lat' dir='ltr'><strong><em>tempus</em></strong></span> <span class='ocrx_word' id='word_1_361' title='bbox 2843 558 3085 631; x_wconf 83' lang='lat' dir='ltr'><strong><em>promissi</em></strong></span> <span class='ocrx_word' id='word_1_362' title='bbox 3110 554 3339 609; x_wconf 88' lang='lat' dir='ltr'><strong><em>muneris</em></strong></span> <span class='ocrx_word' id='word_1_363' title='bbox 3366 554 3549 608; x_wconf 90' lang='lat' dir='ltr'><strong><em>instat.</em></strong></span> 
     </span>
    </p>
   </div>
   <div class='ocr_carea' id='block_1_63' title="bbox 2278 645 3674 721">
    <p class='ocr_par' dir='ltr' id='par_1_63' title="bbox 2278 645 3674 721">
     <span class='ocr_line' id='line_1_65' title="bbox 2278 645 3674 721; baseline -0.013 -4"><span class='ocrx_word' id='word_1_364' title='bbox 2278 659 2509 717; x_wconf 75' lang='lat' dir='ltr'><strong><em>Solvitur</em></strong></span> <span class='ocrx_word' id='word_1_365' title='bbox 2534 659 2589 713; x_wconf 93' lang='lat' dir='ltr'><strong><em>in</em></strong></span> <span class='ocrx_word' id='word_1_366' title='bbox 2618 654 2870 712; x_wconf 90' lang='lat' dir='ltr'><strong><em>tremulos</em></strong></span> <span class='ocrx_word' id='word_1_367' title='bbox 2898 652 3045 707; x_wconf 86' lang='lat' dir='ltr'><strong><em>vultu</em></strong></span> <span class='ocrx_word' id='word_1_368' title='bbox 3070 650 3332 721; x_wconf 88' lang='lat' dir='ltr'><strong><em>crispante</em></strong></span> <span class='ocrx_word' id='word_1_369' title='bbox 3359 645 3674 713; x_wconf 87' lang='lat' dir='ltr'><strong><em>cachinnos,</em></strong></span> 
     </span>
    </p>
   </div>
   <div class='ocr_carea' id='block_1_64' title="bbox 2283 737 3575 819">
    <p class='ocr_par' dir='ltr' id='par_1_64' title="bbox 2283 737 3575 819">
     <span class='ocr_line' id='line_1_66' title="bbox 2283 737 3575 819; baseline -0.012 -11"><span class='ocrx_word' id='word_1_370' title='bbox 2283 751 2419 807; x_wconf 89' lang='lat' dir='ltr'><strong><em>Dum</em></strong></span> <span class='ocrx_word' id='word_1_371' title='bbox 2448 751 2634 806; x_wconf 89' lang='lat' dir='ltr'><strong><em>tacitus</em></strong></span> <span class='ocrx_word' id='word_1_372' title='bbox 2659 763 2834 804; x_wconf 89' lang='lat' dir='ltr'><strong><em>secum</em></strong></span> <span class='ocrx_word' id='word_1_373' title='bbox 2859 744 3114 819; x_wconf 90' lang='lat' dir='ltr'><strong><em>promissa</em></strong></span> <span class='ocrx_word' id='word_1_374' title='bbox 3144 739 3376 813; x_wconf 90' lang='lat' dir='ltr'><strong><em>ingentia</em></strong></span> <span class='ocrx_word' id='word_1_375' title='bbox 3400 737 3575 805; x_wconf 79' lang='lat' dir='ltr'><strong><em>volvit,</em></strong></span> 
     </span>
    </p>
   </div>
   <div class='ocr_carea' id='block_1_65' title="bbox 2283 829 3741 907">
    <p class='ocr_par' dir='ltr' id='par_1_65' title="bbox 2283 829 3741 907">
     <span class='ocr_line' id='line_1_67' title="bbox 2283 829 3741 907; baseline -0.009 -12"><span class='ocrx_word' id='word_1_376' title='bbox 2283 841 2450 898; x_wconf 86' lang='lat' dir='ltr'><strong><em>Posse</em></strong></span> <span class='ocrx_word' id='word_1_377' title='bbox 2496 840 2661 897; x_wconf 88' lang='lat' dir='ltr'><strong><em>Deum</em></strong></span> <span class='ocrx_word' id='word_1_378' title='bbox 2703 837 2950 907; x_wconf 86' lang='lat' dir='ltr'><strong><em>credens,</em></strong></span> <span class='ocrx_word' id='word_1_379' title='bbox 2990 832 3249 906; x_wconf 87' lang='lat' dir='ltr'><strong><em>quidquid</em></strong></span> <span class='ocrx_word' id='word_1_380' title='bbox 3279 847 3383 886; x_wconf 91' lang='lat' dir='ltr'><strong><em>non</em></strong></span> <span class='ocrx_word' id='word_1_381' title='bbox 3412 829 3609 885; x_wconf 68' lang='lat' dir='ltr'><strong><em>exstitit</em></strong></span> <span class='ocrx_word' id='word_1_382' title='bbox 3640 844 3741 883; x_wconf 85' lang='lat' dir='ltr'><strong><em>un-</em></strong></span> 
     </span>
    </p>
   </div>
   <div class='ocr_carea' id='block_1_66' title="bbox 3460 923 3659 997">
    <p class='ocr_par' dir='ltr' id='par_1_66' title="bbox 3460 923 3659 997">
     <span class='ocr_line' id='line_1_68' title="bbox 3460 923 3659 997; baseline -0.02 0"><span class='ocrx_word' id='word_1_383' title='bbox 3460 923 3659 997; x_wconf 68' lang='lat' dir='ltr'><strong><em>leuam.</em></strong></span> 
     </span>
    </p>
   </div>
   <div class='ocr_carea' id='block_1_67' title="bbox 2141 1025 3671 1100">
    <p class='ocr_par' dir='ltr' id='par_1_67' title="bbox 2141 1025 3671 1100">
     <span class='ocr_line' id='line_1_69' title="bbox 2141 1025 3671 1100; baseline -0.009 -13"><span class='ocrx_word' id='word_1_384' title='bbox 2141 1030 2249 1089; x_wconf 70' lang='grc'><strong><em>540</em></strong></span> <span class='ocrx_word' id='word_1_385' title='bbox 2288 1028 2544 1097; x_wconf 85' lang='lat' dir='ltr'><strong><em>Condere,</em></strong></span> <span class='ocrx_word' id='word_1_386' title='bbox 2562 1038 2619 1084; x_wconf 79' lang='lat' dir='ltr'><strong><em>et</em></strong></span> <span class='ocrx_word' id='word_1_387' title='bbox 2643 1028 2895 1100; x_wconf 88' lang='lat' dir='ltr'><strong><em>infractos</em></strong></span> <span class='ocrx_word' id='word_1_388' title='bbox 2924 1025 3084 1080; x_wconf 88' lang='lat' dir='ltr'><strong><em>robur</em></strong></span> <span class='ocrx_word' id='word_1_389' title='bbox 3112 1037 3359 1097; x_wconf 70' lang='lat' dir='ltr'><strong><em>generare</em></strong></span> <span class='ocrx_word' id='word_1_390' title='bbox 3388 1036 3479 1092; x_wconf 90' lang='lat' dir='ltr'><strong><em>per</em></strong></span> <span class='ocrx_word' id='word_1_391' title='bbox 3506 1029 3671 1075; x_wconf 91' lang='lat' dir='ltr'><strong><em>artus.</em></strong></span> 
     </span>
    </p>
   </div>
   <div class='ocr_carea' id='block_1_68' title="bbox 2138 1114 3739 1190">
    <p class='ocr_par' dir='ltr' id='par_1_68' title="bbox 2138 1114 3739 1190">
     <span class='ocr_line' id='line_1_70' title="bbox 2138 1114 3739 1190; baseline -0.009 -8"><span class='ocrx_word' id='word_1_392' title='bbox 2138 1125 2294 1182; x_wconf 87' lang='lat' dir='ltr'><strong>CAP.</strong></span> <span class='ocrx_word' id='word_1_393' title='bbox 2338 1123 2528 1181; x_wconf 81' lang='lat' dir='ltr'><strong>XVIII.</strong></span> <span class='ocrx_word' id='word_1_394' title='bbox 2582 1122 2877 1181; x_wconf 89' lang='lat' dir='ltr'><strong><em>Scandebat</em></strong></span> <span class='ocrx_word' id='word_1_395' title='bbox 2920 1120 3149 1175; x_wconf 89' lang='lat' dir='ltr'><strong><em>medium</em></strong></span> <span class='ocrx_word' id='word_1_396' title='bbox 3168 1120 3284 1190; x_wconf 84' lang='lat' dir='ltr'><strong><em>jam</em></strong></span> <span class='ocrx_word' id='word_1_397' title='bbox 3320 1114 3400 1173; x_wconf 93' lang='lat' dir='ltr'><strong><em>sal</em></strong></span> <span class='ocrx_word' id='word_1_398' title='bbox 3429 1114 3739 1188; x_wconf 82' lang='lat' dir='ltr'><strong><em>ﬂagrantior</em></strong></span> 
     </span>
    </p>
   </div>
   <div class='ocr_carea' id='block_1_69' title="bbox 3468 1207 3661 1280">
    <p class='ocr_par' dir='ltr' id='par_1_69' title="bbox 3468 1207 3661 1280">
     <span class='ocr_line' id='line_1_71' title="bbox 3468 1207 3661 1280; baseline -0.021 0"><span class='ocrx_word' id='word_1_399' title='bbox 3468 1207 3661 1280; x_wconf 63' lang='lat' dir='ltr'><strong><em>lam&quot;.</em></strong></span> 
     </span>
    </p>
   </div>
   <div class='ocr_carea' id='block_1_70' title="bbox 2288 1300 3684 1385">
    <p class='ocr_par' dir='ltr' id='par_1_70' title="bbox 2288 1300 3684 1385">
     <span class='ocr_line' id='line_1_72' title="bbox 2288 1300 3684 1385; baseline -0.009 -16"><span class='ocrx_word' id='word_1_400' title='bbox 2288 1314 2703 1385; x_wconf 80' lang='lat' dir='ltr'><strong><em>Magniﬁeusque</em></strong></span> <span class='ocrx_word' id='word_1_401' title='bbox 2730 1325 2886 1367; x_wconf 67' lang='lat' dir='ltr'><strong><em>senex</em></strong></span> <span class='ocrx_word' id='word_1_402' title='bbox 2912 1309 3082 1383; x_wconf 88' lang='lat' dir='ltr'><strong><em>frigus</em></strong></span> <span class='ocrx_word' id='word_1_403' title='bbox 3108 1304 3345 1378; x_wconf 89' lang='lat' dir='ltr'><strong><em>captabat</em></strong></span> <span class='ocrx_word' id='word_1_404' title='bbox 3372 1302 3427 1358; x_wconf 90' lang='lat' dir='ltr'><strong><em>in</em></strong></span> <span class='ocrx_word' id='word_1_405' title='bbox 3457 1300 3684 1367; x_wconf 88' lang='lat' dir='ltr'><strong><em>umbras,</em></strong></span> 
     </span>
    </p>
   </div>
   <div class='ocr_carea' id='block_1_71' title="bbox 2288 1395 3602 1478">
    <p class='ocr_par' dir='ltr' id='par_1_71' title="bbox 2288 1395 3602 1478">
     <span class='ocr_line' id='line_1_73' title="bbox 2288 1395 3602 1478; baseline -0.011 -17"><span class='ocrx_word' id='word_1_406' title='bbox 2288 1404 2420 1461; x_wconf 85' lang='lat' dir='ltr'><strong><em>Cum</em></strong></span> <span class='ocrx_word' id='word_1_407' title='bbox 2442 1407 2612 1460; x_wconf 90' lang='lat' dir='ltr'><strong><em>subito</em></strong></span> <span class='ocrx_word' id='word_1_408' title='bbox 2628 1407 2847 1478; x_wconf 79' lang='lat' dir='ltr'><strong><em>juvenes</em></strong></span> <span class='ocrx_word' id='word_1_409' title='bbox 2874 1403 3071 1474; x_wconf 87' lang='lat' dir='ltr'><strong><em>pariter</em></strong></span> <span class='ocrx_word' id='word_1_410' title='bbox 3098 1408 3200 1455; x_wconf 90' lang='lat' dir='ltr'><strong><em>tres</em></strong></span> <span class='ocrx_word' id='word_1_411' title='bbox 3228 1395 3394 1465; x_wconf 65' lang='lat' dir='ltr'><strong><em>affore</em></strong></span> <span class='ocrx_word' id='word_1_412' title='bbox 3418 1396 3602 1461; x_wconf 86' lang='lat' dir='ltr'><strong><em>cernit,</em></strong></span> 
     </span>
    </p>
   </div>
   <div class='ocr_carea' id='block_1_72' title="bbox 2294 1490 3680 1565">
    <p class='ocr_par' dir='ltr' id='par_1_72' title="bbox 2294 1490 3680 1565">
     <span class='ocr_line' id='line_1_74' title="bbox 2294 1490 3680 1565; baseline -0.011 -11"><span class='ocrx_word' id='word_1_413' title='bbox 2294 1498 2528 1555; x_wconf 91' lang='lat' dir='ltr'><strong><em>Sedulus</em></strong></span> <span class='ocrx_word' id='word_1_414' title='bbox 2553 1498 2607 1551; x_wconf 89' lang='lat' dir='ltr'><strong><em>in</em></strong></span> <span class='ocrx_word' id='word_1_415' title='bbox 2633 1505 2843 1551; x_wconf 89' lang='lat' dir='ltr'><strong><em>cunctas</em></strong></span> <span class='ocrx_word' id='word_1_416' title='bbox 2873 1536 2887 1561; x_wconf 92' lang='lat'><strong><em>,</em></strong></span> <span class='ocrx_word' id='word_1_417' title='bbox 2922 1510 3082 1549; x_wconf 88' lang='lat' dir='ltr'><strong><em>unum</em></strong></span> <span class='ocrx_word' id='word_1_418' title='bbox 3109 1493 3231 1565; x_wconf 92' lang='lat' dir='ltr'><strong><em>plus</em></strong></span> <span class='ocrx_word' id='word_1_419' title='bbox 3259 1490 3443 1558; x_wconf 89' lang='lat' dir='ltr'><strong><em>ambit,</em></strong></span> <span class='ocrx_word' id='word_1_420' title='bbox 3472 1497 3521 1544; x_wconf 91' lang='lat' dir='ltr'><strong><em>et</em></strong></span> <span class='ocrx_word' id='word_1_421' title='bbox 3547 1495 3680 1552; x_wconf 91' lang='lat' dir='ltr'><strong><em>orat,</em></strong></span> 
     </span>
    </p>
   </div>
   <div class='ocr_carea' id='block_1_73' title="bbox 2148 1584 3665 1663">
    <p class='ocr_par' dir='ltr' id='par_1_73' title="bbox 2148 1584 3665 1663">
     <span class='ocr_line' id='line_1_75' title="bbox 2148 1584 3665 1663; baseline -0.01 -14"><span class='ocrx_word' id='word_1_422' title='bbox 2148 1591 2255 1649; x_wconf 67' lang='lat'><strong><em>545</em></strong></span> <span class='ocrx_word' id='word_1_423' title='bbox 2293 1589 2380 1645; x_wconf 86' lang='lat' dir='ltr'><strong><em>Ne</em></strong></span> <span class='ocrx_word' id='word_1_424' title='bbox 2406 1607 2625 1663; x_wconf 88' lang='lat' dir='ltr'><strong><em>puerum</em></strong></span> <span class='ocrx_word' id='word_1_425' title='bbox 2653 1588 2806 1643; x_wconf 86' lang='lat' dir='ltr'><strong><em>celeri</em></strong></span> <span class='ocrx_word' id='word_1_426' title='bbox 2833 1588 3058 1657; x_wconf 91' lang='lat' dir='ltr'><strong><em>linquat,</em></strong></span> <span class='ocrx_word' id='word_1_427' title='bbox 3089 1585 3213 1639; x_wconf 89' lang='lat' dir='ltr'><strong><em>dum</em></strong></span> <span class='ocrx_word' id='word_1_428' title='bbox 3248 1584 3495 1654; x_wconf 64' lang='lat' dir='ltr'><strong><em>praeterit,</em></strong></span> <span class='ocrx_word' id='word_1_429' title='bbox 3524 1590 3665 1647; x_wconf 89' lang='lat' dir='ltr'><strong><em>actu,</em></strong></span> 
     </span>
    </p>
   </div>
   <div class='ocr_carea' id='block_1_74' title="bbox 2294 1679 3587 1754">
    <p class='ocr_par' dir='ltr' id='par_1_74' title="bbox 2294 1679 3587 1754">
     <span class='ocr_line' id='line_1_76' title="bbox 2294 1679 3587 1754; baseline -0.008 -15"><span class='ocrx_word' id='word_1_430' title='bbox 2294 1683 2663 1754; x_wconf 83' lang='lat' dir='ltr'><strong><em>Paciﬁcusque</em></strong></span> <span class='ocrx_word' id='word_1_431' title='bbox 2688 1696 2797 1737; x_wconf 77' lang='lat' dir='ltr'><strong><em>sua:</em></strong></span> <span class='ocrx_word' id='word_1_432' title='bbox 2825 1681 3071 1752; x_wconf 89' lang='lat' dir='ltr'><strong><em>dignetur</em></strong></span> <span class='ocrx_word' id='word_1_433' title='bbox 3098 1679 3326 1751; x_wconf 87' lang='lat' dir='ltr'><strong><em>tegmina</em></strong></span> <span class='ocrx_word' id='word_1_434' title='bbox 3348 1691 3587 1747; x_wconf 86' lang='lat' dir='ltr'><strong><em>quercus,</em></strong></span> 
     </span>
    </p>
   </div>
   <div class='ocr_carea' id='block_1_75' title="bbox 2297 1768 3647 1849">
    <p class='ocr_par' dir='ltr' id='par_1_75' title="bbox 2297 1768 3647 1849">
     <span class='ocr_line' id='line_1_77' title="bbox 2297 1768 3647 1849; baseline -0.007 -16"><span class='ocrx_word' id='word_1_435' title='bbox 2297 1779 2461 1849; x_wconf 78' lang='lat' dir='ltr'><strong><em>Atque</em></strong></span> <span class='ocrx_word' id='word_1_436' title='bbox 2488 1776 2642 1847; x_wconf 88' lang='lat' dir='ltr'><strong><em>pedes</em></strong></span> <span class='ocrx_word' id='word_1_437' title='bbox 2671 1776 2901 1849; x_wconf 89' lang='lat' dir='ltr'><strong><em>geminos</em></strong></span> <span class='ocrx_word' id='word_1_438' title='bbox 2931 1775 3143 1848; x_wconf 90' lang='lat' dir='ltr'><strong><em>frigenti</em></strong></span> <span class='ocrx_word' id='word_1_439' title='bbox 3171 1783 3227 1829; x_wconf 91' lang='lat' dir='ltr'><strong><em>ut</em></strong></span> <span class='ocrx_word' id='word_1_440' title='bbox 3257 1772 3459 1843; x_wconf 88' lang='lat' dir='ltr'><strong><em>perluat</em></strong></span> <span class='ocrx_word' id='word_1_441' title='bbox 3483 1768 3647 1833; x_wconf 86' lang='lat' dir='ltr'><strong><em>unda,</em></strong></span> 
     </span>
    </p>
   </div>
   <div class='ocr_carea' id='block_1_76' title="bbox 2296 1866 3504 1945">
    <p class='ocr_par' dir='ltr' id='par_1_76' title="bbox 2296 1866 3504 1945">
     <span class='ocr_line' id='line_1_78' title="bbox 2296 1866 3504 1945; baseline -0.007 -16"><span class='ocrx_word' id='word_1_442' title='bbox 2296 1876 2369 1929; x_wconf 83' lang='lat' dir='ltr'><strong><em>Ac</em></strong></span> <span class='ocrx_word' id='word_1_443' title='bbox 2398 1874 2594 1942; x_wconf 86' lang='lat' dir='ltr'><strong><em>positos</em></strong></span> <span class='ocrx_word' id='word_1_444' title='bbox 2626 1888 2789 1945; x_wconf 89' lang='lat' dir='ltr'><strong><em>panes</em></strong></span> <span class='ocrx_word' id='word_1_445' title='bbox 2820 1886 3009 1925; x_wconf 71' lang='lat' dir='ltr'><strong><em>mensa:</em></strong></span> <span class='ocrx_word' id='word_1_446' title='bbox 3035 1869 3276 1942; x_wconf 88' lang='lat' dir='ltr'><strong><em>dignetur</em></strong></span> <span class='ocrx_word' id='word_1_447' title='bbox 3305 1866 3504 1921; x_wconf 65' lang='lat' dir='ltr'><strong><em>amica.</em></strong></span> 
     </span>
    </p>
   </div>
   <div class='ocr_carea' id='block_1_77' title="bbox 2296 1962 3599 2042">
    <p class='ocr_par' dir='ltr' id='par_1_77' title="bbox 2296 1962 3599 2042">
     <span class='ocr_line' id='line_1_79' title="bbox 2296 1962 3599 2042; baseline -0.008 -17"><span class='ocrx_word' id='word_1_448' title='bbox 2296 1970 2582 2037; x_wconf 81' lang='lat' dir='ltr'><strong><em>Annuitur,</em></strong></span> <span class='ocrx_word' id='word_1_449' title='bbox 2608 1971 2862 2042; x_wconf 89' lang='lat' dir='ltr'><strong><em>jussaque</em></strong></span> <span class='ocrx_word' id='word_1_450' title='bbox 2887 1968 3022 2021; x_wconf 90' lang='lat' dir='ltr'><strong><em>citus</em></strong></span> <span class='ocrx_word' id='word_1_451' title='bbox 3045 1963 3342 2020; x_wconf 80' lang='lat' dir='ltr'><strong><em>ueneranda</em></strong></span> <span class='ocrx_word' id='word_1_452' title='bbox 3368 1962 3599 2033; x_wconf 87' lang='lat' dir='ltr'><strong><em>facessit.</em></strong></span> 
     </span>
    </p>
   </div>
   <div class='ocr_carea' id='block_1_78' title="bbox 2152 2055 3596 2135">
    <p class='ocr_par' dir='ltr' id='par_1_78' title="bbox 2152 2055 3596 2135">
     <span class='ocr_line' id='line_1_80' title="bbox 2152 2055 3596 2135; baseline -0.008 -14"><span class='ocrx_word' id='word_1_453' title='bbox 2152 2063 2257 2121; x_wconf 84' lang='lat'><strong>550</strong></span> <span class='ocrx_word' id='word_1_454' title='bbox 2294 2063 2421 2135; x_wconf 85' lang='lat' dir='ltr'><strong><em>Ipse</em></strong></span> <span class='ocrx_word' id='word_1_455' title='bbox 2446 2064 2602 2118; x_wconf 90' lang='lat' dir='ltr'><strong><em>etiam</em></strong></span> <span class='ocrx_word' id='word_1_456' title='bbox 2632 2076 2919 2135; x_wconf 84' lang='lat' dir='ltr'><strong><em>properans</em></strong></span> <span class='ocrx_word' id='word_1_457' title='bbox 2946 2077 3055 2116; x_wconf 87' lang='lat' dir='ltr'><strong><em>sese</em></strong></span> <span class='ocrx_word' id='word_1_458' title='bbox 3081 2061 3171 2114; x_wconf 86' lang='lat' dir='ltr'><strong><em>dat</em></strong></span> <span class='ocrx_word' id='word_1_459' title='bbox 3201 2057 3370 2115; x_wconf 89' lang='lat' dir='ltr'><strong><em>Sarra</em></strong></span> <span class='ocrx_word' id='word_1_460' title='bbox 3409 2055 3596 2110; x_wconf 85' lang='lat' dir='ltr'><strong><em>videri.</em></strong></span> 
     </span>
    </p>
   </div>
   <div class='ocr_carea' id='block_1_79' title="bbox 2296 2148 3644 2225">
    <p class='ocr_par' dir='ltr' id='par_1_79' title="bbox 2296 2148 3644 2225">
     <span class='ocr_line' id='line_1_81' title="bbox 2296 2148 3644 2225; baseline -0.008 -14"><span class='ocrx_word' id='word_1_461' title='bbox 2296 2155 2675 2225; x_wconf 79' lang='lat' dir='ltr'><strong><em>Mensurasque</em></strong></span> <span class='ocrx_word' id='word_1_462' title='bbox 2700 2153 2873 2209; x_wconf 87' lang='lat' dir='ltr'><strong><em>libans</em></strong></span> <span class='ocrx_word' id='word_1_463' title='bbox 2902 2161 3077 2207; x_wconf 89' lang='lat' dir='ltr'><strong><em>ternas</em></strong></span> <span class='ocrx_word' id='word_1_464' title='bbox 3106 2168 3170 2206; x_wconf 74' lang='lat' dir='ltr'><strong><em>ea:</em></strong></span> <span class='ocrx_word' id='word_1_465' title='bbox 3199 2148 3397 2222; x_wconf 89' lang='lat' dir='ltr'><strong><em>polline</em></strong></span> <span class='ocrx_word' id='word_1_466' title='bbox 3426 2149 3644 2219; x_wconf 75' lang='lat' dir='ltr'><strong><em>profert,</em></strong></span> 
     </span>
    </p>
   </div>
   <div class='ocr_carea' id='block_1_80' title="bbox 2295 2246 3584 2314">
    <p class='ocr_par' dir='ltr' id='par_1_80' title="bbox 2295 2246 3584 2314">
     <span class='ocr_line' id='line_1_82' title="bbox 2295 2246 3584 2314; baseline -0.004 -13"><span class='ocrx_word' id='word_1_467' title='bbox 2295 2248 2440 2314; x_wconf 83' lang='lat' dir='ltr'><strong><em>Quas</em></strong></span> <span class='ocrx_word' id='word_1_468' title='bbox 2466 2248 2683 2303; x_wconf 89' lang='lat' dir='ltr'><strong><em>dederat</em></strong></span> <span class='ocrx_word' id='word_1_469' title='bbox 2712 2255 2845 2301; x_wconf 90' lang='lat' dir='ltr'><strong><em>tosto</em></strong></span> <span class='ocrx_word' id='word_1_470' title='bbox 2875 2246 3110 2299; x_wconf 87' lang='lat' dir='ltr'><strong><em>cinerum</em></strong></span> <span class='ocrx_word' id='word_1_471' title='bbox 3138 2253 3340 2298; x_wconf 88' lang='lat' dir='ltr'><strong><em>torrere</em></strong></span> <span class='ocrx_word' id='word_1_472' title='bbox 3369 2256 3584 2314; x_wconf 82' lang='lat' dir='ltr'><strong><em>vapore.</em></strong></span> 
     </span>
    </p>
   </div>
   <div class='ocr_carea' id='block_1_81' title="bbox 2297 2334 3639 2409">
    <p class='ocr_par' dir='ltr' id='par_1_81' title="bbox 2297 2334 3639 2409">
     <span class='ocr_line' id='line_1_83' title="bbox 2297 2334 3639 2409; baseline -0.005 -15"><span class='ocrx_word' id='word_1_473' title='bbox 2297 2339 2427 2394; x_wconf 91' lang='lat' dir='ltr'><strong><em>Tum</em></strong></span> <span class='ocrx_word' id='word_1_474' title='bbox 2458 2337 2648 2394; x_wconf 89' lang='lat' dir='ltr'><strong><em>vitulus</em></strong></span> <span class='ocrx_word' id='word_1_475' title='bbox 2674 2338 2872 2393; x_wconf 88' lang='lat' dir='ltr'><strong><em>tumida</em></strong></span> <span class='ocrx_word' id='word_1_476' title='bbox 2894 2353 3216 2409; x_wconf 87' lang='lat' dir='ltr'><strong><em>procurvans</em></strong></span> <span class='ocrx_word' id='word_1_477' title='bbox 3241 2351 3439 2390; x_wconf 90' lang='lat' dir='ltr'><strong><em>cornua</em></strong></span> <span class='ocrx_word' id='word_1_478' title='bbox 3467 2334 3639 2404; x_wconf 90' lang='lat' dir='ltr'><strong><em>fronte</em></strong></span> 
     </span>
    </p>
   </div>
   <div class='ocr_carea' id='block_1_82' title="bbox 2292 2429 3449 2504">
    <p class='ocr_par' dir='ltr' id='par_1_82' title="bbox 2292 2429 3449 2504">
     <span class='ocr_line' id='line_1_84' title="bbox 2292 2429 3449 2504; baseline -0.003 -20"><span class='ocrx_word' id='word_1_479' title='bbox 2292 2429 2577 2504; x_wconf 87' lang='lat' dir='ltr'><strong><em>Deligitur,</em></strong></span> <span class='ocrx_word' id='word_1_480' title='bbox 2610 2431 2756 2485; x_wconf 90' lang='lat' dir='ltr'><strong><em>nullo</em></strong></span> <span class='ocrx_word' id='word_1_481' title='bbox 2786 2430 3018 2501; x_wconf 88' lang='lat' dir='ltr'><strong><em>fuscatus</em></strong></span> <span class='ocrx_word' id='word_1_482' title='bbox 3046 2437 3260 2501; x_wconf 87' lang='lat' dir='ltr'><strong><em>tergora</em></strong></span> <span class='ocrx_word' id='word_1_483' title='bbox 3288 2442 3449 2494; x_wconf 61' lang='lat' dir='ltr'><strong><em>naevo,</em></strong></span> 
     </span>
    </p>
   </div>
   <div class='ocr_carea' id='block_1_83' title="bbox 2149 2519 3554 2595">
    <p class='ocr_par' dir='ltr' id='par_1_83' title="bbox 2149 2519 3554 2595">
     <span class='ocr_line' id='line_1_85' title="bbox 2149 2519 3554 2595; baseline -0.005 -14"><span class='ocrx_word' id='word_1_484' title='bbox 2149 2524 2255 2582; x_wconf 81' lang='lat'><strong><em>555</em></strong></span> <span class='ocrx_word' id='word_1_485' title='bbox 2292 2522 2364 2577; x_wconf 86' lang='lat' dir='ltr'><strong><em>Et</em></strong></span> <span class='ocrx_word' id='word_1_486' title='bbox 2392 2523 2549 2577; x_wconf 90' lang='lat' dir='ltr'><strong><em>modo</em></strong></span> <span class='ocrx_word' id='word_1_487' title='bbox 2577 2524 2839 2578; x_wconf 87' lang='lat' dir='ltr'><strong><em>constricti</em></strong></span> <span class='ocrx_word' id='word_1_488' title='bbox 2861 2532 3131 2595; x_wconf 89' lang='lat' dir='ltr'><strong><em>ponuntur</em></strong></span> <span class='ocrx_word' id='word_1_489' title='bbox 3160 2522 3361 2594; x_wconf 88' lang='lat' dir='ltr'><strong><em>fercula</em></strong></span> <span class='ocrx_word' id='word_1_490' title='bbox 3383 2519 3554 2574; x_wconf 87' lang='lat' dir='ltr'><strong><em>lactis.</em></strong></span> 
     </span>
    </p>
   </div>
   <div class='ocr_carea' id='block_1_84' title="bbox 2291 2611 3745 2687">
    <p class='ocr_par' dir='ltr' id='par_1_84' title="bbox 2291 2611 3745 2687">
     <span class='ocr_line' id='line_1_86' title="bbox 2291 2611 3745 2687; baseline -0.004 -17"><span class='ocrx_word' id='word_1_491' title='bbox 2291 2614 2533 2687; x_wconf 85' lang='lat' dir='ltr'><strong><em>Dumque</em></strong></span> <span class='ocrx_word' id='word_1_492' title='bbox 2560 2612 2733 2670; x_wconf 86' lang='lat' dir='ltr'><strong><em>Deum</em></strong></span> <span class='ocrx_word' id='word_1_493' title='bbox 2760 2618 2899 2669; x_wconf 90' lang='lat' dir='ltr'><strong><em>trina</em></strong></span> <span class='ocrx_word' id='word_1_494' title='bbox 2921 2615 3151 2687; x_wconf 88' lang='lat' dir='ltr'><strong><em>positum</em></strong></span> <span class='ocrx_word' id='word_1_495' title='bbox 3180 2618 3275 2668; x_wconf 90' lang='lat' dir='ltr'><strong><em>sub</em></strong></span> <span class='ocrx_word' id='word_1_496' title='bbox 3304 2614 3530 2686; x_wconf 82' lang='lat' dir='ltr'><strong><em>imagine</em></strong></span> <span class='ocrx_word' id='word_1_497' title='bbox 3554 2611 3745 2683; x_wconf 81' lang='lat' dir='ltr'><strong><em>pascit,</em></strong></span> 
     </span>
    </p>
   </div>
   <div class='ocr_carea' id='block_1_85' title="bbox 2290 2705 3450 2780">
    <p class='ocr_par' dir='ltr' id='par_1_85' title="bbox 2290 2705 3450 2780">
     <span class='ocr_line' id='line_1_87' title="bbox 2290 2705 3450 2780; baseline 0 -19"><span class='ocrx_word' id='word_1_498' title='bbox 2290 2705 2488 2763; x_wconf 85' lang='lat' dir='ltr'><strong><em>Dulcia</em></strong></span> <span class='ocrx_word' id='word_1_499' title='bbox 2515 2709 2801 2776; x_wconf 87' lang='lat' dir='ltr'><strong><em>sanctificis</em></strong></span> <span class='ocrx_word' id='word_1_500' title='bbox 2830 2707 3023 2763; x_wconf 88' lang='lat' dir='ltr'><strong><em>delibat</em></strong></span> <span class='ocrx_word' id='word_1_501' title='bbox 3054 2708 3257 2780; x_wconf 89' lang='lat' dir='ltr'><strong><em>gaudia</em></strong></span> <span class='ocrx_word' id='word_1_502' title='bbox 3279 2708 3450 2774; x_wconf 79' lang='lat' dir='ltr'><strong><em>dictis,</em></strong></span> 
     </span>
    </p>
   </div>
   <div class='ocr_carea' id='block_1_86' title="bbox 2294 2778 3748 2875">
    <p class='ocr_par' dir='ltr' id='par_1_86' title="bbox 2294 2778 3748 2875">
     <span class='ocr_line' id='line_1_88' title="bbox 2294 2778 3748 2875; baseline -0.003 -17"><span class='ocrx_word' id='word_1_503' title='bbox 2294 2803 2433 2872; x_wconf 80' lang='lat' dir='ltr'><strong><em>Quid</em></strong></span> <span class='ocrx_word' id='word_1_504' title='bbox 2478 2821 2655 2859; x_wconf 90' lang='lat' dir='ltr'><strong><em>rerum</em></strong></span> <span class='ocrx_word' id='word_1_505' title='bbox 2696 2819 2835 2858; x_wconf 90' lang='lat' dir='ltr'><strong><em>nunc</em></strong></span> <span class='ocrx_word' id='word_1_506' title='bbox 2877 2778 3259 2875; x_wconf 11' lang='lat' dir='ltr'><strong><em>Sarraigerit;</em></strong></span> <span class='ocrx_word' id='word_1_507' title='bbox 3302 2817 3527 2872; x_wconf 89' lang='lat' dir='ltr'><strong><em>namque</em></strong></span> <span class='ocrx_word' id='word_1_508' title='bbox 3567 2799 3748 2855; x_wconf 83' lang='lat' dir='ltr'><strong><em>abdita</em></strong></span> 
     </span>
    </p>
   </div>
   <div class='ocr_carea' id='block_1_87' title="bbox 3503 2894 3673 2966">
    <p class='ocr_par' dir='ltr' id='par_1_87' title="bbox 3503 2894 3673 2966">
     <span class='ocr_line' id='line_1_89' title="bbox 3503 2894 3673 2966; baseline 0.012 -19"><span class='ocrx_word' id='word_1_509' title='bbox 3503 2894 3673 2966; x_wconf 88' lang='lat' dir='ltr'><strong><em>[tectis</em></strong></span> 
     </span>
    </p>
   </div>
   <div class='ocr_carea' id='block_1_88' title="bbox 2295 2995 3636 3070">
    <p class='ocr_par' dir='ltr' id='par_1_88' title="bbox 2295 2995 3636 3070">
     <span class='ocr_line' id='line_1_90' title="bbox 2295 2995 3636 3070; baseline -0.003 -19"><span class='ocrx_word' id='word_1_510' title='bbox 2295 2995 2439 3051; x_wconf 85' lang='lat' dir='ltr'><strong><em>Tunc</em></strong></span> <span class='ocrx_word' id='word_1_511' title='bbox 2467 3007 2599 3063; x_wconf 88' lang='lat' dir='ltr'><strong><em>erat,</em></strong></span> <span class='ocrx_word' id='word_1_512' title='bbox 2629 3009 2676 3053; x_wconf 91' lang='lat' dir='ltr'><strong><em>et</em></strong></span> <span class='ocrx_word' id='word_1_513' title='bbox 2704 3006 2896 3070; x_wconf 81' lang='lat' dir='ltr'><strong><em>cceptus</em></strong></span> <span class='ocrx_word' id='word_1_514' title='bbox 2925 2997 3081 3051; x_wconf 90' lang='lat' dir='ltr'><strong><em>iterat</em></strong></span> <span class='ocrx_word' id='word_1_515' title='bbox 3112 2996 3204 3051; x_wconf 80' lang='lat' dir='ltr'><strong><em>lita:</em></strong></span> <span class='ocrx_word' id='word_1_516' title='bbox 3228 3010 3349 3049; x_wconf 86' lang='lat' dir='ltr'><strong><em>vera</em></strong></span> <span class='ocrx_word' id='word_1_517' title='bbox 3379 2995 3636 3065; x_wconf 86' lang='lat' dir='ltr'><strong><em>loquelas.</em></strong></span> 
     </span>
    </p>
   </div>
   <div class='ocr_carea' id='block_1_89' title="bbox 2147 3088 3487 3175">
    <p class='ocr_par' dir='ltr' id='par_1_89' title="bbox 2147 3088 3487 3175">
     <span class='ocr_line' id='line_1_91' title="bbox 2147 3088 3487 3175; baseline -0.001 -32"><span class='ocrx_word' id='word_1_518' title='bbox 2147 3088 2255 3175; x_wconf 78' lang='grc'><strong><em>560</em></strong></span> <span class='ocrx_word' id='word_1_519' title='bbox 2293 3088 2437 3162; x_wconf 85' lang='lat' dir='ltr'><strong><em>Euge</em></strong></span> <span class='ocrx_word' id='word_1_520' title='bbox 2467 3107 2660 3146; x_wconf 89' lang='lat' dir='ltr'><strong><em>memor</em></strong></span> <span class='ocrx_word' id='word_1_521' title='bbox 2686 3094 2816 3145; x_wconf 83' lang='lat' dir='ltr'><strong><em>vatis</em></strong></span> <span class='ocrx_word' id='word_1_522' title='bbox 2840 3088 2996 3163; x_wconf 86' lang='lat' dir='ltr'><strong><em>pleno</em></strong></span> <span class='ocrx_word' id='word_1_523' title='bbox 3026 3104 3128 3143; x_wconf 91' lang='lat' dir='ltr'><strong><em>non</em></strong></span> <span class='ocrx_word' id='word_1_524' title='bbox 3159 3089 3324 3143; x_wconf 86' lang='lat' dir='ltr'><strong><em>serius</em></strong></span> <span class='ocrx_word' id='word_1_525' title='bbox 3348 3103 3487 3142; x_wconf 88' lang='lat' dir='ltr'><strong><em>anno</em></strong></span> 
     </span>
    </p>
   </div>
   <div class='ocr_carea' id='block_1_90' title="bbox 2295 3182 3551 3256">
    <p class='ocr_par' dir='ltr' id='par_1_90' title="bbox 2295 3182 3551 3256">
     <span class='ocr_line' id='line_1_92' title="bbox 2295 3182 3551 3256; baseline -0.003 -17"><span class='ocrx_word' id='word_1_526' title='bbox 2295 3184 2467 3239; x_wconf 81' lang='lat' dir='ltr'><strong><em>Mater</em></strong></span> <span class='ocrx_word' id='word_1_527' title='bbox 2494 3188 2614 3254; x_wconf 89' lang='lat' dir='ltr'><strong><em>erit,</em></strong></span> <span class='ocrx_word' id='word_1_528' title='bbox 2645 3202 2764 3239; x_wconf 89' lang='lat' dir='ltr'><strong><em>eum</em></strong></span> <span class='ocrx_word' id='word_1_529' title='bbox 2794 3188 2915 3239; x_wconf 82' lang='lat' dir='ltr'><strong><em>tteta</em></strong></span> <span class='ocrx_word' id='word_1_530' title='bbox 2945 3185 3128 3256; x_wconf 87' lang='lat' dir='ltr'><strong><em>procul</em></strong></span> <span class='ocrx_word' id='word_1_531' title='bbox 3154 3182 3248 3238; x_wconf 86' lang='lat' dir='ltr'><strong><em>sub</em></strong></span> <span class='ocrx_word' id='word_1_532' title='bbox 3282 3182 3409 3237; x_wconf 87' lang='lat' dir='ltr'><strong><em>talia</em></strong></span> <span class='ocrx_word' id='word_1_533' title='bbox 3437 3182 3551 3237; x_wconf 87' lang='lat' dir='ltr'><strong><em>risit</em></strong></span> 
     </span>
    </p>
   </div>
   <div class='ocr_carea' id='block_1_91' title="bbox 2293 3278 3617 3353">
    <p class='ocr_par' dir='ltr' id='par_1_91' title="bbox 2293 3278 3617 3353">
     <span class='ocr_line' id='line_1_93' title="bbox 2293 3278 3617 3353; baseline -0.002 -20"><span class='ocrx_word' id='word_1_534' title='bbox 2293 3278 2538 3346; x_wconf 84' lang='lat' dir='ltr'><strong><em>Femina,</em></strong></span> <span class='ocrx_word' id='word_1_535' title='bbox 2566 3287 2613 3334; x_wconf 91' lang='lat' dir='ltr'><strong><em>et</em></strong></span> <span class='ocrx_word' id='word_1_536' title='bbox 2643 3296 2844 3335; x_wconf 89' lang='lat' dir='ltr'><strong><em>annoso</em></strong></span> <span class='ocrx_word' id='word_1_537' title='bbox 2874 3282 3112 3353; x_wconf 87' lang='lat' dir='ltr'><strong><em>desperat</em></strong></span> <span class='ocrx_word' id='word_1_538' title='bbox 3140 3293 3360 3351; x_wconf 87' lang='lat' dir='ltr'><strong><em>corpore</em></strong></span> <span class='ocrx_word' id='word_1_539' title='bbox 3387 3286 3617 3348; x_wconf 81' lang='lat' dir='ltr'><strong><em>partum.</em></strong></span> 
     </span>
    </p>
   </div>
   <div class='ocr_carea' id='block_1_92' title="bbox 2296 3368 3672 3445">
    <p class='ocr_par' dir='ltr' id='par_1_92' title="bbox 2296 3368 3672 3445">
     <span class='ocr_line' id='line_1_94' title="bbox 2296 3368 3672 3445; baseline -0.002 -20"><span class='ocrx_word' id='word_1_540' title='bbox 2296 3372 2558 3440; x_wconf 76' lang='lat' dir='ltr'><strong><em>Quaeritur</em></strong></span> <span class='ocrx_word' id='word_1_541' title='bbox 2582 3371 2717 3441; x_wconf 64' lang='lat' dir='ltr'><strong><em>haec,</em></strong></span> <span class='ocrx_word' id='word_1_542' title='bbox 2749 3374 3043 3445; x_wconf 88' lang='lat' dir='ltr'><strong><em>interfuerit</em></strong></span> <span class='ocrx_word' id='word_1_543' title='bbox 3069 3388 3187 3445; x_wconf 70' lang='lat' dir='ltr'><strong><em>qua:</em></strong></span> <span class='ocrx_word' id='word_1_544' title='bbox 3210 3388 3368 3426; x_wconf 88' lang='lat' dir='ltr'><strong><em>causa</em></strong></span> <span class='ocrx_word' id='word_1_545' title='bbox 3394 3368 3672 3433; x_wconf 78' lang='lat' dir='ltr'><strong><em>cachinni,</em></strong></span> 
     </span>
    </p>
   </div>
   <div class='ocr_carea' id='block_1_93' title="bbox 2292 3466 3604 3539">
    <p class='ocr_par' dir='ltr' id='par_1_93' title="bbox 2292 3466 3604 3539">
     <span class='ocr_line' id='line_1_95' title="bbox 2292 3466 3604 3539; baseline -0.002 -19"><span class='ocrx_word' id='word_1_546' title='bbox 2292 3466 2400 3521; x_wconf 89' lang='lat' dir='ltr'><strong><em>Illa</em></strong></span> <span class='ocrx_word' id='word_1_547' title='bbox 2426 3477 2580 3539; x_wconf 89' lang='lat' dir='ltr'><strong><em>negat</em></strong></span> <span class='ocrx_word' id='word_1_548' title='bbox 2605 3467 2752 3538; x_wconf 86' lang='lat' dir='ltr'><strong><em>facili</em></strong></span> <span class='ocrx_word' id='word_1_549' title='bbox 2778 3483 3031 3522; x_wconf 87' lang='lat' dir='ltr'><strong><em>concussa</em></strong></span> <span class='ocrx_word' id='word_1_550' title='bbox 3059 3468 3115 3522; x_wconf 91' lang='lat' dir='ltr'><strong><em>in</em></strong></span> <span class='ocrx_word' id='word_1_551' title='bbox 3140 3484 3250 3523; x_wconf 85' lang='lat' dir='ltr'><strong><em>sese</em></strong></span> <span class='ocrx_word' id='word_1_552' title='bbox 3275 3468 3390 3539; x_wconf 89' lang='lat' dir='ltr'><strong><em>fore</em></strong></span> <span class='ocrx_word' id='word_1_553' title='bbox 3421 3469 3604 3533; x_wconf 89' lang='lat' dir='ltr'><strong><em>risum,</em></strong></span> 
     </span>
    </p>
   </div>
   <div class='ocr_carea' id='block_1_94' title="bbox 2148 3557 3688 3633">
    <p class='ocr_par' dir='ltr' id='par_1_94' title="bbox 2148 3557 3688 3633">
     <span class='ocr_line' id='line_1_96' title="bbox 2148 3557 3688 3633; baseline -0.001 -21"><span class='ocrx_word' id='word_1_554' title='bbox 2148 3557 2255 3616; x_wconf 88' lang='lat'><strong>565</strong></span> <span class='ocrx_word' id='word_1_555' title='bbox 2291 3558 2431 3614; x_wconf 90' lang='lat' dir='ltr'><strong><em>Dum</em></strong></span> <span class='ocrx_word' id='word_1_556' title='bbox 2462 3560 2624 3625; x_wconf 85' lang='lat' dir='ltr'><strong><em>timet,</em></strong></span> <span class='ocrx_word' id='word_1_557' title='bbox 2658 3571 2703 3615; x_wconf 91' lang='lat' dir='ltr'><strong><em>et</em></strong></span> <span class='ocrx_word' id='word_1_558' title='bbox 2728 3562 2884 3615; x_wconf 90' lang='lat' dir='ltr'><strong><em>tacito</em></strong></span> <span class='ocrx_word' id='word_1_559' title='bbox 2916 3559 3074 3615; x_wconf 84' lang='lat' dir='ltr'><strong><em>volvit</em></strong></span> <span class='ocrx_word' id='word_1_560' title='bbox 3102 3562 3198 3616; x_wconf 92' lang='lat' dir='ltr'><strong><em>sub</em></strong></span> <span class='ocrx_word' id='word_1_561' title='bbox 3229 3570 3433 3633; x_wconf 88' lang='lat' dir='ltr'><strong><em>pectore</em></strong></span> <span class='ocrx_word' id='word_1_562' title='bbox 3459 3559 3688 3630; x_wconf 85' lang='lat' dir='ltr'><strong><em>culpam.</em></strong></span> 
     </span>
    </p>
   </div>
   <div class='ocr_carea' id='block_1_95' title="bbox 2293 3653 3563 3731">
    <p class='ocr_par' dir='ltr' id='par_1_95' title="bbox 2293 3653 3563 3731">
     <span class='ocr_line' id='line_1_97' title="bbox 2293 3653 3563 3731; baseline -0.002 -19"><span class='ocrx_word' id='word_1_563' title='bbox 2293 3653 2630 3728; x_wconf 88' lang='lat' dir='ltr'><strong><em>Consurgunt</em></strong></span> <span class='ocrx_word' id='word_1_564' title='bbox 2646 3659 2863 3731; x_wconf 86' lang='lat' dir='ltr'><strong><em>juvenes</em></strong></span> <span class='ocrx_word' id='word_1_565' title='bbox 2890 3654 3047 3729; x_wconf 90' lang='lat' dir='ltr'><strong><em>parili</em></strong></span> <span class='ocrx_word' id='word_1_566' title='bbox 3075 3655 3278 3728; x_wconf 89' lang='lat' dir='ltr'><strong><em>fulgore</em></strong></span> <span class='ocrx_word' id='word_1_567' title='bbox 3306 3656 3563 3722; x_wconf 85' lang='lat' dir='ltr'><strong><em>decentes,</em></strong></span> 
     </span>
    </p>
   </div>
   <div class='ocr_carea' id='block_1_96' title="bbox 2294 3748 3571 3821">
    <p class='ocr_par' dir='ltr' id='par_1_96' title="bbox 2294 3748 3571 3821">
     <span class='ocr_line' id='line_1_98' title="bbox 2294 3748 3571 3821; baseline 0.001 -19"><span class='ocrx_word' id='word_1_568' title='bbox 2294 3748 2363 3803; x_wconf 85' lang='lat' dir='ltr'><strong><em>Et</em></strong></span> <span class='ocrx_word' id='word_1_569' title='bbox 2392 3749 2680 3806; x_wconf 87' lang='lat' dir='ltr'><strong><em>Sodomam</em></strong></span> <span class='ocrx_word' id='word_1_570' title='bbox 2707 3759 2815 3805; x_wconf 89' lang='lat' dir='ltr'><strong><em>toto</em></strong></span> <span class='ocrx_word' id='word_1_571' title='bbox 2842 3749 3128 3821; x_wconf 76' lang='lat' dir='ltr'><strong><em>subiectam</em></strong></span> <span class='ocrx_word' id='word_1_572' title='bbox 3156 3748 3353 3804; x_wconf 81' lang='lat' dir='ltr'><strong><em>lumine</em></strong></span> <span class='ocrx_word' id='word_1_573' title='bbox 3377 3750 3571 3804; x_wconf 88' lang='lat' dir='ltr'><strong><em>visunt.</em></strong></span> 
     </span>
    </p>
   </div>
   <div class='ocr_carea' id='block_1_97' title="bbox 2292 3840 3749 3912">
    <p class='ocr_par' dir='ltr' id='par_1_97' title="bbox 2292 3840 3749 3912">
     <span class='ocr_line' id='line_1_99' title="bbox 2292 3840 3749 3912; baseline 0 -15"><span class='ocrx_word' id='word_1_574' title='bbox 2292 3841 2426 3898; x_wconf 84' lang='lat' dir='ltr'><strong><em>Tum</em></strong></span> <span class='ocrx_word' id='word_1_575' title='bbox 2446 3842 2706 3897; x_wconf 87' lang='lat' dir='ltr'><strong><em>Dominus</em></strong></span> <span class='ocrx_word' id='word_1_576' title='bbox 2724 3840 2830 3896; x_wconf 86' lang='lat' dir='ltr'><strong><em>vati</em></strong></span> <span class='ocrx_word' id='word_1_577' title='bbox 2855 3841 2932 3895; x_wconf 88' lang='lat' dir='ltr'><strong><em>nil</em></strong></span> <span class='ocrx_word' id='word_1_578' title='bbox 2954 3850 3254 3912; x_wconf 86' lang='lat' dir='ltr'><strong><em>promptum</em></strong></span> <span class='ocrx_word' id='word_1_579' title='bbox 3274 3858 3379 3897; x_wconf 91' lang='lat' dir='ltr'><strong><em>non</em></strong></span> <span class='ocrx_word' id='word_1_580' title='bbox 3400 3845 3514 3912; x_wconf 90' lang='lat' dir='ltr'><strong><em>fore</em></strong></span> <span class='ocrx_word' id='word_1_581' title='bbox 3537 3856 3749 3911; x_wconf 74' lang='lat' dir='ltr'><strong><em>passus,</em></strong></span> 
     </span>
    </p>
   </div>
   <div class='ocr_carea' id='block_1_98' title="bbox 2294 3933 3754 4007">
    <p class='ocr_par' dir='ltr' id='par_1_98' title="bbox 2294 3933 3754 4007">
     <span class='ocr_line' id='line_1_100' title="bbox 2294 3933 3754 4007; baseline -0.003 -17"><span class='ocrx_word' id='word_1_582' title='bbox 2294 3934 2575 4007; x_wconf 88' lang='lat' dir='ltr'><strong><em>Eloquitur</em></strong></span> <span class='ocrx_word' id='word_1_583' title='bbox 2593 3976 2608 4001; x_wconf 94' lang='lat'><strong><em>,</em></strong></span> <span class='ocrx_word' id='word_1_584' title='bbox 2635 3949 2756 4006; x_wconf 70' lang='lat' dir='ltr'><strong><em>qua:</em></strong></span> <span class='ocrx_word' id='word_1_585' title='bbox 2780 3950 2944 3989; x_wconf 86' lang='lat' dir='ltr'><strong><em>causa</em></strong></span> <span class='ocrx_word' id='word_1_586' title='bbox 2981 3948 3163 4005; x_wconf 89' lang='lat' dir='ltr'><strong><em>graves</em></strong></span> <span class='ocrx_word' id='word_1_587' title='bbox 3180 3949 3235 3987; x_wconf 89' lang='lat' dir='ltr'><strong><em>se</em></strong></span> <span class='ocrx_word' id='word_1_588' title='bbox 3258 3933 3415 3987; x_wconf 90' lang='lat' dir='ltr'><strong><em>ducat</em></strong></span> <span class='ocrx_word' id='word_1_589' title='bbox 3444 3934 3515 3985; x_wconf 91' lang='lat' dir='ltr'><strong><em>ad</em></strong></span> <span class='ocrx_word' id='word_1_590' title='bbox 3540 3933 3695 3986; x_wconf 85' lang='lat' dir='ltr'><strong><em>urbes</em></strong></span> <span class='ocrx_word' id='word_1_591' title='bbox 3734 3948 3754 3986; x_wconf 90' lang='lat'><strong><em>:</em></strong></span> 
     </span>
    </p>
   </div>
   <div class='ocr_carea' id='block_1_99' title="bbox 2154 4026 3755 4099">
    <p class='ocr_par' dir='ltr' id='par_1_99' title="bbox 2154 4026 3755 4099">
     <span class='ocr_line' id='line_1_101' title="bbox 2154 4026 3755 4099; baseline -0.002 -14"><span class='ocrx_word' id='word_1_592' title='bbox 2154 4030 2258 4087; x_wconf 89' lang='lat'><strong>570</strong></span> <span class='ocrx_word' id='word_1_593' title='bbox 2298 4026 2539 4085; x_wconf 88' lang='lat' dir='ltr'><strong><em>Clamore</em></strong></span> <span class='ocrx_word' id='word_1_594' title='bbox 2609 4028 2889 4083; x_wconf 89' lang='lat' dir='ltr'><strong><em>immodico</em></strong></span> <span class='ocrx_word' id='word_1_595' title='bbox 2947 4026 3195 4084; x_wconf 73' lang='lat' dir='ltr'><strong><em>Sodomae</em></strong></span> <span class='ocrx_word' id='word_1_596' title='bbox 3228 4073 3241 4097; x_wconf 87' lang='lat'><strong><em>,</em></strong></span> <span class='ocrx_word' id='word_1_597' title='bbox 3290 4029 3594 4099; x_wconf 83' lang='lat' dir='ltr'><strong><em>junctteque</em></strong></span> <span class='ocrx_word' id='word_1_598' title='bbox 3638 4026 3755 4082; x_wconf 86' lang='lat' dir='ltr'><strong><em>Go-</em></strong></span> 
     </span>
    </p>
   </div>
   <div class='ocr_carea' id='block_1_100' title="bbox 3414 4119 3673 4195">
    <p class='ocr_par' dir='ltr' id='par_1_100' title="bbox 3414 4119 3673 4195">
     <span class='ocr_line' id='line_1_102' title="bbox 3414 4119 3673 4195; baseline 0 -20"><span class='ocrx_word' id='word_1_599' title='bbox 3414 4119 3673 4195; x_wconf 71' lang='lat' dir='ltr'><strong><em>[morrhaz</em></strong></span> 
     </span>
    </p>
   </div>
   <div class='ocr_carea' id='block_1_101' title="bbox 2296 4214 3458 4289">
    <p class='ocr_par' dir='ltr' id='par_1_101' title="bbox 2296 4214 3458 4289">
     <span class='ocr_line' id='line_1_103' title="bbox 2296 4214 3458 4289; baseline -0.003 -18"><span class='ocrx_word' id='word_1_600' title='bbox 2296 4215 2513 4271; x_wconf 75' lang='lat' dir='ltr'><strong><em>Excitus</em></strong></span> <span class='ocrx_word' id='word_1_601' title='bbox 2542 4217 2695 4285; x_wconf 88' lang='lat' dir='ltr'><strong><em>veni,</em></strong></span> <span class='ocrx_word' id='word_1_602' title='bbox 2734 4231 3011 4289; x_wconf 90' lang='lat' dir='ltr'><strong><em>verumque</em></strong></span> <span class='ocrx_word' id='word_1_603' title='bbox 3045 4214 3269 4271; x_wconf 88' lang='lat' dir='ltr'><strong><em>invisere</em></strong></span> <span class='ocrx_word' id='word_1_604' title='bbox 3311 4229 3458 4269; x_wconf 89' lang='lat' dir='ltr'><strong><em>curo.</em></strong></span> 
     </span>
    </p>
   </div>
   <div class='ocr_carea' id='block_1_102' title="bbox 2300 4304 3754 4380">
    <p class='ocr_par' dir='ltr' id='par_1_102' title="bbox 2300 4304 3754 4380">
     <span class='ocr_line' id='line_1_104' title="bbox 2300 4304 3754 4380; baseline -0.005 -15"><span class='ocrx_word' id='word_1_605' title='bbox 2300 4308 2372 4365; x_wconf 89' lang='lat' dir='ltr'><strong><em>Ut</em></strong></span> <span class='ocrx_word' id='word_1_606' title='bbox 2399 4306 2541 4380; x_wconf 90' lang='lat' dir='ltr'><strong><em>quod</em></strong></span> <span class='ocrx_word' id='word_1_607' title='bbox 2566 4308 2719 4363; x_wconf 91' lang='lat' dir='ltr'><strong><em>turba</em></strong></span> <span class='ocrx_word' id='word_1_608' title='bbox 2744 4323 2933 4364; x_wconf 87' lang='lat' dir='ltr'><strong><em>nocens</em></strong></span> <span class='ocrx_word' id='word_1_609' title='bbox 2964 4350 2980 4377; x_wconf 91' lang='lat'><strong><em>,</em></strong></span> <span class='ocrx_word' id='word_1_610' title='bbox 3024 4307 3163 4379; x_wconf 87' lang='lat' dir='ltr'><strong><em>quod</em></strong></span> <span class='ocrx_word' id='word_1_611' title='bbox 3212 4323 3313 4363; x_wconf 78' lang='lat' dir='ltr'><strong><em>voa:</em></strong></span> <span class='ocrx_word' id='word_1_612' title='bbox 3360 4305 3617 4362; x_wconf 87' lang='lat' dir='ltr'><strong><em>horrenda</em></strong></span> <span class='ocrx_word' id='word_1_613' title='bbox 3665 4304 3754 4359; x_wconf 77' lang='lat' dir='ltr'><strong><em>la-</em></strong></span> 
     </span>
    </p>
   </div>
   <div class='ocr_carea' id='block_1_103' title="bbox 3472 4399 3670 4473">
    <p class='ocr_par' dir='ltr' id='par_1_103' title="bbox 3472 4399 3670 4473">
     <span class='ocr_line' id='line_1_105' title="bbox 3472 4399 3670 4473; baseline -0.005 -19"><span class='ocrx_word' id='word_1_614' title='bbox 3472 4399 3641 4473; x_wconf 89' lang='lat' dir='ltr'><strong><em>[borat</em></strong></span> <span class='ocrx_word' id='word_1_615' title='bbox 3654 4439 3670 4465; x_wconf 89' lang='lat'><strong><em>,</em></strong></span> 
     </span>
    </p>
   </div>
   <div class='ocr_carea' id='block_1_104' title="bbox 2298 4494 3654 4573">
    <p class='ocr_par' dir='ltr' id='par_1_104' title="bbox 2298 4494 3654 4573">
     <span class='ocr_line' id='line_1_106' title="bbox 2298 4494 3654 4573; baseline -0.007 -19"><span class='ocrx_word' id='word_1_616' title='bbox 2298 4498 2507 4573; x_wconf 87' lang='lat' dir='ltr'><strong><em>Oppida</em></strong></span> <span class='ocrx_word' id='word_1_617' title='bbox 2532 4497 2655 4552; x_wconf 90' lang='lat' dir='ltr'><strong><em>bina</em></strong></span> <span class='ocrx_word' id='word_1_618' title='bbox 2681 4496 2841 4552; x_wconf 89' lang='lat' dir='ltr'><strong><em>simul</em></strong></span> <span class='ocrx_word' id='word_1_619' title='bbox 2864 4494 3055 4551; x_wconf 58' lang='lat' dir='ltr'><strong><em>caelesti</em></strong></span> <span class='ocrx_word' id='word_1_620' title='bbox 3079 4511 3146 4552; x_wconf 77' lang='lat' dir='ltr'><strong><em>ea:</em></strong></span> <span class='ocrx_word' id='word_1_621' title='bbox 3170 4495 3388 4567; x_wconf 86' lang='lat' dir='ltr'><strong><em>fulmine</em></strong></span> <span class='ocrx_word' id='word_1_622' title='bbox 3417 4496 3654 4565; x_wconf 86' lang='lat' dir='ltr'><strong><em>ﬂagrent.</em></strong></span> 
     </span>
    </p>
   </div>
   <div class='ocr_carea' id='block_1_105' title="bbox 2300 4585 3670 4661">
    <p class='ocr_par' dir='ltr' id='par_1_105' title="bbox 2300 4585 3670 4661">
     <span class='ocr_line' id='line_1_107' title="bbox 2300 4585 3670 4661; baseline -0.006 -16"><span class='ocrx_word' id='word_1_623' title='bbox 2300 4588 2405 4645; x_wconf 86' lang='lat' dir='ltr'><strong><em>Hie</em></strong></span> <span class='ocrx_word' id='word_1_624' title='bbox 2436 4592 2673 4660; x_wconf 89' lang='lat' dir='ltr'><strong><em>trepidus</em></strong></span> <span class='ocrx_word' id='word_1_625' title='bbox 2704 4599 2842 4645; x_wconf 90' lang='lat' dir='ltr'><strong><em>vates</em></strong></span> <span class='ocrx_word' id='word_1_626' title='bbox 2884 4586 3081 4661; x_wconf 91' lang='lat' dir='ltr'><strong><em>famulo</em></strong></span> <span class='ocrx_word' id='word_1_627' title='bbox 3125 4602 3361 4643; x_wconf 89' lang='lat' dir='ltr'><strong><em>sermone</em></strong></span> <span class='ocrx_word' id='word_1_628' title='bbox 3398 4585 3670 4659; x_wconf 88' lang='lat' dir='ltr'><strong><em>poposcit,</em></strong></span> 
     </span>
    </p>
   </div>
   <div class='ocr_carea' id='block_1_106' title="bbox 2153 4680 3636 4758">
    <p class='ocr_par' dir='ltr' id='par_1_106' title="bbox 2153 4680 3636 4758">
     <span class='ocr_line' id='line_1_108' title="bbox 2153 4680 3636 4758; baseline -0.005 -16"><span class='ocrx_word' id='word_1_629' title='bbox 2153 4685 2261 4743; x_wconf 90' lang='lat'><strong>575</strong></span> <span class='ocrx_word' id='word_1_630' title='bbox 2302 4684 2482 4741; x_wconf 72' lang='lat' dir='ltr'><strong><em>Noxia</em></strong></span> <span class='ocrx_word' id='word_1_631' title='bbox 2499 4686 2589 4758; x_wconf 88' lang='lat' dir='ltr'><strong><em>qui</em></strong></span> <span class='ocrx_word' id='word_1_632' title='bbox 2607 4701 2853 4740; x_wconf 87' lang='lat' dir='ltr'><strong><em>numerus</em></strong></span> <span class='ocrx_word' id='word_1_633' title='bbox 2876 4693 3173 4738; x_wconf 89' lang='lat' dir='ltr'><strong><em>sanctorum</em></strong></span> <span class='ocrx_word' id='word_1_634' title='bbox 3198 4682 3387 4737; x_wconf 73' lang='lat' dir='ltr'><strong><em>moenia</em></strong></span> <span class='ocrx_word' id='word_1_635' title='bbox 3427 4680 3636 4735; x_wconf 77' lang='lat' dir='ltr'><strong><em>servet?</em></strong></span> 
     </span>
    </p>
   </div>
   <div class='ocr_carea' id='block_1_107' title="bbox 2296 4773 3669 4849">
    <p class='ocr_par' dir='ltr' id='par_1_107' title="bbox 2296 4773 3669 4849">
     <span class='ocr_line' id='line_1_109' title="bbox 2296 4773 3669 4849; baseline -0.005 -16"><span class='ocrx_word' id='word_1_636' title='bbox 2296 4778 2583 4849; x_wconf 80' lang='lat' dir='ltr'><strong><em>Quinquies</em></strong></span> <span class='ocrx_word' id='word_1_637' title='bbox 2613 4793 2677 4832; x_wconf 80' lang='lat' dir='ltr'><strong><em>ea:</em></strong></span> <span class='ocrx_word' id='word_1_638' title='bbox 2704 4778 2851 4831; x_wconf 86' lang='lat' dir='ltr'><strong><em>denis</em></strong></span> <span class='ocrx_word' id='word_1_639' title='bbox 2874 4779 3081 4847; x_wconf 88' lang='lat' dir='ltr'><strong><em>capiens</em></strong></span> <span class='ocrx_word' id='word_1_640' title='bbox 3105 4773 3391 4845; x_wconf 85' lang='lat' dir='ltr'><strong><em>primordia</em></strong></span> <span class='ocrx_word' id='word_1_641' title='bbox 3414 4784 3631 4828; x_wconf 69' lang='lat' dir='ltr'><strong><em>summie</em></strong></span> <span class='ocrx_word' id='word_1_642' title='bbox 3652 4811 3669 4837; x_wconf 88' lang='lat'><strong><em>,</em></strong></span> 
     </span>
    </p>
   </div>
   <div class='ocr_carea' id='block_1_108' title="bbox 2291 4872 3549 4945">
    <p class='ocr_par' dir='ltr' id='par_1_108' title="bbox 2291 4872 3549 4945">
     <span class='ocr_line' id='line_1_110' title="bbox 2291 4872 3549 4945; baseline -0.002 -17"><span class='ocrx_word' id='word_1_643' title='bbox 2291 4873 2366 4928; x_wconf 84' lang='lat' dir='ltr'><strong><em>Ab</em></strong></span> <span class='ocrx_word' id='word_1_644' title='bbox 2384 4872 2466 4929; x_wconf 92' lang='lat' dir='ltr'><strong><em>his</em></strong></span> <span class='ocrx_word' id='word_1_645' title='bbox 2495 4874 2717 4944; x_wconf 87' lang='lat' dir='ltr'><strong><em>quinque</em></strong></span> <span class='ocrx_word' id='word_1_646' title='bbox 2736 4872 2859 4928; x_wconf 84' lang='lat' dir='ltr'><strong><em>viris</em></strong></span> <span class='ocrx_word' id='word_1_647' title='bbox 2886 4873 3147 4943; x_wconf 87' lang='lat' dir='ltr'><strong><em>cognoscit</em></strong></span> <span class='ocrx_word' id='word_1_648' title='bbox 3160 4872 3392 4945; x_wconf 83' lang='lat' dir='ltr'><strong><em>tegmine</em></strong></span> <span class='ocrx_word' id='word_1_649' title='bbox 3420 4873 3549 4944; x_wconf 91' lang='lat' dir='ltr'><strong><em>forti</em></strong></span> 
     </span>
    </p>
   </div>
   <div class='ocr_carea' id='block_1_109' title="bbox 2222 5083 3748 5148">
    <p class='ocr_par' dir='ltr' id='par_1_109' title="bbox 2222 5083 3748 5148">
     <span class='ocr_line' id='line_1_111' title="bbox 2222 5083 3748 5148; baseline 0.002 -6"><span class='ocrx_word' id='word_1_650' title='bbox 2222 5084 2349 5142; x_wconf 81' lang='grc'><strong>545.</strong></span> <span class='ocrx_word' id='word_1_651' title='bbox 2393 5083 2657 5148; x_wconf 86' lang='lat' dir='ltr'><strong><em>Puerum,</em></strong></span> <span class='ocrx_word' id='word_1_652' title='bbox 2709 5085 2929 5142; x_wconf 84' lang='lat' dir='ltr'><strong><em>scilicet</em></strong></span> <span class='ocrx_word' id='word_1_653' title='bbox 2960 5101 3204 5144; x_wconf 82' lang='lat' dir='ltr'><strong><em>servum.</em></strong></span> <span class='ocrx_word' id='word_1_654' title='bbox 3257 5086 3352 5145; x_wconf 87' lang='lat' dir='ltr'><strong><em>Sic</em></strong></span> <span class='ocrx_word' id='word_1_655' title='bbox 3378 5087 3528 5145; x_wconf 87' lang='lat' dir='ltr'><strong><em>enim</em></strong></span> <span class='ocrx_word' id='word_1_656' title='bbox 3552 5101 3614 5145; x_wconf 89' lang='lat' dir='ltr'><strong><em>se</em></strong></span> <span class='ocrx_word' id='word_1_657' title='bbox 3644 5102 3748 5145; x_wconf 77' lang='lat' dir='ltr'><strong><em>vo—</em></strong></span> 
     </span>
    </p>
   </div>
   <div class='ocr_carea' id='block_1_110' title="bbox 2149 5157 3074 5213">
    <p class='ocr_par' dir='ltr' id='par_1_110' title="bbox 2149 5157 3074 5213">
     <span class='ocr_line' id='line_1_112' title="bbox 2149 5157 3074 5213; baseline 0 0"><span class='ocrx_word' id='word_1_658' title='bbox 2149 5167 2240 5213; x_wconf 85' lang='lat' dir='ltr'><strong><em>cat</em></strong></span> <span class='ocrx_word' id='word_1_659' title='bbox 2274 5158 2549 5212; x_wconf 74' lang='lat' dir='ltr'><strong><em>Abrahzim</em></strong></span> <span class='ocrx_word' id='word_1_660' title='bbox 2596 5173 2801 5212; x_wconf 86' lang='lat' dir='ltr'><strong><em>servum</em></strong></span> <span class='ocrx_word' id='word_1_661' title='bbox 2833 5157 3074 5213; x_wconf 88' lang='lat' dir='ltr'><strong><em>Domini.</em></strong></span> 
     </span>
    </p>
   </div>
   <div class='ocr_carea' id='block_1_111' title="bbox 2222 5228 3003 5313">
    <p class='ocr_par' dir='ltr' id='par_1_111' title="bbox 2222 5228 3003 5313">
     <span class='ocr_line' id='line_1_113' title="bbox 2222 5228 3003 5313; baseline 0.003 -31"><span class='ocrx_word' id='word_1_662' title='bbox 2390 5229 2638 5313; x_wconf 54' lang='lat' dir='ltr'><strong><em>Emend?</em></strong></span> <span class='ocrx_word' id='word_1_663' title='bbox 2663 5228 2794 5313; x_wconf 71' lang='lat' dir='ltr'><strong><em>Ipsa</em></strong></span> <span class='ocrx_word' id='word_1_664' title='bbox 2823 5231 3003 5284; x_wconf 84' lang='lat' dir='ltr'><strong><em>etiam.</em></strong></span> 
     </span>
    </p>
   </div>
   <div class='ocr_carea' id='block_1_112' title="bbox 2222 5299 3456 5374">
    <p class='ocr_par' dir='ltr' id='par_1_112' title="bbox 2222 5299 3456 5374">
     <span class='ocr_line' id='line_1_114' title="bbox 2222 5299 3456 5374; baseline 0.002 -19"><span class='ocrx_word' id='word_1_665' title='bbox 2222 5299 2348 5374; x_wconf 58' lang='lat'><strong>55$.</strong></span> <span class='ocrx_word' id='word_1_666' title='bbox 2388 5299 2585 5374; x_wconf 54' lang='lat' dir='ltr'><strong><em>Fort,</em></strong></span> <span class='ocrx_word' id='word_1_667' title='bbox 2604 5299 2749 5372; x_wconf 86' lang='lat' dir='ltr'><strong><em>facili</em></strong></span> <span class='ocrx_word' id='word_1_668' title='bbox 2775 5317 3081 5357; x_wconf 86' lang='lat' dir='ltr'><strong><em>concussam</em></strong></span> <span class='ocrx_word' id='word_1_669' title='bbox 3105 5319 3161 5358; x_wconf 88' lang='lat' dir='ltr'><strong><em>se</em></strong></span> <span class='ocrx_word' id='word_1_670' title='bbox 3182 5303 3295 5374; x_wconf 88' lang='lat' dir='ltr'><strong><em>fore</em></strong></span> <span class='ocrx_word' id='word_1_671' title='bbox 3318 5304 3456 5359; x_wconf 84' lang='lat' dir='ltr'><strong><em>risu.</em></strong></span> 
     </span>
    </p>
   </div>
   <div class='ocr_carea' id='block_1_113' title="bbox 2218 5371 3748 5446">
    <p class='ocr_par' dir='ltr' id='par_1_113' title="bbox 2218 5371 3748 5446">
     <span class='ocr_line' id='line_1_115' title="bbox 2218 5371 3748 5446; baseline 0.002 -18"><span class='ocrx_word' id='word_1_672' title='bbox 2218 5371 2346 5428; x_wconf 89' lang='lat'><strong>577.</strong></span> <span class='ocrx_word' id='word_1_673' title='bbox 2388 5371 2446 5446; x_wconf 73' lang='lat' dir='ltr'><strong><em>In</em></strong></span> <span class='ocrx_word' id='word_1_674' title='bbox 2475 5371 2750 5446; x_wconf 72' lang='lat' dir='ltr'><strong><em>Scriptura</em></strong></span> <span class='ocrx_word' id='word_1_675' title='bbox 2771 5412 2796 5446; x_wconf 87' lang='lat'><strong><em>_,</em></strong></span> <span class='ocrx_word' id='word_1_676' title='bbox 2827 5384 2881 5428; x_wconf 90' lang='lat' dir='ltr'><strong><em>et</em></strong></span> <span class='ocrx_word' id='word_1_677' title='bbox 2908 5377 3051 5440; x_wconf 81' lang='lat' dir='ltr'><strong><em>apud</em></strong></span> <span class='ocrx_word' id='word_1_678' title='bbox 3081 5371 3475 5446; x_wconf 65' lang='lat' dir='ltr'><strong><em>Augustinum,</em></strong></span> <span class='ocrx_word' id='word_1_679' title='bbox 3494 5374 3748 5446; x_wconf 84' lang='lat' dir='ltr'><strong><em>aliosque</em></strong></span> 
     </span>
    </p>
   </div>
   <div class='ocr_carea' id='block_1_114' title="bbox 521 5442 3748 5528">
    <p class='ocr_par' dir='ltr' id='par_1_114' title="bbox 521 5442 3748 5528">
     <span class='ocr_line' id='line_1_116' title="bbox 521 5442 3748 5528; baseline -0 -26"><span class='ocrx_word' id='word_1_680' title='bbox 521 5444 644 5502; x_wconf 78' lang='lat'><strong>550.</strong></span> <span class='ocrx_word' id='word_1_681' title='bbox 686 5444 746 5500; x_wconf 89' lang='lat' dir='ltr'><strong><em>In</em></strong></span> <span class='ocrx_word' id='word_1_682' title='bbox 797 5442 1019 5528; x_wconf 35' lang='grc' dir='ltr'><strong><em>νυιιεάρ</em></strong></span> <span class='ocrx_word' id='word_1_683' title='bbox 1064 5442 1608 5528; x_wconf 55' lang='lat' dir='ltr'><strong><em>editionenlcgimus,</em></strong></span> <span class='ocrx_word' id='word_1_684' title='bbox 1645 5443 2045 5528; x_wconf 58' lang='lat' dir='ltr'><strong><em>Samius-orem</em></strong></span> <span class='ocrx_word' id='word_1_685' title='bbox 2144 5451 2363 5528; x_wconf 65' lang='lat' dir='ltr'><strong><em>sanctos</em></strong></span> <span class='ocrx_word' id='word_1_686' title='bbox 2407 5443 2603 5526; x_wconf 76' lang='lat' dir='ltr'><strong><em>Patres</em></strong></span> <span class='ocrx_word' id='word_1_687' title='bbox 2634 5443 3023 5528; x_wconf 65' lang='lat' dir='ltr'><strong><em>indulgentiam</em></strong></span> <span class='ocrx_word' id='word_1_688' title='bbox 3052 5442 3393 5528; x_wconf 59' lang='lat' dir='ltr'><strong><em>toti&#39;civitati</em></strong></span> <span class='ocrx_word' id='word_1_689' title='bbox 3425 5446 3583 5528; x_wconf 44' lang='lat' dir='ltr'><strong><em>.Deus</em></strong></span> <span class='ocrx_word' id='word_1_690' title='bbox 3614 5442 3748 5515; x_wconf 74' lang='lat' dir='ltr'><strong><em>pro-</em></strong></span> 
     </span>
    </p>
   </div>
   <div class='ocr_carea' id='block_1_115' title="bbox 444 5513 2041 5580">
    <p class='ocr_par' dir='ltr' id='par_1_115' title="bbox 444 5513 2041 5580">
     <span class='ocr_line' id='line_1_117' title="bbox 444 5513 2041 5580; baseline 0.001 -10"><span class='ocrx_word' id='word_1_691' title='bbox 444 5525 590 5570; x_wconf 89' lang='lat' dir='ltr'><strong><em>tuam</em></strong></span> <span class='ocrx_word' id='word_1_692' title='bbox 613 5531 718 5570; x_wconf 90' lang='lat' dir='ltr'><strong><em>non</em></strong></span> <span class='ocrx_word' id='word_1_693' title='bbox 740 5513 945 5571; x_wconf 84' lang='lat' dir='ltr'><strong><em>vocabis</em></strong></span> <span class='ocrx_word' id='word_1_694' title='bbox 972 5515 1156 5580; x_wconf 87' lang='lat' dir='ltr'><strong><em>Sarai,</em></strong></span> <span class='ocrx_word' id='word_1_695' title='bbox 1184 5514 1277 5568; x_wconf 87' lang='lat' dir='ltr'><strong><em>sed</em></strong></span> <span class='ocrx_word' id='word_1_696' title='bbox 1310 5513 1501 5570; x_wconf 79' lang='lat' dir='ltr'><strong><em>Suram</em></strong></span> <span class='ocrx_word' id='word_1_697' title='bbox 1528 5531 1547 5569; x_wconf 92' lang='lat'><strong><em>:</em></strong></span> <span class='ocrx_word' id='word_1_698' title='bbox 1579 5516 1676 5569; x_wconf 85' lang='lat' dir='ltr'><strong><em>sed</em></strong></span> <span class='ocrx_word' id='word_1_699' title='bbox 1708 5516 1759 5569; x_wconf 92' lang='lat' dir='ltr'><strong><em>in</em></strong></span> <span class='ocrx_word' id='word_1_700' title='bbox 1785 5517 2041 5571; x_wconf 80' lang='lat' dir='ltr'><strong><em>versione</em></strong></span> 
     </span>
    </p>
   </div>
   <div class='ocr_carea' id='block_1_116' title="bbox 449 5584 2038 5658">
    <p class='ocr_par' dir='ltr' id='par_1_116' title="bbox 449 5584 2038 5658">
     <span class='ocr_line' id='line_1_118' title="bbox 449 5584 2038 5658; baseline 0.001 -19"><span class='ocrx_word' id='word_1_701' title='bbox 449 5584 638 5658; x_wconf 77' lang='lat' dir='ltr'><strong><em>Italica</em></strong></span> <span class='ocrx_word' id='word_1_702' title='bbox 666 5602 929 5658; x_wconf 80' lang='lat' dir='ltr'><strong><em>nusquam</em></strong></span> <span class='ocrx_word' id='word_1_703' title='bbox 963 5587 1271 5658; x_wconf 86' lang='lat' dir='ltr'><strong><em>reperimus</em></strong></span> <span class='ocrx_word' id='word_1_704' title='bbox 1303 5585 1485 5658; x_wconf 79' lang='lat' dir='ltr'><strong><em>Sarni.</em></strong></span> <span class='ocrx_word' id='word_1_705' title='bbox 1533 5585 1640 5643; x_wconf 76' lang='lat' dir='ltr'><strong><em>Sed</em></strong></span> <span class='ocrx_word' id='word_1_706' title='bbox 1677 5601 1859 5655; x_wconf 79' lang='lat' dir='ltr'><strong><em>neque</em></strong></span> <span class='ocrx_word' id='word_1_707' title='bbox 1894 5586 2038 5649; x_wconf 73' lang='lat' dir='ltr'><strong><em>apud</em></strong></span> 
     </span>
    </p>
   </div>
   <div class='ocr_carea' id='block_1_117' title="bbox 448 5655 2041 5729">
    <p class='ocr_par' dir='ltr' id='par_1_117' title="bbox 448 5655 2041 5729">
     <span class='ocr_line' id='line_1_119' title="bbox 448 5655 2041 5729; baseline 0.001 -18"><span class='ocrx_word' id='word_1_708' title='bbox 448 5655 834 5729; x_wconf 49' lang='lat' dir='ltr'><strong><em>hugustinun&#39;i,</em></strong></span> <span class='ocrx_word' id='word_1_709' title='bbox 881 5666 940 5713; x_wconf 85' lang='lat' dir='ltr'><strong><em>et</em></strong></span> <span class='ocrx_word' id='word_1_710' title='bbox 980 5655 1049 5714; x_wconf 79' lang='lat' dir='ltr'><strong><em>eo</em></strong></span> <span class='ocrx_word' id='word_1_711' title='bbox 1072 5658 1419 5729; x_wconf 76' lang='lat' dir='ltr'><strong><em>antiquiores</em></strong></span> <span class='ocrx_word' id='word_1_712' title='bbox 1460 5657 1682 5729; x_wconf 81' lang='lat' dir='ltr'><strong><em>Patres.</em></strong></span> <span class='ocrx_word' id='word_1_713' title='bbox 1715 5658 1810 5714; x_wconf 85' lang='lat' dir='ltr'><strong><em>sed</em></strong></span> <span class='ocrx_word' id='word_1_714' title='bbox 1840 5658 2041 5715; x_wconf 92' lang='lat' dir='ltr'><strong><em>Sarra:</em></strong></span> 
     </span>
    </p>
   </div>
   <div class='ocr_carea' id='block_1_118' title="bbox 445 5725 2041 5857">
    <p class='ocr_par' dir='ltr' id='par_1_118' title="bbox 445 5725 2041 5857">
     <span class='ocr_line' id='line_1_120' title="bbox 445 5725 2041 5857; baseline 0 -73"><span class='ocrx_word' id='word_1_715' title='bbox 445 5725 710 5797; x_wconf 78' lang='lat' dir='ltr'><strong><em>deinceps</em></strong></span> <span class='ocrx_word' id='word_1_716' title='bbox 737 5741 868 5783; x_wconf 87' lang='lat' dir='ltr'><strong><em>vero</em></strong></span> <span class='ocrx_word' id='word_1_717' title='bbox 906 5743 1018 5784; x_wconf 87' lang='lat' dir='ltr'><strong><em>non</em></strong></span> <span class='ocrx_word' id='word_1_718' title='bbox 1055 5725 1228 5799; x_wconf 70' lang='lat' dir='ltr'><strong><em>Sara,</em></strong></span> <span class='ocrx_word' id='word_1_719' title='bbox 1257 5731 1357 5787; x_wconf 80' lang='lat' dir='ltr'><strong><em>sed</em></strong></span> <span class='ocrx_word' id='word_1_720' title='bbox 1383 5743 1510 5786; x_wconf 87' lang='lat' dir='ltr'><strong><em>cum</em></strong></span> <span class='ocrx_word' id='word_1_721' title='bbox 1547 5728 1770 5857; x_wconf 49' lang='grc' dir='ltr'><strong><em>ἀυρὲΪὶ</em></strong></span> <span class='ocrx_word' id='word_1_722' title='bbox 1789 5747 1846 5784; x_wconf 91' lang='lat' dir='ltr'><strong><em>rr</em></strong></span> <span class='ocrx_word' id='word_1_723' title='bbox 1871 5729 2041 5787; x_wconf 87' lang='lat' dir='ltr'><strong><em>Sarra</em></strong></span> 
     </span>
     <span class='ocr_line' id='line_1_121' title="bbox 1772 5816 1829 5857; baseline 0 0"><span class='ocrx_word' id='word_1_724' title='bbox 1772 5816 1829 5857; x_wconf 83' lang='grc' dir='ltr'><strong>τ.</strong></span> 
     </span>
    </p>
   </div>
   <div class='ocr_carea' id='block_1_119' title="bbox 1772 5816 1829 5859">
    <p class='ocr_par' dir='ltr' id='par_1_119' title="bbox 1772 5816 1829 5859">
     <span class='ocr_line' id='line_1_122' title="bbox 1772 5816 1829 5859; baseline 0.035 -2"><span class='ocrx_word' id='word_1_725' title='bbox 1772 5816 1829 5859; x_wconf 74' lang='grc' dir='ltr'><strong><em>τι</em></strong></span> 
     </span>
    </p>
   </div>
   <div class='ocr_carea' id='block_1_120' title="bbox 2149 5514 3749 5589">
    <p class='ocr_par' dir='ltr' id='par_1_120' title="bbox 2149 5514 3749 5589">
     <span class='ocr_line' id='line_1_123' title="bbox 2149 5514 3749 5589; baseline 0.004 -22"><span class='ocrx_word' id='word_1_726' title='bbox 2149 5515 2353 5589; x_wconf 62' lang='lat' dir='ltr'><strong><em>mittit,</em></strong></span> <span class='ocrx_word' id='word_1_727' title='bbox 2382 5516 2426 5568; x_wconf 89' lang='lat' dir='ltr'><strong><em>si</em></strong></span> <span class='ocrx_word' id='word_1_728' title='bbox 2472 5516 2526 5589; x_wconf 84' lang='lat' dir='ltr'><strong><em>in</em></strong></span> <span class='ocrx_word' id='word_1_729' title='bbox 2559 5530 2630 5589; x_wconf 81' lang='lat' dir='ltr'><strong><em>ea</em></strong></span> <span class='ocrx_word' id='word_1_730' title='bbox 2659 5514 2846 5571; x_wconf 84' lang='lat' dir='ltr'><strong><em>decem</em></strong></span> <span class='ocrx_word' id='word_1_731' title='bbox 2894 5518 3268 5586; x_wconf 86' lang='lat' dir='ltr'><strong><em>reperirentur</em></strong></span> <span class='ocrx_word' id='word_1_732' title='bbox 3307 5518 3474 5589; x_wconf 84' lang='lat' dir='ltr'><strong><em>justi:</em></strong></span> <span class='ocrx_word' id='word_1_733' title='bbox 3509 5531 3565 5572; x_wconf 79' lang='lat' dir='ltr'><strong><em>at</em></strong></span> <span class='ocrx_word' id='word_1_734' title='bbox 3611 5514 3749 5574; x_wconf 58' lang='lat' dir='ltr'><strong><em>Vero</em></strong></span> 
     </span>
    </p>
   </div>
   <div class='ocr_carea' id='block_1_121' title="bbox 2149 5586 3750 5661">
    <p class='ocr_par' dir='ltr' id='par_1_121' title="bbox 2149 5586 3750 5661">
     <span class='ocr_line' id='line_1_124' title="bbox 2149 5586 3750 5661; baseline 0.002 -18"><span class='ocrx_word' id='word_1_735' title='bbox 2149 5586 2429 5643; x_wconf 65' lang='lat' dir='ltr'><strong><em>Iuvencus</em></strong></span> <span class='ocrx_word' id='word_1_736' title='bbox 2467 5586 2691 5661; x_wconf 31' lang='lat' dir='ltr'><strong><em>hic‘ait,</em></strong></span> <span class='ocrx_word' id='word_1_737' title='bbox 2717 5603 2747 5641; x_wconf 90' lang='lat' dir='ltr'><strong><em>a</em></strong></span> <span class='ocrx_word' id='word_1_738' title='bbox 2776 5589 3003 5661; x_wconf 84' lang='lat' dir='ltr'><strong><em>quinque</em></strong></span> <span class='ocrx_word' id='word_1_739' title='bbox 3041 5586 3323 5661; x_wconf 71' lang='lat' dir='ltr'><strong><em>dumtaxat</em></strong></span> <span class='ocrx_word' id='word_1_740' title='bbox 3349 5590 3473 5645; x_wconf 86' lang='lat' dir='ltr'><strong><em>viris</em></strong></span> <span class='ocrx_word' id='word_1_741' title='bbox 3501 5591 3750 5661; x_wconf 83' lang='lat' dir='ltr'><strong><em>potuisse</em></strong></span> 
     </span>
    </p>
   </div>
   <div class='ocr_carea' id='block_1_122' title="bbox 2150 5658 3748 5730">
    <p class='ocr_par' dir='ltr' id='par_1_122' title="bbox 2150 5658 3748 5730">
     <span class='ocr_line' id='line_1_125' title="bbox 2150 5658 3748 5730; baseline 0.002 -16"><span class='ocrx_word' id='word_1_742' title='bbox 2150 5672 2472 5730; x_wconf 66' lang='lat' dir='ltr'><strong><em>oppressum</em></strong></span> <span class='ocrx_word' id='word_1_743' title='bbox 2523 5658 2673 5730; x_wconf 77' lang='lat' dir='ltr'><strong><em>vitiis</em></strong></span> <span class='ocrx_word' id='word_1_744' title='bbox 2714 5658 2972 5730; x_wconf 77' lang='lat' dir='ltr'><strong><em>pupulum</em></strong></span> <span class='ocrx_word' id='word_1_745' title='bbox 3025 5659 3202 5716; x_wconf 78' lang='lat' dir='ltr'><strong><em>vitare</em></strong></span> <span class='ocrx_word' id='word_1_746' title='bbox 3254 5658 3514 5719; x_wconf 44' lang='lat' dir='ltr'><strong><em>ruinam!</em></strong></span> <span class='ocrx_word' id='word_1_747' title='bbox 3545 5661 3629 5717; x_wconf 84' lang='lat' dir='ltr'><strong><em>An</em></strong></span> <span class='ocrx_word' id='word_1_748' title='bbox 3673 5661 3748 5717; x_wconf 81' lang='lat' dir='ltr'><strong><em>ita</em></strong></span> 
     </span>
    </p>
   </div>
   <div class='ocr_carea' id='block_1_123' title="bbox 2150 5728 3751 5805">
    <p class='ocr_par' dir='ltr' id='par_1_123' title="bbox 2150 5728 3751 5805">
     <span class='ocr_line' id='line_1_126' title="bbox 2150 5728 3751 5805; baseline 0.002 -19"><span class='ocrx_word' id='word_1_749' title='bbox 2150 5728 2445 5805; x_wconf 61' lang='lat' dir='ltr'><strong><em>aliguibus</em></strong></span> <span class='ocrx_word' id='word_1_750' title='bbox 2463 5730 2517 5785; x_wconf 91' lang='lat' dir='ltr'><strong><em>in</em></strong></span> <span class='ocrx_word' id='word_1_751' title='bbox 2552 5728 2854 5805; x_wconf 60' lang='lat' dir='ltr'><strong><em>Scriptura:</em></strong></span> <span class='ocrx_word' id='word_1_752' title='bbox 2883 5730 3161 5805; x_wconf 70' lang='lat' dir='ltr'><strong><em>cadicibus</em></strong></span> <span class='ocrx_word' id='word_1_753' title='bbox 3188 5733 3382 5805; x_wconf 77' lang='lat' dir='ltr'><strong><em>legerit</em></strong></span> <span class='ocrx_word' id='word_1_754' title='bbox 3400 5733 3621 5805; x_wconf 70' lang='lat' dir='ltr'><strong><em>lCerte</em></strong></span> <span class='ocrx_word' id='word_1_755' title='bbox 3638 5748 3751 5805; x_wconf 86' lang='lat' dir='ltr'><strong><em>nec</em></strong></span> 
     </span>
    </p>
   </div>
   <div class='ocr_carea' id='block_1_124' title="bbox 2150 5800 3752 5878">
    <p class='ocr_par' dir='ltr' id='par_1_124' title="bbox 2150 5800 3752 5878">
     <span class='ocr_line' id='line_1_127' title="bbox 2150 5800 3752 5878; baseline 0.003 -17"><span class='ocrx_word' id='word_1_756' title='bbox 2150 5800 2394 5876; x_wconf 77' lang='lat' dir='ltr'><strong><em>quinque</em></strong></span> <span class='ocrx_word' id='word_1_757' title='bbox 2433 5801 2567 5875; x_wconf 69' lang='lat' dir='ltr'><strong><em>justi</em></strong></span> <span class='ocrx_word' id='word_1_758' title='bbox 2615 5800 2888 5861; x_wconf 71' lang='lat' dir='ltr'><strong><em>Sodomis:</em></strong></span> <span class='ocrx_word' id='word_1_759' title='bbox 2916 5802 3072 5877; x_wconf 81' lang='lat' dir='ltr'><strong><em>(fort.</em></strong></span> <span class='ocrx_word' id='word_1_760' title='bbox 3121 5800 3389 5878; x_wconf 71' lang='lat' dir='ltr'><strong><em>Sodomae)</em></strong></span> <span class='ocrx_word' id='word_1_761' title='bbox 3430 5804 3752 5866; x_wconf 81' lang='lat' dir='ltr'><strong><em>incendium</em></strong></span> 
     </span>
    </p>
   </div>
  </div>
