4096 6182
277 214 375 272 361

419 330 740 403 Oppressum
764 330 903 387 vitiis
924 331 1178 404 populum
1198 332 1362 388 vitare
1396 333 1626 389 ruinam.

414 422 571 482 CAP.
597 423 745 480 XIX.
790 424 945 482 Ilicet
970 425 1042 480 ad
1066 424 1347 482 Sodomam
1377 428 1585 482 veniunt
1614 427 1741 494 duo,
1770 425 1879 481 Na-

1398 522 1526 597 [tus,
1551 533 1598 579 et
1618 524 1761 578 Alter
1786 568 1799 590 ,

277 611 383 671 580
424 610 667 683 Hespero
694 612 931 668 submitti
957 630 1074 671 cum
1120 615 1228 683 iam
1259 624 1619 689 prorumperet
1650 616 1782 687 igni.

421 702 546 759 Illic
566 721 661 776 pro
689 705 891 776 foribus
918 705 1098 763 Ladus
1128 707 1191 763 de
1216 724 1358 763 more
1387 708 1618 765 sedebat.

420 796 651 868 Cumque
675 799 813 854 viros
833 799 995 854 simili
1017 800 1293 856 lustrasset
1321 817 1537 875 corpore
1565 800 1735 857 claras
1760 840 1777 867 ,

427 889 637 946 Pronus
666 891 917 948 adoratas
945 903 1193 948 consueta
1220 892 1289 948 ad
1318 895 1504 949 limina
1524 894 1674 950 duxit
1698 935 1714 962 ,

427 985 681 1057 Optantes
710 986 882 1041 media
911 987 1086 1057 potius
1113 986 1350 1042 habitare
1378 987 1551 1061 platea
1576 1028 1591 1055 ,

283 1079 386 1138 585
422 1079 591 1153 Azym
616 1097 749 1152 quos
777 1083 920 1137 tenui
956 1083 1019 1138 de
1046 1082 1243 1155 polline
1268 1082 1497 1139 candida
1524 1083 1693 1157 pascit
1714 1100 1734 1149 ;

426 1172 715 1246 Sapitaque
744 1173 931 1229 dehinc
959 1186 1273 1248 componunt
1300 1175 1529 1231 membra
1564 1175 1742 1230 cubili.

428 1266 563 1322 Ecce
589 1271 771 1339 furens
794 1277 903 1325 tota
926 1272 1186 1341 procurrit
1212 1271 1363 1325 turba
1391 1269 1699 1326 Gomorrltte
1724 1312 1739 1337 ,

429 1359 706 1416 Seditione
729 1363 861 1416 truci
884 1363 1215 1418 circumdans
1236 1363 1372 1417 atria
1398 1362 1517 1418 Lati
1544 1407 1558 1429 ,

429 1453 594 1523 Atque
633 1453 772 1510 viros
802 1470 1020 1524 pascens
1044 1455 1241 1511 tumida
1266 1456 1492 1529 dilitigat
1521 1472 1630 1512 ore.

289 1543 393 1603 590
427 1544 530 1600 Ille
550 1561 745 1601 memor
766 1547 910 1617 pacis
938 1555 1099 1601 tentat
1130 1547 1334 1602 mollire
1360 1552 1634 1619 frementes
1659 1590 1675 1614 ,

427 1637 594 1709 Atque
624 1637 778 1692 etiam
803 1649 957 1694 natas
983 1638 1174 1711 cupide
1198 1638 1520 1694 dementibus
1544 1637 1693 1707 offert
1722 1684 1736 1708 ,

434 1727 502 1784 Ut
518 1729 658 1783 licito
678 1729 852 1802 potius
875 1729 1003 1786 luxu
1031 1747 1271 1803 perversa
1290 1732 1530 1804 voluptas

432 1820 679 1888 zEstuet,
711 1839 743 1876 a
772 1823 932 1878 simili
952 1824 1259 1899 disjungens
1282 1825 1458 1897 turpia
1481 1841 1632 1880 sexu-

433 1913 540 1971 Sed
565 1914 643 1969 nil
671 1915 815 1970 dicta
861 1927 1063 1972 movent
1091 1959 1105 1983 ,
1141 1918 1459 1991 franguntur
1487 1918 1671 1972 limina
1699 1917 1842 1990 ferro
1874 1960 1889 1984 ,

294 2016 406 2075 595
450 2015 525 2071 Ac
545 2015 673 2069 dum
719 2029 774 2069 se
814 2013 1141 2084 glomerant,
1178 2012 1303 2067 dum
1331 2014 1492 2084 fortia
1531 2013 1759 2068 claustra
1810 2028 1890 2067 re-

1555 2103 1774 2178 [vellunt
1803 2144 1818 2169 ,

436 2202 663 2256 Lumina
704 2208 850 2273 septa
878 2198 980 2254 sibi
1011 2199 1171 2269 piceis
1198 2214 1443 2272 gemuere
1471 2197 1711 2252 tenebris.

433 2296 533 2352 His
558 2297 688 2351 actis
709 2338 724 2361 ,
756 2295 966 2367 auferre
995 2294 1179 2368 procul
1201 2310 1300 2349 sua
1324 2295 1545 2367 pignora
1555 2297 1743 2367 jussus
1768 2335 1783 2360 ,

432 2390 627 2446 Invitat
650 2406 868 2464 generos
893 2406 1050 2446 sensu
1080 2397 1314 2462 torpente
1339 2399 1604 2462 negantes.

433 2485 589 2552 Quod
618 2494 787 2538 tamen
815 2483 1028 2539 assiduo
1058 2484 1229 2554 patuit
1266 2499 1411 2537 mens
1441 2481 1636 2537 blanda
1662 2497 1852 2556 rogare
1874 2527 1889 2551 ,

298 2578 401 2637 600
447 2577 643 2633 Eduxit
669 2585 820 2630 natas
842 2577 1002 2630 cltara
1030 2575 1280 2647 genitrice
1304 2582 1565 2646 sequentes
1589 2616 1604 2639 ,

438 2674 511 2729 Ac
532 2672 656 2727 dum
685 2671 1021 2744 progreditur
1047 2716 1060 2740 ,
1097 2670 1224 2725 dum
1268 2672 1474 2725 scandit
1493 2669 1720 2724 culmina
1746 2668 1895 2724 collis

438 2767 683 2840 Oppositi
708 2810 723 2836 ,
756 2782 1032 2838 secumque
1061 2774 1237 2835 putat,
1264 2765 1392 2837 quid
1419 2765 1607 2820 deinde
1631 2772 1892 2837 sequatur,

440 2859 661 2914 Femina
690 2868 805 2928 post
836 2868 1039 2929 tergum
1066 2858 1264 2928 positas
1294 2858 1417 2912 dum
1445 2858 1656 2930 respicit
1703 2873 1850 2913 arces
1875 2898 1893 2927 ι

437 2953 699 3025 Diriguit,
731 2954 1052 3025 speciemque
1078 2954 1205 3007 salis
1233 2970 1330 3024 pro
1386 2968 1602 3024 corpore
1649 2951 1893 3024 sumpsit.

288 3046 397 3107 605
436 3045 539 3101 Ille
562 3046 700 3101 subit
727 3046 876 3102 celsa:
893 3061 1107 3102 securus
1135 3053 1271 3101 tecta
1300 3044 1566 3118 Segorrte.

438 3140 568 3196 Mos:
615 3141 794 3212 fragor
850 3139 1124 3195 horrisono
1176 3138 1241 3194 de
1286 3114 1457 3194 sidere
1513 3139 1736 3210 fulmina
1788 3145 1898 3192 tar-
1921 3114 1968 3178 Ο

1604 3229 1786 3305 [quem
1803 3271 1820 3299 .

439 3327 858 3402 Sulphureusque
882 3338 1043 3384 ruunt
1092 3325 1233 3382 olido
1253 3342 1373 3382 cum
1394 3326 1598 3381 turbine
1626 3327 1852 3396 flamma:
1880 3366 1897 3394 ,

443 3423 574 3492 Qua:
604 3424 800 3495 pariter
837 3439 1044 3492 muros,
1088 3430 1241 3494 atque
1283 3422 1452 3477 ardua
1498 3422 1727 3476 culmina
1769 3421 1901 3476 lam-

1658 3514 1827 3588 [bunt.

441 3610 693 3666 Omnibus
716 3612 773 3666 in
801 3612 1022 3667 cinerem
1055 3610 1207 3668 celeri
1229 3627 1345 3666 cum
1376 3609 1488 3665 labe
1501 3609 1720 3666 revulsis
1739 3650 1754 3676 ,

288 3702 398 3759 610
438 3701 695 3759 Cernebat
718 3704 878 3759 rutilo
906 3713 1147 3777 surgente
1168 3704 1351 3758 vertice
1370 3704 1614 3773 ﬂammas

442 3796 668 3854 Eminus
697 3798 953 3853 Abramus
971 3840 987 3867 ,
1009 3800 1227 3853 memori
1249 3815 1367 3853 cum
1393 3809 1600 3870 pectore
1628 3806 1858 3853 tractans
1883 3837 1899 3865 ,

440 3891 510 3947 In
536 3893 700 3949 verbis
732 3892 942 3949 Domini
986 3908 1269 3964 numquam
1318 3909 1374 3948 se
1420 3893 1708 3967 adjungere
1755 3909 1901 3947 men-

1663 3985 1833 4059 [dum.

441 4084 556 4140 Nec
583 4086 754 4141 minus
784 4094 831 4141 et
858 4084 1033 4140 Ladus
1085 4093 1196 4138 tuta
1221 4092 1517 4157 compostus
1544 4084 1601 4138 in
1627 4083 1752 4138 aula
1776 4122 1793 4149 ,

443 4179 693 4237 Solamen
722 4188 894 4235 tenero
923 4178 1060 4234 natis
1087 4178 1366 4250 praestabat
1397 4193 1571 4232 amare
1596 4218 1611 4242 ,

285 4275 404 4332 6l5
449 4275 582 4340 Qua:
620 4275 734 4330 sine
758 4272 1064 4346 conjugibus
1094 4272 1373 4341 nequibant
1400 4271 1546 4327 edere
1575 4270 1792 4344 prolem.

446 4365 580 4433 IIaJ,
608 4382 720 4420 cum
749 4366 1087 4438 perspicerent
1117 4364 1381 4419 sublatum
1429 4363 1677 4435 germinis
1706 4377 1860 4417 usum
1885 4402 1900 4428 ,
1984 4352 1989 4357 ’

442 4457 839 4530 Maternumque
863 4458 1049 4524 decus,
1082 4456 1195 4511 sala
1223 4456 1456 4531 genitore
1498 4455 1682 4510 relicto
1703 4496 1718 4523 ,

442 4550 778 4621 Campanum
805 4550 1019 4621 epulas,
1068 4565 1129 4602 ac
1156 4556 1400 4621 promunt
1430 4548 1548 4602 vina
1580 4546 1785 4617 parenti
1815 4587 1829 4612 ,

448 4644 670 4699 Nescius
703 4653 755 4698 ut
785 4644 994 4697 vetitum
1020 4651 1265 4696 natarum
1295 4648 1524 4695 nosceret
1549 4655 1723 4694 usum.

285 4737 402 4795 620
449 4736 566 4791 Nec
596 4754 769 4804 mora,
799 4735 1032 4807 femineis
1079 4733 1359 4788 concrescit
1386 4731 1591 4786 sarcina
1612 4730 1756 4801 fibris
1779 4771 1794 4798 ,

447 4826 521 4883 Et
544 4828 703 4900 parili
733 4828 1010 4882 ambarum
1030 4825 1215 4880 vitalia
1236 4823 1430 4878 semine
1459 4830 1687 4894 turgent.

282 5039 653 5095 vitaverunt:
685 5032 779 5088 sed
804 5043 1037 5104 quatuor
1068 5040 1276 5088 tantum
1308 5074 1323 5098 ,
1355 5029 1527 5097 Loth,
1550 5028 1670 5100 ejus
1719 5044 1856 5087 uxor
1880 5071 1896 5098 ,

285 5122 346 5169 et
372 5109 510 5165 dum
542 5105 689 5159 ﬁliae.
722 5105 904 5159 Iliun".
930 5104 1199 5160 ExiSIimo
1220 5104 1429 5174 potius,
1457 5109 1739 5158 auctorem
1771 5115 1903 5172 poe-

284 5180 470 5241 matis
497 5177 790 5245 scripsisse
820 5175 864 5230 Α
900 5175 973 5230 bis
997 5176 1228 5245 quinque
1254 5175 1401 5230 viris.

362 5249 509 5308 585.
548 5245 867 5318 Legendum
895 5246 1110 5302 videtur
1143 5246 1359 5318 Azyma.

360 5321 506 5380 589.
553 5318 807 5375 Horatius
832 5318 940 5387 ait,
974 5332 1120 5374 vers.
1170 5320 1203 5374 9

284 5396 547 5463 delitigat
570 5407 683 5463 gare.

361 5454 759 5587 59§L7éuctor
781 5461 1018 5517 fortasse
1048 5460 1266 5532 scripsit
1293 5463 1431 5527 lusu,
1457 5476 1568 5518 non
1601 5462 1750 5517 luxu.
1776 5459 1915 5517 Vide

364 5554 453 5587 rs.
508 5549 525 5587 ι
571 5554 624 5587 ο.

287 5554 453 5599 vers.
497 5535 624 5589 7'75.

365 5607 515 5670 594.
561 5604 784 5675 Vulgata
813 5619 921 5659 non
966 5603 1139 5669 dicit,
1173 5602 1373 5660 fractas
1405 5603 1575 5661 fuisse
1602 5603 1753 5662 fores
1780 5648 1794 5675 ,
1823 5600 1921 5658 sed

288 5648 488 5758 p.35;
498 5648 784 5745 ὶνιὶἴξδᾶἵ
796 5648 1139 5749 ἐὴῖῐηῇὲῖὲῖιὶ
1169 5648 1920 5749 ζὶἔξὲᾎῇὲὶῖιξιὶέἔιὶὖγοῖἐεῖ

287 5757 383 5815 su
401 5766 510 5809 ιιτ.

600 5844 878 5905 ΡΑτιιοι.
925 5842 1077 5905 XIX

1289 5318 1408 5372 Art.
1448 5326 1637 5388 poet.:
1687 5314 1909 5372 Tumida

1607 210 1811 273 LIBER
1849 208 1918 274 IN
1957 209 2277 275 CENESIN.

1903 334 1955 395 A

3468 216 3578 278 362

2126 334 2309 389 Prima
2333 341 2472 390 creat
2492 348 2713 407 puerum
2738 333 2912 407 patria
2942 348 3181 391 sermone
3208 333 3484 405 Moabum,

2125 428 2303 484 Altera
2329 429 2625 500 disparibus
2648 430 2959 485 Ammanum
2980 440 3251 502 nuncupat
3270 432 3433 489 orsis.

2125 522 2231 577 IIic
2276 533 2425 593 pater
2471 524 2813 592 Ammanum,
2858 523 3063 596 genitor
3116 522 3436 582 Maabitibus
3486 526 3579 584 ille

3349 617 3466 690 [est.

1983 705 2092 765 625
2127 707 2285 765 CAP.
2327 707 2448 765 XX.
2502 707 2712 765 Interea
2757 711 2961 766 excedit
3013 711 3201 783 positis
3248 711 3313 766 de
3369 712 3577 769 sedibus

3127 840 3136 853 .
3234 802 3470 876 [Abram,

2128 890 2197 946 Et
2219 892 2469 949 Gererum
2495 895 2565 948 ad
2596 903 2761 949 terras
2786 895 2931 949 socia
2969 912 3087 949 cum
3110 896 3333 970 conjuge
3362 897 3576 953 transit.

2130 982 2233 1039 Hic
2262 984 2618 1042 Abimelechus
2641 987 2858 1057 cupiens
2886 989 3153 1042 consortia
3184 987 3364 1044 Sarra:
3385 1033 3400 1059 ,

2132 1078 2396 1153 Principis
2422 1082 2662 1147 arbitria,
2697 1098 2999 1156 germanant
3039 1100 3161 1137 nam
3191 1084 3304 1154 fore
3330 1092 3474 1140 vates

2126 1168 2345 1226 Dixerat
2376 1172 2621 1240 eximius,
2655 1173 2894 1243 fraudem
2922 1190 2986 1229 ne
3014 1175 3185 1245 forma
3207 1186 3436 1246 pararet.

1985 1263 2093 1320 650
2133 1263 2386 1339 Canjugis
2414 1265 2663 1333 innocuo,
2695 1267 2883 1323 rivales
2905 1268 3030 1323 dum
3054 1279 3196 1323 cavet
3225 1269 3354 1337 iras,

2133 1356 2246 1411 Nec
2269 1366 2440 1413 tamen
2469 1358 2655 1427 valuit,
2678 1360 2867 1415 validis
2887 1361 3168 1416 terroribus
3194 1371 3363 1430 actus,

2132 1453 2238 1520 Qui
2266 1465 2488 1511 mentem
2510 1454 2777 1524 afﬁciunt,
2805 1455 3008 1526 quaties
3025 1472 3266 1527 perversa
3289 1456 3449 1512 libido
3476 1467 3587 1513 est:

2134 1544 2278 1600 Nam
2307 1545 2450 1601 Deus
2476 1547 2709 1602 immisso
2738 1549 2888 1601 torsit
2913 1546 3099 1603 lictore
3130 1557 3432 1621 tyrannum,

2138 1638 2479 1711 Prosequitur
2502 1639 2739 1710 trepidus
2761 1650 2929 1695 vatem
2949 1643 3035 1697 via:
3056 1653 3224 1698 mente
3250 1660 3478 1700 reversa.

1918 1729 1967 1792 B
1993 1733 2100 1792 635
2136 1732 2242 1790 Cur
2271 1732 2441 1791 Sarra
2461 1735 2527 1788 sit
2550 1733 2690 1788 dicta
2717 1751 2887 1803 soror,
2914 1752 3005 1792 ceu
3035 1737 3183 1792 nulla
3222 1739 3412 1793 marita

2142 1827 2334 1883 Vincla
2384 1826 2546 1902 ligent
2591 1837 2844 1900 nuptam,
2891 1846 3008 1885 cum
3038 1831 3104 1886 sit
3143 1835 3422 1905 conjuncta
3464 1849 3591 1904 pra-

3270 1924 3480 1998 [phetttn

2134 2018 2240 2073 Ille
2266 2019 2416 2075 docet
2447 2036 2656 2089 causas,
2681 2036 2895 2093 seseque
2923 2037 2956 2074 a
2981 2021 3194 2075 crimine
3220 2030 3442 2094 purgat,

2137 2111 2389 2168 Mentitus
2416 2113 2663 2181 nihilum,
2692 2116 2874 2185 fratris
2895 2131 3023 2170 nam
3048 2116 3280 2187 germine
3300 2122 3442 2169 creta

2137 2207 2305 2262 Sarra
2333 2208 2455 2279 fuit,
2476 2211 2668 2282 juncta
2690 2209 2939 2265 diducens
2969 2209 3110 2266 linea
3132 2226 3406 2282 sanguem.

1994 2298 2101 2356 640
2138 2298 2271 2356 Haec
2292 2300 2377 2354 ubi
2398 2302 2757 2369 constiterant,
2784 2311 2952 2357 rector
2980 2306 3069 2357 ttat
3094 2303 3237 2358 mille
3267 2301 3483 2369 talenta,
3577 2283 3586 2295 ’

2141 2392 2211 2448 Et
2234 2394 2483 2465 famulas,
2514 2395 2595 2449 his
2618 2395 2775 2449 molle
2802 2412 2981 2467 pecus,
3005 2403 3340 2467 armentaque
3360 2397 3564 2469 jungit.

2138 2488 2340 2558 Iugera
2363 2486 2487 2557 quin
2517 2488 2675 2541 etiam
2697 2485 2832 2542 latos
2863 2486 3059 2554 diffusa
3087 2504 3177 2559 per
3205 2503 3383 2558 agros,

2147 2577 2437 2633 Dummodo
2469 2580 2810 2649 promeritam
2842 2579 3069 2635 lenirent
3098 2581 3238 2634 dona
3266 2588 3485 2634 reatum.

2140 2669 2383 2740 Namque
2408 2670 2593 2726 domus
2619 2672 2756 2744 regis
2787 2671 3015 2726 admissa
3045 2671 3256 2744 piacula
3286 2671 3539 2743 pendens,

1997 2759 2105 2817 645
2148 2762 2389 2830 Quicum
2419 2762 2648 2833 terriﬁco
2677 2764 2904 2833 rupisset
2935 2764 3138 2818 somnia
3168 2765 3308 2832 visu,

2140 2856 2362 2928 Agmine
2382 2856 2681 2912 morborum
2712 2858 2908 2925 pariter
2930 2869 3202 2930 grassante
3228 2874 3320 2930 per
3346 2874 3523 2914 omnes
3542 2892 3586 2926 ,-

2139 2948 2389 3005 Germina
2416 2951 2650 3023 femineis
2670 2950 2871 3005 dudum
2900 2951 3198 3006 decusserat
3229 2951 3382 3009 alvis.

2150 3041 2347 3097 Verum
2374 3041 2461 3097 ubi
2485 3042 2737 3116 pacificus
2767 3052 2904 3098 vates
2934 3060 3029 3114 pro
3056 3060 3177 3116 rege
3203 3044 3442 3115 peposcit

2152 3133 2420 3190 Procubus
2467 3146 2591 3189 ante
2632 3131 2836 3203 Deum,
2892 3136 3174 3205 promptim
3225 3151 3281 3191 se
3331 3136 3454 3191 laeta
3505 3152 3599 3206 per

3295 3228 3495 3301 [omnes

2002 3322 2109 3380 650
2146 3322 2395 3379 Reddidit
2422 3322 2653 3389 ubertas,
2681 3323 2929 3393 alvosque
2949 3322 3183 3392 implevit
3206 3324 3429 3395 opimas.

2142 3415 2300 3472 CAP.
2337 3413 2481 3471 XXI.
2517 3414 2639 3488 Ipse
2660 3416 2814 3470 etiam
2834 3415 3053 3469 insuetis
3078 3422 3338 3485 postrema
3378 3417 3435 3470 in
3464 3423 3593 3471 tem-

3184 3505 3338 3577 [pora
3364 3509 3495 3563 vatis

2148 3597 2237 3652 Fit
2266 3608 2434 3671 pater,
2462 3608 2513 3653 et
2535 3598 2642 3652 (arti
2664 3607 2910 3668 reputans
2940 3596 3133 3652 solatia
3155 3598 3313 3662 risus,

2148 3688 2439 3760 Nuncupat
2467 3688 2737 3757 Isaacum,
2767 3688 3097 3743 mandata‘et
3125 3689 3353 3744 numinis
3372 3689 3469 3743 alti

2152 3781 2353 3854 Efﬁcit,
2387 3791 2565 3837 octavo
2592 3782 2867 3854 decerpens
2891 3780 3089 3837 lumine
3115 3791 3317 3855 tegmen

2005 3877 2114 3937 655
2153 3876 2201 3932 E
2220 3886 2451 3944 veratro,
2480 3877 2792 3941 stabilesque
2834 3876 3014 3932 videns
3034 3879 3155 3949 jam
3183 3893 3420 3948 promere
3450 3892 3598 3950 gres-

3360 3967 3493 4040 [sus.

2149 4065 2473 4140 Conjunctus
2498 4066 2637 4120 inter
2660 4064 2879 4137 propria
2894 4064 2959 4119 de
2976 4064 3137 4135 stirpe
3163 4063 3480 4135 propinquas

2159 4158 2422 4223 Vescitur,
2447 4166 2495 4212 et
2514 4157 2705 4213 mensis
2726 4157 2927 4228 genitor
2955 4164 3193 4226 gratatur
3217 4154 3429 4227 opimis.

2154 4250 2293 4305 Nam
2319 4250 2606 4320 desperatis
2635 4250 2807 4322 major
2835 4248 2895 4318 fit
2925 4248 3101 4321 gratia
3131 4250 3283 4302 vatis.

2149 4345 2375 4418 Jamque
2394 4361 2523 4420 puer
2554 4360 2718 4417 puero
2738 4345 2960 4415 junctus
2988 4343 3111 4397 dum
3142 4343 3274 4398 ludit
3298 4343 3514 4398 alumna
3535 4385 3550 4410 ,

2011 4441 2118 4500 660
2155 4439 2418 4513 Compulit
2443 4440 2609 4512 ignita
2641 4447 2857 4493 matrem
2895 4447 3185 4510 turgescere
3217 4436 3362 4507 felle.

2156 4534 2222 4590 Et
2253 4543 2426 4589 tamen
2473 4532 2665 4587 invitus
2706 4531 2881 4586 senior
2901 4531 3024 4585 dum
3057 4531 3288 4585 maxima
3303 4533 3459 4601 jussa

2159 4628 2410 4684 Observat
2431 4624 2671 4693 Domini,
2697 4624 2892 4695 pariter
2916 4623 3140 4688 detrusit
3165 4632 3461 4695 utrumque.

2157 4724 2222 4777 At
2247 4722 2434 4777 mulier
2460 4729 2736 4791 postquam
2752 4717 2962 4772 domini
2984 4717 3051 4772 de
3078 4716 3199 4771 sede
3220 4727 3417 4773 remota
3438 4729 3536 4788 est,

2156 4816 2285 4871 Aria
2317 4815 2518 4869 dimoto
2545 4812 2735 4868 lustrat
2765 4819 2961 4866 secreta
2980 4826 3235 4884 regressu.

2014 5029 2032 5035 ”
2086 5025 2462 5110 610._.Seusus
2502 5025 2747 5095 postulat
2771 5034 3040 5096 surgentes
3067 5040 3166 5095 pro
3187 5035 3431 5098 surgente
3460 4989 3617 5095 {aut

2011 5107 2492 5255 ῗωὲἲθὲὀΐέιίέοηίίοἰο
2522 5168 2761 5240 conjugis
2804 5167 3020 5222 innocui
3062 5166 3251 5223 rivales
3302 5168 3427 5223 dum
3475 5176 3619 5223 cavet

2013 5258 2145 5299 πται.

2092 5313 2217 5369 651.
2260 5309 2447 5373 Forte,
2483 5307 2595 5364 Nec
2622 5319 2790 5365 tamen
2815 5310 3026 5366 evaluit.

2096 5384 2221 5469 659.
2272 5381 2546 5439 Videlicet
2589 5398 2818 5455 sanguen
2863 5391 3065 5438 neutro
3092 5394 3318 5454 genere,
3363 5390 3419 5437 et
3460 5397 3617 5440 more

2090 5465 2263 5512 nouo.

2015 5470 2288 5537 αηρςιειοι.
2363 5534 2372 5537 _
2589 5525 2620 5537 ..

2088 5525 2214 5585 6H.
2246 5526 2434 5590 Forte,
2464 5525 2663 5598 pendit.

2090 5599 2217 5656 658.
2249 5598 2330 5682 βξ
2378 5609 2570 5682 nostra
2623 5596 2893 5682 Juvenco,
2950 5594 3042 5664 qui
3067 5593 3404 5682 elegantius
3452 5596 3548 5682 liti:
3580 5612 3625 5664 ι,

2024 5686 2171 5727 vers.
2242 5670 2360 5726 Il:
2411 5666 2626 5724 Gratius
2699 5677 2755 5723 ut
2817 5666 3018 5724 donum
3048 5671 3166 5743 jam
3194 5666 3625 5739 desperantibus

2026 5752 2180 5798 esset.

2026 5758 2180 5801 θεδει.

2984 5834 3063 5895 12
