4096 6182
490 232 599 290 863

494 343 860 416 665-Jamque
904 359 1066 413 panes
1111 353 1363 409 cunctos,
1419 344 1698 416 vinumque
1744 346 2093 415 insumpserat
2125 351 2170 411 Α

1793 436 1989 509 [σηικῆ

652 533 967 589 Exanimem
1000 532 1137 588 lasso
1168 532 1445 602 suspirans
1474 540 1681 602 pectore
1699 540 1902 597 natum,

645 623 860 680 Devenit
884 624 955 680 ad
974 633 1211 695 puteum,
1237 626 1323 678 cui
1345 633 1454 678 tum
1485 622 1701 677 Miratio
1735 638 1923 676 nomen

651 719 952 788 lndiderat,
977 728 1155 775 nicesto
1174 735 1293 790 qua:
1321 719 1518 790 inflevit
1554 719 1700 772 devia
1728 699 1966 790 qu'tcstu:

648 813 778 868 Cum
812 812 950 866 Deus
978 807 1197 883 afflicta:
1227 812 1473 882 lacrymis
1504 822 1649 864 trans
1676 812 1871 865 aethera
1901 817 2068 865 motus

504 907 611 965 670
648 904 936 975 Conﬁrmat
963 903 1241 975 trepidant,
1269 913 1491 975 na!oque
1509 904 1743 974 ingentia
1764 902 1893 958 dicit
1932 955 1937 960 .

652 996 833 1069 Regna
863 1005 1053 1067 parata
1085 1012 1202 1064 suo,
1230 1000 1377 1068 cujus
1409 1004 1517 1050 tum
1537 995 1687 1050 clade
1713 1001 1988 1068 gemescut.

652 1082 805 1145 Ilicet
837 1091 1035 1163 irriguo
1062 1089 1320 1144 scatebras
1345 1091 1408 1143 de
1438 1092 1639 1163 gurgite
1666 1090 1836 1144 libans

655 1182 915 1254 Erigitur,
940 1192 1165 1254 natoque
1194 1182 1354 1237 simul
1387 1182 1647 1254 gaudente
1673 1181 1902 1237 (celatur.

657 1273 953 1330 Procedunt
980 1275 1068 1345 pia
1081 1278 1237 1349 jussu
1260 1273 1380 1341 Dei,
1400 1277 1515 1346 jam
1532 1271 1781 1346 parvulus
1803 1288 1980 1326 arcum

506 1368 614 1427 675
655 1367 904 1435 Tendere,
940 1379 988 1423 et
1018 1369 1248 1440 aligeras
1276 1370 1427 1441 ccepit
1458 1378 1697 1439 torquere
1722 1368 1961 1438 sagittas.

654 1462 863 1518 Interea
890 1473 1051 1531 vates,
1084 1480 1146 1518 ne
1167 1464 1295 1530 quid
1324 1464 1461 1517 clam
1487 1468 1625 1535 forte
1642 1474 1860 1531 pararet

653 1553 855 1609 Ductor
886 1554 1174 1621 Abimelus,
1200 1556 1455 1610 connectit
1490 1553 1685 1622 ftedera
1716 1555 1878 1627 pacis.

659 1636 727 1702 Ut
753 1647 877 1718 quia
909 1647 972 1700 de
1000 1647 1170 1716 puteis
1203 1649 1413 1717 fuerant
1437 1646 1725 1699 certamina
1755 1654 1921 1707 mota,

586 1750 587 1753 ‘
658 1739 885 1796 Reddita
912 1757 1149 1795 securam
1177 1742 1445 1809 firmarent
1473 1741 1580 1794 otia
1606 1740 1782 1793 vitam.

511 1832 618 1891 680
652 1831 897 1901 Juratur,
933 1833 1240 1905 plrtcitceque
1266 1845 1475 1888 manent
1498 1833 1777 1887 concordia
1800 1834 1965 1903 pacis.

659 1925 792 1981 Inde
814 1936 969 1981 senex
996 1942 1151 1980 curvo
1180 1937 1371 1980 terram
1402 1920 1525 1979 dum
1552 1926 1816 1999 [vomere]
1849 1926 2051 1991 sulcat,

659 2010 929 2091 Ingentem
962 2020 1092 2074 lanis
1120 2020 1392 2091 complerit
1419 2022 1663 2075 messibus
1692 2020 1867 2075 aulam
1886 2062 1900 2086 ,

659 2106 1049 2181 Sublimemque
1078 2108 1246 2165 Deum
1268 2110 1492 2181 suppleat
1516 2128 1605 2183 per
1635 2120 1754 2165 vota
1782 2122 2042 2184 precatus,

469 2200 483 2267 Ῐ
662 2194 1067 2256 Philistinorum
1092 2202 1333 2275 placidus
1361 2202 1594 2258 consedit
1617 2204 1670 2259 in
1694 2205 1854 2258 arvis.

514 2298 620 2357 685
661 2290 812 2354 CAP.
854 2294 1025 2353 XXII.
1066 2296 1132 2351 In
1167 2299 1350 2366 quibus
1384 2298 1593 2352 tctlterei
1629 2307 1859 2353 tentatur
1895 2299 2117 2353 nominis

1842 2390 1862 2463 [
1880 2392 2012 2445 orsis
2031 2436 2042 2458 ,

624 2506 633 2519 η
662 2480 860 2539 Unicus
888 2492 943 2537 ut
968 2494 1126 2537 natus
1152 2483 1331 2554 gladio
1353 2481 1620 2536 dccttmbat
1649 2482 1718 2535 ad
1749 2499 1918 2536 aram.

661 2576 774 2631 Nec
799 2593 966 2643 more,
998 2592 1114 2630 cum
1142 2575 1328 2630 tumidi
1361 2576 1657 2630 conscendit
1686 2577 1915 2630 culmina
1941 2574 2115 2641 collis,

655 2666 995 2740 Cornipedem
1025 2667 1218 2721 ducens
1247 2668 1488 2736 famulis,
1519 2677 1744 2739 natoque
1772 2668 2074 2733 vadentem,

659 2752 832 2815 Tertia
850 2762 1071 2831 jamque
1099 2761 1234 2827 dies,
1269 2777 1387 2815 cum
1412 2760 1491 2814 sol
1522 2760 1831 2814 candentior
1861 2777 1961 2815 axe

515 2858 623 2916 690
666 2856 909 2927 Fulgeret
939 2856 1106 2909 medio
1126 2896 1139 2920 ,
1169 2863 1306 2909 totas
1336 2852 1463 2907 dum
1492 2854 1752 2908 contrahit
1776 2854 2008 2917 umbras,

658 2953 884 3008 Dimittit
916 2968 1099 3022 pueros
1122 2953 1311 3014 senior,
1352 2961 1632 3018 natumque
1658 2949 1905 3017 capescit,

664 3047 731 3102 Ut
754 3055 1014 3100 sarmenta
1043 3060 1250 3115 gerens,
1277 3044 1607 3112 flammarum
1638 3040 1852 3113 pabula,
1884 3040 2043 3105 collo,

670 3139 954 3196 Scanderet
984 3136 1209 3208 oppositi
1236 3137 1427 3205 pariter
1447 3134 1662 3205 fastigia
1685 3135 1852 3189 collis.

655 3233 881 3301 Jamque
905 3230 1037 3286 adeo
1067 3229 1289 3299 ﬂammis
1320 3227 1651 3299 surgentibus
1684 3228 1821 3280 altar
1851 3228 1919 3281 ad
1947 3228 2117 3299 ipsum

517 3323 622 3382 695
662 3323 904 3390 Sistitur,
940 3322 1167 3376 evinctus
1197 3320 1433 3373 manibus
1466 3327 1579 3389 post
1610 3328 1752 3390 terga
1782 3319 2009 3373 retortis.

660 3413 899 3485 Dumque
928 3423 1075 3485 pater
1101 3422 1279 3465 natum
1302 3419 1552 3483 properat
1576 3408 1858 3481 difﬁndere
1886 3408 2079 3474 cultro,

662 3507 883 3563 Eminus
911 3506 1167 3560 albentem
1192 3511 1483 3575 prospectat
1510 3500 1725 3555 sedulus
1757 3518 1971 3571 agnum,

669 3600 772 3669 Qui
794 3598 977 3654 melius
1008 3599 1125 3670 fuso
1146 3595 1421 3667 compleret
1446 3610 1595 3649 sacra
1618 3611 1819 3649 cruore.

658 3694 813 3751 CAP.
836 3692 1025 3749 XXIII.
1047 3692 1093 3745 Η
1102 3694 1147 3745 ic
1159 3691 1290 3744 actis
1304 3690 1474 3745 vetulo
1489 3688 1689 3743 decedit
1702 3704 1918 3761 corpore
1929 3688 2116 3744 Sarra.

517 3792 623 3848 700
661 3789 892 3860 Cumque
920 3788 1091 3842 locum
1116 3786 1264 3840 busto
1293 3793 1598 3855 praestarent
1625 3784 1847 3854 pignora
1876 3782 2042 3850 Getis,

665 3879 917 3935 Dissensit
942 3886 1101 3943 vates,
1130 3877 1297 3944 pretio
1320 3884 1501 3929 taxare
1520 3884 1761 3945 paratus.

666 3972 1061 4044 Quadringenta
1089 3970 1230 4024 dedit
1252 3971 1483 4023 sestertia
1506 3969 1645 4022 dives
1680 3967 1941 4037 Ephremo
1960 4014 1974 4037 ,

667 4065 808 4119 Dum
826 4063 1025 4119 sociam
1048 4060 1248 4134 duplici
1272 4059 1465 4131 gaudet
1496 4059 1746 4113 mandare
1768 4060 2027 4132 sepulcro.

669 4158 875 4213 Nomen
906 4148 1147 4210 Mambra
1173 4154 1287 4207 lOCO
1312 4160 1535 4206 veterum
1565 4158 1862 4205 narraverat
1884 4163 2031 4207 tetas.

518 4253 625 4312 705
663 4248 819 4307 CAP.
846 4242 1039 4303 XXIV.
1072 4244 1225 4300 Ilicet
1274 4261 1301 4299 e
1350 4243 1563 4315 famulis
1616 4244 1922 4313 quemdam,
1975 4262 2123 4315 quem

1631 4334 1792 4409 [vita.
1823 4336 2053 4408 ﬁdesque

663 4431 881 4489 Fecerat
910 4428 1187 4502 insignem,
1221 4422 1484 4497 conceptis
1517 4424 1684 4482 dicere
1715 4428 1902 4496 verbis,

661 4527 731 4584 Et
742 4529 928 4600 jurare
946 4525 1118 4597 jubet,
1149 4521 1386 4577 dextram
1409 4521 1535 4575 dum
1556 4518 1729 4575 subdit
1757 4521 2008 4588 amicam,

588 4665 717 4721 665.
757 4664 816 4719 In
847 4664 1063 4733 vulgata
1097 4660 1357 4715 versione
1380 4674 1491 4714 non
1521 4660 1708 4733 viuum
1734 4660 1892 4715 dedit
1926 4658 2114 4733 Abra-

520 4739 646 4792 ham
676 4735 892 4789 ancillsc
915 4732 1031 4788 sum
1065 4734 1230 4801 Agar,
1254 4747 1374 4784 cum
1408 4747 1530 4785 eum
1560 4732 1724 4784 domo
1754 4732 1985 4800 expulit,
2019 4735 2115 4789 sed

517 4822 714 4879 aquam
740 4806 794 4860 in
821 4814 942 4879 utre
967 4822 980 4856 :
1015 4802 1079 4856 Et
1109 4801 1521 4879 tollenspaneim,
1554 4810 1599 4854 et
1629 4811 1793 4856 utrem
1821 4819 1987 4874 aquae,
2020 4806 2117 4858 im-

520 4870 690 4947 posuit
711 4876 938 4949 scapulae
964 4879 1113 4949 ejus.
1139 4872 1204 4949 Iit
1230 4870 1403 4927 intra;
1436 4870 1665 4949 Cumque
1695 4870 2000 4949 consumpta
2014 4892 2113 4949 _es-

517 4944 592 5006 set
615 4966 749 5018 aqua
777 4944 832 5000 in
864 4944 998 5018 utre,
1032 4946 1217 5014 abjecit
1250 4960 1483 5016 puerum.
1524 4944 1702 5018 ΜΑκτ.
1753 4944 1959 5000 Auctor
2007 4947 2116 5001 for-

514 5015 669 5075 tasse
698 5018 923 5088 scripsit
944 5015 1068 5071 Iam
1095 5031 1255 5085 panes
1290 5025 1533 5083 cunctos,
1568 5016 1862 5087 undamque
1917 5020 2109 5072 irsunt-

517 5100 693 5164 pserat
716 5103 943 5164 omnem.

591 5164 718 5219 668.
761 5161 975 5231 Melius,
1001 5170 1283 5231 moestoque
1302 5158 1530 5231 implevit
1558 5157 1728 5212 devia.

590 5234 722 5291 685.
756 5230 1036 5294 Fortasse,
1065 5229 1290 5284 numinis
1319 5229 1473 5284 orsis.

584 5306 713 5361 691.
756 5304 947 5359 Melius
999 5302 1128 5357 alibi
1186 5303 1480 5357 Martenius
1546 5303 1742 5358 scribit
1791 5301 2013 5376 capessit
2066 5310 2121 5357 et

524 5385 822 5430 capessunt.

661 5448 712 5502 ἴ.
757 5448 873 5501 Non
912 5456 1102 5517 agnum
1131 5458 1195 5499 ex
1232 5442 1461 5515 Vulgata
1508 5442 1799 5517 versione,
1834 5450 1928 5503 sed
1986 5451 2124 5504 arie-

512 5531 612 5572 tem
644 5518 779 5573 vidit
821 5516 1093 5573 Abraham
1133 5517 1267 5570 inter
1314 5532 1486 5584 vepres
1530 5516 1809 5574 haerentem
1850 5518 2117 5576 cornibus.

525 5588 713 5735 “figo.
738 5654 795 5711 In
821 5654 1047 5735 Vulgata
1076 5656 1317 5735 editione
1340 5656 1736 5735 quadringentis
1756 5662 1898 5735 siclis
1920 5664 2122 5735 argenti

510 5728 828 5799 sepulcrum
874 5726 1081 5783 emisse
1130 5726 1751 5801 legiutrAbrahsmus.
1797 5733 1893 5788 Est
1936 5726 2117 5792 alitem

1577 226 1931 284 APPENDIX
1972 225 2065 285 AD
2100 224 2335 284 οΡΕΗΑ
2371 222 2690 284 ιυνΕΝοι.

2146 1745 2193 1804 Β

2148 3134 2196 3197 C

2150 4518 2204 4581 Ι)

3695 218 3803 279 388

2343 343 2717 414 Connectitque
2747 345 2934 414 femur,
2966 340 3165 395 nullam
3188 339 3257 392 de
3281 344 3432 409 gente
3456 336 3749 391 Chananna

2343 433 2674 507 Jungendam
2696 443 2843 503 nato,
2875 434 3124 505 quoniam
3142 432 3209 486 de
3234 432 3395 497 stirpe
3429 440 3705 498 parentum

2204 529 2310 586 710
2348 529 2433 585 Sit
2456 529 2701 584 ducenda
2723 529 2923 603 magis;
2954 543 3070 597 qua:
3096 527 3140 581 si
3169 526 3390 594 fortasse
3415 523 3644 591 resistat,

2349 621 2664 677 Mittendmn
2684 621 2833 686 ccelo,
2868 620 3078 691 facilem
3102 618 3192 687 qui
3220 616 3425 671 molliat
3450 617 3608 669 iram.

2350 712 2453 768 Ille
2479 711 2671 768 alacris
2704 711 2913 766 tumidis
2942 710 3165 779 imponit
3187 709 3325 764 dona
3344 707 3581 773 camelis,

2350 812 2718 881 Assyriamque
2748 809 2899 878 petit,
2920 809 3036 879 jam
3056 816 3272 860 cernens
3297 813 3430 858 tecta
3456 801 3771 858 il'aclsorrte.

2354 905 2595 974 Dunique
2617 903 2776 959 silens
2797 916 2973 957 secum
2999 898 3211 954 Domini
3237 898 3491 952 inundatis
3518 895 3755 963 revehit,

2211 999 2318 1056 7I5
2356 998 2624 1071 Conspicit
2648 998 2894 1053 scindant
2923 997 3211 1050 venientem
3234 996 3377 1064 fonte
3404 990 3712 1056 Rebeccam,

2355 1090 2490 1156 Qua:
2519 1107 2623 1145 non
2652 1090 2809 1145 tarda
2837 1090 2947 1143 viro
2977 1089 3226 1162 [rigentes
3252 1086 3474 1159 porrigit
3499 1084 3692 1152 undas,

2362 1182 2661 1253 Invitatque
2682 1181 2917 1236 domum.
2945 1180 3107 1253 Cujus
3133 1179 3197 1233 sit
3226 1176 3365 1248 filia,
3389 1181 3555 1247 fatur.

2354 1272 2608 1345 Iungitur
2634 1274 2863 1344 hospitio
2882 1272 3115 1345 juvenis,
3138 1287 3263 1325 mox
3287 1284 3508 1324 munera
3530 1268 3741 1338 promit.

2360 1366 2614 1421 Omnibus
2644 1366 2919 1438 explicitis,
2953 1365 3093 1418 vadit
3121 1371 3352 1435 nuptura
3373 1364 3583 1416 marito.

2215 1460 2322 1517 7‘20
2360 1459 2587 1532 Jamque
2616 1462 2717 1515 iter
2744 1475 2979 1515 etnettsos
3002 1467 3300 1530 prospectat
3333 1457 3572 1511 cominus
3601 1453 3746 1521 hac,

2367 1553 2533 1621 Quem
2561 1552 2793 1608 Rebecca
2820 1553 3020 1617 videns,
3049 1550 3207 1605 dorso
3233 1550 3438 1620 refieaait
3460 1547 3525 1602 alt
3546 1548 3674 1613 alto,

2369 1647 2740 1717 Obstipuanue
2766 1655 2920 1715 caput
2946 1644 3090 1700 tenui
3119 1643 3371 1698 velamine
3400 1642 3597 1696 condit.

2362 1739 2668 1811 Iunguntur
2697 1740 2863 1803 taciti,
2893 1737 3218 1807 Dominoque
3244 1744 3456 1790 auctore
3484 1737 3751 1788 laetantur.

2363 1833 2517 1887 CAP.
2565 1831 2736 1887 XXV.
2778 1831 2886 1887 Sed
2920 1840 3193 1903 postquam
3230 1831 3406 1883 senior
3439 1835 3642 1881 centum
3681 1835 3833 1877 tran-

3228 1919 3530 1994 [scenderat
3563 1934 3752 1982 annos,

2223 2016 2328 2073 ΗΒ
2369 2016 2571 2087 Septies
2599 2027 2644 2071 et
2667 2016 2853 2080 denos,
2886 2016 3107 2088 largitus
3138 2025 3351 2069 munera
3379 2015 3601 2078 cunctis,

2367 2106 2617 2173 Decessit,
2649 2108 2841 2179 gemini
2872 2106 3097 2160 donatus
3123 2106 3241 2160 sede
3271 2106 3514 2177 sepulcri.

2368 2197 2576 2254 Interea
2599 2199 2798 2269 patrias
2821 2198 3061 2264 indeptus
3087 2198 3231 2267 ﬁlius
3254 2197 3413 2264 ades,

2366 2291 2449 2345 Ad
2480 2301 2691 2363 puteum
2723 2289 2886 2360 degit,
2920 2292 3086 2360 fuerat
3125 2289 3207 2341 cui
3244 2286 3386 2341 Visio
3410 2303 3614 2341 nomen.

2367 2381 2587 2455 Jamque
2615 2392 2796 2453 quater
2819 2381 2979 2436 denos
3002 2380 3110 2435 illic
3138 2389 3460 2451 transegerat
3488 2396 3673 2448 annos,

2225 2475 2329 2531 750
2381 2474 2614 2548 Conjttge
2632 2491 2749 2528 cum
2776 2474 2916 2528 dicta
2939 2475 3159 2544 patriam
3186 2473 3443 2528 ditaverat
3460 2474 3671 2528 aulam:

2371 2566 2502 2631 Qua:
2530 2584 2644 2621 cunt
2666 2568 2926 2638 praecipuo
2955 2566 3195 2620 canderet
3222 2566 3390 2621 sidere
3418 2582 3606 2636 poma},

2368 2658 2677 2732 Infcecunda
2709 2661 2799 2713 diu
2829 2661 3039 2713 nescivit
3061 2660 3253 2732 gaudia
3284 2660 3487 2713 tnatris.

2369 2753 2476 2809 Sed
2493 2770 2609 2809 cum
2641 2754 2910 2824 sancti/ica
2934 2753 3216 2808 Dominum
3242 2758 3541 2825 deposceret
3562 2771 3668 2819 ore,

2370 2838 2641 2899 Iiwredem
2672 2853 2727 2898 ut
2747 2848 2950 2918 justum
2977 2849 3098 2918 conj
3106 2863 3172 2899 nx.
3194 2846 3464 2916 gravidata
3483 2858 3698 2913 crearet,

2222 2928 2332 2993 755
2373 2936 2629 3003 Auditur;
2662 2938 2878 3009 geminis
2907 2939 3152 3008 turgescit
3183 2943 3306 3009 facta
3339 2939 3589 2994 Rebecca.

2372 3031 2501 3099 Quae
2524 3032 2713 3085 mirata
2741 3032 2832 3085 diu
2860 3033 3134 3086 crescentis
3158 3032 3392 3101 pondera
3417 3033 3630 3101 ventris,

2371 3122 2605 3176 Consulit
2636 3116 2845 3177 a'tlterei
2869 3124 3090 3194 supplt‘x
3111 3140 3355 3195 responsa
3386 3122 3658 3189 Tonantis,

2372 3212 2716 3285 Agnoscitque
2743 3232 2839 3268 suo
2873 3216 3094 3285 populos
3125 3218 3178 3269 in
3206 3226 3411 3288 pectore
3436 3216 3583 3271 binos

2369 3307 2677 3378 Disparibus
2703 3310 2897 3364 meritis
2917 3310 2985 3363 ad
3006 3311 3202 3365 lumina
3232 3318 3443 3382 surgere
3472 3312 3607 3367 vita.

2222 3394 2329 3459 7i0
2372 3400 2510 3455 Nam
2541 3401 2629 3472 qui
2658 3401 2828 3469 printa
2856 3411 2988 3456 tenet
3019 3405 3217 3459 merita:
3242 3402 3532 3475 primordia
3563 3404 3720 3468 lucis.

2370 3494 2624 3550 Subditns
2647 3494 2877 3563 imperiis
2906 3495 3078 3567 agitur
3099 3496 3290 3550 servire
3316 3494 3577 3551 minoris.’

2369 3578 2512 3655 Ergo
2540 3585 2628 3639 ubi
2644 3590 2762 3659 jam
2792 3587 2936 3656 facili
2957 3587 3240 3658 gignuntur
3270 3590 3492 3661 pignora
3518 3600 3692 3662 partu,

2369 3680 2598 3752 Corpore
2622 3684 2842 3754 puniceo
2866 3683 3035 3737 senior
3060 3700 3113 3738 se
3138 3685 3327 3755 promit
3358 3685 3428 3739 ad
3453 3701 3632 3754 auras,

2368 3773 2655 3848 Nigrantes
2682 3778 2789 3828 toto
2827 3783 3089 3830 consertus
3127 3792 3340 3848 corpore
3368 3787 3522 3847 setas,

2224 3860 2333 3924 ἨΒ
2379 3862 2545 3934 Quem
2576 3876 2720 3936 pater
2749 3864 2890 3920 Esau
2921 3866 3111 3938 placito
3140 3866 3205 3921 de
3224 3869 3430 3922 nomine
3458 3870 3608 3923 dixit.

2369 3960 2500 4016 Post
2529 3956 2764 4031 fraterna
2791 3970 2971 4016 tenens
2996 3961 3231 4017 manibus
3268 3962 3495 4018 calcaria
3522 3967 3738 4037 pressis,

2373 4045 2625 4111 Nascitur
2651 4055 2844 4125 insigni
2858 4057 3108 4126 prazdives
3135 4068 3301 4111 mente
3324 4058 3577 4113 Iacobus.

2371 4144 2649 4205 Lustrabat
2676 4144 2848 4205 senior
2879 4167 3067 4206 vacuos
3092 4154 3356 4208 venatibus
3385 4170 3560 4228 agros,

2371 4242 2602 4303 Buccina
2632 4245 2906 4299 raucisono
2936 4242 3062 4298 dum
3090 4246 3309 4316 complet
3337 4263 3470 4302 saxa
3509 4257 3757 4305 tremore.

2226 4339 2335 4397 750
2381 4336 2472 4393 Ast
2500 4334 2639 4395 alius
2672 4337 2848 4395 blandi
2879 4357 3187 4396 conservans
3213 4343 3437 4413 pectoris
3465 4352 3601 4404 acta.

2373 4426 2643 4488 Gaudebat
2682 4434 2865 4506 patriis
2897 4432 3096 4490 ilicesus
3125 4435 3290 4490 vivere
3321 4437 3494 4491 terris.

2368 4522 2625 4597 Majorem
2654 4524 2856 4597 genitor
2879 4532 3049 4581 tenero
3078 4526 3323 4599 palpabat
3345 4544 3540 4583 amore.

2229 4666 2783 4747 siclusﬁllebraeorum
2804 4676 3077 4747 ⁸ἱτιηιιςίξιθι.
3110 4673 3270 4747 cuius
3310 4676 3548 4744 pretium
3583 4684 3666 4731 est
3698 4694 3841 4747 qua-

2230 4746 2352 4816 tuor
2380 4737 3159 4816 Romanorumdenariomm.
3180 4737 3519 4816 Pro-quibus
3549 4737 3841 4805 Juveticm

2228 4808 2315 4864 hic
2346 4812 2601 4866 sestertia
2632 4811 3025 4883 quadringenta
3066 4817 3235 4883 ponit.
3286 4808 3612 4873 sestertium
3643 4831 3836 4876 autem

2225 4888 2342 4935 erat
2376 4897 2501 4951 pars
2531 4878 2721 4953 quarta
2755 4878 2965 4937 denarii
3015 4878 3268 4941 Romani.
3317 4887 3372 4942 In
3416 4889 3605 4945 codice
3635 4903 3839 4949 nostro

2228 4968 2330 5006 ms.
2383 4955 2553 5022 prima
2614 4971 2778 5009 manu
2823 4955 3098 5080 legebatur
3150 4958 3412 5031 Ephreno,
3445 4962 3589 5028 quod
3625 4979 3837 5019 nmncn

2228 5025 2449 5080 pronius
2490 5027 2704 5080 accedit
2742 5027 2807 5080 ad
2907 5026 3163 5080 ulaalam.
3207 5047 3327 5080 num
3373 5032 3535 5080 libet
3583 5033 3835 5080 ιιῗηιηοιι-

2225 5026 2449 5150 gaius
2490 5027 2704 5082 accedit
2742 5027 2807 5081 ad
2854 5026 3163 5097 Vulgalam,
3195 5026 3327 5102 ’ψιελδ
3373 5026 3535 5088 habet
3582 5033 3836 5102 Ephron.

2279 5111 2405 5150 Αιιτ.

2296 5160 2616 5245 705._lntt;-r
2645 5185 2826 5245 ppera
2879 5164 3197 5245 Hieronymi
3245 5173 3388 5229 edita
3433 5184 3520 5230 est
3564 5177 3837 5245 epistola,

2224 5253 2386 5306 quam
2433 5239 2749 5294 Gennadius
2790 5241 3043 5297 attribuit
3089 5239 3358 5312 Eutmpin
3404 5239 3711 5312 ωριιηίὸίί,
3759 5239 3839 5305 de

2226 5325 2336 5389 quo
2382 5322 2502 5389 post
2549 5312 2833 5389 Inanimum
2881 5316 3009 5381 agit.
3044 5314 3100 5368 In
3124 5332 3191 5389 ea
3225 5326 3406 5389 autem
3430 5319 3668 5387 epistula
3702 5330 3831 5389 spe-

2230 5378 2389 5456 lunca
2420 5382 2509 5435 illa
2541 5380 2762 5456 duplex,
2807 5378 2967 5453 quain
3011 5402 3038 5438 τι
3086 5386 3211 5439 (iliis
3263 5388 3429 5442 Emur
3474 5378 3840 5456 compara-vit

2231 5450 2543 5527 Alii-aliain,
2574 5450 2884 5527 sepulcrum
2922 5457 3126 5524 duplex
3158 5459 3359 5513 dicitur
3397 5476 3503 5516 non
3534 5450 3728 5527 set'nel,
3771 5472 3837 5517 ut

2230 5521 2317 5575 Ilil'
2346 5523 2486 5591 apud
2510 5521 2829 5579 iuvencum.
2868 5521 3043 5581 Muri.

2466 5595 2660 5673 fornae-
2680 5598 2957 5673 mendum,
2988 5607 3047 5673 ut
3077 5611 3229 5665 mito.
3272 5600 3437 5658 Forte
3456 5606 3660 5673 forante.

2300 5657 2424 5739 illi.
2464 5662 2827 5739 Crediderim.
2857 5657 3146 5739 legendum
3168 5657 3460 5728 consertus;

2303 5734 2427 5792 751.
2466 5732 2729 5810 Suspicor
2750 5732 3103 5797 vivere'teetis.
