4096 6182
358 328 461 386 369

497 448 655 505 Ilicet
684 448 942 504 auxilium
974 450 1202 519 fraterno
1226 428 1289 505 ea:
1309 448 1517 523 agmine
1537 447 1703 520 poscit
1718 489 1735 515 ,

498 542 890 613 Qutesitumque
916 541 1009 597 diu
1033 550 1177 598 sexto
1192 546 1312 616 jam
1335 531 1530 597 lumine
1555 541 1611 596 Ν
1613 557 1777 615 angus
1801 582 1818 607 ,

493 637 581 693 Ne
606 646 807 705 noceat,
838 647 1016 692 sancto
1030 635 1247 693 Domini
1274 646 1471 692 terrore
1495 645 1719 704 vetatur,

496 732 858 802 Mitiﬁcusque
878 748 973 787 sua
992 733 1058 797 is,
1083 748 1199 802 qua:
1227 732 1393 788 credit
1418 733 1657 799 numina,
1687 732 1879 803 poscit,

350 826 457 884 950
494 825 565 881 Et
585 827 784 881 cunctis
805 827 1024 897 qutesita
1054 826 1184 881 locis
1214 842 1317 881 non
1343 827 1550 898 cognita
1576 834 1772 881 maeret.

495 918 786 988 Postquam
811 918 1064 988 depositis
1092 919 1248 974 rediit
1270 936 1376 989 pax
1395 928 1535 974 certa
1554 918 1805 990 querelis,

491 1010 773 1085 Congeries
799 1013 1021 1067 struitur
1047 1010 1190 1068 saxis
1219 1012 1564 1068 crescentibus
1591 1012 1723 1076 alta,

502 1106 573 1163 Ut
602 1107 748 1163 locus
775 1115 1037 1162 exstructo
1062 1116 1266 1162 maneat
1295 1107 1580 1162 munimine
1608 1107 1768 1173 testis,

496 1198 572 1253 Ac
596 1201 799 1270 positus
820 1197 970 1253 limes
999 1199 1158 1253 limen
1188 1198 1500 1254 discerneret
1521 1199 1687 1271 agris.

352 1290 458 1348 955
493 1290 649 1348 CAP.
683 1289 901 1346 XXXII.
952 1288 1088 1346 Ecce
1116 1292 1212 1347 via:
1240 1292 1409 1346 medio
1451 1301 1586 1346 vates
1614 1291 1742 1346 vidit
1785 1291 1951 1347 ardua

1659 1384 1875 1458 [castra,

495 1477 626 1547 Qui:
648 1476 792 1533 Deus
818 1478 1069 1548 astrigero
1086 1477 1262 1531 ductat
1290 1477 1642 1532 moderamine
1670 1486 1858 1545 rector,

492 1570 699 1627 Indidit
717 1580 767 1626 et
795 1586 981 1627 nomen
1009 1580 1226 1626 testatus
1249 1587 1268 1627 :
1291 1570 1423 1627 Htec
1451 1570 1593 1626 Deus
1611 1571 1811 1644 implet.

494 1664 704 1722 Interea
732 1667 924 1721 electos
937 1669 1158 1739 juvenes
1186 1682 1504 1738 praecurrere
1529 1667 1708 1738 iussit,

494 1756 902 1829 Muneribusque
931 1774 1113 1832 graves
1130 1800 1145 1824 ,
1182 1775 1486 1830 germanum
1514 1775 1630 1830 qua:
1658 1760 1799 1827 iubet
1820 1770 1878 1815 ut
1902 1763 1948 1815 is

348 1851 457 1909 960
500 1851 568 1908 Ut
595 1852 821 1906 reditum
842 1851 1082 1924 placidus
1109 1851 1340 1917 tribuat‘;
1362 1842 1640 1922 pacemque
1666 1853 1859 1924 petenti

490 1943 690 1998 Annuit
713 1941 803 1999 ille
833 1943 1034 2009 libens;
1061 1943 1237 2009 sociis,
1271 1952 1425 2015 atque
1452 1944 1658 2016 agmine
1676 1943 1840 1999 multo

492 2036 754 2108 Stipatus,
786 2036 998 2106 fratrem
1021 2046 1200 2090 contra
1226 2034 1301 2089 nil
1324 2035 1561 2091 turbidus
1587 2036 1712 2103 exit,

489 2128 722 2201 Cumque
747 2138 930 2201 quater
952 2137 1159 2184 centum
1181 2136 1405 2184 terretur
1425 2129 1574 2184 turba
1594 2130 1844 2199 virorum,

492 2220 623 2276 Plus
635 2222 850 2293 species,
865 2237 1023 2293 quam
1043 2220 1149 2276 tela
1170 2230 1353 2277 nocent
1370 2223 1745 2294 famulantibus
1763 2223 1941 2278 armis.

342 2314 450 2372 965
488 2314 742 2370 Discretis
763 2316 925 2386 igitur
943 2316 1205 2389 gregibus,
1232 2318 1343 2372 luec
1362 2320 1531 2388 prima
1558 2318 1765 2385 locavit,

488 2407 621 2477 Qute
641 2407 835 2463 donata
856 2408 954 2463 sibi
981 2408 1225 2480 dignetur
1254 2425 1460 2463 sumere
1489 2410 1677 2480 frater,
1818 2394 1831 2403 ’

486 2502 652 2571 Atque
672 2502 831 2558 simul
854 2504 992 2573 flexa
1020 2501 1304 2558 Dominum
1328 2505 1522 2559 cervice
1540 2507 1773 2577 poposcit
1796 2523 1815 2561 :

490 2593 536 2650 ο
564 2593 729 2661 Deus,
752 2594 990 2649 immensi
1010 2611 1149 2666 spes,
1172 2605 1221 2651 et
1240 2595 1528 2651 substantia
1556 2599 1722 2669 regni,

488 2686 590 2755 Qui
619 2686 762 2741 Deus
792 2704 845 2742 es
871 2704 1072 2758 semper
1092 2689 1337 2760 genitoris
1365 2688 1528 2755 solus,
1550 2690 1758 2761 avique,

334 2780 447 2839 970
486 2778 651 2854 Cujus
679 2781 743 2836 ab
772 2780 957 2836 exsilio
979 2783 1176 2853 faciunt
1202 2798 1283 2837 me
1298 2784 1451 2853 jussa
1476 2784 1657 2839 reverti
1683 2825 1699 2851 ,

485 2873 721 2930 Grandia
751 2874 916 2929 ditato
939 2876 1162 2948 largitus
1186 2877 1456 2931 commoda
1484 2893 1651 2945 servo,

486 2970 706 3026 Iussisti
734 2970 875 3025 lenta
899 2971 1116 3041 fluvium
1138 2972 1483 3027 transmittere
1506 2973 1650 3043 virga
1673 3014 1688 3039 ,

477 3059 866 3133 Iordanemque
890 3070 1038 3117 tuum
1060 3062 1201 3118 illico
1227 3063 1572 3118 transmittere
1592 3080 1792 3135 gressu.

487 3156 557 3213 Et
577 3174 717 3212 nunc
745 3157 970 3213 dividuis
999 3158 1169 3213 cernis
1190 3174 1271 3214 me
1293 3158 1476 3232 degere
1496 3159 1700 3227 castris,

331 3253 445 3311 975
489 3251 559 3310 Ut
576 3253 746 3308 varios
768 3269 919 3307 casus
939 3253 1144 3324 gemino
1162 3254 1446 3309 munimine
1467 3270 1637 3310 casus.

478 3343 639 3413 Eripe
657 3360 739 3399 me
755 3343 858 3411 his,
882 3344 1092 3414 invicte,
1116 3345 1286 3410 malis,
1315 3354 1365 3400 et
1394 3346 1601 3417 spicula
1626 3347 1804 3418 fratris

483 3435 721 3509 Infracto
748 3436 989 3507 placidus
1008 3453 1164 3508 quam
1190 3437 1413 3507 primum
1440 3438 1621 3493 decute
1641 3439 1801 3509 ferro,

482 3528 565 3584 Ne
587 3528 801 3601 rapidus
823 3530 957 3584 duro
977 3529 1130 3600 feriat
1151 3546 1264 3584 mea
1286 3538 1497 3602 pectora
1519 3530 1644 3586 telo.

482 3623 620 3697 Ergo
640 3625 729 3680 ubi
744 3626 1033 3698 composuit
1051 3627 1242 3693 socios,
1260 3642 1567 3696 somnosque
1588 3628 1787 3693 petivit,

327 3716 441 3777 980
478 3718 785 3774 Luctantem
809 3736 1056 3789 superare
1087 3719 1248 3774 Deum
1276 3718 1371 3774 sub
1401 3729 1548 3774 nocte
1578 3720 1798 3776 laborat.

486 3811 703 3867 Femina
724 3829 842 3867 nam
874 3828 1071 3882 presso,
1100 3813 1300 3881 stupuit
1328 3828 1451 3880 pars
1475 3814 1708 3884 corporis
1738 3813 1855 3868 illa.

481 3904 713 3977 Cumque
737 3905 831 3959 diu
853 3905 1002 3959 vellet
1022 3904 1367 3958 membrorum
1394 3904 1589 3958 solvere
1609 3920 1792 3971 nervus,

479 3996 557 4062 Is,
589 3998 679 4067 qui
708 3996 941 4068 pulsarat
968 3997 1142 4051 valido
1172 3996 1449 4051 certamine
1471 4005 1657 4064 vatem,

482 4088 731 4145 Praestita
749 4088 1019 4143 dimissum
1049 4087 1305 4141 Dominus
1326 4097 1438 4159 post
1468 4088 1608 4143 dona
1643 4089 1858 4145 remisit.

325 4184 440 4242 985
490 4182 709 4237 Nomine
737 4188 950 4246 mutato,
978 4179 1206 4234 Iacobus
1227 4180 1419 4234 desinit
1439 4197 1563 4247 esse,

479 4274 551 4328 Ac
572 4271 852 4327 Dominum
874 4270 1097 4326 Cernens
1122 4280 1429 4326 cunctorum
1454 4273 1644 4326 dicitur
1666 4289 1786 4339 ore;

478 4366 649 4423 Ausus
669 4365 954 4437 quinetiam
981 4361 1196 4417 Domini
1221 4363 1514 4419 condiscere
1544 4379 1750 4434 nomen,

1644 344 1649 354 ‘
1666 325 1871 385 LIBER
1910 322 1981 383 IN
2020 322 2340 383 GENESIN.

1985 444 2042 507 Α

1978 1842 2026 1903 Β

3558 323 3664 383 570

2210 442 2335 498 Non
2363 443 2552 514 potuit,
2584 444 2686 500 soli
2711 445 2848 517 quod
2859 449 2952 517 jus
2978 452 3052 501 est
3080 460 3235 499 nosce
3260 442 3508 499 Tonanti.

2190 534 2329 617 Ipse
2350 535 2522 591 locum
2552 534 2767 592 Domini
2788 537 3066 608 compellat
3090 538 3299 593 nomine
3322 534 3440 605 visi,

2060 628 2168 689 990
2205 628 2502 702 Contigerat
2525 636 2679 704 cujus
2703 632 2949 688 sublimes
2975 647 3184 687 cernere
3204 632 3395 688 vultus.

2202 729 2364 797 Atque
2386 726 2475 781 ubi
2496 744 2551 782 se
2580 727 2838 784 Dominus
2867 728 3019 798 pulsa
3037 730 3156 799 jam
3178 735 3327 783 nocte
3351 729 3586 796 removit,

2202 818 2485 890 Egreditur
2502 820 2657 893 longa
2677 829 2975 876 sustentans
2999 820 3211 892 cuspide
3237 836 3462 892 gressus.

2199 911 2251 967 Η
2256 913 2339 968 inc
2363 912 2552 969 Iudtea
2574 929 2769 970 memor
2790 915 2983 971 devitat
3003 914 3251 969 mandere
3271 930 3502 983 nervum,

2201 1004 2304 1072 Qui
2328 1006 2499 1076 femur
2527 1008 2803 1062 astrictum
2827 1007 2999 1077 rigido
3021 1007 3309 1062 munimine
3329 1008 3494 1077 fulsit.

2054 1099 2161 1156 995
2195 1099 2353 1157 CAP.
2383 1099 2628 1156 XXXI“.
2678 1099 2905 1173 Jamque
2940 1101 3117 1157 videns
3148 1105 3363 1174 fratrem
3406 1102 3659 1160 vallatum

3050 1194 3188 1268 [cum
3219 1214 3372 1269 grege
3392 1207 3583 1265 turma,

2197 1288 2496 1346 Procurvus
2523 1307 2693 1363 prona
2710 1290 2992 1346 Dominum
3014 1291 3211 1346 cervice
3236 1291 3453 1347 salutat.

2197 1379 2473 1456 Congressi
2500 1382 2663 1437 multo
2687 1387 3013 1457 conjungunt
3040 1394 3248 1456 pectora
3268 1386 3417 1456 ﬂetu.

2199 1472 2267 1528 Et
2285 1478 2403 1549 jam
2430 1478 2645 1549 jamque
2664 1477 2827 1550 magis
2847 1478 2991 1531 vario
3015 1492 3250 1532 sermone
3268 1478 3505 1549 requirit,

2198 1565 2302 1633 Qui
2327 1567 2536 1621 veniant
2558 1568 2840 1622 comitante
2863 1584 3039 1637 manu,
3065 1584 3180 1638 quae
3201 1569 3354 1624 turba
3378 1578 3648 1641 sequatur.

2054 1654 2305 1714 10001lle
2335 1657 2506 1727 docet,
2534 1668 2714 1729 nuptae
2740 1674 2843 1730 quo
2872 1660 2975 1714 sint
3005 1659 3233 1731 genitore
3257 1669 3479 1729 creatis,

2192 1748 2503 1822 Diversique
2531 1767 2712 1825 greges
2739 1768 2843 1823 qua
2874 1752 2980 1807 sint
3009 1753 3243 1809 mercede
3272 1755 3467 1824 parati,

2197 1843 2583 1916 Confestimque
2606 1860 2769 1899 nurus
2797 1861 2951 1900 curvo
2980 1862 3097 1899 cum
3122 1844 3322 1917 poplite
3351 1849 3483 1918 fuste

2196 1937 2491 1992 Admorunt.
2521 1947 2726 1994 teneros
2751 1948 2973 2011 cognata
3001 1939 3071 1992 ad
3095 1938 3240 1994 basia
3268 1949 3444 1995 natos.

2197 2033 2267 2086 At
2294 2033 2467 2087 senior
2494 2033 2700 2104 prolata
2732 2034 2815 2103 pie
2844 2033 2972 2087 dum
3001 2050 3220 2088 munera
3242 2034 3393 2102 vitat,

2054 2124 2454 2197 1005Mitificus
2477 2127 2664 2181 mulcet
2692 2127 2965 2181 concordis
2995 2128 3219 2199 pignora
3247 2127 3401 2198 vatis,

2194 2221 2360 2290 Atque
2385 2220 2547 2275 libens
2577 2225 2744 2293 fratre
2770 2222 2967 2293 pariter
2996 2222 3274 2277 comitante
3301 2223 3543 2287 recurrit,

2196 2316 2264 2373 Ut
2296 2317 2404 2371 vice
2430 2333 2726 2373 sermonum
2758 2318 2949 2373 sensim
2976 2333 3075 2372 sua
3102 2327 3244 2389 gesta
3271 2317 3542 2389 referrent.

2195 2410 2304 2467 Sed
2329 2412 2454 2481 quia
2484 2412 2777 2484 lentigrado
2803 2412 3080 2483 serpebant
3108 2414 3316 2482 agmine
3342 2413 3498 2484 foetae,

2194 2502 2444 2559 Subsedit
2470 2513 2631 2569 vates,
2660 2503 2923 2576 gregibus,
2955 2504 3564 2578 famulisqueregendis,

2048 2592 2466 2667 lOiOParvaque
2494 2595 2743 2667 frondoso
2770 2598 2943 2665 posuit
2974 2596 3204 2669 mapalia
3231 2606 3388 2665 tecto,

2193 2686 2425 2743 Nomine
2447 2704 2563 2758 qum
2587 2687 2693 2758 fixo
2722 2688 2922 2758 placuit
2949 2689 3173 2743 vocitare
3203 2687 3491 2745 Tabernas.

2191 2782 2405 2837 Devenit
2429 2783 2499 2836 ad
2530 2782 2778 2849 Sicimas,
2807 2799 2926 2850 qua:
2950 2792 3070 2839 sunt
3096 2784 3305 2857 regione
3331 2782 3644 2855 Chananna,

2191 2876 2455 2933 Mercatus
2483 2879 2650 2949 pretio
2680 2878 2903 2947 conﬁnis
2930 2877 3132 2949 praedia
3161 2886 3334 2946 terrte,

2188 2971 2353 3041 Atque
2380 2970 2547 3025 Deum
2577 2971 2786 3029 structis
2812 2986 3101 3041 properans
3125 2969 3380 3026 altaribus
3411 2980 3545 3026 orat.

2044 3063 2353 3121 1015οΔΡ.
2397 3062 2645 3119 XXXIV.
2682 3062 2805 3119 Illic
2852 3064 3139 3135 improbius
3184 3062 3381 3118 Dinam
3425 3063 3649 3120 Correus

3321 3155 3574 3229 [amatam

2183 3248 2410 3319 Polluit,
2441 3258 2487 3304 et
2515 3259 2704 3304 tenerae
2728 3249 3031 3321 praecerpsit
3059 3250 3281 3321 virginis
3306 3266 3480 3319 usum,

2188 3345 2553 3419 Conjungique
2576 3344 2752 3399 volens
2779 3343 2992 3413 soceris,
3018 3343 3295 3415 prtepudia
3321 3343 3567 3415 dempsit,

2185 3437 2423 3493 Grandia
2452 3437 2590 3491 dona
2618 3437 2788 3508 ferens
2816 3446 2970 3508 rapta
2997 3453 3093 3509 pro
3122 3443 3346 3514 conjuge
3375 3440 3504 3507 vati,

2190 3532 2487 3604 Oppressus
2517 3541 2626 3587 tota
2655 3533 2850 3604 pariter
2878 3550 2995 3587 cum
3021 3533 3156 3605 pube
3184 3544 3419 3590 necatur.

2044 3623 2453 3681 1020Natorum
2481 3627 2620 3694 ferro
2648 3623 2815 3677 doluit
2840 3624 2952 3678 haec
2977 3633 3120 3695 gesta
3137 3624 3391 3696 Iacobus,

2190 3716 2484 3788 lnfractum
2516 3714 2682 3785 fwdus
2705 3716 2846 3769 socia
2869 3732 2987 3769 cum
3011 3725 3163 3787 gente
3186 3717 3412 3773 locutus.

2183 3806 2341 3864 CAP.
2365 3804 2588 3862 XXXV.
2614 3803 2767 3861 Ilicet
2794 3806 3134 3876 Omnipotens
3164 3810 3362 3865 monuit
3382 3810 3644 3870 discedere

3360 3903 3568 3978 [vatem,

2182 3997 2255 4048 Ac
2285 3994 2497 4049 domum
2527 3994 2691 4065 fidam
2717 3993 2922 4051 Betheli
2945 3996 3002 4051 in
3027 3997 3149 4052 sede
3176 3997 3371 4069 locare,

2184 4089 2445 4161 Festinat,
2479 4101 2727 4164 paretque
2766 4089 2898 4162 Deo,
2932 4102 3182 4164 natosque
3208 4104 3474 4163 precatur,

2039 4183 2258 4243 1025Πε
2288 4185 2508 4239 delubra
2540 4184 2709 4240 Deum
2735 4184 2907 4254 rigido
2937 4186 3150 4255 firmata
3182 4185 3400 4241 metallo

2181 4275 2571 4343 Comminuant,
2602 4276 2850 4347 niveoque
2874 4284 3020 4347 togas
3043 4276 3137 4331 sub
3165 4278 3389 4350 tegmine
3409 4289 3640 4335 sumant.

2183 4366 2306 4440 Ipse
2335 4368 2460 4423 deos
2490 4365 2665 4422 nullos
2699 4365 3002 4422 Terebinthi
3032 4368 3308 4425 abscondit
3334 4371 3388 4425 in
3423 4381 3600 4442 antro,

400 4501 537 4582 94?:
566 4501 623 4555 In
654 4499 888 4572 Vulgata
917 4499 1122 4557 Laban.
1160 4509 1459 4573 persecutus
1487 4510 1561 4556 est
1593 4501 1779 4559 diebus
1808 4520 1928 4577 sep-
1955 4508 2013 4571 D
2108 4508 2609 4582 988.,Legenosse.

322 4586 453 4631 tem.
487 4571 665 4627 Mau'r.

399 4643 535 4703 949.
580 4645 754 4708 Quare
797 4648 1002 4715 furatus
1059 4661 1112 4700 es
1166 4645 1289 4698 deos
1334 4646 1512 4699 meos?
1558 4645 1733 4715 inquit
1778 4645 1933 4702 Scri-

321 4728 529 4791 ptura:
563 4716 651 4791 ubi
680 4716 946 4791 observat
973 4716 1401 4791 S_._Aﬁugustinus
1422 4726 1617 4787 quaest.
1649 4716 1721 4791 94
1744 4717 1797 4771 in
1828 4717 1937 4775 Ge-

321 4785 483 4852 iies.,
504 4787 643 4859 quod
670 4804 702 4839 a
723 4788 980 4859 principio
1002 4786 1117 4841 libri
1146 4785 1403 4842 Geneseos
1431 4785 1571 4843 nunc
1599 4790 1825 4859 primum
1852 4791 1935 4844 in-

320 4862 562 4929 venimus
583 4858 707 4911 deos
724 4858 982 4929 gentium.
1014 4861 1191 4916 MART.
1602 4858 1607 4859 “
1895 4880 1900 4885 ·

398 4928 530 4988 955.
563 4928 755 4984 Castra
790 4930 929 4998 haec,
958 4931 1136 5000 inquit
1158 4932 1223 5001 S.
1245 4930 1586 5001 Augustinus
1610 4941 1805 4998 quaest.
1835 4931 1933 4989 101

319 5003 379 5060 in
403 5002 638 5061 Genes..
674 5001 824 5055 nulla
845 4999 1118 5057 dubitatio
1140 4999 1247 5066 esi,
1287 4999 1438 5069 quod
1461 5003 1786 5069 angelorum
1822 5002 1941 5059 lue-

320 5076 401 5130 rit
426 5071 756 5145 multitudo:
782 5089 842 5126 ea
868 5075 1064 5145 quippe
1088 5074 1143 5126 in
1168 5072 1458 5143 Scripturis
1484 5071 1688 5127 militia:
1711 5074 1829 5126 caeli
1847 5090 1941 5128 no-

318 5147 615 5200 minantur.
665 5143 840 5199 Mau'r.
879 5143 1051 5200 Facili
1082 5146 1388 5200 mutatione
1417 5158 1611 5199 versus
1639 5145 1937 5213 constabit,

318 5218 471 5271 videt
499 5230 598 5282 pro
624 5215 773 5271 vidit.

399 5284 533 5343 959.
563 5285 767 5342 Versus
795 5295 1206 5359 corruptustut
1229 5288 1385 5342 multi
1416 5288 1509 5342 alii
1545 5287 1771 5359 passim,
1801 5302 1941 5359 quos

317 5360 458 5414 sine
487 5371 723 5430 censura
770 5366 1057 5427 praetereo.
1114 5357 1450 5423 Coniectura
1498 5358 1799 5430 probabilis
1822 5357 1938 5427 est,

319 5427 618 5503 qqugbet
634 5431 729 5503 uti,
756 5431 839 5484 vel
860 5431 1006 5499 queis
1027 5430 1175 5503 jubet
1195 5430 1293 5503 uti.

401 5445 611 5553 (urbe:
634 5445 729 5494 ttlt,
756 5445 839 5484 vet
860 5446 1006 5499 queis
1027 5445 1175 5503 jubet
1195 5445 1293 5484 uti.

401 5501 441 5556 9
481 5501 538 5557 '5.
568 5498 828 5556 ﬂendum
859 5504 1020 5555 etiam
1048 5502 1137 5556 hic
1165 5502 1374 5556 subest.

403 5570 537 5628 975.
561 5569 747 5644 orte,
773 5572 841 5628 Ut
862 5574 1034 5626 rarios
1054 5589 1259 5626 caveam
1286 5574 1509 5644 gemino.

409 5644 541 5717 978.
571 5642 741 5717 Ljsgis
774 5646 1021 5712 placeret
1052 5661 1166 5699 mea
1199 5642 1440 5717 pignora.

403 5715 541 5771 986.
573 5714 856 5772 Dominum
877 5717 1120 5780 Cernens,
1155 5717 1206 5771 id
1233 5714 1336 5777 (δἐι.
1372 5716 1571 5772 Israel:
1622 5731 1744 5772 nam
1772 5716 1941 5772 Israel

319 5788 531 5860 videns,
543 5784 719 5860 Deum
747 5790 1144 5860 interpretatur
1167 5803 1237 5843 ex
1269 5786 1528 5859 Origene.
1563 5788 1791 5853 Basilio,
1813 5788 1942 5845 Gre-

320 5859 494 5936 gorio
515 5857 1311 5931 Nazianzeno,'Chrysostomo
1332 5857 1389 5915 ei
1408 5860 1731 5931 Augustino.
1758 5860 1937 5916 Mm.

2408 4581 2635 4670 V‘ulgata
2667 4581 2866 4670 legitur
2895 4582 3126 4670 Sichem,
3169 4599 3279 4670 pro.
3298 4600 3408 4657 quo
3436 4585 3640 4670 Iuven-

2039 4665 2138 4708 cus
2165 4653 2385 4724 scripsit
2423 4651 2667 4722 Correus,
2710 4651 2856 4737 quod
2900 4651 3460 4727 nomen'gentis'esse
3489 4660 3641 4717 vide-

2043 4732 2150 4779 tur.
2202 4722 2337 4779 Nam
2389 4734 2686 4780 occurrunt
2731 4742 2782 4779 ιη
2829 4726 3125 4792 Scripturis
3168 4726 3405 4783 Cboraei.
3446 4729 3636 4787 Mam.

2044 4795 2383 4870 Augustinus
2429 4807 2634 4870 qu:_est._
2667 4796 2719 4850 in
2749 4796 2889 4870 Gen.
2934 4796 3060 4862 107,
3090 4797 3228 4870 105Ἀ
3247 4798 3394 4870 legit,
3426 4800 3637 4857 Sichem

2042 4864 2183 4934 filius
2212 4864 2432 4920 Emmor
2462 4864 2656 4930 .Evcei,
2684 4868 2782 4923 sed
2818 4868 2870 4922 in
2898 4877 3023 4922 octo
3049 4884 3183 4925 mss.
3217 4864 3389 4926 habet
3422 4870 3635 4926 Emmor

2044 4936 2430 5009 Cborrteustln
2460 4946 2614 4993 textu
2642 4953 2825 5009 graeco
2856 4939 3052 5008 legitur
3075 4939 3282 5008 Evaus;
3300 4942 3396 4998 sed
3419 4943 3473 4998 in
3494 4958 3628 4998 mss.

2045 5006 2227 5078 Alex”
2260 5017 2315 5062 et
2342 5006 2488 5074 Sar.,
2518 5006 2723 5063 necnon
2756 5012 2809 5063 in
2839 5006 2971 5066 edit.
3000 5010 3149 5078 Aldi,
3179 5006 3439 5067 Cori-was.

2118 5077 2280 5152 illi].
2321 5078 2547 5152 Corrige
2571 5082 2846 5152 prteputia.

2118 5148 2279 5204 1018.
2322 5148 2452 5204 Post
2491 5148 2635 5204 hunc
2675 5148 2894 5206 versum
2940 5152 3296 5209 collocandus
3322 5162 3407 5208 est
3437 5167 3631 5209 versus

2046 5219 2216 5296 103]ζ
2227 5232 2302 5296 _ut
2321 5218 2496 5296 [δεῦε
2527 5236 2591 5296 ex
2620 5234 2780 5296 Sacro
2811 5223 3289 5296 textuiintelliges.

2118 5291 2280 5362 1025.
2321 5291 2477 5362 Fort.
2512 5292 2675 5362 Atque
2697 5293 2910 5348 domum
2942 5295 3068 5359 fida.

2118 5360 2285 5433 1025.
2328 5361 2543 5433 Melius,
2577 5360 2800 5433 formata
2829 5365 3060 5419 metallo.

2120 5431 2279 5507 1027.
2323 5431 2551 5507 Vulgata
2579 5431 2763 5507 versio
2784 5453 2798 5488 :
2825 5437 2909 5507 “At
2938 5436 3026 5490 ille
3048 5437 3240 5507 infodit
3266 5453 3329 5492 ea
3357 5437 3530 5492 subter
3558 5446 3637 5493 te-

2048 5502 2362 5559 rebintbum.
2408 5504 2700 5575 Aliiversio
2742 5505 2962 5573 Italica,
2994 5502 3154 5575 quain
3186 5508 3320 5563 citat
3345 5509 3402 5564 S.
3437 5508 3636 5564 Hiero-

2049 5590 2242 5658 nymus
2272 5583 2462 5629 contra
2494 5574 2802 5629 Helvidium
2825 5620 2840 5643 ,
2874 5574 3153 5657 Abscondit
3177 5595 3238 5632 ea
3262 5577 3427 5634 Iacob
3462 5582 3637 5636 subter

2047 5644 2409 5700 terebmthum.
2436 5646 2616 5700 MART.
2642 5646 2985 5706 Ambrosms.
3012 5647 3357 5706 enist.66.ad
3381 5650 3596 5706 Romul.
3620 5670 3635 5706 :

2397 5686 2409 5698 .
2436 5665 2616 5717 manu.
2642 5665 2985 5714 amnrosms,
3012 5665 3357 5717 ep15t.ob,au
3382 5665 3596 5708 ﬂomul.
3620 5670 3635 5706 :

2047 5663 2409 5700 terevmtuum.
2436 5663 2616 5700 MART.
2642 5663 2985 5714 Αηωῐοειυε,
3012 5663 3357 5717 eplst.bb,au
3382 5663 3596 5708 ﬂomul.
3620 5670 3635 5706 :

2045 5716 2212 5793 Iacob
2237 5715 2507 5793 abscondit
2547 5719 2757 5793 inaures
2787 5734 2904 5793 cum
2934 5719 3231 5793 simulacris
3254 5723 3488 5793 gentium
3516 5739 3527 5777 :
3581 5733 3638 5779 et

2048 5788 2175 5863 libr.
2222 5790 2375 5863 n__de
2417 5788 2598 5863 Iacob,
2624 5805 2673 5844 e.
2698 5791 2771 5863 ,7:
2819 5787 2903 5845 Ibi
2931 5790 3054 5847 deos
3097 5787 3295 5863 accepit
3333 5795 3553 5860 alienos,
3584 5803 3637 5847 et

2045 5860 2313 5917 abscondit
2344 5877 2430 5916 eos
2460 5861 2554 5916 sub
2583 5860 2817 5918 lentisco.
