4096 6182
456 202 565 261 ars
728 154 779 163 ’Ν
1527 202 1877 264 APPENDIX
1914 202 2008 258 AD
2044 198 2281 260 opem
2316 198 2625 259 sumne].
3655 199 3760 257 576

458 313 599 371 1215
619 313 858 386 Namque
882 315 960 371 ita
987 315 1051 371 de
1076 317 1236 389 gestis
1256 326 1471 374 ventura
1497 319 1726 393 insignia
1751 298 1953 392 formis,
2080 318 2130 378 A
2302 315 2547 389 Allegant
2574 316 2775 373 nescire
2806 315 2978 384 dolos,
3011 331 3218 386 seseque
3246 321 3477 388 fatentur

607 406 677 464 Ut
709 414 907 476 septem
929 408 1173 480 fatcunda
1198 411 1329 465 satis
1359 414 1427 467 sit
1449 420 1586 468 terra
1617 430 1709 484 per
1733 430 1918 481 annos,
2307 406 2401 465 Bis
2429 426 2577 465 senos
2605 410 2876 482 quondam
2902 412 3093 483 fratres
3123 410 3353 481 genitore
3375 408 3468 465 sub
3492 425 3597 465 uno

603 503 769 575 Atque
788 503 979 575 famem
1003 503 1174 559 diram
1195 507 1353 578 parili
1381 523 1499 563 cum
1518 518 1749 580 tempore
1774 510 1986 585 gignat:
2166 500 2654 576 1265Conspicuam
2675 504 2898 559 tenuisse
2922 502 3157 570 domum,
3187 501 3268 557 his
3298 501 3539 557 omnibus
3568 516 3731 557 unum

609 596 740 665 Quis
768 597 971 668 penitus
994 597 1148 654 tellus
1172 599 1461 657 sitientibus
1483 602 1635 657 arida
1662 602 1802 657 venis
2307 595 2642 652 Postremnm
2670 608 2798 652 natu
2826 598 3026 669 patrios
3051 612 3257 652 servare
3282 597 3505 663 labores,
3546 666 3549 667 ν

490 755 502 764 .
610 686 826 744 Pallida
852 689 1092 761 pulvereo
1117 701 1382 746 consumat
1413 693 1651 764 gramina
1678 693 1845 749 sulco.
2307 687 2399 743 Ast
2428 689 2591 743 alium
2615 688 2801 744 celebri
2824 690 2937 761 jam
2968 690 3169 761 pridem
3200 689 3379 761 defore
3402 690 3561 745 letho.

464 780 852 853 1220Namque
878 781 1169 855 duplicibus
1188 786 1488 858 junguntur
1510 787 1711 841 somnia
1729 786 1870 857 visis,
2310 780 2383 837 Se
2408 780 2577 836 diram
2607 783 2770 837 vitare
2799 781 3013 852 famem,
3036 791 3329 853 terramque
3356 779 3699 837 Chanannmn

608 874 759 930 Certa
788 874 926 930 Deus
950 878 1135 948 juncto
1154 878 1365 934 mandat
1393 889 1629 936 constare
1650 890 1876 937 tonante.
2311 870 2534 943 Εαεοεοε,
2562 875 2708 929 tenui
2735 873 3066 929 damnantem
3091 875 3287 930 semina
3314 875 3448 945 fotu.

612 968 750 1038 Quin
766 973 941 1041 potius
964 971 1089 1027 dum
1112 981 1315 1044 tempus
1342 974 1511 1043 adest,
1533 977 1657 1032 dum
1677 993 1801 1033 cura
1827 978 2064 1035 medendi
2166 964 2229 1023 η

1900 978 2064 1035 edendi
2166 964 2534 1024 I270Poscere
2561 968 2763 1024 venales
2789 969 3005 1040 species,
3035 968 3335 1039 licitataque
3355 969 3517 1040 farra.

1873 1070 1990 1145 [est,
2312 1058 2592 1132 Eloquitur
2609 1071 2769 1129 vates,
2793 1062 3009 1117 rectoris
3038 1062 3245 1116 nomine
3262 1062 3479 1133 jurans,

607 1151 761 1225 Elige
786 1153 851 1209 tle
876 1155 1081 1210 cunctis
1112 1173 1397 1227 procerem,
1430 1159 1519 1229 qui
1547 1160 1795 1230 prwscius
1815 1161 2024 1228 horum,
2311 1150 2642 1209 mandendus
2667 1154 2803 1209 dura
2815 1158 3035 1228 juvenes
3062 1155 3319 1224 custodia,
3352 1154 3512 1210 donec

614 1253 892 1308 “diem”
921 1256 1129 1327 Ροδίίίδν
1165 1266 1323 1312 “nam
1351 1257 1586 1314 δηθίίθηίδ
1618 1258 1932 1332 λίθυρευητ
2311 1245 2631 1302 Germanum
2655 1246 2949 1315 exhibeant,
2972 1248 3174 1322 genitor
3194 1263 3346 1318 quem
3373 1249 3514 1302 mitis
3535 1246 3777 1303 habebat.

471 1342 906 1416 1225Temperet,
921 1356 969 1400 et
989 1347 1201 1417 quintas
1211 1364 1530 1420 quacumque
1552 1365 1615 1404 ea:
1626 1365 1790 1405 messe
1806 1362 2064 1422 reposcat.
2314 1341 2612 1398 Nectuutur
2643 1345 2786 1398 tritta
2812 1343 3009 1414 pariter
3034 1342 3128 1397 sub
3147 1358 3275 1397 cura
3301 1350 3550 1411 tuentum,

617 1435 687 1493 Ut
707 1454 824 1510 qute
844 1440 1013 1511 prima
1035 1440 1192 1494 datur
1219 1441 1472 1511 facundis
1500 1443 1650 1515 copia
1679 1445 1849 1513 terris,
2173 1434 2609 1507 I275Latcatique
2637 1436 2845 1501 dehinc,
2878 1452 3035 1490 unum
3064 1436 3262 1508 liquere
3289 1436 3591 1492 tenendum.

611 1531 713 1592 Ius
742 1542 908 1589 teneat
937 1535 1139 1589 steriles
1169 1537 1486 1608 consumptis
1519 1537 1754 1610 frugibus
1780 1556 1965 1596 annos.

2317 1529 2431 1585 Nec
2459 1530 2629 1584 minus
2652 1530 2855 1585 occulto
2885 1538 3178 1603 rumpentes
3205 1532 3366 1586 corda
3395 1531 3596 1599 dolore,

613 1624 886 1695 Accipitur
916 1624 1107 1692 plausu
1137 1642 1410 1697 procerum
1434 1631 1686 1685 sententia
1714 1632 1859 1686 ratis.
2317 1620 2752 1690 Commemorant,
2770 1626 3083 1696 quamjusta
3104 1623 3202 1678 sibi
3221 1624 3522 1679 discrimina
3535 1633 3784 1699 surgunt,

613 1718 739 1792 Ipse
767 1722 922 1775 etiam
943 1721 1150 1777 tandem
1180 1723 1360 1777 sedato
1390 1732 1595 1795 pectore
1614 1737 1784 1781 rector
2105 1714 2146 1774 Β
2322 1714 2475 1781 Quod
2496 1716 2707 1786 fratrem
2736 1716 3048 1770 immeritum
3077 1716 3234 1772 vetito
3266 1715 3608 1776 transcribere
3633 1734 3787 1791 pace,

474 1810 617 1869 1250
627 1810 764 1867 Vera
788 1824 1148 1869 renarrantem
1173 1816 1311 1870 celso
1338 1816 1585 1872 sublimat
1610 1819 1823 1887 honore,
2320 1806 2596 1870 Commissi.
2625 1825 2740 1863 8670
2760 1826 2938 1881 ρωπαε
2963 1810 3057 1865 sub
3073 1809 3259 1878 judice
3284 1812 3530 1883 pendant.

619 1904 1040 1978 Prtefectumque
1058 1908 1207 1979 jubet
1238 1918 1369 1963 totas
1397 1925 1452 1963 se
1482 1911 1618 1980 ferre
1646 1928 1737 1983 ρει·
1766 1912 1935 1980 urbes,
2179 1902 2698 1975 liSOIngravathaec
2725 1904 2877 1959 dictis
2897 1904 3147 1961 Rubenus
3174 1922 3295 1961 vera
3306 1923 3601 1977 renarrans,

617 1994 755 2051 Inde
784 1997 945 2052 anulo
974 1998 1196 2070 digitum
1218 2000 1349 2054 uatis
1372 2000 1603 2071 fulgente
1624 2014 1858 2071 coronat,
2321 1997 2394 2049 Ac
2422 1996 2588 2050 scelus
2617 1997 2950 2067 immensum,
2984 2014 3096 2052 sese
3126 1996 3355 2065 nolente,
3388 2008 3677 2069 peractum.

619 2086 844 2161 Bgssina
884 2107 1006 2146 mox
1032 2107 1212 2147 croceo
1242 2093 1528 2148 circumdat
1558 2094 1725 2166 pallia
1753 2098 1927 2168 ρεριο,
2323 2086 2579 2143 Flectitur
2611 2088 2693 2146 his
2721 2098 2882 2157 vates,
2915 2106 3163 2163 germana
3181 2093 3370 2167 jurgia
3399 2109 3638 2164 noscens,

617 2181 841 2239 Flexilis
866 2184 1105 2240 induitur
1135 2202 1228 2257 per
1258 2186 1453 2241 collum
1482 2188 1708 2244 circulus
1737 2195 1876 2260 auri,
2322 2183 2630 2239 Luminibus
2651 2184 2826 2238 tacitis
2856 2200 3130 2240 conversus
3154 2184 3330 2257 flebile
3356 2187 3575 2261 plangit.

474 2273 619 2333 1255
638 2275 804 2348 Atque
834 2293 995 2349 novus
1026 2287 1197 2334 rector
1224 2296 1383 2334 curru
1408 2279 1680 2337 sublimior
1708 2294 1897 2340 exstat.
2327 2275 2453 2333 Ηωε
2476 2278 2611 2333 inter
2628 2279 2799 2332 media
2830 2282 3052 2351 fratrum
3082 2278 3329 2335 Simeona
3354 2296 3548 2337 corona

618 2368 988 2443 Clamosusque
1016 2388 1188 2445 praeco
1211 2383 1456 2429 terrorem
1475 2376 1678 2448 judicis
1698 2389 1873 2452 auget.
2182 2373 2614 2443 I285Accipitur,
2638 2373 2777 2443 ﬁdus
2807 2374 3006 2429 cunctis
3025 2374 3359 2431 redeuntibus
3386 2376 3554 2432 obses.

624 2462 769 2532 Quin
798 2467 955 2519 etiam
977 2465 1166 2537 legitur
1186 2469 1404 2539 conjux,
1428 2468 1513 2523 cui
1541 2483 1725 2523 nomen
1755 2470 2006 2541 Asennes,
2287 2459 2301 2463 ’
2326 2467 2460 2522 Tum
2487 2467 2647 2538 petita
2677 2466 2774 2521 sibi
2792 2470 3010 2539 juvenes
3036 2468 3299 2539 frumenta
3323 2480 3618 2542 capessunt,

627 2557 797 2624 Quam
824 2558 1003 2630 genuit
1031 2558 1173 2614 claro
1204 2557 1452 2631 Petafras
1479 2571 1750 2619 stemmate
1770 2576 1934 2633 vates,
2329 2559 2690 2631 Immensoque
2718 2576 2899 2633 graves
2928 2569 3178 2633 urgentur
3203 2562 3436 2634 pondere
3458 2564 3609 2629 muli,

627 2647 713 2703 Ex
738 2666 841 2719 qua
866 2652 1140 2720 confestim
1168 2655 1376 2724 genitor
1394 2654 1455 2725 ﬁt
1483 2657 1701 2728 pignore
1720 2656 1863 2712 bino.
2325 2653 2546 2722 Jamque
2574 2652 2673 2707 vite
2703 2651 2896 2717 medio,
2921 2654 3047 2706 dum
3072 2654 3224 2707 solvit
3252 2654 3460 2709 vincula
3484 2656 3645 2723 sacci,

482 2737 624 2795 1240
643 2738 851 2794 Dicitur
881 2744 1114 2797 anterior
1145 2742 1438 2814 Manasses,
1457 2749 1645 2819 junior
1667 2749 1920 2821 Ephrem.
2327 2744 2605 2800 Fratribus
2628 2746 2863 2800 inventos
2892 2744 3109 2816 quidam
3134 2745 3224 2798 dat
3251 2745 3413 2801 visere
3434 2762 3694 2803 numntos.

624 2831 847 2904 ngypti
874 2836 1004 2889 vatis
1030 2847 1273 2909 suggestu
1301 2839 1488 2894 nobilis
1519 2840 1650 2910 alto,
2189 2836 2363 2895 12901
2367 2837 2401 2892 d
2430 2838 2601 2892 cuncti
2628 2836 2848 2909 faciunt,
2875 2837 3040 2909 pretio
3070 2852 3192 2891 mox.
3221 2836 3408 2892 deinde
3433 2847 3659 2908 reperto,

626 2925 894 2998 Quidquid
918 2929 1003 2984 vix
1020 2931 1189 3000 potuit
1203 2933 1448 3004 jejunum
1476 2951 1738 2990 assumere
1763 2946 1988 3007 tempus,
2334 2930 2589 2988 Mirantes
2616 2947 2819 2986 summo
2846 2933 3048 3001 proceri
3075 2930 3356 2986 certamine
3377 2931 3617 2986 laudant.

632 3018 839 3075 Horrea
869 3022 1025 3092 plena
1055 3032 1253 3092 tenens,
1276 3034 1335 3079 ut
1358 3043 1475 3080 cum
1503 3044 1589 3083 res
1620 3040 1850 3097 posceret
1878 3033 1976 3099 uti,
2338 3024 2562 3096 Jamque
2588 3024 2717 3080 adeo
2746 3027 2931 3095 patria:
2961 3024 3235 3079 subeuntes
3262 3025 3445 3079 limina
3473 3025 3635 3095 sedis,

627 3110 897 3182 Proferret
928 3115 1128 3168 cunctis
1151 3118 1478 3184 poscentibus
1503 3120 1683 3174 abdita
1705 3122 1871 3193 farra.
2114 3106 2160 3172 C
2333 3118 2583 3174 Gratatur
2609 3117 2823 3174 reduces
2847 3117 3069 3191 genitor,
3093 3132 3352 3187 unumque
3376 3119 3614 3185 requirit.

484 3201 627 3261 1245
650 3203 781 3259 Post
809 3205 895 3260 ubi
925 3206 1043 3261 dira
1071 3211 1253 3279 fames,
1283 3220 1443 3265 totum
1473 3211 1667 3281 diffusa
1685 3232 1776 3286 per
1809 3217 2004 3285 orbem,
2337 3213 2527 3269 Omnia
2556 3230 2892 3286 cognoscens,
2917 3229 3276 3283 nummosque,
3307 3222 3358 3268 et
3385 3212 3524 3268 dona
3550 3215 3798 3287 capessit,

625 3294 853 3368 Cogebat
881 3297 1135 3370 trepidos,
1168 3312 1370 3370 poterat
1391 3304 1533 3374 quod
1558 3308 1816 3377 mandier,
1848 3325 1975 3376 esse,
2192 3308 2654 3380 1295Conquestus
2683 3309 2927 3381 graviter,
2956 3307 3119 3363 alium
3136 3311 3254 3379 jam
3283 3306 3462 3378 defore
3487 3317 3686 3363 natum.

626 3388 924 3446 Conclamat
958 3393 1209 3462 populus,
1239 3410 1512 3468 regemque
1531 3398 1788 3473 efﬂagitat
1813 3416 1975 3457 escas.
2329 3403 2501 3459 Accisi
2530 3418 2647 3457 cum
2673 3400 2858 3455 deinde
2882 3402 3004 3467 cibi,
3034 3400 3347 3471 advectaque
3370 3402 3516 3470 farra

624 3479 730 3537 Ille
747 3482 896 3555 jubet
916 3499 1179 3556 procerem
1205 3488 1400 3541 maestis
1445 3488 1571 3544 dare
1597 3494 1747 3560 farra
1773 3490 2079 3566 Iosepltum,
2333 3494 2592 3568 Cogebant
2619 3510 2803 3548 rursus
2831 3493 3013 3565 pretiis
3042 3492 3291 3547 alimenta
3319 3508 3532 3564 parare,

627 3571 908 3631 Parentem
937 3577 1166 3644 monitis,
1197 3588 1511 3649 cunctosque
1530 3581 1749 3652 explevit
1778 3598 2010 3642 ovantes.
2333 3592 2444 3649 Sed
2470 3606 2707 3646 revocare
2727 3588 2947 3663 gradum
2977 3587 3239 3657 Memphis
3257 3604 3401 3642 mens
3424 3604 3525 3642 non
3546 3598 3656 3643 erat
3674 3588 3791 3656 ulli,

484 3664 628 3725 1250
647 3664 803 3725 CAP.
835 3668 995 3725 XLII.
1051 3668 1259 3726 Interea
1294 3670 1542 3743 Iacobus,
1581 3678 1704 3746 [leto
1731 3678 1849 3748 jam
1907 3683 2087 3750 funere
2335 3684 2409 3740 Ni
2438 3685 2709 3739 minimum
2737 3686 2951 3752 fratrem
2976 3696 3146 3735 secum
3176 3689 3323 3752 pater
3351 3682 3427 3735 ire
3445 3680 3672 3751 juberet.

1854 3778 2010 3853 [nati,
2188 3779 2499 3847 I500Quent
2515 3794 2630 3832 cum
2642 3777 2796 3850 plura
2812 3792 3012 3847 gemens
3025 3773 3183 3830 nollet
3200 3775 3460 3831 dimittere
3474 3791 3756 3846 quoquam,

626 3861 719 3918 Bis
744 3864 928 3935 quinos
945 3868 1162 3936 juvenes
1184 3885 1461 3925 numeroso
1490 3888 1518 3925 e
1544 3874 1776 3943 germine
1798 3876 1972 3942 mittit,
2332 3873 2582 3929 Rubenus
2612 3871 2719 3943 fido
2751 3887 3054 3943 germanum
3080 3868 3312 3942 postulat
3340 3887 3447 3935 ore,

631 3955 735 4023 Qui
761 3957 1047 4031 longinqua
1074 3958 1222 4032 (sibi)
1253 3963 1421 4031 pretio
1449 3964 1710 4033 frumenta
1736 3978 2010 4039 pararent:
2331 3966 2561 4024 Securus
2582 3965 2788 4036 gemina
2818 3963 3141 4018 committens
3171 3963 3393 4037 pignora
3421 3964 3577 4031 patri.

624 4052 693 4105 At
719 4052 990 4107 minimum
1019 4055 1218 4109 cunctis
1248 4053 1616 4130 Benjaminum
1639 4076 1741 4114 non
1764 4061 1886 4115 sinit
1912 4063 2006 4131 ire,
2331 4058 2676 4127 Prosequitur
2705 4055 2900 4125 Iudas,
2931 4073 3041 4112 sese
3070 4072 3165 4111 nec
3190 4073 3342 4128 posse
3372 4058 3556 4113 reverti

627 4145 903 4203 Invalidus
930 4148 1122 4204 durum
1149 4161 1366 4223 nequeat
1390 4168 1455 4205 ne
1483 4157 1620 4224 ferre
1651 4154 1897 4212 laborem.
2330 4149 2654 4217 Proclamat,
2686 4148 2845 4223 rigidi
2875 4158 3089 4204 testatus
3118 4148 3272 4204 verba
3303 4147 3543 4219 Iosephi.

482 4235 623 4296 1255
642 4238 808 4311 Atque
826 4240 914 4295 ubi
924 4245 1045 4315 jam
1067 4239 1246 4299 Fariat
1269 4254 1570 4316 perventum
1600 4247 1670 4302 ad
1698 4250 1885 4304 muenia
1932 4260 2084 4307 teme
2189 4245 2330 4304 1505
2366 4243 2522 4302 CAP.
2578 4243 2760 4299 XLIII.
2812 4242 2946 4300 Htec
2985 4243 3073 4297 ubi
3113 4244 3421 4317 grandaevus
3458 4245 3661 4315 genitor
3680 4248 3795 4318 jam

1886 4341 2005 4415 [est,
3297 4334 3502 4408 [mitior
3523 4334 3723 4405 hausit,

622 4424 908 4481 Summissi
935 4428 1126 4500 petiere
1146 4429 1337 4498 solum,
1368 4431 1687 4504 fratremque
1708 4434 1962 4504 salutant,
2137 4502 2146 4504 _
2330 4432 2435 4489 Dat
2452 4434 2719 4504 juvenem,
2752 4431 2904 4502 largo
2922 4429 3242 4501 perfundens
3272 4428 3723 4499 ﬂuminevuttum.

623 4519 876 4578 Mirantes
906 4521 1049 4579 celsa
1068 4523 1345 4579 sublimem
1362 4525 1484 4580 sede
1508 4502 1788 4595 sedentem,
1876 4546 1881 4549 τ
1948 4502 1954 4504 ⁷
2113 4502 2161 4563 ³)
2332 4525 2425 4582 Illi
2451 4502 2662 4593 abeunt,
2689 4539 2962 4596 secumque
2978 4522 3167 4578 vehunt
3191 4520 3300 4577 leve
3325 4521 3520 4576 olentia
3547 4519 3722 4590 thura,

626 4612 743 4668 Nec
760 4623 932 4670 tamen
948 4626 1236 4687 agnoscunt
1254 4615 1412 4690 longo
1432 4626 1552 4688 post
1573 4627 1801 4689 tempore
1819 4619 2000 4674 visum.
2335 4616 2635 4685 Incensum,
2658 4627 2709 4671 et
2727 4624 2931 4689 guttam
2951 4618 3252 4689 jungentes,
3276 4631 3396 4668 cum
3421 4612 3723 4680 terebintho,

625 4706 766 4777 Quos
788 4708 875 4763 ubi
895 4709 1179 4782 perspexit,
1205 4710 1419 4764 memori
1443 4726 1559 4764 cum
1579 4719 1745 4765 mente
1760 4711 2010 4784 propheta
2335 4710 2485 4767 Inter
2514 4711 2760 4765 odoratas
2787 4716 3051 4780 portantes
3072 4707 3225 4762 mella
3250 4723 3466 4777 vapores
3481 4751 3495 4775 ,

477 4797 620 4857 1260
640 4798 909 4867 Increpat,
942 4810 990 4855 et
1019 4802 1183 4855 multa
1209 4810 1459 4874 proterret
1486 4818 1608 4858 voce
1637 4814 1897 4871 paventes,
2189 4801 2400 4862 15108ι
2428 4802 2689 4876 geminum
2720 4801 2959 4872 pretium,
3012 4807 3282 4855 consertus
3326 4815 3390 4853 ne
3427 4799 3560 4868 foret
3589 4812 3764 4865 error,

621 4892 880 4949 Scitatum
908 4893 1108 4948 venisse
1128 4894 1318 4965 ferens,
1351 4911 1466 4966 quas
1486 4895 1637 4965 copia
1662 4899 1894 4968 frugum,
2326 4896 2550 4953 Condita
2575 4895 2714 4968 quod
2742 4895 2933 4949 clausis
2964 4893 3167 4964 fuerant
3197 4892 3510 4947 numismata
3536 4892 3720 4947 saccis.
3796 4968 3801 4971 _

621 4986 787 5054 Quive
809 4988 906 5043 viri
927 4988 1142 5060 pingues
1173 4996 1379 5043 teneant
1407 4989 1756 5044 moderamine
1783 5000 1965 5047 terras.
2333 4989 2475 5058 Quos
2495 4989 2583 5043 ubi
2609 4988 2891 5060 conspicua
2920 4987 3046 5041 vidit
3076 4984 3336 5059 Iosephus
3362 4988 3417 5041 in
3437 4987 3581 5056 aula,

552 5123 904 5198 1215Ὲρηθ,
935 5124 1318 5198 ίιᾳγάῑῃειεὶδη
2187 5136 2275 5184 tur
2338 5126 2536 5183 deesse
2584 5125 2782 5196 aliquis
2835 5140 3030 5182 versus
3091 5125 3157 5181 ad
3215 5124 3542 5181 sententiam
3611 5127 3797 5197 expri-

548 5195 711 5253 1221.
744 5196 860 5252 Non
886 5195 1209 5267 intelligitur
1232 5197 1363 5268 quid
1389 5198 1461 5254 sit
1473 5201 1659 5268 juncto
1681 5205 1926 5264 tonante;
1949 5198 2073 5254 vide
2181 5199 2457 5256 mendam.

476 5283 606 5325 num
648 5268 941 5324 restituere
979 5266 1232 5338 operteal
1251 5266 1411 5324 'certa
1442 5266 1583 5325 Deus
1609 5268 1825 5323 mandat
1846 5269 2076 5339 junctim
2256 5268 2419 5327 1255.
2453 5270 2630 5337 ιιέτὶθ,
2658 5282 2757 5325 seu
2777 5267 2993 5340 Pharos
3017 5267 3275 5340 oppidum
3304 5276 3423 5322 eral
3454 5266 3704 5340 Egypti,
3739 5271 3793 5325 in

476 5348 980 5425 constqretgranno.
1149 5412 1161 5424 ο
1310 5412 1324 5425 _
1446 5411 1479 5425 η
1665 5418 1677 5425 Δ
1751 5410 1785 5425 ν
1920 5410 1934 5425 _
2181 5342 2363 5425 insula
2408 5355 2548 5411 pene
2594 5339 3138 5425 CRIIIIIIGHIIJUIICIQ,
3169 5339 3693 5425 .quondamueﬁia.
3722 5340 3794 5423 _de

549 5410 707 5467 1218.
752 5410 880 5484 Quis
922 5424 1022 5480 pro
1044 5412 1206 5483 queis,
1242 5412 1326 5468 vel
1371 5411 1577 5484 quibus,
1626 5418 1685 5466 ut
1715 5410 1855 5468 alias
1882 5410 2074 5468 obser-
2177 5428 2281 5484 qua
2309 5410 2583 5479 LuCauus,
2622 5410 2760 5484 libr.
2780 5427 2852 5484 gr:
2892 5410 3065 5465 Fama
3091 5410 3302 5483 quidem
3325 5412 3528 5482 generis
3566 5410 3792 5468 Pharias

470 5484 742 5537 vavimus.
773 5481 951 5539 Mur.
1057 5481 1065 5483 “
1383 5481 1392 5484 ⁷
2176 5481 2258 5541 me
2279 5484 2431 5538 duxit
2453 5484 2521 5537 ad
2548 5481 2717 5537 urbes.
2747 5483 2922 5537 Mser.

548 5551 709 5626 1220.
741 5552 925 5626 Lege:
959 5552 1100 5609 Nam
1124 5571 1242 5626 qua:
1278 5555 1593 5625 duplicibus.
2248 5555 2410 5611 1265.
2452 5555 2736 5626 ξὀιιιθλεω
2756 5554 2837 5608 his
2867 5553 3125 5626 omnibus.

547 5621 705 5697 res].
737 5621 1049 5697 gegendutn
1078 5621 1229 5697 pulo,
1264 5621 1531 5682 Sustineat
1560 5626 1793 5697 steriles.
1866 5695 1871 5697 _
1990 5695 1997 5697 Α
2241 5627 2403 5683 1278.
2449 5624 2606 5697 Pace,
2638 5623 2779 5697 forte
2809 5633 2978 5697 pacto.
3009 5625 3189 5697 Mser.

546 5690 706 5746 1212.
750 5690 934 5762 Forte,
972 5690 1268 5764 absumere,
1303 5712 1401 5767 pro
1452 5713 1733 5753 assumere.
1769 5695 1877 5753 Sed
1914 5695 2065 5754 vitle-
2242 5698 2400 5754 I307.
2441 5690 2705 5768 Corrige:
2740 5690 2866 5753 bene
2891 5696 3085 5752 olentia
3113 5694 3288 5753 thura.
