4096 6182
310 281 415 338 577
1596 279 1806 338 LIBER
1843 280 1913 340 ΙΝ

1995 281 2091 340 ΕΝ
2099 281 2251 341 ESIN
2260 325 2273 338 .
3398 286 3410 295 ’
3506 285 3612 347 378

452 398 710 473 Imperat,
741 408 798 456 ut
829 401 950 458 lteta
978 400 1233 457 celebrent
1257 403 1488 458 convivia
1516 418 1710 458 secum.
1933 405 1988 466 Α
2153 402 2311 460 CAP.
2357 401 2519 462 XLV.
2567 402 2848 461 Permotus
2901 407 3139 477 precibus
3176 416 3315 465 vates
3353 407 3615 464 discedere

449 491 748 548 Hussantes
776 508 954 549 venere
980 503 1170 559 tamen,
1196 493 1494 565 trepidoque
1522 503 1670 549 reatu
3307 501 3540 574 [cunctos

305 584 768 659 i3ISConjiciunt,
796 601 906 642 sese
931 595 1130 642 structa
1156 604 1271 643 cum
1300 588 1489 658 fraude
1518 598 1744 657 vocatos,
2156 587 2409 662 Imperat,
2437 606 2498 644 ac
2526 605 2636 646 sese
2662 606 2968 664 germanum
2998 591 3247 661 fratribus
3271 592 3411 664 inﬁt.

448 675 608 745 Quod
638 687 909 733 numerata
929 680 1075 751 prius
1094 681 1350 748 sestertia,
1378 682 1603 753 dataque
1632 683 1755 749 vati,
2154 680 2326 752 De/ixi
2354 683 2560 754 riguere
2587 691 2746 751 metu,
2782 684 3044 755 tacitoque
3068 694 3216 740 reatu

448 769 748 825 Sarcinulis
773 771 1022 844 imposita
1044 774 1151 827 suis
1175 792 1279 829 non
1309 776 1522 830 reddere
1544 776 1794 844 quissent,
2150 774 2475 831 Damnantes
2501 792 2634 843 sese,
2664 776 2902 832 cohibent
2929 776 3213 849 formidine
3240 793 3406 833 voces.

445 864 518 920 Se
539 872 711 919 tamen
738 874 965 922 exsortes
995 870 1231 939 futurum
1259 878 1441 924 cuncta
1466 870 1677 939 referre,
2010 867 2423 924 i560Prolectat
2451 885 2576 923 mox
2601 870 2692 924 ille
2717 886 2853 939 reos,
2885 871 3201 943 propiusque
3225 870 3440 937 vocatis,

441 956 556 1011 Nec
581 975 853 1015 consuesse
876 961 1022 1031 prius
1048 978 1321 1034 suppressa
1350 964 1512 1017 tivere
1535 973 1683 1034 gaza.
2148 959 2347 1035 Exigit,
2379 972 2433 1017 ut
2459 962 2600 1017 dicta
2628 971 2833 1033 portent
2861 963 3122 1033 placitura
3151 964 3358 1034 parenti

303 1047 597 1107 £510Talia
624 1050 854 1108 dicentes
881 1054 1083 1111 cohibet
1108 1073 1343 1113 sermone
1373 1059 1628 1125 minister,
2147 1053 2279 1122 Quae
2315 1055 2451 1122 sint,
2488 1070 2605 1126 qua:
2653 1055 2878 1125 fuerint,
2925 1072 3041 1125 qua:
3085 1071 3209 1111 mox
3257 1064 3472 1112 ventura
3521 1056 3603 1127 fe-

443 1147 613 1219 Seque
640 1147 785 1202 docet
812 1147 972 1205 nullis
1001 1152 1308 1222 fraudatum
1338 1168 1549 1209 noscere
1578 1155 1823 1222 nummis,
2514 1169 2519 1173 '
3278 1146 3487 1221 [fantur
3510 1165 3530 1203 ἔ

454 1236 641 1292 Verum
662 1240 708 1294 si
734 1256 836 1309 qua
858 1242 986 1297 viris
1012 1244 1269 1299 donarent
1299 1245 1573 1300 commoda
1594 1246 1820 1315 lucrum,
2142 1237 2433 1310 lustigans,
2462 1242 2687 1310 migrare
2711 1256 2907 1307 semen,
2935 1240 3277 1314 gregibusque
3301 1241 3492 1296 coactis

440 1329 556 1386 Nec
580 1349 702 1401 sua,
732 1350 825 1389 nec
852 1336 1007 1403 vatis,
1038 1353 1130 1391 nec
1158 1339 1297 1411 regis
1322 1338 1494 1393 dicere
1521 1356 1851 1412 quemquam.
2148 1331 2358 1389 Vicinos
2386 1333 2615 1389 Arabum
2642 1334 2805 1390 colles
2836 1336 3153 1391 venientibus
3179 1335 3353 1404 oﬂ'ert.

437 1424 680 1479 Occurrit
702 1428 903 1483 cunctis
930 1428 1167 1499 Simeon,
1202 1448 1409 1504 seseque
1430 1444 1730 1505 prtesentat,
1994 1424 2054 1481 15

1994 1423 2209 1481 1565111
2238 1426 2361 1491 quia
2389 1427 2633 1482 continuo
2658 1426 2813 1482 tellus
2837 1430 2973 1499 foret
2996 1429 3148 1484 arida
3172 1429 3360 1494 lustro,

299 1518 681 1594 iSSSDumque
704 1523 828 1578 viris
852 1525 1117 1596 lymphas,
1141 1527 1263 1581 dum
1285 1528 1475 1599 praebet
1496 1529 1689 1598 pabula
1711 1530 1887 1598 mulis,

1791 1530 1887 1598 ειίε,
1950 1527 1954 1533 '
2138 1517 2384 1573 Pasceret
2410 1528 2630 1590 agnatos
2654 1522 2910 1591 congestis
2938 1519 3180 1589 frugibus
3209 1537 3408 1577 omnes.

433 1612 741 1686 Ingreditur
768 1615 932 1671 multo
960 1618 1188 1689 stipatus
1216 1619 1381 1673 milite
1406 1630 1568 1687 vates,

2136 1608 2247 1665 Ista
2278 1610 2448 1665 edicta
2471 1612 2568 1665 viri
2599 1611 2718 1666 lwto
2743 1627 2837 1667 res;
2862 1621 3067 1681 pectore
3088 1615 3275 1683 noscit,

431 1706 596 1781 Cujus
624 1709 695 1763 ad
720 1717 987 1781 aspectum
1011 1721 1257 1783 promunt
1284 1713 1373 1783 pia
1398 1729 1616 1768 munera
1644 1714 1856 1783 fratres.
2131 1702 2520 1777 Munitumque
2548 1712 2720 1776 709‘“,
2747 1703 3032 1760 ελανοηηη
3063 1723 3329 1764 αδεωηενε
3355 1709 3589 1779 imam.

431 1799 537 1856 Ille
559 1803 649 1857 ubi
676 1820 766 1873 per
786 1812 1003 1860 cunctos
1026 1804 1235 1878 placido
1260 1822 1495 1871 sermone
1520 1810 1773 1875 cucurrit,
1914 1796 1960 1857 B
2136 1794 2202 1850 Et
2228 1799 2462 1868 gratuita
2479 1796 2627 1869 jubet
2660 1799 2919 1869 germanis
2947 1800 3148 1855 tradere
3176 1803 3343 1871 farra.

433 1894 720 1966 Perquirit,
745 1897 789 1952 si
814 1896 967 1967 firma
994 1907 1143 1969 pater
1166 1899 1353 1953 virtute
1378 1898 1594 1955 valeret.
1738 1901 1742 1905 ’
1989 1885 2341 1943 l3700antur
2367 1888 2603 1959 plaustra
2630 1890 2775 1958 viris,
2810 1890 3096 1961 frumenta,
3127 1893 3336 1962 pocula,
3371 1894 3546 1967 panis,

288 1985 598 2055 imauem
615 1998 888 2059 postquam
904 1990 1221 2045 incolumem
1242 1992 1442 2060 dixere,
1465 2003 1511 2047 et
1534 1994 1697 2049 vivere
1721 2002 1876 2059 recte,

1808 2002 1876 2059 τι»,
2128 1981 2427 2054 Magnaque
2450 1991 2706 2054 gestantes
2734 1983 2990 2038 desudant
3014 1986 3247 2057 pondera
3274 1987 3424 2043 muli.

423 2077 713 2150 Confirmat
739 2082 996 2138 cohaerere
1022 2082 1132 2138 Deo
1159 2101 1253 2156 pro
1284 2101 1498 2140 munere
1522 2085 1639 2141 vim
2125 2073 2335 2130 Dantur
2367 2077 2593 2148 quinque
2622 2087 2756 2150 toga:
2781 2076 3118 2153 Benjamino,
3150 2090 3194 2135 et
3223 2082 3452 2154 quinque
3483 2100 3582 2153 pa-

423 2169 685 2244 .Iosephus
708 2181 897 2242 vatem,
930 2191 1226 2248 semperque
1262 2178 1498 2233 insistere
1522 2180 1695 2234 rectis.
3331 2176 3509 2249 [νεηιὲ.

427 2263 497 2318 Et
526 2263 683 2320 veluti
713 2274 866 2320 notus
897 2265 1237 2339 Benjaminus
1264 2286 1367 2324 non
1392 2274 1527 2342 foret
1556 2273 1676 2344 ipsi,
2126 2263 2431 2320 Tercentum
2457 2274 2503 2320 et
2532 2268 2731 2321 nummi
2760 2266 2964 2339 signata
2994 2268 3184 2324 incude
3211 2271 3394 2325 notati.

422 2357 700 2414 Consultat
717 2364 960 2433 juvenes,
998 2371 1047 2416 et
1078 2364 1357 2434 promptim
1386 2366 1637 2434 sciscitat,
1668 2367 1789 2420 inde
2120 2357 2214 2412 Ast
2242 2356 2338 2411 alii
2356 2359 2575 2430 juvenes
2602 2358 2849 2413 mercedis
2881 2359 3039 2413 laude
3060 2361 3290 2416 secunda

280 2451 705 2511 i335€ommoda
740 2471 955 2527 quteque
994 2456 1155 2511 Deum
1210 2458 1358 2528 pueri
1419 2475 1514 2530 pro
1569 2460 1728 2515 laude
1756 2479 1874 2533 pre-
1978 2454 2402 2523 1375Accipiunt
2426 2455 2658 2524 geminos
2684 2454 3051 2539 nivoscevestis
3069 2458 3310 2511 amictus.

1603 2552 1793 2624 [calur.
2123 2546 2250 2601 Herc
2277 2547 2361 2600 ubi
2391 2546 2629 2618 cognovit
2660 2546 2882 2619 genitor,
2915 2546 3039 2600 data
3068 2564 3287 2601 munera
3316 2563 3543 2616 sumens,

416 2640 530 2696 Nec
558 2642 780 2714 gemitus
810 2642 1044 2699 cohibere
1068 2644 1224 2712 valet,
1260 2662 1351 2701 nec
1381 2646 1561 2701 sistere
1589 2649 1769 2718 fletus,

1589 2649 1769 2718 fletus,
2117 2640 2360 2710 Respirat
2386 2642 2562 2710 patria
2589 2641 2808 2711 festinus
2830 2641 3008 2695 cedere
3029 2650 3190 2696 terra.

416 2737 525 2793 Sed
552 2746 726 2792 tenero
752 2736 945 2805 affectu
974 2754 1081 2793 sese
1105 2738 1435 2795 conclavibus
1463 2741 1606 2796 abdit
2114 2732 2268 2789 CAP.
2300 2731 2488 2788 XLVI.
2535 2731 2925 2805 nggptumque
2965 2736 3129 2803 petit,
3173 2735 3399 2790 Arabum
3447 2751 3566 2809 qua:

411 2829 637 2895 Anxius,
664 2838 713 2884 et
736 2830 896 2885 nimio
921 2831 1105 2901 quaerit
1134 2835 1364 2902 fomenta
1394 2834 1587 2889 dolori.
2992 2825 3273 2900 [Ῑυηθίίυν
3300 2828 3459 2898 “Tm,

412 2920 540 2977 Post
565 2923 651 2977 ubi
681 2923 962 2991 discubuit,
986 2926 1174 2979 victum
1202 2943 1420 2999 posuere
1448 2929 1697 2984 ministri.
2115 2920 2360 2976 Educens
2384 2924 2604 2993 juvenes
2628 2923 2801 2993 patria
2829 2922 3185 2977 moderamine
3207 2925 3436 2998 quinque

271 3013 411 3069 1540
423 3013 683 3082 Vescitur,
712 3025 760 3068 et
784 3016 931 3086 facili
960 3017 1211 3089 prolectat
1235 3030 1441 3089 pectora
1472 3024 1603 3092 fato,
1970 3024 2344 3096 i3808epties,
2374 3036 2423 3079 et
2445 3024 2630 3091 denas,
2657 3025 2860 3096 genesis
2889 3034 2944 3079 ut
2976 3025 3205 3095 farntula
3228 3026 3384 3082 cavit.

407 3107 764 3180 Dividuasque
783 3109 943 3181 dapes
974 3111 1166 3166 viritim
1194 3130 1451 3185 exponere
1481 3116 1694 3186 gaudet,
2111 3117 2184 3171 Ac
2203 3118 2328 3170 dum
2358 3117 2549 3187 festino
2579 3126 2865 3188 properant
2890 3118 3163 3172 conamine
3194 3120 3380 3186 turba',

409 3206 647 3281 Porrigit
674 3218 718 3263 et
752 3210 907 3280 fratri
932 3210 1123 3281 majori
1150 3211 1354 3265 dedicat
1389 3214 1499 3266 uni.
1891 3194 1937 3258 Ο
2114 3210 2389 3266 Procurrit
2415 3209 2610 3277 ludas,
2642 3219 2690 3264 et
2720 3212 2945 3281 fratrum
2973 3210 3222 3281 prmt'olat
3251 3228 3456 3285 agmen.

404 3299 562 3357 CAP.
590 3299 776 3358 XLIV.
804 3302 966 3375 Atque
992 3303 1078 3358 ubi
1101 3305 1210 3374 iam
1237 3307 1429 3360 saturis
1453 3323 1600 3360 amor
1625 3316 1698 3362 est
1720 3322 1861 3361 cont-
2106 3303 2495 3375 Josepltumque
2517 3303 2687 3369 docet,
2716 3304 2860 3357 haud
2891 3303 3046 3376 longe
3074 3314 3244 3358 astare
3271 3313 3563 3374 parentem.

1319 3388 1548 3474 [pressus
1574 3402 1783 3472 edendi,
2109 3396 2212 3452 Ille
2230 3398 2424 3452 alacris
2450 3397 2657 3451 scandit
2689 3413 2894 3463 currus,
2921 3407 3074 3468 atque
3100 3398 3280 3452 obvius
3308 3398 3440 3466 exit,

405 3489 474 3547 Ut
502 3492 653 3564 prius
674 3492 918 3566 Mposito
947 3505 1240 3566 presserunt
1267 3498 1494 3567 pondere
1520 3497 1711 3568 mulos,
1966 3488 2354 3561 i3850ptatam
2378 3492 2640 3559 excipiens
2661 3490 2767 3544 viso
2797 3489 3031 3559 genitore
3054 3490 3392 3563 phalangem.

255 3582 676 3640 £5450cculitnr
704 3585 883 3640 datunt
911 3597 1055 3641 sueto
1073 3591 1193 3660 jam
1219 3606 1362 3644 more
1392 3590 1644 3647 talentum
2101 3583 2257 3639 (ᾺΡο
2292 3582 2506 3637 XLV”.
2554 3582 2967 3653 Regrediturque
3006 3584 3159 3649 εἱιιη.
3199 3586 3439 3654 regisqu
3470 3600 3560 3639 εστι

398 3679 617 3755 Iosephi
643 3682 884 3751 imperio,
917 3684 1247 3755 scgpltusque
1278 3686 1612 3740 absconditur
1639 3688 1831 3744 ardens
2920 3673 3126 3745 {[Cut't'il
3154 3674 3223 3727 ad
3251 3674 3450 3736 aulam.

401 3773 468 3828 In
494 3773 669 3841 rebus,
702 3773 1023 3846 Benjatnine,
1052 3778 1175 3840 tuis,
1206 3778 1477 3848 pretiosior
1507 3788 1639 3834 arte.

2097 3764 2341 3820 Pastores
2370 3780 2656 3835 properare
2682 3766 2875 3835 ferens,
2911 3774 2966 3817 ut
2990 3763 3139 3817 turba
3169 3764 3452 3817 charorum

396 3865 621 3936 Jamque
648 3867 746 3921 iter
772 3867 1011 3939 ingressi,
1044 3885 1147 3923 non
1176 3869 1355 3924 multis
1385 3869 1613 3927 millibus
1639 3872 1852 3940 absunt,

1724 3884 1852 3940 ηιηιν
2106 3856 2357 3912 Discretis
2376 3850 2540 3931 degat
2564 3856 2805 3929 fwcundo
2832 3857 2884 3910 in
2913 3856 3149 3928 gramine
3173 3858 3341 3912 terris.

400 3958 533 4014 Cum
556 3959 727 4014 subito
753 3960 992 4015 incautos
1019 3962 1311 4016 circumdat
1341 3963 1486 4034 regia
1515 3963 1687 4034 turba,
2103 3950 2227 4020 Ipse
2251 3952 2407 4006 etiam
2432 3953 2534 4005 vati
2560 3961 2730 4005 rector
2754 3950 3123 4018 mentpltiticus
3143 3950 3329 4018 instat,

247 4051 841 4126 1350(Iommensosque
893 4065 1059 4125 tenet,
1094 4057 1347 4128 fulgentia
1387 4059 1577 4129 pocula
1610 4078 1850 4133 poscens,
1960 4042 2172 4099 1590157
2186 4044 2358 4118 jubet,
2392 4043 2632 4098 uberibus
2655 4044 2843 4113 fratres
2874 4051 3207 4110 componeret
3229 4043 3388 4099 arvis.

396 4147 660 4203 Futurum
694 4150 1031 4221 increpitant,
1060 4167 1206 4223 quem
1233 4163 1440 4210 nectunt
1476 4156 1711 4222 crimine,
1739 4174 1852 4211 ser-

1784 4174 1852 4210 pr-
2101 4146 2387 4220 Lottngus
2413 4156 2525 4217 post
2552 4147 2650 4201 ista
2679 4161 2856 4211 senex,
2886 4155 3130 4216 poscente
3158 4155 3401 4214 tyranno,

1618 4248 1777 4322 [vum
2100 4240 2381 4312 Eloquitur
2407 4242 2619 4307 sensim,
2646 4241 2858 4311 quantis
2886 4240 2955 4293 sit
2986 4238 3237 4308 praeditus
3270 4237 3444 4305 annis,

391 4335 680 4403 Annuitur,
707 4340 981 4410 cunctique
1006 4340 1164 4394 simul
1193 4358 1289 4396 sua
1319 4345 1557 4410 pondera
1588 4347 1846 4414 pandunt,
2103 4343 2235 4412 Qua:
2263 4343 2471 4409 domus,
2505 4352 2553 4394 et
2579 4357 2692 4412 quae
2712 4342 2777 4395 sit
2807 4340 3047 4394 veniendi
3078 4356 3238 4392 causa
3257 4336 3553 4409 Canopum,

394 4426 785 4502 Quaesitumth
836 4441 881 4485 et
927 4433 1175 4504 poculum
1217 4443 1489 4506 retegunt,
1530 4438 1851 4510 fratremque
2099 4437 2468 4508 Eximiumque
2496 4435 2683 4489 ducem
2714 4432 2878 4488 ntulta
2908 4449 3028 4487 cum
3059 4432 3216 4487 laude
3243 4432 3477 4486 decorat.

1428 4530 1448 4603 Ῐ
1453 4533 1774 4602 relinquunt,
1882 4602 1895 4603 γ
1958 4529 2217 4588 1395Nec
2239 4530 2413 4584 minus
2437 4530 2633 4583 interea
2659 4526 2919 4598 Iosephus
2959 4542 3176 4579 munera
3198 4524 3352 4578 mittit

390 4618 775 4691 Josephuntque
796 4628 994 4692 petunt,
1019 4631 1066 4675 et
1084 4638 1198 4692 qua:
1218 4631 1338 4677 sunt
1360 4602 1525 4696 gesta,
1553 4623 1842 4693 loquentes,
1874 4602 1927 4662 Ῐ)
2095 4624 2271 4698 Digna
2299 4624 2432 4690 suis,
2464 4637 2811 4694 magnumque
2836 4620 2956 4674 duci
2986 4619 3075 4673 dat
3108 4620 3243 4689 ferre
3273 4618 3548 4687 talentum,

244 4709 647 4769 1555Erolvunt
677 4713 827 4768 chari
853 4716 1126 4787 confestim
1145 4718 1301 4788 jussa
1331 4719 1579 4787 parentis.
2097 4717 2215 4787 Quo
2245 4719 2412 4773 ditata
2434 4718 2533 4788 fuit
2560 4715 2826 4770 distractis
2858 4712 3096 4785 frugibus
3118 4712 3259 4766 aula.

312 4848 476 4925 [517.
519 4849 704 4925 Eorte.
737 4851 981 4925 imposta.
1502 4889 1506 4893 η
1955 4854 2151 4912 deesse
2189 4854 2430 4920 Arabiw,
2475 4868 2540 4909 ex
2568 4852 2902 4925 Hieronymo
2945 4850 3335 4907 animadvertit
3376 4851 3551 4908 Saba-

316 4921 478 4995 !.'_5l_3.
520 4918 984 4995 goujicere’licet,
1018 4933 1245 4978 exsortes
1275 4925 1402 4995 furti
1423 4932 1531 4978 tum
1556 4936 1762 4980 cuncta.
1955 4926 2161 4981 tierius.

313 4992 476 5064 1540.
517 4989 569 5043 F
571 4989 677 5055 ato,
707 4993 846 5047 forte
872 5010 1047 5049 succo.
1081 4989 1286 5051 Mum.

2027 4996 2190 5051 1580.
2244 4997 2304 5051 In
2354 4994 2581 5064 Vulgata
2636 4994 2880 5050 editione
2931 4994 3277 5064 septuaginta
3326 5002 3536 5048 tantum

314 5063 476 5118 1542.
519 5064 833 5138 Mepdosum
866 5064 1055 5138 idest,
1086 5076 1147 5121 ut
1168 5067 1322 5136 plura
1346 5065 1469 5122 alia.
1533 5067 1727 5122 Sertno
1769 5069 1846 5124 vi-
1952 5067 2148 5123 anima:
2176 5082 2299 5121 cum
2328 5063 2500 5121 Jscob
2527 5065 2825 5138 Egyptum
2859 5063 3406 5138 ingﬁressaar’tlicuntur
3429 5083 3460 5138 :_
3488 5073 3545 5138 nt.

237 5136 568 5210 detqr‘essg
577 5134 646 5190 de
674 5138 841 5210 tral_re
874 5136 1084 5192 minore
1111 5132 1183 5192 εἰ
1206 5152 1363 5193 sacro
1390 5146 1564 5194 textu.
1952 5138 2311 5210 Septuaginta
2344 5132 2699 5205 interpretes,
2734 5145 2792 5192 et
2816 5132 3227 5210 versioiltalica,
3260 5150 3420 5204 quam
3448 5132 3538 5188 hic

315 5207 486 5279 12551.
527 5205 711 5279 Forte,
749 5204 1006 5279 Furatum
1026 5210 1360 5279 increpitant.
1948 5204 2202 5279 sequitur
2230 5204 2530 5275 Iuvencus,
2560 5210 2906 5279 septuaginta
2935 5209 3178 5277 quinque
3207 5217 3496 5279 numerant
3525 5221 3538 5258 ε

313 5278 478 5351 1555.
519 5276 816 5351 Sphrutnus
850 5278 985 5351 legit
1008 5276 1291 5344 Quaesitum
1314 5280 1555 5351 poculum
1578 5289 1833 5351 retegunt.
1945 5276 2147 5351 quibus
2173 5280 2581 5351 astipulantur-8.
2606 5278 2942 5351 Stephanus,
2965 5279 3086 5331 Act.
3122 5292 3217 5340 'm,
3240 5276 3532 5351 ΗΖΜΑΒΤ.

236 5349 432 5428 Ιςειίιιε
465 5348 763 5428 _vide_retur
800 5350 1170 5428 qutesitumque
1195 5346 1408 5428 poclum
1442 5346 1705 5423 retegunt,
1728 5352 1832 5428 rel,
1946 5346 2347 5428 Corrigendu'm
2376 5359 2462 5428 est
2487 5350 2656 5428 denos
2688 5364 2787 5428 pro
2807 5350 2989 5428 denas,
3020 5357 3077 5401 et.
3106 5363 3203 5415 pro
3228 5358 3281 5399 ut
3305 5346 3535 5428 formula

236 5421 286 5477 si
317 5419 482 5475 metri
514 5421 785 5476 rationem
810 5420 1018 5477 habere
1047 5419 1216 5487 velis,
1249 5424 1523 5493 quaesitum
1552 5419 1599 5477 et
1630 5422 1840 5494 poclum
1943 5419 2132 5494 legani
2153 5432 2207 5475 ut
2229 5420 2477 5494 formula.
2501 5420 2658 5489 Quod
2688 5421 2885 5494 attinet
2910 5420 2977 5472 ad
3013 5419 3533 5494 numciuuranitua-

236 5502 497 5559 reteaunt-
1262 5488 1271 5493 ’
1630 5488 1641 5494 ’
1939 5488 2087 5560 ιουῖη,
2120 5488 2241 5560 ante
2264 5488 2537 5561 ingressa:
2559 5501 2686 5545 sunt
2711 5489 3031 5561 Egyptum,
3063 5488 3388 5561 Ambrosius
3423 5488 3525 5543 ali-

312 5562 490 5640 1ῗξ61ζ
520 5563 1279 5640 Terramjidelicetcessen.
1318 5566 1424 5640 Sit:
1438 5565 1642 5640 quippe
1669 5564 1834 5640 habet
1937 5566 2062 5640 ςυῠὶ
2103 5565 2178 5640 _70
2229 5560 2512 5640 numerat,
2544 5562 2671 5616 alibi
2720 5560 3055 5615 75.1{evern
3118 5560 3161 5612 si
3193 5565 3525 5640 pronepotgs

235 5635 429 5707 yet-sio
470 5636 686 5692 Italica:
739 5635 806 5691 Et
851 5635 1106 5692 habitabis
1132 5639 1187 5692 in
1215 5649 1354 5693 terra
1381 5630 1824 5692 sanaturum.
1930 5636 2134 5707 Ioseph
2160 5651 2256 5706 per
2279 5633 2554 5706 prolepsin
2579 5640 2982 5703 computentur,
3012 5645 3275 5686 minuet-us
3295 5634 3400 5684 erit
3426 5630 3517 5701 ‘75,

234 5706 433 5781 ys“.
454 5707 789 5781 Ambrosius,
821 5708 889 5781 d_e
915 5708 1140 5776 Joseph,
1169 5725 1219 5764 c.
1254 5709 1344 5776 12,
1371 5708 1582 5764 Gessem
1594 5709 1822 5781 Arabiar.
1921 5706 2171 5781 alioquin
2196 5708 2287 5766 70.

235 5775 316 5833 Ita
361 5778 523 5836 etiam
556 5775 800 5851 plerique
829 5778 1028 5837 Gracci.
1049 5775 1133 5836 ’ln
1162 5775 1407 5838 Hebraeis
1459 5780 1823 5837 voluminibus
