4096 6182
516 251 626 311 585

640 367 779 425 Nec
807 380 980 428 tamen
1001 373 1190 432 insano
1210 379 1389 435 metuit
1421 380 1747 439 circumdata
1771 387 1959 457 ﬂuctu,

556 459 627 516 65
663 460 979 537 Exiguoque
1000 468 1147 539 fretis
1170 469 1400 528 innitens
1436 473 1556 529 orbe
1590 476 1804 545 resistit,

664 554 741 612 Te
762 558 894 614 duce
919 562 1212 633 confidens,
1249 570 1402 639 cujus
1426 571 1716 628 venerabile
1748 584 1957 643 pactum

665 649 874 708 Nea'um
922 654 1034 727 lege
1075 659 1192 730 pari
1227 675 1589 735 summumque
1609 706 1624 733 ,
1656 666 1917 741 imumque
1955 688 2119 741 perte-

1934 776 2023 821 uat

1934 776 2023 821 uat

666 835 781 892 Nec
803 839 926 896 sinit
946 843 1213 915 impositos
1232 863 1492 920 quoquam
1517 762 2044 929 transcendere[7ines:

665 931 738 986 Ac
760 948 824 988 ne
854 938 1013 1004 plana
1039 937 1192 993 nimis
1218 940 1394 1009 tellus,
1418 943 1496 998 vel
1524 945 1665 1000 nuda
1678 948 1900 1017 jaceret,

555 1020 625 1079 70
668 1024 869 1081 Vitibus
891 1030 1149 1099 aptandos
1166 1032 1370 1101 jussisti
1399 1053 1670 1110 assurgere
1689 1042 1847 1097 colles

664 1117 984 1190 Grandibus,
1014 1132 1063 1177 et
1091 1123 1264 1197 largos
1290 1128 1593 1186 umbracula
1611 1141 1781 1191 texere
1810 1137 1977 1194 lucos.

663 1212 798 1267 Tum
819 1231 884 1269 ne
908 1225 1086 1272 vastus
1114 1230 1238 1291 agat
1265 1222 1407 1277 silvis
1434 1227 1758 1295 torpentibus
1786 1231 1989 1303 horror,

665 1304 976 1364 Innumeros
1003 1314 1154 1381 fretus
1179 1316 1410 1384 proceris
1436 1318 1658 1374 saltibus
1686 1322 1870 1388 addis,

658 1399 848 1457 Incola
873 1420 938 1458 ne
958 1409 1176 1477 nemori,
1205 1425 1304 1463 neu
1335 1410 1466 1467 desit
1494 1414 1673 1483 praeda
1702 1420 1911 1486 petenti.

555 1492 626 1548 75
662 1492 797 1548 Tum
817 1496 1051 1553 volucres
1070 1500 1286 1568 multas,
1306 1511 1351 1556 et
1383 1506 1525 1562 mille
1553 1511 1797 1566 examina
1824 1528 2005 1569 vocum

662 1587 881 1644 Hortali
909 1592 1184 1650 harmonia
1209 1595 1343 1652 lucis
1368 1615 1615 1657 resonare
1645 1608 1873 1661 canoris.

661 1680 757 1737 Sic
774 1700 971 1739 annum
1010 1686 1208 1756 placuit
1228 1690 1388 1745 variis
1408 1692 1637 1749 intexere
1662 1697 1865 1767 formis,

662 1775 731 1830 Et
757 1777 866 1832 vice
879 1781 1124 1849 jucunda
1152 1768 1457 1839 mortalibus
1485 1787 1676 1843 addere
1703 1792 1933 1861 fructum
1952 1810 1971 1847 .-

660 1870 783 1926 Neu
811 1888 1011 1945 semper
1035 1875 1246 1945 prolixa
1271 1876 1385 1933 dies
1415 1879 1568 1934 nimis
1595 1882 1767 1938 ureret
1795 1885 1989 1953 orbem,

550 1961 621 2018 80
661 1962 805 2020 Neve
831 1964 1001 2020 brevis
1011 1969 1219 2038 justum
1240 1982 1445 2041 raperet
1470 1976 1794 2034 nascentibus
1823 1980 1997 2051 ignem
2021 1999 2039 2037 :

655 2057 730 2111 Ac
755 2074 822 2113 ne
849 2068 1098 2129 perpetuo
1117 2071 1349 2132 quateret
1373 2065 1521 2121 labor
1539 2069 1715 2124 omnia
1735 2071 1854 2125 nisu
1878 2113 1893 2138 ,

659 2148 766 2205 Dat
784 2152 1010 2220 requiem
1033 2154 1180 2224 fessis
1203 2157 1471 2213 hominum
1495 2176 1600 2215 nos:
1619 2164 1828 2218 roscida
1851 2168 1991 2222 curis
2022 2184 2044 2225 :

663 2243 832 2315 thue
854 2247 1082 2304 humana
1106 2251 1254 2307 salus
1276 2269 1513 2308 securum
1543 2256 1750 2312 duceret
1776 2274 1943 2314 aevum
1963 2302 1977 2326 ,

658 2334 858 2404 Sponte
886 2340 1143 2397 salutares
1170 2344 1233 2397 de
1263 2346 1468 2419 ctespite
1485 2348 1704 2420 surgitis
1731 2349 1922 2407 Iterbte.

549 2426 620 2483 85
660 2427 774 2484 Has
801 2429 961 2486 Pater
979 2434 1092 2503 ipse
1110 2436 1233 2492 serit
1254 2448 1406 2505 nutu,
1438 2456 1543 2495 non
1567 2457 1769 2499 vomere
1803 2445 1963 2503 dives.

672 2532 696 2557 r
728 2521 854 2578 Non
879 2540 974 2595 ego
1004 2529 1197 2597 ferrato
1225 2539 1425 2601 tegerer
1448 2532 1493 2587 si
1515 2534 1711 2590 viscera
1739 2554 1912 2604 muro,

658 2612 853 2671 Ferrea
872 2635 991 2687 vox,
1024 2619 1316 2695 linguisque
1342 2627 1512 2696 forent
1538 2628 1666 2684 mihi
1698 2632 1838 2687 mille
1861 2636 2069 2691 canenti
2095 2678 2109 2703 ,

656 2706 880 2764 Munera
901 2721 1086 2767 cuncta
1104 2729 1289 2783 queam
1315 2728 1500 2773 vestrte
1523 2720 1729 2791 pietatis
1754 2723 1912 2779 obire.

659 2801 766 2858 Sed
786 2815 932 2878 pater
953 2808 1042 2863 ille
1072 2818 1190 2865 tuus
1214 2824 1411 2867 secreta
1438 2814 1495 2868 in
1515 2815 1637 2869 sede
1658 2816 1883 2887 locatus,

547 2893 619 2951 90
660 2892 771 2949 Nec
791 2902 1033 2967 cuiquam
1064 2901 1177 2955 visu
1209 2903 1406 2973 facilis,
1438 2908 1740 2979 cunctisque
1770 2914 2065 2969 tremendus
2092 2957 2107 2981 ,

652 2988 727 3044 Te
752 2993 893 3047 misit
924 2994 1208 3051 Dominum
1238 2999 1409 3066 terris,
1434 3002 1646 3072 vitaeque
1676 3006 1999 3077 magistrum.

652 3080 724 3135 Et
749 3085 982 3155 quisquis
1018 3098 1199 3143 natum
1221 3090 1366 3158 justo
1396 3103 1664 3149 veneratur
1689 3096 1909 3166 honore,

650 3174 912 3231 Ambobus
935 3194 1033 3232 sua
1053 3189 1169 3234 vota
1198 3181 1361 3251 dicat,
1393 3185 1650 3259 vitamque
1675 3207 1973 3261 perennem.

652 3264 734 3319 Tu
756 3269 908 3335 casti,
925 3271 1154 3341 rectique
1178 3281 1354 3343 tenax,
1388 3286 1438 3331 et
1460 3280 1669 3348 ﬂectere
1690 3281 1828 3353 leges
1938 3345 1947 3351 ~

507 3356 578 3413 95
653 3358 783 3417 Post
810 3364 1003 3421 crimen
1032 3367 1225 3436 facilis,
1251 3370 1299 3424 si
1324 3388 1475 3443 quem
1505 3377 1749 3432 vecordia
1774 3394 2004 3453 praeceps

652 3451 875 3525 Depulit
903 3473 936 3510 a
956 3457 1097 3514 vobis
1120 3463 1428 3533 praescripto
1468 3466 1635 3522 limite
1665 3469 1804 3524 vitae.

652 3543 724 3601 Te
749 3546 965 3604 Genitor
990 3562 1168 3608 nostra
1196 3564 1503 3626 paterentur
1529 3570 1586 3612 ut
1611 3575 1704 3614 ora
1729 3563 1862 3617 tueri
1879 3603 1896 3629 ,

650 3635 836 3694 Induit
857 3640 1086 3698 humana
1105 3645 1263 3715 facie,
1292 3648 1633 3720 membrisque
1659 3651 1890 3708 caducis.

652 3729 783 3799 Quis
815 3742 1034 3789 tentaret
1052 3738 1191 3790 enim
1210 3740 1428 3811 fragiles
1468 3743 1707 3797 attollere
1724 3731 1889 3813 visus,

504 3821 609 3879 100
647 3822 711 3879 Si
734 3823 891 3880 talem
920 3829 1140 3898 trepidis
1166 3830 1414 3888 voluisset
1430 3834 1611 3889 sistere
1643 3838 1814 3907 terris,

503 4007 642 4090 velut
663 4020 967 4090 perpetuum
985 4021 1202 4090 portum
1228 4024 1390 4090 nauta
1423 4018 1574 4071 sciret
1596 4019 1784 4090 ubique
1804 4036 1908 4075 non
1930 4022 2104 4079 deesse

505 4080 617 4206 gis
647 4080 940 4164 laboribus,
968 4083 1085 4154 ﬁxit
1116 4084 1388 4142 insulasin
1420 4097 1577 4158 ponto
1613 4080 1826 4145 Créator
1856 4092 2101 4163 Optimus

571 4167 799 4206 nscimus.

571 4167 799 4210 απιιηιιε.

695 4224 957 4304 §uspicor
980 4227 1265 4304 quidquam
1293 4244 1392 4301 pro
1413 4247 1693 4304 quoquam.

580 4293 669 4365 71.
700 4293 1288 4365 Ευνὶειεεθ,⁷ϐναὶιάὶιιε.

577 4363 666 4445 77.
694 4364 908 4445 Similia
931 4363 1095 4426 habet
1124 4372 1466 4445 Dracontius,
1494 4373 1775 4433 Satisfact.
1808 4392 1952 4433 vers.
1972 4377 2104 4445 247,

504 4434 807 4508 aliiqueihi
843 4458 872 4493 ιι
904 4455 990 4496 me
1016 4442 1285 4508 producti.

576 4507 669 4563 82.
700 4506 903 4566 Confer
923 4506 1044 4570 noti.
1070 4514 1136 4569 ad
1163 4515 1425 4570 Dracont.
1448 4517 1488 4574 l.
1513 4533 1573 4572 ιιι
1599 4534 1652 4574 v.
1677 4519 1768 4575 27.

573 4579 663 4635 86.
700 4581 888 4640 Adisis
920 4593 1036 4639 not.
1069 4585 1135 4641 ad
1183 4586 1446 4643 Dracont.
1485 4588 1611 4645 libr.
1655 4607 1715 4646 ιιι
1763 4606 1912 4648 vers.
1947 4591 2095 4649 552:

509 4647 859 4726 Nausthilti
887 4659 1053 4726 ferrea
1083 4672 1182 4712 vox
1209 4658 1297 4712 sit.

578 4720 669 4797 91.
704 4724 865 4797 Plura
887 4720 965 4783 'de
995 4725 1080 4783 bis
1110 4729 1176 4782 ad
1207 4731 1229 4781 Ι·
1249 4739 1462 4784 racont.
1493 4729 1618 4785 libr.
1649 4746 1707 4797 ιι,
1741 4748 1794 4788 v.
1829 4731 1954 4789 690.

698 4795 941 4878 _S.ci_li_cet‘
973 4820 1006 4857 a
1053 4800 1214 4878 limite
1260 4802 1379 4856 vita:
1414 4790 1722 4874 praescripto
1766 4804 1905 4859 vobis
1940 4820 2040 4878 pro
2070 4824 2101 4862 a

503 4863 665 4939 vobis.
698 4866 796 4939 Ycl
830 4869 949 4939 lege
973 4891 1004 4928 a
1032 4873 1199 4927 nobis.

576 4935 668 4992 97.
700 4935 1291 5019 thrthiits,lihr._1_txv,
1337 4960 1390 5019 c.
1424 4944 1476 5008 7,
1510 4943 1766 5014 amrtnat,
1802 4957 1948 5003 tueor
1975 4964 2101 5019 pas-

504 5006 619 5089 sive
651 5013 900 5081 usurpari
932 5006 975 5070 θ’
991 5016 1239 5089 Boethio,
1267 5006 1412 5072 etab
1438 5006 1663 5072 auctore
1695 5006 1853 5089 hujus
1898 5006 2098 5074 car'mi-

505 5079 592 5157 nis
620 5097 633 5134 :
664 5079 992 5157 quamquam
1018 5086 1085 5142 de
1116 5079 1232 5143 hoc
1264 5098 1448 5144 certus
1505 5104 1609 5144 non
1642 5079 1783 5157 erat;
1812 5106 1933 5145 cum
1966 5093 2102 5148 liber

504 5151 580 5208 illi
625 5151 708 5229 ad;
753 5151 969 5212 manum
1019 5174 1125 5212 non
1156 5170 1327 5214 esset.
1383 5160 1440 5216 Si
1495 5160 1637 5216 hunc
1669 5151 1846 5216 locum
1898 5163 2095 5229 innuit,

504 5225 636 5279 tueri
659 5227 746 5281 hic
766 5229 1031 5300 accipitur
1074 5244 1170 5297 pro
1214 5231 1405 5285 intueri
1446 5233 1643 5288 active.
1691 5233 1897 5289 Sensus
1947 5225 2095 5288 enini

503 5306 590 5422 (ist
617 5313 629 5350 :
657 5309 715 5354 ut
735 5310 920 5356 neSIra
944 5316 1038 5356 ora
1071 5310 1389 5371 paterentur
1422 5313 1474 5358 te
1504 5304 1666 5372 tueri,
1692 5304 1923 5360 Genitor
1943 5316 1994 5361 te
2014 5304 2096 5360 in-

503 5404 514 5422 .
539 5378 640 5422 ull.
669 5378 777 5422 etc.

502 5368 640 5431 .luit,
669 5378 777 5425 etc.

572 5441 696 5514 102.
728 5440 926 5514 Legam
949 5443 1144 5500 delicta
1168 5458 1265 5513 pro
1286 5445 1502 5501 directa.

571 5512 695 5568 104.
723 5512 827 5570 Pro
852 5516 1041 5571 dubias
1060 5512 1208 5571 aliud
1239 5516 1480 5573 mallem.

524 5585 692 5709 0335.
718 5586 941 5710 Scilicet
968 5600 1027 5645 ut
1088 5604 1176 5646 res
1202 5591 1381 5662 aliqua
1427 5592 1697 5665 insignem
1731 5602 1881 5651 tuum
1913 5605 2092 5652 ortum

635 5671 727 5710 ere
756 5694 772 5709 .

488 5667 772 5711 renuat-et.

569 5724 697 5780 107.
724 5726 823 5806 ilic
835 5743 1029 5806 versus
1051 5740 1106 5785 et
1121 5731 1380 5802 'sequens
1391 5735 1606 5791 obscuri
1623 5748 1769 5806 sunt,
1788 5747 1845 5794 et
1861 5739 2093 5796 fortasse

489 5794 769 5867 corrupti.
788 5796 1055 5866 lnnuitur,
1075 5812 1128 5856 ut
1146 5794 1299 5871 puio,
1316 5818 1575 5875 perpetua
1594 5794 1878 5877 virginitas
1895 5794 2088 5881 Dcipa:

1604 265 1955 326 APPENDIX
1993 267 2087 325 AD
2123 265 2359 325 OPERA
2399 268 2707 329 JUVENCI.

3724 270 3837 330 584

2147 390 2203 447 Α
2372 385 2553 454 Qualis
2580 404 2654 457 es,
2687 388 2884 461 ingenti
2924 404 3042 443 cum
3072 397 3281 460 torques
3306 388 3533 461 fulmina
3562 389 3770 457 dextra,

2368 480 2787 555 Prtesentemque
2802 483 2959 558 jubes
2999 484 3200 539 directa
3220 501 3496 558 pavescere
3515 500 3719 558 poenam
3740 500 3760 542 :

2380 575 2472 633 Vel
2495 594 2611 632 cum
2640 578 2875 649 placatus
2909 579 3110 647 campis
3135 579 3433 635 sitientibus
3461 580 3653 635 imbres

2369 668 2589 739 Dividis,
2624 679 2670 725 et
2700 671 2888 727 dubias
2916 672 3073 727 sulcis
3099 671 3352 744 producis
3381 675 3577 731 aristas
3597 678 3623 729 Ρ

2226 759 2333 816 105
2370 759 2453 815 Ne
2484 772 2656 818 tamen
2680 765 2938 835 insignem
2966 780 3051 819 res
3082 765 3233 820 nulla
3248 766 3538 821 ostenderet
3565 776 3761 836 ortum,

2373 854 2586 926 Virgine
2612 857 2960 925 concipieris:
2993 874 3095 913 non
3124 860 3325 930 sufﬁcit
3352 876 3465 915 esse
3494 860 3763 932 pudicam,

2368 945 2482 1001 Nec
2508 963 2625 1019 qua:
2650 956 2811 1018 nupta
2836 957 2992 1020 queat
3008 948 3234 1005 Domino
3254 954 3574 1024 conjungere
3591 956 3838 1023 fratrem,

2371 1039 2455 1094 Ne
2479 1041 2662 1111 procul
2688 1057 2752 1096 ea:
2780 1049 2925 1096 utero
2952 1044 3196 1114 contagio
3226 1045 3396 1115 turpis
3427 1043 3645 1100 abesset.

2367 1131 2498 1187 Mox
2521 1133 2608 1186 ubi
2626 1149 2870 1204 processu
2892 1134 3024 1204 felix
3042 1135 3295 1189 maturuit
3315 1144 3466 1204 tetas,

2222 1224 2329 1279 110
2363 1223 2630 1281 Indociles
2651 1227 2850 1281 animos
2874 1227 3089 1281 monitis
3115 1243 3318 1282 servare
3344 1230 3573 1300 paternis

2366 1316 2705 1389 Aggrederis,
2732 1328 3031 1390 rectumque
3052 1318 3191 1373 viam
3218 1319 3511 1376 labentibus
3538 1321 3715 1390 offers.

2368 1410 2533 1481 Atque
2558 1419 2615 1464 ut
2660 1411 2820 1466 missa
2843 1409 2952 1465 Deo
2976 1412 3186 1481 penitus
3212 1423 3473 1484 prwcepta
3501 1425 3756 1486 paterent,

2367 1502 2654 1573 Imperium
2682 1514 2737 1558 tu
2758 1505 2912 1559 morti
2937 1504 3152 1575 adimis,
3177 1506 3460 1578 morboque
3479 1509 3647 1564 soluto

2364 1597 2651 1667 Desperata
2678 1598 2834 1670 jubes
2858 1598 3188 1670 apprendere
3217 1599 3397 1653 munia
3439 1602 3576 1667 vitw,

2222 1688 2326 1744 115
2368 1687 2716 1759 Restituisque
2730 1688 2864 1744 diem
2893 1692 3065 1757 caecis,
3093 1699 3226 1745 etne
3253 1692 3379 1761 quid
3406 1694 3651 1748 inausum

2149 1783 2195 1843 Β
2365 1778 2607 1835 Restaret
2634 1782 2860 1850 penitus,
2888 1773 2993 1853 quo
3029 1781 3262 1851 perfidus
3286 1799 3434 1838 error
3463 1782 3645 1851 obiret,

2367 1869 2568 1926 Indicis
2595 1888 2803 1928 sensum
2834 1873 3073 1943 tumulis,
3099 1883 3147 1928 et
3177 1875 3389 1929 condita
3411 1874 3615 1945 pridem

2361 1965 2599 2021 Membra
2619 1969 2780 2039 jubes
2797 1968 2986 2024 iterum
3006 1985 3220 2041 superas
3234 1985 3544 2042 consurgere
3562 1971 3617 2025 in
3638 1986 3832 2041 auras,

2361 2059 2765 2131 Agnoscuntque
2785 2077 2941 2116 suum
2963 2061 3157 2117 dilecta
3183 2063 3441 2119 cadavera
3470 2080 3676 2119 nomen.

2220 2148 2323 2206 120
2360 2151 2425 2205 At
2446 2161 2718 2224 postquam
2739 2153 2904 2224 legem
2923 2163 3146 2210 sectator
3168 2155 3385 2211 idoneus
3408 2156 3606 2224 hausit,

2364 2245 2433 2301 Ut
2451 2263 2507 2301 se
2531 2246 2746 2302 mortali
2767 2247 2990 2303 caelestis
3017 2249 3239 2321 spiritus
3258 2250 3386 2305 aula

2360 2339 2606 2409 Exueret,
2632 2342 2733 2413 legi
2754 2342 3033 2404 intentant,
3059 2359 3164 2414 quo
3189 2353 3377 2400 cuncta
3398 2344 3605 2409 duceres

2361 2432 2471 2488 Pro
2498 2450 2697 2489 summo
2725 2434 3001 2490 toleranda
3024 2433 3159 2505 Deo,
3192 2448 3432 2509 recteque
3477 2456 3752 2511 perennem

2361 2525 2669 2599 Contempla
2694 2529 2879 2583 ntortis
2906 2528 3005 2583 sibi
3032 2545 3283 2601 quemque
3324 2548 3589 2588 assumere
3615 2535 3777 2590 vitam
3811 2549 3837 2591 ε

2218 2623 2323 2680 125
2362 2624 2458 2682 Sic
2482 2626 2739 2698 completa
2760 2625 2930 2696 ferens
2953 2623 3218 2681 Genitoris
3230 2628 3410 2700 jussu,
3429 2628 3611 2685 redisti

2358 2718 2441 2774 Ad
2460 2722 2650 2774 summi
2670 2728 2865 2775 secreta
2891 2720 3025 2790 poli,
3050 2736 3155 2790 qua
3184 2720 3390 2776 lucidus
3420 2720 3579 2777 aether

2359 2810 2527 2882 Pigra
2544 2821 2677 2867 vetat
2708 2812 2921 2881 proprio
2948 2812 3256 2867 succendere
3284 2813 3463 2869 nubila
3491 2814 3616 2870 αεΙο
3638 2831 3660 2870 :

2359 2907 2526 2978 Atque
2550 2915 2606 2961 ut
2633 2915 2775 2961 certa
2795 2907 2929 2976 foret
2956 2908 3216 2978 pereuntis
3244 2909 3395 2981 copia
3423 2912 3603 2973 turbat.

2360 3000 2491 3067 Qua:
2511 3008 2768 3073 praecepta
2798 2998 2897 3055 Dei
2934 3000 3244 3055 miserandis
3271 3002 3484 3056 auribus
3510 3013 3670 3070 arcet,

2217 3090 2324 3149 150
2365 3090 2477 3146 Nec
2502 3107 2634 3147 nova
2664 3085 2934 3163 defunctos
2964 3093 3275 3164 iampridem
3318 3097 3450 3167 jura
3476 3102 3748 3152 tenerent:

2351 3181 2586 3247 Carceris
2610 3184 2801 3254 inferni
2820 3184 3029 3255 feralia,
3054 3184 3218 3239 libera
3240 3185 3411 3254 nobis,

2361 3277 2806 3347 lnnumeramque
2819 3277 2976 3349 jubes
3006 3278 3225 3333 tenebris
3251 3296 3510 3352 cmergere
3542 3280 3768 3351 plebem.

2357 3370 2459 3426 His
2486 3379 2690 3425 tantum
2711 3371 2924 3438 clausis,
2949 3388 3080 3443 quos
3114 3374 3275 3447 impia
3302 3375 3408 3428 vita
3434 3376 3625 3430 notarit
3658 3392 3680 3431 :

2356 3463 2425 3519 Et
2448 3465 2564 3520 loca
2589 3479 2856 3537 pennarum
2873 3467 3102 3521 venturis
3119 3467 3311 3522 dividis
3339 3468 3553 3535 ttmbris,

2212 3555 2318 3612 135
2358 3557 2489 3624 Qua:
2533 3556 2626 3612 tibi
2673 3573 2777 3611 non
2804 3558 3017 3613 credant
3043 3598 3058 3626 ,
3105 3559 3183 3613 vel
3231 3576 3349 3631 qua:
3387 3578 3440 3615 se
3478 3564 3685 3618 credere
3710 3564 3828 3635 ﬁn-

3702 3668 3824 3715 aut.

3702 3674 3722 3711 α

2356 3744 2550 3801 Sancte
2579 3743 2738 3812 Deus,
2763 3746 3056 3817 summique
3082 3745 3185 3801 Dei
3203 3747 3489 3804 venerabile
3514 3655 3722 3823 pigrius;

2361 3840 2442 3895 Ad
2467 3840 2617 3912 cujus
2646 3855 2830 3895 nomen
2859 3839 3085 3896 violenta
3115 3850 3277 3896 morte
3296 3841 3489 3913 fugata:

2205 4041 2302 4089 rte,
2321 4037 2379 4099 et
2405 4027 2609 4099 clarum
2641 4027 2694 4099 id
2717 4036 2821 4094 est,
2851 4029 2896 4084 si
2924 4043 3071 4084 vers.
3097 4042 3215 4099 seq.
3242 4028 3394 4099 legas
3420 4037 3478 4083 ut
3505 4031 3711 4096 procul.

2280 4097 2404 4153 112.
2436 4098 2601 4174 Missa
2631 4098 2740 4154 Deo
2760 4115 2856 4174 pro
2878 4100 3035 4155 missa
3059 4116 3093 4153 a
3115 4097 3249 4166 Deo,
3273 4097 3451 4170 qualia
3478 4101 3648 4157 multa
3670 4104 3824 4174 apud

2215 4168 2518 4225 Juvencum
2550 4171 2859 4225 observavi.

2278 4240 2402 4315 115.
2437 4239 2522 4315 Ne
2544 4242 2956 4315 quidinausum,
2999 4257 3065 4298 ex
3102 4241 3348 4313 Virgilio,
3383 4242 3421 4299 l.
3456 4258 3569 4312 vut,
3599 4262 3651 4299 v.
3680 4244 3820 4315 203,

2183 4354 2187 4359 .
2208 4313 2354 4384 quod
2385 4322 2450 4384 et,
2463 4312 2564 4384 alii
2589 4314 2784 4368 imitati
2818 4324 2971 4369 sunt.

2284 4383 2406 4439 118.
2434 4382 2505 4438 Ut
2527 4384 2762 4440 cadaver
2784 4384 2996 4441 Lazari.

2278 4454 2405 4511 120.
2438 4453 2696 4511 Fortasse
2725 4457 2948 4526 respicit
2992 4456 3161 4512 verba
3208 4455 3437 4528 Christi,
3466 4458 3821 4517 Consumma-

2206 4534 2316 4580 tum
2345 4535 2442 4594 est,
2471 4542 2593 4594 quae
2619 4528 2686 4582 ad
2708 4528 2938 4584 calicem
2982 4529 3251 4597 passionis
3283 4531 3581 4597 pertinent.

2276 4597 2400 4672 126.
2448 4597 2659 4653 Secreta
2683 4597 2813 4671 poli,
2840 4609 2901 4654 ut
2930 4598 3233 4667 Iuvencus,
3279 4601 3375 4656 lib.
3404 4619 3451 4672 ι,
3484 4617 3632 4659 vers.
3656 4603 3768 4660 910
3795 4622 3813 4662 :

2205 4667 2311 4724 Ctel
2318 4670 2335 4722 i
2353 4678 2568 4726 secreta.

2280 4740 2402 4812 127.
2433 4740 2659 4812 Corrigo
2690 4742 2959 4797 succedere
2982 4757 3080 4811 pro
3114 4745 3440 4799 succendere.

2280 4811 2403 4886 150.
2437 4811 2934 4886 [animadvertenda
2957 4825 3042 4869 est
3060 4814 3352 4886 peculiaris
3382 4816 3543 4886 hujus
3563 4820 3817 4876 auctoris

2205 4882 2548 4957 opinioiNe
2587 4900 2685 4957 eos
2713 4884 2804 4954 qui
2852 4885 2965 4955 jam
3000 4882 3211 4949 pridem
3267 4882 3508 4943 defuncti
3559 4886 3812 4957 fuerant,

2206 4970 2343 5009 nova
2397 4953 2601 5030 Christi
2654 4953 2926 5030 prsncepta
2958 4966 3356 5030 tenerent,aut
3381 4974 3447 5013 ex
3475 4961 3556 5015 eis
3591 4953 3814 5030 iudica;

2204 5034 2415 5091 rentur,
2438 5025 2606 5095 jussit
2655 5025 2926 5090 ChristUs,
2962 5026 3081 5083 loca
3119 5026 3306 5083 feralia
3335 5032 3575 5085 carceris
3592 5025 3813 5089 inferni

2204 5096 2377 5152 libera
2395 5107 2497 5172 ,‘et
2541 5113 2712 5172 vacua
2749 5099 2936 5165 nobis,
2984 5099 3196 5172 scilicet
3226 5099 3311 5154 his
3355 5102 3444 5170 qui
3484 5111 3608 5172 post
3654 5105 3814 5161 Chri-

2209 5177 2353 5223 stum
2404 5168 2573 5223 futuri
2602 5178 2778 5233 erant,
2845 5185 3130 5226 remanere
3184 5168 3500 5227 innumeris
3542 5173 3676 5230 inde
3700 5191 3809 5230 ex-

2208 5241 2395 5312 tractis
2424 5249 2480 5312 et
2509 5239 2592 5295 his
2614 5248 2824 5296 tantum
2852 5243 3103 5307 retentis,
3127 5256 3264 5309 quos
3294 5241 3454 5312 impia
3486 5244 3593 5299 vita
3621 5263 3811 5302 macu-

2208 5309 2430 5386 laverat.
2457 5311 2598 5386 Loca
2643 5327 2783 5386 ergo
2816 5326 3099 5383 poenarum
3131 5314 3339 5376 divisit,
3373 5309 3430 5367 et
3461 5327 3676 5386 partem
3722 5318 3809 5374 his

2206 5380 2277 5460 ita
2307 5385 2533 5460 retentis
2578 5380 2855 5460 reliquit,
2886 5395 3094 5454 partem
3147 5380 3577 5460 reservavit-his
3625 5391 3724 5460 qui
3756 5392 3806 5444 in

2202 5449 2478 5508 Christum
2555 5469 2662 5508 non
2702 5449 3019 5511 ’crede'rent
3053 5500 3067 5523 ,
3134 5465 3227 5510 aut
3291 5456 3497 5523 ﬁngent
3567 5449 3807 5516 se'cre-

2203 5523 2335 5599 dere
2362 5566 2377 5593 ,
2409 5526 2533 5596 quia
2575 5526 2784 5582 scilicet
2822 5525 2986 5583 ﬁdem
3017 5527 3171 5583 bonis
3221 5523 3481 5599 operibus
3506 5546 3613 5586 non
3647 5540 3804 5588 tene-

2200 5598 2353 5655 bunt.

2275 5669 2400 5726 151.
2432 5669 2654 5727 Umbras
2693 5681 2855 5730 vocat
2916 5673 3202 5730 defunctos
3225 5720 3239 5744 ,
3284 5675 3468 5744 phrasi
3514 5689 3579 5729 ex
3618 5677 3799 5731 ethni-

2200 5743 2280 5798 cis
2342 5744 2513 5813 petita
2556 5784 2572 5810 ,
2651 5744 2748 5801 sed
2808 5760 2914 5816 qua
2972 5744 3065 5800 alii
3128 5743 3416 5803 christiani
3468 5755 3650 5819 poeta
3714 5746 3796 5804 usi

2197 5825 2343 5869 sunt.
