4096 6182
480 219 582 282 391

605 344 793 408 Nudus,
821 358 997 417 egens,
1021 348 1242 402 Veneris
1258 351 1523 417 naufragus
1536 354 1587 404 in
1609 351 1791 403 tabula.

553 453 695 509 Citat
718 454 848 512 item
875 455 1167 514 Rliabanus
1192 460 1255 514 in-
1279 459 1604 516 mirabilium
1632 460 1931 516 carminum
1964 473 2080 528 pro-

476 544 602 617 logo
656 562 781 603 eum
810 550 960 605 enim
987 550 1064 605 ait
1087 553 1302 622 punctis
1328 551 1650 625 quibusdam
1676 566 1864 608 versus
1892 559 2079 606 notare

479 640 735 710 solitum,
768 652 825 698 et
852 653 1139 715 propterea
1180 646 1324 704 illius
1360 662 1422 705 se
1457 647 1715 719 exemplo
1758 660 1949 703 versus
1993 644 2077 700 fa-

477 741 693 789 cturum
718 734 1026 805 pollicetur.

1122 226 1460 290 EPISTOLA
1496 226 1871 291 PORPHYRll
1910 230 2003 290 AD
2040 231 2577 296 CONSTAN'I‘INUM
2615 232 3145 297 IMPERATOREM.

2102 368 2155 425 Α
2180 354 2206 409 1
2217 363 2330 411 nter
2356 360 2643 429 fragmenta
2674 354 2914 429 Petronii
2944 354 3171 429 Arbitri,
3198 352 3269 429 ad
3293 350 3458 417 illud,
3489 350 3669 409 Crede
3695 367 3793 409 ra-

3686 231 3797 295 392

2407 425 2513 483 tem
2540 428 2744 495 ventis,
2777 436 2886 484 ctc.
2903 470 2918 495 ,
2952 427 3121 482 nescio
3143 425 3262 496 quis
3284 433 3572 479 annotavit.

2257 552 2372 608 Nisi
2401 554 2467 608 sit
2496 553 2678 625 potius
2703 551 2991 624 Porphyrii
3017 558 3195 622 pocla:
3216 549 3317 606 sub
3341 546 3703 605 Constantino
3729 547 3787 604 in

2184 645 2434 700 exsilium
2458 644 2632 710 missi,
2668 644 2827 713 cujus
2854 643 3117 716 pleraque
3139 640 3301 699 video
3322 638 3581 698 Petronio
3596 648 3790 698 nostro

2184 738 2320 794 vela
2350 737 2569 794 Criticis
2597 736 2784 794 tribui.

830 1121 1402 1208 EPISTULA
1478 1091 2131 1209 PORPHYRII
2203 1123 2363 1208 AD
2439 1105 3402 1207 CONSTANTINUM.

738 1277 988 1332 DOMINO
1020 1279 1464 1337 CONSTANTINO
1518 1279 1796 1347 MAXIMO,
1849 1280 1980 1344 P10,
2038 1278 2299 1333 INVICTO
2348 1279 2427 1332 ET
2451 1278 2862 1341 VENERABILI,
2907 1279 3161 1332 SEMPER
3213 1277 3535 1332 AUGUSTO.

541 1588 771 1658 Fateor,
804 1588 1028 1647 domine
1050 1586 1410 1644 Constantine
1433 1626 1448 1653 ,
1494 1584 1729 1640 maxime
1757 1580 1987 1646 invicte,
2023 1587 2080 1636 et
2108 1579 2156 1642 B
2184 1584 2360 1640 tutes,
2396 1574 2537 1630 inter
2561 1573 2866 1644 triumphos
2893 1581 2948 1629 et
2976 1572 3224 1641 laureas,
3254 1573 3405 1629 inter
3432 1571 3610 1643 legum
3655 1586 3786 1629 san-

468 1694 579 1736 non
611 1680 790 1737 minus
829 1682 1031 1752 pietate
1056 1695 1221 1753 quam
1246 1680 1449 1735 virtute
1478 1677 1790 1748 praecipue,
1832 1672 2077 1744 quamvis

465 1786 634 1828 avara
662 1783 828 1845 atque
878 1774 1020 1830 ultra
1068 1773 1322 1831 meritum
1363 1768 1557 1841 cupida
1605 1766 1896 1839 parvitatis
1938 1779 2077 1820 mete

464 1874 615 1932 vota,
649 1865 972 1938 infatigabili
1000 1866 1308 1923 clementiae
1332 1874 1437 1920 tuae
1454 1862 1776 1933 dignatione
1798 1865 2071 1929 superata.

459 1956 673 2029 Quippe
698 1960 786 2015 cui
814 1959 952 2015 satis
978 1957 1303 2028 abundeque
1326 1954 1650 2019 suffecerat,
1683 1966 1905 2009 carmen
1928 1950 2072 2023 quod

460 2051 791 2107 arctioribus
839 2051 1116 2107 Musarum
1168 2049 1462 2121 ligaveram
1501 2045 1767 2113 vinculis,
1811 2058 1924 2115 quo
1949 2043 2075 2115 plus

465 2142 602 2199 mihi
634 2144 865 2200 sincerae
893 2142 1204 2199 devotionis
1232 2141 1506 2206 studium,
1539 2150 1702 2211 quam
1730 2136 1933 2209 ingenii
1964 2135 2073 2191 mei

463 2238 706 2310 parvitas
738 2238 1023 2309 praestitit,
1054 2238 1110 2292 in
1150 2247 1300 2304 tuas,
1341 2234 1724 2306 augustissime
1753 2232 2069 2302 imperator,

460 2349 654 2390 manus
682 2333 901 2390 venisse
931 2332 1221 2399 victrices,
1275 2329 1567 2399 legendum
1614 2326 1789 2383 oculis
1834 2327 1963 2380 tuis.
2010 2322 2070 2395 In

461 2443 571 2498 quo
596 2426 729 2482 mihi
753 2427 770 2457 ¹
801 2441 903 2496 pro
931 2425 1206 2481 Heliconis
1231 2421 1455 2479 verticis
1480 2434 1726 2485 nemore,
1753 2433 1853 2489 pro
1880 2415 2072 2472 Casta-

453 2519 515 2576 lii
545 2519 710 2577 fontis
735 2519 933 2576 haustu
961 2518 1250 2583 versilico,
1283 2530 1385 2588 pro
1423 2512 1697 2586 Apollinis
1728 2512 1861 2584 lyra:
1892 2509 2066 2566 Musa-

455 2629 577 2670 rum
631 2612 1050 2671 concinentibus
1090 2610 1304 2679 cboris,
1352 2606 1680 2677 exterisque
1723 2618 1846 2676 qua
1892 2602 2070 2674 poetis

457 2720 579 2762 mos
610 2715 696 2762 est
724 2720 945 2761 carmen
985 2703 1347 2774 pangentibus
1379 2701 1637 2756 invocare
1657 2739 1674 2766 ,
1705 2698 1782 2753 tui
1811 2695 1941 2752 mihi
1971 2710 2069 2750 no-

453 2796 619 2855 minis
649 2805 858 2853 aotcrua
887 2795 1126 2853 felicitas
1145 2835 1161 2863 ,
1194 2804 1250 2851 et
1281 2793 1404 2865 ejus
1438 2789 1788 2848 multiformis
1817 2803 1939 2844 cum
1968 2802 2067 2843 sua

450 2889 810 2948 veneratione
858 2887 1142 2960 praefatio,
1192 2884 1531 2942 incentivum
1572 2881 1774 2939 cecinit
1814 2880 1880 2936 ad
1907 2882 1927 2913 ²
1969 2893 2068 2935 au-

2183 1667 2398 1724 ctiones
2424 1676 2480 1723 et
2502 1666 2647 1738 jura,
2678 1667 2840 1723 etiam
2872 1667 3041 1723 Musis
3071 1665 3167 1722 tibi
3210 1665 3568 1722 familiaribus
3595 1665 3617 1697 δ
3644 1664 3786 1722 adeo

2177 1775 2368 1826 vacas,
2400 1769 2458 1817 ut
2485 1760 2628 1816 inter
2648 1768 2728 1816 tot
2754 1761 2953 1817 divinae
2975 1760 3278 1833 majestatis
3303 1761 3557 1832 insignia,
3584 1760 3788 1833 quibus

2179 1855 2413 1911 invictus
2443 1870 2664 1927 semper
2692 1855 2746 1911 in
2781 1855 2975 1928 primis
3008 1871 3069 1912 es
3091 1899 3106 1925 ,
3134 1855 3298 1927 hujus
3325 1855 3492 1913 etiam
3519 1855 3686 1912 studii
3726 1854 3784 1911 in

2177 1956 2229 2004 tc
2262 1948 2425 2005 micet
2455 1948 2718 2020 splendor
2747 1949 3028 2021 egregius.
3073 1948 3347 2006 Nimirum
3380 1965 3543 2021 agere
3578 1950 3787 2022 gratias

2178 2040 2416 2108 audebo,
2436 2042 2596 2098 "cum
2644 2042 2774 2099 exili
2807 2056 3067 2099 sermone
3098 2057 3168 2100 ne
3194 2042 3542 2115 perminimis
3561 2042 3784 2114 quidem

2181 2133 2377 2189 referri
2426 2133 2593 2206 digne
2618 2134 2640 2165 °
2668 2137 2916 2207 possint,
2953 2145 3010 2191 et
3051 2145 3135 2203 tu,
3172 2135 3259 2206 pie
3285 2137 3604 2207 imperator,
3627 2142 3781 2191 tanta

2174 2226 2527 2297 praestiteris,
2561 2235 2620 2283 ut
2648 2227 2793 2284 istud
2821 2243 2921 2299 pro
2943 2228 3252 2285 benefactis
3284 2230 3391 2285 tuis
3416 2245 3483 2286 ne
3509 2229 3783 2286 facundis-

2174 2321 2330 2377 simis
2369 2321 2591 2392 quidem
2632 2323 2808 2392 possit
2846 2322 3101 2394 impleri?
3132 2323 3348 2379 Etenim
3381 2323 3428 2380 si
3457 2324 3569 2390 ita,
3601 2331 3664 2380 ut
3691 2338 3783 2380 sa-

2173 2412 2458 2483 pientibus
2509 2413 2757 2483 placuit,
2805 2414 3048 2470 maxime
3093 2416 3415 2486 imperator,
3457 2415 3782 2473 aestimanda

2171 2516 2299 2562 sunt
2319 2548 2333 2574 ,
2368 2522 2478 2562 non
2508 2508 2843 2563 numeranda
2869 2508 3076 2580 judicia
3099 2554 3113 2579 ,
3156 2510 3248 2581 qui
3279 2509 3590 2580 hujusmodi
3624 2510 3783 2567 testi-

2169 2599 2412 2656 monium
2439 2609 2776 2656 consecutus
2800 2615 2922 2656 sum
2955 2601 3175 2671 pietatis
3203 2611 3309 2657 tua:
3341 2601 3656 2674 dignatione
3675 2617 3785 2661 cm-

2171 2692 2330 2759 lcsti,
2354 2692 2466 2764 jam
2513 2693 2641 2749 licet
2678 2693 2935 2749 Parnassi
2966 2693 3093 2766 juga
3126 2708 3353 2751 securus
3397 2694 3695 2764 ingrediar,
3722 2704 3782 2752 et

2168 2788 2238 2843 ab
2271 2787 2409 2858 ipsis
2442 2789 2601 2843 Aonii
2629 2788 2853 2845 verticis
2882 2788 3059 2861 adytis
3091 2790 3366 2847 deducere
3395 2790 3627 2847 audeam
3654 2791 3775 2847 Mu-

2171 2896 2279 2947 sas,
2318 2891 2467 2937 tutus
2507 2897 2855 2954 quocumque
2884 2897 3041 2938 mens
3066 2883 3166 2940 ibit
3196 2885 3250 2939 in
3280 2884 3522 2940 carmina
3542 2926 3559 2953 ,
3599 2893 3659 2940 et
3684 2884 3776 2940 di-

448 2983 691 3041 dendum
713 3025 729 3051 ,
762 2991 817 3038 et
843 2981 913 3038 ad
941 2978 1345 3051 expediendum
1388 2978 1596 3048 pariter
1639 2974 1915 3046 ingenium
1966 2972 2064 3028 tri-
2088 2975 2134 3040 C
2168 2976 2297 3033 vina
2322 2976 2655 3046 judiciorum
2690 2987 2906 3034 tuorum
2939 2980 3268 3036 auctoritate
3293 2979 3574 3047 munitus,
3610 2987 3778 3051 atque

447 3075 567 3133 huit
616 3085 671 3130 et
718 3072 997 3130 effectum.
1050 3071 1311 3127 Romanae
1362 3068 1531 3125 Musae
1582 3067 1811 3123 antistes
1861 3064 2060 3121 nobilis

446 3166 803 3231 Mantuanus,
856 3178 1050 3219 serena
1081 3161 1175 3217 lux
1222 3168 1408 3216 vatum
1436 3204 1450 3229 ,
1480 3165 1537 3215 et
1564 3157 1688 3213 lous
1721 3157 1841 3227 puri
1872 3165 2059 3213 necta-

447 3258 558 3323 ris,
591 3257 711 3314 vela
743 3254 1010 3313 fecundus
1044 3253 1100 3310 in
1128 3253 1369 3310 carmina
1393 3252 1414 3283 ⁸
1441 3250 1676 3318 exaltat,
1706 3264 1771 3305 ac
1791 3264 1852 3306 se
1881 3247 2051 3320 pluri-

447 3364 596 3406 mum
618 3349 817 3420 jactat,
845 3356 903 3405 et
925 3348 1122 3403 iterum
1149 3361 1215 3402 ac
1241 3345 1442 3416 saepius
1467 3343 1784 3401 Mecoauatis
1810 3342 2055 3399 testimoo

446 3442 541 3498 nio
572 3441 857 3513 gloriatur.
887 3440 1028 3509 Quid
1058 3454 1159 3512 ego
1183 3438 1374 3494 faciam
1399 3437 1547 3492 tenui
1576 3451 1781 3507 pauper
1809 3434 2049 3507 ingenio,

450 3535 634 3592 meriti
663 3551 811 3591 nunc
839 3548 1012 3607 usque
1040 3532 1326 3605 perparvi?
1362 3531 1617 3588 Caelestis
1640 3529 1825 3601 judicii
1862 3529 2054 3600 digna-

444 3630 596 3686 tione
645 3630 975 3686 immensum
1006 3627 1146 3684 mihi
1178 3626 1390 3698 pondus
1429 3624 1740 3696 impositum
1769 3633 1888 3691 est,
1934 3622 2052 3695 ejus

444 3723 792 3797 imperatoris
820 3723 1164 3792 testimonio,
1195 3721 1289 3794 qui
1319 3722 1463 3777 inter
1490 3719 1620 3777 belli
1652 3719 1908 3792 pacisque
1937 3719 2044 3775 vir-

518 3883 973 3987 :gfl'ifinis
989 3925 1004 3952 ,
1036 3891 1095 3941 et
1118 3882 1198 3940 sic
1221 3880 1503 3953 deinceps.

523 3956 544 3987 ¹
575 3955 929 4011 Audiendum.

519 4025 540 4058 ⁸
567 4025 808 4084 Exultat.

523 4180 753 4245 Maxime
785 4190 991 4244 invicte.
1011 4187 1159 4244 Pctri
1187 4185 1385 4243 Pitlimi
1424 4184 1592 4242 editio
1619 4184 1759 4241 inter
1787 4183 2042 4242 Veterum

453 4256 862 4330 Epigrammata
889 4271 944 4317 et
962 4259 1261 4326 Poematia,
1285 4265 1571 4330 procurata
1604 4256 1850 4328 Lugduni
1884 4259 2044 4327 1596,

452 4345 576 4401 pag.
602 4333 729 4400 579,
760 4334 962 4388 omittit
992 4333 1234 4386 maxime.

532 4400 860 4477 lnfatigabili
883 4406 1031 4477 olent.
1065 4403 1207 4477 Pith.
1238 4401 1600 4477 infatigabilis.

522 4473 834 4542 Suffecerat.
866 4476 1013 4530 P-ith.
1039 4473 1320 4541 snﬂ'ecerit.

520 4543 850 4621 (figurarum.
875 4546 1017 4621 Pith_.
1032 4547 1388 4621 illigaueram.

520 4616 636 4690 Quo
656 4621 775 4690 plus
809 4616 1142 4690 mihitPith.‘
1163 4618 1320 4690 quod
1321 4616 1466 4690 prius
1490 4616 1631 4690 mihi.
1727 4685 1741 4690 _
1788 4685 1819 4690 _
1918 4686 1930 4690 _
1957 4671 1972 4690 _,

518 4687 628 4762 Pro
644 4685 939 4762 Heliconis.
960 4689 1105 4746 Pith.
1148 4685 1242 4762 pro
1265 4685 1550 4754 Heliconii,
1599 4685 1743 4757 quod
1786 4685 2039 4744 Barthius

446 4761 672 4828 mavult,
704 4763 811 4818 col.
848 4760 1007 4816 1107.

515 4832 774 4905 Apollinis
801 4832 948 4905 lgrte.
975 4832 1119 4905 Pith.
1154 4832 1329 4905 Apoll.
1352 4831 1488 4905 lyra.

522 4853 774 4961 (Inpotunis
801 4853 948 4915 ιρι-(ετ
977 4853 1130 4916 [fui].-
1154 4853 1333 4916 Προιιῖ
1352 4853 1491 4915 ινζαε
1954 4902 1967 4914 .

568 4922 622 4960 ιιι
646 4904 771 4960 mihi
800 4920 1044 4959 nominis.
1071 4904 1217 4960 Pttb.
1258 4912 1334 4958 tui
1358 4918 1585 4958 minim.
1608 4918 1750 4958 nom.
1783 4901 2039 4959 Barthius

447 4977 663 5052 legebat
685 4977 759 5030 tui
782 4976 944 5031 divini
970 4976 1216 5052 nominis.

512 5045 642 5108 Cum
664 5064 761 5104 sua
784 5049 1113 5120 veneratione
1135 5048 1398 5120 praefatio.
1419 5045 1565 5102 Pith.
1597 5062 1713 5100 cum
1748 5062 1847 5101 sua
1885 5061 2036 5102 vene-

442 5123 641 5195 rabili..
675 5119 998 5195 "oprtelatio.

438 5233 443 5259 :
511 5193 846 5254 Audendum.
869 5200 917 5246 et
942 5208 969 5245 ε

511 5267 737 5321 Antistes
758 5262 947 5319 nobilis

510 5338 787 5403 Nectaris,
826 5335 939 5390 vela
970 5333 1245 5405 fecundus.
1290 5333 1434 5389 Pith.
1484 5335 1709 5388 nectaris
1757 5333 2031 5405 fecundus.

440 5410 578 5467 Male
604 5410 809 5464 omittit
839 5422 1051 5463 vocem.

503 5480 572 5537 In
595 5480 825 5535 carmina
850 5478 1065 5535 exultat.
1092 5474 1232 5533 Pitlt.
1261 5478 1315 5531 in
1339 5477 1566 5531 carmine
1594 5475 1815 5531 exultat.

504 5553 673 5635 Tenui
696 5567 889 5626 pauper
908 5550 1140 5635 ingenio:
1177 5548 1316 5635 Pit'l‘l:
1341 5549 1749 5635 tenuispauper'
1768 5548 1988 5631 ingenii.

507 5619 828 5678 Immensum
853 5619 985 5676 mihi
996 5621 1221 5678 pondus.
1251 5619 1396 5675 Pith.
1429 5619 1809 5675 omi’ttit’milti.

505 5691 899 5762 Etiam‘Husis
946 5690 1038 5745 tibi
1076 5691 1420 5762 familiaribus
1464 5694 1594 5746 adeo
1651 5707 1821 5747 vacas.
1885 5690 2027 5748 Pith.

435 5761 570 5824 Haec
591 5778 625 5814 a
653 5759 821 5817 Musis
846 5762 940 5817 tibi
968 5759 1317 5833 familiaribus
1338 5760 1544 5816 laudas.

1047 5192 1151 5247 ,Τὸ
1171 5200 1221 5245 et
1248 5204 1274 5242 a
1304 5189 1449 5245 Pith.
1481 5189 1655 5246 abest.

1043 5269 1153 5315 ant.
1184 5261 1330 5317 Pith.
1360 5260 1527 5316 nobis.
1553 5260 1711 5318 Male.

2167 3069 2220 3125 in
2271 3083 2395 3126 mea
2442 3069 2814 3127 blandimenta
2869 3071 2992 3142 plus
3037 3071 3329 3139 credulus,
3374 3073 3635 3128 universo
3682 3088 3775 3130 me

2164 3160 2286 3217 orbi
2328 3161 2595 3229 placuisse
2638 3162 3007 3234 contendam,
3040 3164 3133 3236 qui
3163 3165 3384 3236 placere
3426 3166 3574 3237 potui
3604 3166 3773 3224 totius

2163 3253 2312 3310 orbis
2350 3257 2691 3325 imperatori.
2734 3257 2986 3329 Denique
3006 3268 3215 3328 oratus,
3240 3260 3627 3331 augustissime
3669 3259 3775 3317 do-

2162 3348 2339 3413 mine,
2401 3348 2699 3405 temeritati
2759 3365 2894 3406 mes:
2944 3350 3010 3407 da
3060 3352 3310 3420 veniam,
3361 3362 3418 3409 et
3459 3369 3582 3425 quae
3621 3368 3773 3411 nunc

2161 3457 2378 3514 quoque
2415 3443 2636 3515 pietatis
2679 3452 2786 3500 tuac
2823 3445 3012 3502 favore
3051 3461 3219 3502 ausus
3255 3462 3373 3503 sum
3400 3447 3607 3519 illigare
3632 3489 3647 3512 ,
3674 3447 3770 3503 di.

2161 3546 2393 3609 gnanter
2417 3537 2643 3595 admitte
2677 3557 2691 3594 :
2717 3538 2975 3595 Audacire
3006 3555 3144 3598 mea:
3159 3539 3403 3597 fomitem
3423 3539 3770 3597 auctoritatis

2162 3640 2268 3687 tuac
2289 3631 2578 3688 clementia
2607 3631 2918 3688 suscitavit.
2943 3631 3097 3690 Vale.

2232 3886 2253 3918 δ
2283 3886 2463 3943 Laude
2488 3906 2665 3947 vacas.

2229 3959 2251 4061 ε
2278 3958 2527 4087 (ἐιὲἓιείο
2545 3962 2688 4018 illius
2717 3978 2950 4019 sermone
2975 3963 3193 4036 permin.

2161 4261 2170 4270 _
2229 4188 2427 4272 Quibus
2448 4192 2672 4248 invictus
2697 4210 2898 4272 semper
2930 4197 2982 4249 in
3006 4197 3187 4267 primis
3209 4212 3280 4252 es.
3309 4196 3456 4255 Pith.
3487 4198 3675 4271 quibus
3703 4210 3757 4255 et

2153 4268 2373 4338 invictus
2400 4278 2597 4338 semper
2625 4273 2673 4320 et
2697 4269 2894 4338 primus
2920 4277 2993 4322 es‘.

2227 4329 2355 4410 Qum
2381 4329 2518 4410 exili
2530 4329 2784 4410 sermone.
2802 4337 2950 4393 Pith.
2982 4340 3131 4410 cujus
3157 4341 3282 4410 exili
3303 4358 3459 4398 serm.

2072 4410 2126 4470 1)
2225 4402 2308 4490 Aie
2332 4408 2652 4490 perminimis
2679 4427 2731 4479 q.
2758 4426 2803 4462 r.
2833 4410 2885 4465 (ί.
2912 4402 3134 4483 possint.
3172 4409 3315 4470 Pith.
3345 4415 3664 4485 prominimis
3686 4437 3747 4490 (ι.

2152 4492 2197 4527 ν.
2222 4476 2276 4549 (ζ,
2308 4476 2486 4549 possit.

2219 4545 3339 4640 lye'ft'acnndissipiisq..p‘.oimpleriz_Pith.
3371 4574 3436 4613 ne
3463 4575 3495 4612 a
3525 4559 3748 4629 formed.

2142 4636 2195 4689 η.
2312 4620 2536 4703 impleri.
2561 4620 2783 4706 Absque
2811 4620 3392 4712 interrogandi-signo.

2236 4707 2333 4768 ant
2362 4693 2479 4747 licet
2501 4692 2942 4768 Parnassi._PttlI.
2960 4714 3078 4768 1am
3101 4708 3328 4754 omittit.

2222 4762 2559 4847 Quocumque
2587 4780 2729 4847 mens
2752 4765 2842 4821 ibit
2866 4768 2921 4820 in
2951 4762 3204 4825 carmina.
3242 4769 3387 4828 Pith.
3414 4790 3745 4847 quacumque

2141 4848 2285 4888 mens
2308 4834 2422 4902 ibit,
2452 4834 2700 4893 carmine.

2212 4905 2384 4961 Ansns
2425 4923 2541 4962 sum
2578 4907 2805 4983 illigare.
2859 4910 3004 4967 Pith.
3036 4929 3194 4969 ausus
3220 4932 3337 4970 sum
3370 4916 3595 4973 versibus
3630 4919 3745 4973 illi-

2139 4992 2283 5049 9W}?-

2223 5046 2368 5127 ναις.
2391 5049 2586 5127 _Abes_t
2612 5068 2642 5109 a
2670 5051 2815 5127 Pith.
2838 5053 3109 5127 Barthius
3140 5059 3474 5127 ascripserat
3504 5079 3519 5115 :
3553 5079 3573 5113 ι
3613 5060 3741 5121 Non

2139 5120 2281 5202 ideo_
2314 5122 2669 5202 dubitandum
2718 5124 2789 5202 de
2834 5126 3170 5202 ingenuitate
3217 5120 3373 5202 hujus
3441 5120 3738 5202 epistolae,

2138 5192 2282 5262 quod
2322 5195 2474 5248 multi
2511 5192 2968 5254 Constantiniano
3004 5214 3122 5255 aevo
3150 5192 3345 5258 melius
3372 5192 3565 5259 Latine
3591 5192 3740 5262 seri;

2137 5274 2409 5347 pseruntr
2440 5280 2563 5347 nam
2593 5280 2648 5323 et
2671 5269 2962 5347 alios_licet
2982 5279 3210 5347 notare,
3237 5281 3294 5347 et
3341 5276 3422 5330 sic
3470 5284 3526 5331 et
3575 5277 3738 5347 pejus

2137 5335 2299 5418 etiam
2322 5377 2338 5401 ,
2369 5339 2605 5418 Joctitos
2630 5356 2666 5418 ;_
2693 5341 2887 5418 ut_si_nt
2910 5335 3659 5418 exemplo,:gcborograpliia'
3700 5364 3737 5404 ι

2135 5403 2337 5489 Jacobo
2364 5403 2706 5489 gatholredo
2724 5452 2740 5478 ,
2764 5403 3108 5489 ltinerarium
3170 5403 3733 5489 Hgierosol}mitanum

2136 5477 2358 5560 anPetro
2388 5480 2618 5560 Pitlimo,
2641 5484 2974 5560 promulgata
2996 5486 3278 5560 opuscula.
3306 5477 3732 5560 Nos'inscriptis

2138 5547 2291 5631 libris
2314 5563 2371 5631 et
2402 5552 2554 5621 plura
2585 5547 2711 5608 talia
2741 5547 3049 5631 supéresse'
3070 5558 3350 5631 novimus.
3388 5569 3446 5615 et
3486 5563 3572 5617 vel
3603 5547 3731 5618 om-

2137 5624 2288 5704 nium
2330 5624 2757 5704 loco_ponamus
2805 5628 3214 5704 Commentaria
3245 5629 3298 5685 in
3326 5631 3574 5689 Psalmos
3616 5636 3731 5688 Ar-

2137 5691 2286 5766 nobii
2316 5691 2564 5766 alicujus,
2589 5704 2749 5753 aetate
2788 5709 2939 5754 certe
2976 5698 3200 5755 minime
3230 5703 3554 5762 rerentioris
3606 5704 3727 5763 istis

2137 5760 2245 5821 huc
2274 5760 2485 5835 positis,
2512 5760 2723 5824 titulum
2753 5770 3116 5841 praeferentia,
3140 5783 3246 5829 etc.
3298 5792 3318 5827 ο
