4096 6182
1155 250 1632 316 PANEGYRICUS
1669 249 2148 312 CONSTANTINO
2186 245 2512 311 AUGUSTO
2551 244 2814 308 DICTUS.

3517 239 3623 302 δθι

343 360 3622 398 ___________________________________________._._..._....___

713 506 1272 607 EPISTOLA
1350 511 2125 600 CONSTANTINI
2197 513 2356 598 AD
2431 508 3262 596 PORPHYRIUM.

1233 858 1528 913 INVICTUS
1553 858 1948 914 CONSTANTIN
1957 860 2034 914 US
2057 859 2394 914 AUGUSTUS
2418 859 2728 915 MAXIIUS.

423 1039 478 1096 Si
513 1046 720 1094 tantum
741 1034 954 1108 pondus
981 1043 1038 1092 et
1061 1037 1302 1108 gravitas
1331 1045 1712 1107 spectarentur
1732 1038 1787 1092 in
1812 1052 1933 1094 car-
1962 1052 2019 1112 Α
2042 1041 2204 1108 nique
2232 1039 2396 1095 etiam
2423 1037 2616 1094 studiis
2643 1036 2896 1092 meritum
2923 1050 2952 1090 a
2989 1051 3077 1092 me
3118 1033 3490 1092 testimonium
3518 1050 3627 1091 non

347 1134 497 1190 mine
523 1173 538 1199 ,
565 1140 623 1187 et
651 1129 840 1187 Graeca
869 1137 992 1200 post
1020 1127 1215 1184 Chium
1249 1129 1612 1185 Mmoniumve
1641 1139 1853 1197 vatem,
1886 1141 1940 1186 et
2039 1139 2286 1202 negatur.
2317 1129 2482 1186 Liber
2513 1130 2729 1185 assidue
2760 1144 2951 1185 cursus
2997 1129 3304 1185 oratoribus
3346 1129 3480 1194 fuit;
3532 1144 3629 1185 eos

346 1225 544 1280 Latina
579 1233 698 1294 post
721 1222 986 1277 rusticum
1018 1221 1371 1277 Mantuanum
1399 1224 1716 1293 eloquentia
1759 1224 1942 1277 siluis-
2042 1241 2169 1279 vero
2195 1225 2284 1293 qui
2314 1225 2557 1280 versibus
2586 1225 2866 1292 dicerent,
2896 1225 3061 1281 certis
3089 1224 3282 1280 finibus
3322 1223 3407 1278 lex
3439 1223 3629 1280 metris

347 1328 474 1384 set,
513 1332 611 1372 nec
642 1315 840 1371 frustra
869 1315 1169 1386 culpabiles
1194 1315 1402 1384 forent,
1435 1317 1528 1388 qui
1557 1318 1659 1373 sibi
1687 1319 1941 1374 materias
2042 1327 2241 1374 Statuta
2282 1318 2594 1374 continuit:
2641 1334 2812 1388 quare
2859 1333 2965 1372 non
3010 1318 3284 1372 immerito
3328 1316 3458 1371 illud
3503 1331 3632 1372 usus

344 1427 451 1484 pro
482 1410 824 1483 ingeniorum
851 1411 1115 1481 qualitate
1141 1421 1448 1476 sumentes,
1481 1411 1629 1466 inani
1658 1427 1825 1482 opere
1853 1427 1940 1466 su-

344 1504 575 1560 dassent
592 1545 607 1569 ,
637 1518 759 1558 cum
781 1516 951 1573 penes
979 1503 1188 1572 primos
1209 1501 1473 1558 facundia:
1493 1502 1805 1558 conditores
1829 1503 1944 1574 glo-

344 1597 431 1654 ria
463 1603 576 1651 tota
611 1595 910 1659 resideret,
950 1595 1117 1650 frater
1162 1595 1500 1651 cbarissime.
1543 1595 1652 1652 Sed
1686 1593 1943 1668 quoniam

347 1706 571 1760 semper
609 1692 663 1745 in
692 1689 979 1761 propatulo
1004 1704 1136 1744 usus
1162 1690 1318 1744 istius
1357 1689 1488 1756 fuit,
1529 1705 1628 1746 nec
1659 1689 1754 1744 ulli
1777 1705 1943 1762 nega-

350 1795 466 1841 tum
495 1796 612 1850 est,
646 1783 702 1840 id
730 1801 798 1840 ex
826 1800 888 1840 ea
933 1785 1204 1849 indicere,
1237 1786 1379 1856 quod
1428 1787 1598 1855 possit
1634 1785 1757 1842 illos
1783 1787 1942 1840 etiam

349 1893 491 1950 quos
525 1877 799 1946 posterius
830 1892 1005 1933 aevum
1039 1877 1160 1932 tulit
1187 1878 1492 1943 delectare,
1525 1894 1633 1933 non
1675 1879 1890 1948 penitus
1915 1893 1946 1933 a

353 1971 536 2027 fructu
564 1970 774 2026 favoris
808 1971 1078 2038 excludit,
1109 1971 1200 2041 qui
1231 1972 1441 2027 relictis
1480 1973 1819 2044 gravioribus
1861 1988 1950 2027 so-

355 2064 442 2118 nis
460 2107 476 2130 ,
507 2062 700 2118 modos
730 2062 797 2118 ad
822 2062 1030 2118 leviora
1056 2061 1258 2119 ﬂexere
1281 2081 1294 2117 :
1319 2063 1551 2135 llligavit
1573 2065 1711 2120 alter
1731 2064 1951 2120 cothur-

363 2157 450 2212 nis
482 2167 541 2211 et
566 2170 732 2226 prope
759 2155 1096 2226 quotidianis
1118 2171 1181 2210 ac.
1202 2157 1499 2212 moralibus
1524 2158 1705 2213 verbis
1725 2157 1951 2214 affectus

358 2247 676 2315 hominum,
709 2247 997 2305 comoediis
1025 2249 1240 2304 locutus
1281 2258 1366 2303 est
1394 2249 1614 2320 quidam
1634 2291 1650 2318 ,
1697 2249 1954 2321 inaequali

2044 1412 2267 1478 invenit,
2285 1423 2342 1466 ut
2360 1413 2462 1466 hoc
2486 1426 2686 1482 genere
2705 1411 2952 1476 dicturis,
2967 1411 3243 1468 Heliconis
3268 1421 3362 1466 aut
3381 1410 3635 1467 Parnassi

2040 1506 2165 1576 juga
2214 1513 2564 1575 peterentur,
2617 1521 2738 1560 cum
2787 1506 3033 1560 mortalis
3086 1504 3290 1575 ingenii
3345 1504 3638 1560 deficiente

2045 1598 2376 1664 substantia,
2435 1600 2741 1654 necessaria
2789 1600 3107 1654 viderentur
3164 1596 3366 1652 auxilia
3425 1595 3632 1652 divina.

2045 1692 2064 1721 ²
2088 1691 2314 1747 Gratum
2356 1690 2489 1745 mihi
2533 1700 2618 1747 est
2645 1691 2952 1745 studiorum
2985 1701 3199 1746 tuorum
3234 1688 3552 1745 facilitatem
3581 1689 3636 1743 in

2046 1783 2181 1840 illud
2207 1786 2413 1850 exisse,
2447 1785 2587 1840 utin
2620 1785 2922 1856 pangendis
2959 1784 3212 1839 versibus
3249 1783 3377 1839 dum
3416 1784 3636 1854 antiqua

2048 1887 2340 1946 servaret,
2405 1879 2568 1934 etiam
2631 1893 2766 1933 nova
2844 1880 2957 1950 lyra
3031 1877 3132 1932 sibi
3192 1875 3475 1932 conderet.
3533 1875 3638 1932 Vix

2051 1973 2154 2029 hoc
2181 1973 2510 2028 custoditum
2543 1973 2788 2044 pluribus
2833 1972 2964 2038 fuit,
2999 1971 3019 2002 ³
3056 1970 3147 2040 qui
3194 1971 3372 2025 modis
3415 1969 3640 2039 quibus-

2051 2067 2172 2122 dam
2223 2069 2389 2123 arctis
2432 2068 2613 2122 innexi
2660 2068 3003 2134 litterarum,
3051 2065 3494 2121 distinctionibus
3517 2080 3640 2119 ver-

2051 2176 2207 2215 suum
2237 2159 2352 2233 (qui
2383 2161 2453 2216 ita
2485 2160 2723 2216 medium
2755 2175 2954 2230 corpus
2983 2157 3244 2229 propositi
3271 2156 3294 2188 ⁸
3321 2158 3536 2213 occulte
3556 2157 3641 2212 in-

2053 2260 2344 2319 termeant,
2375 2263 2432 2308 ut
2455 2255 2735 2309 oculorum
2761 2269 2952 2308 sensus
2981 2252 3318 2307 interstincta
3349 2251 3370 2281 ⁸
3396 2251 3640 2306 colorum

358 2341 501 2413 pede
531 2340 704 2412 elegia
744 2348 960 2398 cantata
999 2351 1115 2412 est,
1157 2343 1451 2398 multorum
1492 2343 1697 2413 digitos
1732 2345 1954 2400 semilo—
1985 2418 2009 2420 ᾗ
2057 2347 2330 2418 pigmenta
2353 2345 2648 2420 delectent)
2677 2347 2780 2403 hoc
2805 2356 3030 2402 tenuere
3060 2346 3416 2416 propositum,
3447 2354 3505 2400 ut
3533 2344 3644 2399 bre-

361 2436 627 2508 quacibus
652 2434 874 2492 chordis
911 2450 1067 2490 amor
1108 2435 1240 2508 lyrae
1281 2435 1550 2505 iucundus
1594 2437 1823 2492 inservit
1856 2452 1954 2507 pro
1983 2418 2030 2478 Β
2058 2442 2332 2497 sitantiam
2381 2418 2935 2510 carminivmultiplex
2978 2440 3113 2509 legis
3151 2439 3496 2494 observantia
3535 2453 3645 2493 nou

363 2532 681 2602 aqualitate
729 2531 1135 2587 modulaminis.
1185 2532 1202 2563 ¹
1249 2531 1319 2587 At
1366 2547 1472 2588 non
1518 2532 1663 2588 circa
1715 2533 1956 2603 singulos

2058 2540 2358 2603 repararet.
2410 2532 2636 2589 Gratum
2689 2534 2854 2604 igitur
2895 2532 2998 2588 hac
3043 2531 3176 2586 mihi
3218 2531 3508 2587 dicationis
3537 2538 3646 2586 tua:

365 2639 616 2695 quosque
655 2625 903 2696 expetita:
948 2624 1124 2680 laudis
1171 2623 1342 2696 gratia
1390 2626 1740 2682 redundavit.
1778 2625 1963 2682 Defuit
2061 2641 2256 2680 munus
2295 2625 2393 2680 fuit
2425 2643 2440 2681 :
2477 2627 2814 2682 Exercitatio
2852 2623 3059 2680 mentis
3082 2634 3138 2680 et
3171 2632 3376 2679 natura:
3416 2621 3651 2679 facilitas

367 2716 733 2788 quorumdam
785 2716 1014 2787 ingeniis
1063 2717 1453 2786 imperatorum
1501 2716 1670 2785 favor,
1719 2718 1810 2788 qui
1850 2733 1960 2772 non
2061 2719 2409 2789 comprobata
2438 2730 2541 2774 est.
2573 2719 2655 2774 Tu
2696 2734 2819 2775 cum
2848 2717 2944 2773 tibi
2973 2717 3159 2774 videas
3197 2716 3381 2786 operis
3418 2717 3492 2770 tui
3525 2729 3651 2786 gra-

367 2825 532 2868 secus
560 2811 822 2867 doctrinae
851 2809 1065 2866 deditas
1109 2821 1320 2867 mentes
1364 2812 1594 2883 irrigare
1621 2821 1784 2881 atque
1812 2813 1962 2869 alere
2061 2811 2190 2866 tiam
2209 2854 2224 2878 ,
2258 2827 2417 2880 quam
2447 2826 2518 2868 ex
2550 2811 2689 2867 meis
2721 2811 2992 2883 petiveras
3014 2811 3236 2865 auribus
3265 2824 3372 2864 non
3403 2808 3612 2878 perisse
3637 2848 3652 2872 ,

367 2904 692 2970 consuevit,
741 2902 898 2974 quasi
939 2901 1134 2957 clivosi
1183 2904 1417 2959 tramitis
1472 2903 1767 2972 supercilio
1814 2903 1962 2958 rivus
2064 2911 2122 2958 et
2162 2914 2424 2974 proventu
2464 2905 2750 2975 prasentis
2787 2903 3049 2974 temporis
3075 2903 3350 2959 exsultare
3388 2899 3655 2965 debebis,

367 2997 622 3061 elicitus,
653 2991 1081 3050 scaturientibus
1117 2993 1270 3050 venis
1293 3009 1420 3049 arva
1445 2995 1656 3049 arentia
1686 3002 1961 3064 tempera-

2065 3005 2120 3052 et
2150 3012 2258 3053 non
2287 2996 2586 3054 indebitam
2627 2997 2836 3054 Iaudem
2876 2996 3078 3068 ingenii
3115 2992 3505 3052 exercitatione
3529 3006 3658 3062 cap-

367 3090 472 3144 vit.
505 3087 719 3145 Saecula
747 3102 872 3143 meo
912 3087 1221 3145 scribentes
1265 3085 1618 3159 dicentesque
1660 3101 1770 3143 non
1806 3087 1966 3144 aliter
2065 3097 2203 3146 tare.

367 3183 646 3256 benignus
669 3181 884 3240 auditus
901 3222 918 3251 ,
944 3197 1107 3255 quam
1129 3181 1269 3240 lenis
1297 3197 1428 3240 aura
1459 3185 1826 3257 prosequitur.
1859 3184 1965 3242 De-

449 3349 467 3382 ¹
499 3348 583 3403 Au
611 3347 778 3405 circa.

451 3421 473 3453 ³
502 3417 689 3475 Grata.

449 3491 470 3523 ³
505 3490 599 3547 Ut.

452 3627 716 3697 Augustus
734 3622 1016 3698 Maximus.
1046 3624 1196 3698 Pith.
1224 3626 1481 3680 maximus
1504 3625 1788 3698 Augustus.

456 3700 824 3770 Spectarentur
846 3699 937 3770 in:
956 3697 1102 3752 Pith.
1131 3706 1569 3770 exspectarentur.

457 3717 494 3756 ὗ
539 3717 824 3752 celarentur
846 3717 920 3752 ιη.
956 3717 1102 3752 ιἰιιι.
1131 3717 1468 3770 exspecrareni

457 3717 536 3825 li}:
551 3768 735 3842 Graeca
751 3778 887 3842 post.
908 3769 1057 3842 Pith.
1080 3770 1292 3842 omittit,
1313 3770 1374 3824 τὸ
1397 3777 1468 3842 et.

459 3840 773 3912 Eloquentia
795 3841 1043 3912 siluisset.
1073 3841 1214 3912 Pitii.
1245 3841 1378 3912 eloq.
1408 3840 1692 3894 uilesceret.

460 3911 646 3968 Gloria
670 3920 778 3967 tota
801 3911 1070 3967 resideret.
1098 3911 1242 3968 Pith.
1275 3911 1544 3968 resederit.

463 3985 530 4038 Id
561 4000 626 4038 ea:
645 4000 704 4037 ea
732 3984 977 4037 indicere.
1006 3983 1150 4038 Pith.
1185 3985 1370 4038 dicere.

466 4054 659 4109 divum
684 4054 802 4108 tulit
837 4055 1106 4108 delectare.
1144 4055 1291 4110 Pith.
1317 4057 1378 4113 τὸ
1408 4057 1663 4112 delectare
1699 4053 1898 4110 omisit.

466 4125 688 4181 Favoris
716 4125 965 4198 egcludit.
992 4126 1136 4180 Pith.
1170 4129 1275 4198 fav.
1295 4129 1534 4184 exclusit.

468 4198 713 4252 Flexere.
742 4197 884 4251 Pith.
908 4197 1185 4267 ﬂexerunt.

473 4269 753 4342 Cothurnis
777 4277 828 4324 et
865 4285 1027 4341 prape
1067 4271 1268 4342 quotid.
1308 4271 1452 4326 Pith.
1490 4273 1788 4328 cothurnos.
1837 4269 1981 4324 Alter

393 4358 558 4416 prope
577 4341 736 4416 φιίάέ

523 4414 654 4468 erbis
682 4410 918 4479 aﬂ'ectus.
945 4411 1084 4466 Pith.
1117 4413 1281 4468 verbis
1300 4413 1536 4472 allectus.

470 4486 695 4540 Locutus
717 4492 794 4558 est
812 4483 1044 4554 quidam,
1069 4485 1222 4556 inteq.
1251 4485 1394 4542 Pith.
1419 4487 1619 4543 locutus
1640 4496 1712 4542 est
1735 4503 1754 4541 :
1775 4485 1984 4558 quibus—

2145 3346 2169 3378 ⁵
2201 3347 2402 3404 Oculis.

2148 3421 2170 3452 ⁸
2199 3419 2501 3476 Oculorum.

1998 3627 2044 3689 C
2152 3625 2498 3698 Temperavit.
2521 3621 2686 3698 Pith_.‘
2700 3620 3070 3698 temperauerit.

2151 3691 2287 3751 Νοιί
2302 3697 2456 3750 aliter
2483 3695 2596 3749 ben.
2629 3693 2776 3747 Pith.
2802 3691 2948 3746 haud
2972 3693 3124 3746 aliter
3155 3691 3205 3744 b.

2151 3767 2459 3822 Oratoribus
2487 3767 2606 3835 fuit.
2632 3764 2775 3818 Pith.
2809 3763 3127 3835 orationibus
3153 3761 3274 3834 fuit.

2154 3839 2222 3922 Qt
2248 3841 2343 3893 hoc
2361 3833 2692 3922 generedict.
2712 3835 2862 3922 ξηιλ.
2889 3844 2956 3919 ιιιο
2976 3837 3028 3889 in
3057 3833 3223 3903 hocg.
3252 3833 3306 3885 ιι.

2152 3909 2325 3966 Parn.
2345 3907 2499 3982 juga.
2528 3909 2671 3982 Pith.
2705 3907 2956 3982 Parnassi
2973 3923 3138 3982 sacra.

2151 3981 2329 4036 Etiam
2345 3975 2490 4035 ἠόυα
2531 3980 2646 4044 lyra
2687 3979 2805 4034 sibi.
2849 3979 2993 4034 Pith.
3036 3979 3190 4032 etiam
3222 3991 3354 4029 nova
3391 3976 3522 4044 jura
3547 3975 3663 4029 sibi.

2157 4054 2256 4122 Qui
2272 4055 2435 4108 modis
2447 4047 2755 4125 quibusdam
2772 4052 2925 4105 arctis
2942 4050 3119 4125 innexi
3153 4049 3462 4125 litterarum,
3483 4047 3666 4125 distin-

2083 4119 2336 4180 ctionibus
2357 4119 2611 4180 versuum.
2644 4124 2787 4178 Pith.
2816 4131 2871 4176 ut
2913 4123 3060 4175 nodis
3105 4119 3409 4191 quibusdam
3436 4119 3671 4191 artis_in-

2084 4200 2206 4252 nexi
2233 4199 2364 4251 citra
2394 4199 2732 4250 interventum
2761 4195 2872 4247 vitii
2892 4188 3218 4258 inculpatum
3255 4205 3458 4244 carmen
3504 4188 3672 4257 effun-

2084 4270 2281 4324 derent.
2318 4267 2430 4322 Tibi
2461 4267 2725 4320 nominum
2761 4266 3070 4336 difﬁcultate
3119 4264 3384 4336 praposita
3406 4304 3421 4328 ,
3461 4277 3672 4316 numero

2087 4341 2397 4403 litterarum,
2431 4337 2844 4392 distinctionibus
2866 4352 3123 4392 versuum.

2161 4411 2430 4481 Propositi
2451 4410 2648 4464 occulte
2669 4411 2990 4464 intermeant.
3042 4405 3185 4481 Pith.
3213 4406 3463 4481 propositi
3503 4405 3672 4474 operis

2086 4477 2411 4539 intermeant.
2440 4481 2604 4536 Forte
2632 4499 2645 4534 :
2672 4481 2923 4553 propositi
2955 4479 3122 4553 operis
3142 4477 3444 4553 occuleriut.

2165 4555 2448 4610 Oculorum
2468 4548 2681 4608 seruus.
2699 4548 2840 4608 Piih.
2865 4548 3005 4606 ocul.
3030 4548 3278 4605 sensibus.

2162 4625 2280 4681 Hoc
2312 4636 2533 4681 tenuere.
2567 4624 2712 4680 Pith.
2739 4622 2835 4679 hoc
2867 4636 3053 4678 tenere.

2163 4697 2530 4754 stitantiam
2554 4697 2791 4751 carmini.
2822 4694 2965 4752 Pith.
3001 4692 3290 4748 htesitantia
3311 4693 3565 4750 carmina.

2165 4768 2289 4841 {Yon
2311 4779 2590 4841 repararet.
2626 4769 2770 4823 Pith.
2798 4785 2899 4841 non
2925 4775 3210 4841 separaret.

2166 4839 2479 4896 Dicationis.
2512 4841 2650 4894 Pith.
2679 4840 2994 4894 dictationis.

394 4559 526 4612 dam
553 4556 814 4625 inaequali.

471 4628 656 4700 Elegia
672 4634 895 4700 cantato
922 4633 1015 4680 est.
1040 4625 1181 4682 Pith.
1217 4628 1447 4700 elegiaca
1472 4640 1681 4686 cantata
1700 4638 1839 4685 sunt.

470 4698 701 4770 Inseruit
752 4715 843 4770 pro
887 4713 1025 4770 aequ.
1071 4698 1526 4756 modulari:inis....
1585 4707 1649 4756 At
1697 4718 1801 4756 non
1849 4701 1989 4755 circa

392 4773 538 4846 sing.
561 4768 702 4824 Pith.
731 4768 964 4823 inseruit.
991 4769 1097 4823 Pro
1121 4772 1370 4843 qualitate
1401 4774 1770 4828 modulamiuis
1791 4773 1859 4826 ad
1879 4774 1988 4826 sin-

394 4847 555 4918 gulps
581 4860 635 4913 q.

474 4908 708 4985 [ngeniis
730 4908 1108 4984 Imperatorum
1129 4919 1232 4987 [αι’.
1270 4914 1415 4970 Pith.
1441 4916 1549 4988 ing.
1583 4923 1868 4988 temporum
1908 4915 1991 4986 [αρ-
2165 4910 2630 4988 ρᾳηιρνοὸαιαλςδι.
2655 4911 2802 4988 Pi_tb._
2828 4909 3249 4988 comprobata.

397 5003 513 5044 cor.
548 4979 569 4985 ⁷
815 4979 825 4984 ⁷
1129 4979 1139 4987 ’
1497 4979 1520 4988 ⁷
1684 4979 1696 4988 ’
1908 4979 1919 4986 ’
2018 5034 2063 5044 ,,
2168 4983 2230 5037 Si
2256 4979 2309 5037 tu
2338 5001 2454 5038 cum
2479 4984 2670 5037 videas.
2702 4982 2844 5037 Pith.
2881 4979 3096 5036 Tu'cum
3121 4979 3210 5033 tibi
3232 4980 3426 5034 videas.

477 5034 735 5130 irrigare.
755 5053 913 5130 Pith._
933 5057 1121 5130 rigare.
1539 5104 1544 5108 .
2016 5034 2070 5094 D
2149 5034 2759 5130 auiuuh'oh'ﬁemsé,’
2772 5034 2842 5110 ‘éi'
2872 5034 3015 5124 {ium
3042 5052 3186 5107 Pith.
3213 5050 3549 5117 auribus....,
3579 5064 3680 5104 non

477 5104 1058 5199 vilitti;
1160 5147 1245 5186 am
1270 5131 1315 5188 si
1345 5132 1474 5188 cliv.
1539 5104 1544 5108 ”
2055 5104 2500 5199 Pelia-sed

665 5898 947 5960 Ps'rnon.
989 5894 1167 5958 XIX.
3157 5889 3231 5949 13
