4096 6182
321 297 428 358 433
1122 299 1402 358 C(ELIUS
1441 296 1794 357 SEDULIUS.
1834 327 1907 340 --
1942 293 2285 355 EPISTOLA
2324 294 2813 355 DEDICATORIA.
3518 289 3625 353 436

417 480 428 483 -
501 479 1084 485 _._.____.__._._____
1123 479 1210 484 _._.
2193 476 2458 483 ________..
2491 476 2734 482 ___
2771 474 3242 480 ________
3267 473 3470 477 --.ιφ
3505 473 3552 477 -_

1593 627 1765 674 ANNO
1806 627 2037 673 DOMINI
2081 624 2357 671 CCCXC".

786 781 1801 947 COELIUS
1926 770 3195 945 SEDULIUS.

1430 1052 1580 1114 (Edit.
1606 1052 1670 1103 ab
1692 1050 1905 1102 Arevalo
1926 1048 2093 1101 Rom
2119 1050 2243 1101 1794
2264 1052 2487 1114 recusa.)

1180 1349 1780 1532 @pistola
1886 1352 2702 1496 hebicatoria.

316 1724 744 1783 Eminentissimo
764 1737 813 1783 et
844 1728 1268 1785 reverendissimo
1290 1729 1517 1798 principi
1543 1737 1591 1784 et
1618 1728 1688 1783 D.
1714 1727 1783 1783 ι).
1813 1728 2113 1786 FRANCISCO
2132 1728 2382 1786 Auromo
2400 1746 2468 1785 ne
2491 1729 2813 1786 LORBNZANA
2842 1744 2911 1785 ετ
2938 1728 3159 1784 Burnou
3186 1728 3249 1785 S.
3274 1728 3346 1785 Β.
3372 1727 3439 1785 E.
3473 1744 3622 1799 pres-

386 1822 565 1893 bytero
585 1823 862 1892 cardinali,
888 1822 1272 1896 archiepiscopo
1296 1821 1565 1888 Toletano,
1595 1821 1977 1892 Hispaniarum
2005 1823 2237 1895 primati,
2265 1823 2582 1878 cancellario
2608 1823 2799 1897 majori
2821 1821 3082 1889 Castellw,
3106 1819 3351 1893 prteclari
3370 1822 3501 1894 regii
3529 1837 3629 1875 ore

385 1916 524 1969 diuis
553 1913 829 1988 Hispanici
858 1914 1035 1970 Caroli
1065 1913 1188 1981 III,
1220 1932 1411 1987 magna
1437 1931 1587 1969 cruce
1614 1914 1896 1986 insignito,
1925 1926 2052 1982 etc.,
2082 1914 2384 1971 Fsusrnws
2411 1918 2721 1971 Anavsws.

298 2046 307 2051 ς
393 2007 509 2064 Etsi
531 2010 723 2081 optime
746 2010 1005 2082 intelligo,
1026 2011 1435 2065 eminentissime
1461 2011 1727 2082 princeps,
1757 2024 1874 2063 eum
1905 2018 1953 2064 te
1982 2025 2113 2076 esse,
2145 2010 2234 2081 qui
2257 2009 2553 2064 studiorum
2582 2024 2835 2075 meorum,
2857 2008 3106 2079 quidquid
3134 2016 3279 2071 sunt,
3310 2007 3633 2075 qualiacum-

314 2115 413 2173 que
435 2110 574 2165 sunt,
605 2101 855 2156 rationem
880 2119 912 2156 a
936 2118 1015 2157 me
1040 2118 1200 2175 prope
1231 2103 1356 2175 jure
1395 2112 1484 2157 tuo
1522 2112 1750 2175 repetere
1776 2103 1967 2176 possis,
2002 2119 2214 2173 meaque
2245 2104 2422 2158 omnia
2449 2103 2541 2157 tibi
2578 2102 2773 2171 deberi,
2808 2112 3000 2170 tamen,
3040 2101 3197 2157 libere
3222 2112 3280 2159 ut
3317 2103 3517 2174 loquar,
3548 2103 3635 2158 vis:

316 2209 456 2248 nunc
479 2193 685 2264 quidem
707 2193 1005 2249 inducerem
1033 2195 1286 2261 animum,
1316 2188 1373 2249 ut
1392 2196 1463 2249 ad
1483 2204 1554 2261 te,
1580 2196 1682 2249 ista
1706 2195 1963 2268 dignitate
1988 2195 2179 2260 virum,
2204 2203 2279 2249 tot
2309 2196 2469 2261 curis,
2503 2202 2575 2248 tot
2607 2195 2904 2250 muneribus
2935 2193 3256 2262 districtum,
3284 2194 3505 2248 alterum
3532 2193 3635 2250 hoc

315 2287 554 2343 laborum
580 2304 810 2343 meorum
832 2290 887 2343 in
914 2286 1239 2344 Christianos
1260 2299 1438 2363 poetas
1463 2291 1719 2363 specimen
1745 2292 2022 2359 mitterem,
2048 2292 2151 2346 nisi
2174 2292 2247 2344 ita
2275 2290 2485 2356 crebris,
2518 2307 2579 2344 ac.
2609 2292 2812 2361 magnis
2840 2307 2873 2344 a
2902 2300 2971 2357 te,
2998 2289 3423 2345 lucubrationum
3446 2290 3636 2362 hujus-

313 2381 519 2436 cemodi
546 2396 776 2436 mearum
803 2382 1031 2451 nomine,
1063 2382 1362 2438 cumulatus
1402 2383 1663 2453 beneﬁciis
1696 2400 1880 2453 essem,
1927 2393 1983 2437 ut
2024 2384 2182 2455 facile
2201 2384 2433 2454 credam,
2464 2393 2513 2440 te
2543 2384 2822 2440 Sedulium
2864 2400 3064 2449 meum,
3098 2399 3249 2455 quem
3283 2384 3534 2440 reverenti
3582 2391 3633 2440 et

315 2473 572 2528 submisso
600 2474 776 2527 animo
798 2490 934 2528 nunc
962 2474 1145 2541 offero,
1178 2474 1401 2546 benigno
1423 2482 1469 2528 et
1493 2473 1703 2547 placido
1726 2475 1872 2529 vultu
1892 2485 2273 2547 suscepturum.

389 2565 579 2638 Atque,
598 2564 783 2620 utalia
802 2563 901 2620 hoc
926 2565 1041 2620 loco
1067 2575 1568 2636 prseteream,unum
1588 2564 1742 2621 modo
1770 2578 2176 2620 commemomre
2200 2565 2329 2620 mihi
2352 2565 2506 2620 liceat
2535 2581 2555 2620 :
2581 2564 2721 2636 quod
2742 2574 2912 2621 tamen
2938 2582 3039 2620 non
3069 2566 3139 2619 ad
3168 2565 3332 2620 ullam
3357 2566 3633 2632 doctrinte,

314 2664 406 2711 aut
428 2655 623 2727 ingenii
648 2656 746 2709 mei
776 2656 1272 2712 commendationem
1292 2656 1488 2712 dictum
1509 2658 1671 2712 videri
1700 2658 1874 2723 velim,
1900 2673 2016 2728 quae
2042 2674 2200 2730 quam
2220 2659 2323 2713 sint
2350 2659 2560 2729 exigua,
2588 2660 2790 2726 sentio;
2812 2658 2904 2714 sed
2923 2657 2993 2714 ad
3015 2667 3120 2714 tua:
3140 2660 3296 2714 unius
3323 2659 3635 2731 singularis,

316 2759 476 2821 atque
504 2747 821 2806 incredibilis
858 2750 1106 2806 adversus
1132 2748 1447 2805 Christiana:
1474 2751 1787 2806 litteraturae
1806 2751 2026 2806 cultores
2057 2752 2437 2823 propensionis.
2468 2760 2517 2807 et
2549 2752 2897 2822 beneficentia:
2920 2752 3364 2826 praedicationem.
3395 2754 3633 2809 Comme-

316 2858 546 2909 morare,
576 2842 811 2913 inquam,
842 2841 941 2898 hoc
976 2860 1137 2898 unum
1167 2842 1297 2898 mihi
1327 2844 1503 2912 liceat,
1536 2841 1760 2898 voluisse
1791 2853 1858 2906 te,
1889 2844 2023 2898 inter
2043 2845 2292 2916 imagines
2322 2845 2545 2899 virorum
2583 2844 2827 2900 doctrina
2861 2846 3168 2916 illustrium,
3196 2862 3313 2919 qute
3332 2848 3387 2902 in
3426 2847 3638 2921 publica

318 2937 543 2991 istarum
573 2945 781 2990 tuarum
806 2936 998 2991 adium
1027 2934 1555 3007 archiepiscOpaliunt
1584 2934 1892 2991 bibliotheca
1923 2937 2183 2999 visuntur,
2231 2952 2398 2991 meam
2444 2952 2647 3008 quoque
2690 2938 2971 3009 imaginem
2992 2979 3008 3005 ,
3038 2955 3070 2991 α
3102 2938 3298 3009 pictore
3345 2939 3399 2993 in
3451 2941 3635 3010 primis

314 3031 466 3085 claro
494 3027 869 3087 Bonaventura
896 3029 1086 3087 Salesa
1107 3031 1174 3085 ad
1200 3030 1371 3085 vivum
1395 3046 1718 3102 expressam,
1751 3028 2018 3085 collocari.
2064 3087 2073 3091 ,

394 3126 443 3180 0
473 3142 583 3181 rem
611 3125 941 3197 prceclaram,
971 3126 1040 3181 ad
1066 3142 1224 3199 quam
1250 3141 1557 3196 numquam,
1590 3143 1709 3181 vere
1734 3136 1790 3181 ut
1820 3127 2029 3195 loquar,
2059 3143 2123 3182 ne
2150 3128 2416 3183 somnians
2437 3126 2643 3199 quidem
2665 3126 3014 3195 aspirassem!
3045 3125 3090 3181 0
3118 3126 3363 3182 eximiam
3393 3134 3555 3195 tuam,
3579 3136 3637 3183 ut

315 3220 462 3287 dixi,
490 3220 742 3276 adversus
770 3220 1084 3277 Christiana:
1108 3222 1419 3277 litteraturae
1446 3212 1709 3278 studiosos
1733 3224 2152 3295 propensionem,
2182 3234 2230 3277 et
2261 3223 2702 3278 benevolentiam!
2727 3220 2813 3277 En
2846 3223 3028 3296 igitur,
3062 3220 3457 3278 clementissime
3490 3224 3636 3293 prin-

315 3332 460 3388 ceps,
484 3331 674 3370 novum
697 3317 833 3370 hunc
858 3330 1028 3370 meum
1053 3322 1295 3369 conatum
1317 3316 1370 3368 in
1393 3330 1454 3369 ea
1475 3316 1671 3381 studia,
1700 3331 1817 3387 qua
1840 3325 2108 3388 tantopere
2134 3334 2302 3384 antas,
2332 3317 2482 3384 colis,
2514 3333 2800 3388 promoves.

392 3410 646 3479 Quamvis
670 3418 862 3478 autem,
907 3418 961 3464 ut
999 3408 1230 3464 Juvenco
1260 3410 1594 3476 imitatorem,
1623 3427 1685 3465 ac
1711 3411 2025 3484 discipulum
2049 3428 2204 3466 suum
2231 3413 2285 3466 in
2316 3415 2658 3469 sacrosanctis
2687 3411 2989 3485 Evangeliis
3023 3414 3255 3469 carmine
3293 3414 3642 3486 explanandis

313 3506 633 3578 adjungam,
660 3503 934 3561 Sedulium
961 3519 1098 3558 nunc
1127 3504 1301 3572 potius
1328 3504 1505 3573 edam,
1535 3521 1689 3575 quam
1732 3522 1894 3559 unum
1933 3505 2157 3574 aliquem
2183 3522 2248 3561 ea:
2273 3508 2505 3574 antiquis
2554 3505 2807 3575 Hispanis
2859 3506 3127 3572 Patribus,
3170 3516 3341 3563 tamen
3375 3523 3478 3561 non
3505 3508 3581 3561 ita
3607 3524 3643 3562 α

312 3601 486 3674 priori
513 3600 609 3655 illo
634 3616 747 3656 meo
775 3600 1013 3656 instituto
1038 3603 1245 3668 recessi,
1278 3612 1334 3656 ut
1366 3604 1578 3657 concilii
1608 3601 1856 3670 Romani,
1885 3603 2045 3674 quod,
2093 3601 2323 3658 Damaso
2352 3604 2619 3676 pontiﬁce,
2651 3604 2883 3658 habitum
2905 3604 3005 3675 {uit
3033 3606 3096 3657 de
3119 3604 3516 3675 Scripturarum
3555 3604 3641 3658 di-

311 3695 567 3750 uinarum
591 3710 791 3749 canone
812 3695 1197 3763 constituendo,
1227 3712 1293 3751 ea:
1330 3694 1597 3750 Vaticanis
1626 3696 1974 3751 monumentis
2002 3697 2137 3750 inter
2163 3697 2478 3768 appendices
2507 3695 2810 3751 illustrandi
2844 3698 3165 3753 occasionem
3193 3696 3420 3752 oblatam
3458 3695 3641 3753 libenti

311 3788 497 3842 animo
527 3802 633 3840 non
658 3786 993 3856 arripuerim.

312 3922 317 3933 .
388 3878 583 3949 Neque
615 3880 820 3951 majora
856 3880 910 3934 in
954 3878 1203 3934 Ecclesia:
1234 3877 1488 3947 Hispana:
1513 3878 1690 3944 decus,
1719 3880 1767 3933 si
1810 3879 1974 3933 vitam
2004 3877 2163 3947 Deus,
2192 3891 2240 3935 et
2266 3881 2397 3936 vires
2425 3881 2738 3954 suppeditet,
2768 3882 2982 3952 aggredi
3010 3882 3276 3949 desistam,
3304 3892 3390 3938 tuo
3417 3883 3642 3940 maxime

309 3983 631 4046 prouocatus
656 3971 912 4043 exemplo,
936 3973 1025 4042 qui
1052 3971 1513 4027 innumerabilibus
1540 3971 1682 4025 curis
1703 3969 2038 4042 amplissimae
2066 3979 2167 4026 tua:
2191 3972 2487 4039 dioeceseos,
2517 3971 2735 4043 aliisque
2754 3973 2996 4046 negotiis,
3022 3989 3139 4044 qua:
3164 3972 3417 4046 peculiari
3436 3976 3641 4029 ratione

307 4070 377 4125 ab
400 4069 607 4139 optimo
637 4076 684 4121 et
713 4066 1119 4140 prudentissimo
1169 4082 1286 4137 rege
1310 4065 1496 4120 Carolo
1536 4063 1564 4117 Ι
1584 4063 1626 4119 γ
1652 4064 1744 4119 tibi
1773 4064 2046 4120 commissa
2071 4066 2331 4138 singulari
2355 4067 2615 4139 sapientia
2638 4066 2837 4139 exples,
2871 4066 3048 4121 studia
3079 4068 3234 4121 etiam
3264 4083 3437 4134 sacra,
3456 4069 3518 4122 'et
3547 4067 3629 4121 la-

309 4165 472 4219 bores
506 4161 662 4216 addis
689 4159 947 4233 palaestra:
974 4161 1264 4229 litterariae,
1297 4160 1351 4213 in
1377 4176 1480 4226 qua
1510 4158 1856 4212 immortalem
1881 4158 2102 4213 nominis
2140 4160 2361 4229 gloriam
2398 4169 2445 4213 et
2472 4161 2648 4214 multis
2677 4160 2890 4233 jamdiu
2918 4160 3182 4226 praeclaris
3218 4158 3458 4231 operibus
3483 4159 3636 4215 editis

305 4258 667 4330 comparasti,
698 4264 745 4310 et
773 4272 939 4327 nuper
964 4256 1108 4341 tertio
1140 4253 1399 4309 volumine
1431 4252 1653 4309 Patrum
1674 4252 2046 4311 Toletanorum
2076 4256 2130 4311 in
2157 4254 2419 4326 publicam
2451 4255 2635 4323 lucem,
2666 4267 2713 4309 et
2740 4254 3018 4310 utilitatem
3039 4256 3224 4311 emisso
3244 4255 3434 4310 mirum
3455 4256 3508 4310 in
3527 4271 3641 4311 mo-

306 4353 447 4408 dum
478 4350 693 4405 auxisti.

301 4462 321 4495 ~.
388 4444 679 4501 Enimvero
706 4457 863 4513 neque
890 4441 1139 4495 immensa
1168 4440 1269 4494 ista
1297 4449 1386 4494 tua
1423 4440 1478 4493 in
1528 4437 1859 4494 sublevandis
1908 4438 2173 4493 hominum
2215 4437 2462 4493 utrumuis
2518 4435 2899 4503 muniﬁcentia,
2959 4451 3123 4506 neque
3164 4438 3307 4491 novis
3348 4435 3644 4509 ingentibus

302 4537 641 4608 sumptibus.
669 4546 715 4590 et
737 4534 982 4588 subsidiis
1016 4535 1087 4588 ad
1114 4534 1520 4603 promovendum
1543 4548 1640 4605 pro
1670 4533 1863 4603 patria,
1894 4542 1943 4587 et
1971 4532 2223 4603 religione
2256 4540 2553 4603 susceptum
2582 4529 2773 4585 bellum
2794 4529 3214 4595 subministratis,
3246 4529 3522 4584 deterritus
3562 4548 3641 4598 es,

303 4637 601 4709 quominus
622 4631 716 4685 hac
740 4634 892 4684 etiam
920 4630 976 4683 in
1002 4638 1149 4699 parte
1180 4627 1401 4692 publica:
1425 4627 1642 4682 utilitati
1666 4627 2007 4699 prospiceres.
2042 4624 2247 4699 Quippe
2270 4625 2720 4696 persuasissimum
2759 4623 2850 4677 tibi
2882 4633 2977 4688 est,
3015 4632 3068 4676 ut
3102 4622 3172 4676 ad
3194 4622 3383 4691 impios
3408 4619 3643 4678 homines

305 4726 686 4795 debellandos,
713 4726 799 4796 qui
823 4741 972 4779 arma
992 4735 1170 4779 contra
1183 4725 1313 4794 jura
1341 4725 1516 4779 omnia
1538 4725 1738 4790 divina,
1769 4733 1818 4778 et
1846 4724 2075 4779 humana
2116 4731 2464 4795 sumpserunt,
2501 4720 2791 4776 necessaria
2817 4727 2935 4773 sunt
2963 4733 3131 4781 arma,
3160 4717 3235 4770 ita
3263 4717 3332 4771 ad
3359 4717 3645 4789 impietatis

307 4824 525 4880 semina
549 4822 754 4894 penitus
776 4819 1059 4887 evellenda,
1088 4834 1207 4890 qua:
1235 4818 1422 4888 ubique
1451 4827 1726 4886 terrarum,
1764 4834 1868 4872 non
1898 4818 2037 4879 dico.
2066 4821 2215 4890 jacta
2242 4826 2385 4884 sunt,
2417 4817 2507 4869 sed
2532 4814 2814 4869 insolenter
2844 4811 3136 4879 luxuriant,
3176 4811 3481 4885 evangelica:
3517 4812 3647 4885 legis

310 4919 661 4982 documenta,
684 4930 749 4971 ex
768 4930 857 4969 ore
879 4914 1203 4984 potissimum
1228 4922 1455 4968 veterum
1485 4914 1852 4985 magistrorum
1878 4914 2133 4985 exposita,
2160 4911 2350 4981 passim
2379 4927 2487 4966 esse
2510 4926 2615 4964 non
2657 4912 2827 4964 solum
2862 4905 3146 4976 offerenda,
3184 4907 3275 4963 sed
3301 4907 3456 4963 etiam
3481 4905 3651 4962 incul-

312 5007 821 5154 targfudentissime
846 5114 964 5151 vero
993 5113 1027 5149 a
1053 5106 1102 5151 te
1125 5097 1320 5166 factum
1346 5107 1441 5162 est,
1488 5097 1629 5168 quod
1672 5093 2055 5166 antiquioribus
2095 5093 2217 5148 aliis
2242 5089 2512 5147 Toletanis
2538 5089 2787 5145 Patribus
2830 5089 3147 5145 Rodericum
3174 5088 3511 5154 Ximenium,
3542 5101 3644 5140 sw-

316 5191 431 5245 culi
465 5206 564 5246 xm
579 5190 908 5262 scriptorem,
931 5189 1267 5261 canjunxeris
1300 5204 1319 5245 :
1349 5189 1500 5257 cujus
1523 5188 1643 5255 viri,
1668 5187 1948 5241 sanctitate
1969 5186 2091 5240 vita:
2111 5200 2256 5257 aeque
2284 5198 2344 5237 ac
2367 5183 2608 5237 doctrina
2633 5182 2876 5255 insignis,
2904 5183 3038 5235 inter
3056 5189 3276 5236 cwleras
3295 5180 3506 5234 virtutes
3522 5176 3650 5232 reli-

317 5286 535 5355 giosum
577 5301 697 5355 erga
722 5282 895 5338 sedem
921 5282 1264 5355 apostolicam
1308 5281 1603 5337 Romanam
1632 5280 1933 5348 obsequium
1955 5278 2072 5333 licet
2105 5278 2361 5333 admirari
2387 5294 2406 5331 :
2432 5276 2573 5347 quod
2601 5276 2691 5330 tibi
2728 5276 3019 5347 exemplum
3042 5274 3356 5328 imitandum
3392 5271 3647 5344 quodam-

316 5379 487 5434 modo
510 5378 835 5449 propositum
862 5377 1047 5448 fuisse,
1079 5392 1143 5431 ea:
1164 5375 1231 5430 iis
1262 5375 1450 5430 litteris
1476 5375 1693 5448 colligo,
1724 5391 1855 5443 quas
1880 5383 1985 5428 tute
2008 5373 2204 5443 pariter
2228 5386 2352 5441 erga
2386 5370 2619 5424 eamdem
2652 5374 2877 5441 primam
2904 5366 3079 5420 sedem
3122 5364 3266 5420 Petri
3310 5364 3651 5420 venerationis

309 5481 505 5538 testes,
537 5480 589 5526 et
610 5469 817 5525 obsides
842 5471 912 5523 ad
938 5467 1049 5525 SS.
1075 5466 1146 5522 Β.
1178 5467 1252 5521 Ν.
1285 5466 1445 5522 Pium
1480 5465 1555 5521 Vl
1586 5465 1747 5520 Pont.
1773 5464 1924 5520 Max.
1948 5465 2224 5520 mittendas
2250 5464 2467 5518 curasti.

395 5565 552 5633 Quos
580 5565 743 5638 igitur
770 5560 897 5616 mihi
926 5562 1134 5615 animos
1158 5560 1343 5625 addes,
1371 5557 1775 5613 eminentissime
1801 5559 2063 5627 princeps,
2094 5555 2140 5611 si
2168 5570 2271 5609 me.
2294 5570 2355 5608 ac
2381 5568 2521 5607 meas
2540 5551 3094 5606 commentatiunculas
3119 5548 3257 5604 tueri
3283 5547 3506 5621 pergas!
3534 5546 3650 5602 Ne-

287 5673 425 5727 guc
453 5671 506 5715 te
531 5659 776 5730 pluribus
798 5655 1056 5712 distinebo
1079 5671 1099 5710 :
1118 5654 1212 5710 sed
1232 5652 1400 5710 verbis
1419 5660 1620 5709 tantum
1643 5651 1851 5709 Sedulii
1883 5667 1947 5707 ex
1978 5650 2196 5725 epistot'a
2217 5647 2543 5703 dedicatoria
2560 5647 2731 5719 operis
2764 5642 3041 5699 Paschalis
3071 5644 3139 5697 ad
3171 5641 3542 5697 Macedonium
3569 5657 3655 5698 re-

264 5753 533 5817 petitis,
562 5748 876 5822 deprecabor
904 5764 924 5804 :
952 5746 1103 5805 Fave
1131 5746 1390 5817 primum,
1425 5755 1484 5802 ut
1510 5744 1609 5802 alii
1629 5744 1871 5812 faveant,
1894 5752 1952 5801 et
1970 5744 2212 5803 omnium
2234 5741 2513 5800 mentibus
2532 5741 2807 5798 sententia
2828 5754 2890 5798 se
2915 5739 3160 5810 probatae
3181 5737 3387 5812 jugiter
3404 5737 3649 5795 auctoria

256 5845 471 5902 tutis
493 5839 765 5900 infundat.
