4096 6182
542 272 648 330 455

1853 258 2145 317 C(ELMS
2178 254 2542 316 SEDUMUS.

3750 251 3855 308 438

551 383 3839 423 _____________________________.________________________.__..

982 538 1887 627 PROLEGOMENA
1957 537 2079 625 IN
2155 533 2679 629 COELIUM
2752 530 3404 617 SEDULIUM.

1187 824 1417 903 CAPUT
1461 843 1503 903 ι.

944 935 1089 993 Ctelii
1120 935 1323 992 Sedulii
1354 937 1480 1003 vita,
1512 947 1561 992 et
1581 947 1746 1013 gesta.

622 1038 665 1107 ι
691 1035 742 1089 1.
762 1032 1002 1090 Intuenti
1027 1031 1159 1087 mihi
1188 1032 1242 1086 in
1267 1031 1453 1088 varias
1474 1048 1655 1088 rerum
1682 1032 2042 1087 humanarum
2073 1030 2151 1085 vi-

546 1127 931 1191 cissitndines,
973 1142 1037 1180 ac
1080 1124 1175 1180 diu
1204 1125 1549 1196 multumque
1598 1125 1969 1181 consideranti
2004 1124 2145 1180 cola.

550 1221 766 1285 mitosa,
804 1220 860 1274 in
889 1234 1011 1290 quae
1042 1235 1184 1275 nunc
1219 1219 1531 1287 incidimus,
1568 1231 1833 1290 tempora,
1885 1219 1952 1274 ad
1993 1233 2151 1275 coer-

550 1312 758 1369 eendos
793 1313 1166 1383 improborum
1202 1312 1483 1367 hominum
1514 1323 1749 1368 conatus
1776 1313 1912 1368 utile
1943 1314 1995 1368 in
2040 1312 2152 1385 pri—

548 1407 655 1461 mis
688 1407 861 1461 visum
893 1412 977 1460 est
1003 1416 1252 1461 veterum
1296 1406 1531 1461 Patrum‘
1564 1407 1770 1476 scripta
1816 1421 1915 1477 per
1957 1418 2155 1462 eomes

553 1498 759 1569 ubique
785 1506 992 1569 partes,
1017 1499 1200 1569 quoad
1238 1498 1358 1570 ejus
1404 1498 1523 1555 lteri
1560 1500 1777 1569 possit,
1825 1514 2146 1571 propagare,

546 1607 849 1664 eorumque
885 1592 1178 1649 lectionem
1220 1592 1653 1663 frequentiorem
1703 1592 1959 1650 reddere.
2008 1594 2149 1650 Gra—

463 1703 466 1706 '
550 1687 695 1740 viter
719 1683 890 1739 Cella:
907 1684 1017 1751 ius,
1040 1685 1292 1754 quamvis
1312 1683 1683 1743 hcteroeloxus
1703 1684 1890 1752 homo,
1906 1686 1973 1743 ad
1996 1700 2153 1743 suam

547 1775 752 1833 Sedulii
776 1776 1072 1833 editionem
1107 1778 1159 1833 in
1188 1778 1331 1833 hunc
1361 1777 1475 1834 fere
1508 1780 1727 1835 modum
1777 1779 2155 1850 prmloqueba-

549 1877 638 1922 tur
662 1886 674 1920 :
703 1866 771 1921 In
784 1885 845 1923 ea
861 1880 1230 1937 sanetempora
1250 1870 1557 1939 incidimus,
1578 1873 1764 1943 quibus
1786 1873 1890 1927 ima
1912 1874 2151 1940 summis,

549 1978 699 2016 sacra
729 1963 967 2034 profanis
989 1965 1414 2030 commiscentur,
1443 1973 1535 2020 aut
1576 1967 1686 2022 hate
1714 1966 1821 2022 illis
1847 1967 2150 2037 antefertur-

553 2063 657 2111 tur.
692 2054 773 2111 De
794 2057 1176 2128 angustissimis
1199 2058 1336 2113 enim
1360 2059 1619 2129 mysteriis
1641 2075 1797 2130 quam
1830 2060 1981 2115 ntulti
2006 2070 2152 2128 sunt,

551 2150 644 2220 qui
669 2151 713 2204 si
739 2165 841 2204 non
868 2158 1074 2219 negent,
1100 2150 1292 2223 {rigide
1332 2162 1505 2207 totaeu
1530 2152 1784 2219 sentiunt,
1802 2152 1955 2224 quasi
1977 2153 2156 2209 otiosa:

2169 856 2226 914 Α
2247 852 2406 896 nexa:
2426 845 2577 907 sunt,
2605 846 2775 907 quam
2815 831 3031 893 numeri
3059 834 3158 906 qui
3185 832 3245 892 ln
3272 812 3437 901 ludo,
3489 832 3647 890 Lotto
3690 849 3859 906 quem

2251 931 2466 999 dicunt,
2519 944 2592 984 ex
2645 941 2778 983 urna
2832 935 3039 983 temere
3083 925 3468 983 extrahuntur.
3522 925 3624 983 Est
3674 938 3863 984 tamen

2251 1024 2399 1080 aliud
2429 1020 2641 1094 aliquid
2669 1020 2813 1092 quod
2844 1020 3120 1092 corruptis
3164 1019 3446 1077 hominum
3493 1020 3775 1078 mentibus
3802 1023 3859 1078 in

2458 1115 2581 1172 istis
2604 1114 2964 1186 scriptoribus
2984 1114 3235 1185 placeat:
3265 1112 3564 1170 temeraria
3592 1112 3862 1171 dicacitas

2251 1224 2397 1280 saepe
2421 1208 2649 1277 insulsa,
2676 1206 2771 1263 sed
2793 1222 2916 1278 qua:
2942 1205 3258 1277 depravatis
3279 1205 3479 1262 animis
3492 1207 3605 1263 alte
3628 1207 3861 1276 insidet,

2250 1302 2395 1374 quod
2426 1311 2521 1361 aut
2551 1312 2741 1357 contra
2772 1300 2949 1361 bonos
2972 1313 3179 1366 mores,
3205 1310 3299 1355 aut
3327 1311 3518 1356 contra
3552 1300 3859 1373 legitimam

2256 1392 2584 1470 potestatein
2611 1440 2624 1465 ,
2670 1388 2765 1451 aut
2812 1394 3006 1453 contra
3055 1396 3228 1467 ipsam
3281 1395 3632 1452 Divinitatem
3689 1395 3861 1455 verba

2255 1492 2499 1547 aculeata
2550 1476 2925 1560 proferantur.
2982 1488 3258 1558 Quantum
3306 1487 3434 1545 inde
3487 1489 3615 1545 mali
3660 1504 3863 1546 censeo

2255 1596 2476 1657 quatur,
2507 1583 2637 1654 quid
2667 1584 2867 1639 attinet
2897 1583 3218 1652 explicare?
3266 1583 3383 1639 Non
3432 1583 3709 1640 immerito
3758 1585 3863 1642 viri

2257 1682 2335 1752 pii
2363 1688 2697 1751 queruntur,
2725 1677 2895 1748 quod,
2928 1679 3074 1734 sicut
3103 1677 3288 1747 lingua
3338 1677 3529 1735 Latius
3567 1677 3681 1735 diei
3720 1678 3867 1736 solet

2257 1773 2443 1843 lingua
2474 1771 2790 1836 doctorum,
2816 1770 2891 1826 ita
2918 1770 3100 1842 lingua
3124 1770 3353 1840 Gallica,
3379 1787 3481 1843 qlia
3505 1780 3582 1827 tot
3603 1772 3867 1831 scelerati

2258 1867 2382 1925 libri
2417 1865 2759 1940 prodierunt,
2791 1863 2975 1936 lingua
3004 1865 3149 1921 facta
3176 1866 3246 1922 sit
3278 1865 3599 1936 impiorum.
3641 1866 3865 1924 Addunt

2258 1961 2374 2029 alii,
2400 1959 2546 2032 quod
2572 1960 2643 2017 de
2672 1956 2923 2019 romanis
2945 1958 3028 2014 sui
3063 1960 3329 2030 temperls
3368 1974 3432 2016 ac
3471 1958 3631 2032 S’yris
3660 1961 3869 2016 venali-

2257 2058 2360 2115 bus
2388 2056 2462 2113 M.
2492 2053 2687 2112 Cicero
2717 2068 2885 2110 senex
2935 2053 3154 2109 diccbat
3198 2052 3303 2128 (De
3332 2052 3576 2122 Oratore,
3604 2057 3645 2110 ι.
3674 2068 3719 2110 ss
3741 2054 3785 2127 ),
3814 2054 3866 2127 ³

2262 2164 2373 2206 uno
2396 2147 2562 2205 verbo
2592 2147 2680 2205 vel
2708 2146 2968 2203 adverbio
2997 2146 3194 2203 leviter
3223 2155 3462 2212 mutato,
3507 2146 3685 2218 repeti
3722 2163 3867 2206 nunc

553 2241 863 2310 quwsliones
884 2241 1008 2309 sint,
1039 2250 1086 2296 et
1110 2243 1362 2298 minorem
1405 2244 1635 2314 fructum
1657 2244 1727 2298 ad
1754 2259 1918 2298 mores
1950 2252 1998 2303 et
2027 2245 2155 2316 σι’ρο
2188 2253 2243 2314 Β
2264 2257 2425 2315 posse
2459 2259 2471 2297 :
2520 2240 2744 2297 Nostros
2772 2241 3008 2297 homines
3055 2241 3250 2296 similes
3272 2257 3381 2297 esse
3407 2240 3668 2314 Syrorum
3704 2254 3869 2299 vetu-

536 2334 694 2388 .cium
723 2334 949 2389 hominis
971 2333 1241 2405 conferant
1259 2336 1277 2388 !
1296 2351 1414 2406 qua:
1436 2335 1728 2406 perniciosa
1756 2338 1932 2408 opinio
1954 2354 2071 2392 cum
2094 2354 2157 2395 ea!

553 2427 727 2480 causis
755 2427 896 2493 aliis,
930 2437 1037 2480 tum
1073 2428 1293 2481 maxime
1322 2443 1386 2481 ex
1420 2426 1654 2499 neglecta
1694 2430 1879 2482 notitia
1920 2430 2159 2501 pribrum

553 2516 805 2575 Ecclesia:
830 2527 1115 2592 temporum
1136 2520 1350 2575 suborta
1400 2529 1497 2575 est.
1551 2520 1723 2587 Quam
1772 2521 2031 2579 illustrior
2064 2541 2155 2580 ar-

557 2610 864 2683 dentiorque
880 2613 1011 2683 ﬁdes
1034 2616 1299 2683 majorum
1321 2613 1468 2669 erat!
1492 2612 1659 2679 Quam
1685 2614 1859 2670 divine
1887 2614 2160 2672 distincte-

556 2719 654 2773 que
682 2703 931 2760 Sedulius
954 2714 1063 2759 tam
1092 2706 1384 2762 Sabelliunt
1428 2723 1587 2778 quam
1634 2705 1818 2763 Arium
1858 2708 1954 2764 sub
2001 2711 2160 2782 ﬁnem

556 2800 713 2871 primi
739 2800 861 2855 libri
898 2816 963 2855 ex
1014 2818 1101 2856 ore
1152 2800 1444 2857 Saluatoris
1470 2803 1746 2875 repressit,
1775 2804 2015 2873 conﬁxit,
2042 2820 2161 2877 pes-

554 2893 1053 2962 sumdedit!Quid,
1078 2893 1125 2949 si
1153 2892 1425 2951 Cellnrins
1465 2894 1535 2950 ad
1574 2905 1767 2955 nostra
1815 2897 2161 2967 pervenisset

560 3000 832 3058 tempora,
861 2988 1061 3059 quibus
1092 2988 1253 3043 inulti
1286 3003 1390 3043 non
1421 2989 1533 3058 jam
1579 3004 1675 3059 per
1714 2992 1962 3046 occultos
2008 2992 2162 3047 cuni-

555 3084 735 3150 culos,
767 3084 864 3140 sed
895 3086 949 3155 2
994 3095 1188 3161 aperte
1219 3099 1327 3139 non
1356 3081 1545 3139 minus
1589 3098 1753 3154 quam
1802 3084 2163 3155 impudenter

560 3176 887 3247 religionem
939 3190 1005 3231 ac
1052 3176 1260 3233 cultum
1318 3175 1418 3231 Dei
1469 3190 1685 3233 omnem
1748 3188 2001 3236 evertere
2063 3194 2162 3238 eo-

558 3282 761 3327 nautur
785 3272 809 3324 ‘l

627 3365 685 3419 ‘2.
727 3364 834 3420 Sed
876 3363 943 3419 ad
987 3362 1295 3435 neglectam
1326 3365 1577 3423 notitiam
1627 3364 1870 3435 priorum
1897 3364 2161 3425 Ecclesia:

556 3470 865 3530 temporum
895 3457 1041 3530 quod
1090 3458 1326 3528 attinet,
1379 3458 1734 3528 perspicuum
1780 3470 1905 3524 est,
1958 3458 2161 3530 impios

556 3550 823 3625 quosdam
852 3550 1106 3608 homines
1140 3550 1274 3606 nihil
1303 3551 1583 3622 antiquius
1612 3549 1875 3608 habuisse
1909 3566 2073 3621 quant
2103 3560 2161 3607 ut

2259 2337 2388 2394 lium
2416 2354 2436 2405 ;
2460 2346 2519 2393 ut
2543 2337 2761 2409 quisque
2790 2337 2984 2408 optime
3015 2334 3194 2393 Greece
3214 2337 3390 2404 sciret,
3422 2336 3499 2391 ita
3522 2351 3634 2393 esse
3654 2337 3867 2409 nequis-

2258 2449 2467 2488 διιηωι.

2329 2527 2386 2584 4.
2428 2526 2566 2582 Huic
2594 2526 2739 2581 malo
2761 2526 2995 2581 maxima
3023 2540 3091 2581 ex
3122 2532 3277 2595 parte
3303 2525 3519 2581 occurri
3577 2522 3786 2597 petesl,
3814 2528 3866 2584 si

2260 2618 2537 2675 mordicus
2561 2619 2870 2675 retineatur
2891 2629 2947 2673 et
2977 2627 3235 2673 accurate
3258 2617 3565 2688 explicetur
3611 2616 3865 2675 doctrina

2260 2726 2383 2766 eum
2411 2710 2646 2767 aliorum
2676 2710 2921 2778 Patrum,
2954 2718 3070 2765 tum
3095 2716 3385 2779 pothrutn
3410 2707 3861 2781 christianoruln,

2261 2820 2400 2875 quos
2424 2805 2579 2875 quasi
2604 2803 2709 2859 alia
2739 2803 2975 2874 quadam
3007 2803 3188 2873 lingua
3221 2790 3438 2861 locutos
3464 2803 3620 2859 multi
3637 2812 3747 2859 non
3765 2812 3866 2861 att-

2262 2899 2395 2955 dent
2417 2899 2708 2970 attingere,
2765 2898 2869 2954 nisi
2913 2894 3234 2968 explanatio
3279 2898 3467 2967 aliqua
3511 2899 3861 2957 adhibeatur.

2260 2992 2433 3065 igitur
2459 2992 2777 3060 Prudentia,
2810 2992 3140 3062 Dracontio,
3191 2998 3250 3047 et
3289 2991 3538 3049 iuvenco
3578 2992 3868 3050 Sotiatium

2263 3101 2411 3143 nunc
2422 3085 2791 3157 adjungimus.
2811 3086 2890 3140 Ae
2912 3094 3065 3141 recte
3085 3085 3309 3156 quidem
3326 3084 3589 3155 iuvenco,
3613 3083 3872 3157 proslmc

2261 3195 2293 3235 a
2325 3179 2484 3237 nobis
2509 3180 2681 3243 edito,
2708 3193 2894 3235 comes
2917 3195 3062 3235 nunc
3080 3179 3303 3236 additur
3326 3180 3587 3237 Sedulius
3611 3196 3627 3238 ε
3652 3181 3726 3238 de
3743 3181 3872 3253 att}-

2265 3271 2368 3329 bus
2397 3272 2452 3327 in
2484 3272 2659 3328 titulis
2686 3272 3036 3329 bibliothecae
3066 3271 3259 3329 lsidori
3288 3272 3371 3329 sic
3397 3273 3678 3344 legimus:

2389 3385 2546 3459 Anlbo
2560 3397 2711 3459 pares
2734 3384 2897 3459 lingua
2918 3420 2933 3445 ,
2956 3382 3200 3459 ﬂorentes
3222 3383 3455 3459 versibus
3469 3385 3640 3438 ambo:

2451 3445 2610 3499 Fonte
2634 3445 2924 3510 evangelica
2945 3447 3118 3512 pocula
3142 3446 3274 3512 larga
3296 3448 3481 3501 ierunt.

2265 3551 2340 3608 De
2367 3551 2596 3609 Sednllo
2618 3567 2747 3623 ergo
2777 3567 2932 3608 more
2963 3552 3327 3624 institutoque
3369 3562 3560 3611 nostro
3598 3562 3662 3610 “ea
3710 3555 3869 3626 priva

560 3644 812 3717 probatis
834 3641 1123 3716 quibusvis
1155 3630 1541 3713 scriptoribus,
1575 3650 1741 3713 atque
1769 3642 1908 3699 adeo
1956 3643 2154 3713 linguae
2182 3640 2229 3705 C
2260 3644 2618 3715 disseremus,
2645 3660 2765 3715 quia
2783 3645 2848 3701 ad
2871 3644 2989 3715 ejus
3011 3643 3174 3701 vitam
3197 3652 3255 3701 et
3279 3645 3485 3716 scripta
3515 3646 3863 3718 potissimus:

555 3740 658 3810 ipsi
691 3738 903 3792 Latinae
932 3736 1135 3792 bellum
1166 3734 1497 3791 indicerent.
1548 3735 1624 3790 lta
1667 3735 1812 3790 enim
1841 3734 1961 3791 lieri
1995 3749 2157 3805 posse

555 3830 873 3901 sperabant,
907 3843 1030 3885 cum
1060 3836 1121 3885 ut
1147 3842 1245 3884 sua
1277 3829 1524 3898 ipsorum
1555 3826 1905 3901 eloquentia,
1952 3828 2159 3899 longis-

554 3924 697 3981 sime
738 3937 872 3979 sane
900 3937 931 3976 a
960 3920 1206 3979 mascula
1251 3934 1503 3977 veterum
1549 3921 1862 3992 eloquentia
1918 3922 2154 3987 distans,

556 4017 731 4090 magis
756 4015 1104 4088 probaretur,
1140 4023 1252 4070 tum
1286 4022 1346 4070 ut
1375 4014 1459 4071 sui
1489 4027 1709 4071 errores
1732 4013 2009 4071 difﬁcilius
2030 4028 2158 4085 pos-

551 4120 680 4167 sent
711 4108 913 4166 refelli.
948 4106 1146 4165 Simile
1183 4106 1441 4179 quiddam
1472 4115 1586 4174 est,
1638 4106 1788 4177 quod
1834 4106 1906 4164 de
1945 4107 2156 4164 Seneca

556 4199 899 4271 Piiilosopho
950 4210 1139 4257 narrat
1168 4199 1561 4269 Quintilianus,
1613 4197 1740 4256 libr.
1777 4214 1851 4268 x,
1899 4213 2023 4271 cap.
2073 4199 2153 4257 l:

556 4295 695 4352 Tum
716 4305 888 4351 autem
921 4294 1066 4349 solus
1093 4292 1183 4349 hic
1222 4297 1331 4365 fere
1369 4294 1424 4348 in
1463 4293 1700 4348 manibus
1745 4290 2156 4348 adolescentium

555 4390 678 4461 fuit.
713 4388 875 4457 Quem
902 4405 1008 4442 non
1028 4386 1274 4461 equidem
1303 4387 1519 4442 atnniuo
1539 4386 1761 4442 conabar
1781 4392 2041 4453 excutere,
2054 4386 2154 4441 sed

502 4548 508 4557 '
556 4482 847 4554 potioribus
876 4481 1118 4554 prmferri
1149 4496 1254 4535 non
1282 4480 1539 4548 sinebam,
1564 4496 1694 4547 quos
1732 4478 1825 4534 ille
1859 4495 1966 4535 non
1995 4479 2156 4537 desti-

556 4588 688 4635 terat
731 4579 1009 4643 incessere,
1037 4591 1156 4630 cum
1178 4574 1368 4630 diuersi
1397 4574 1495 4630 sibi
1525 4575 1760 4629 conscius
1794 4574 1999 4646 generis
2040 4573 2155 4646 pla—

552 4687 665 4727 cere
696 4672 825 4728 sein
844 4670 1063 4726 dicendo
1085 4684 1238 4740 posse
1262 4668 1350 4737 iis,
1380 4667 1566 4741 quibus
1593 4667 1674 4722 illi
1698 4664 1984 4738 placErent,
2008 4666 2155 4739 dif/i-

553 4766 720 4820 deret.

626 4862 681 4916 5.
724 4858 980 4917 Proiecto
1011 4857 1256 4919 nonnulli
1290 4857 1654 4913 sanctissima:
1680 4853 1960 4928 religionis
1997 4868 2153 4926 aeque

553 4970 620 5013 ac
647 4956 846 5026 lingua:
870 4953 1080 5010 Latina:
1105 4952 1289 5008 hostes
1313 4952 1428 5023 jam
1468 4951 1846 5016 obtinuerunt,
1892 4959 1951 5004 ut
1990 4948 2148 5004 multi

2261 3738 2641 3809 cognoscenda
2669 3738 2941 3808 pertinere
2962 3738 3200 3795 maxime
3230 3739 3581 3809 videbuntur.

2333 3808 2386 3887 Β.
2408 3828 2596 3887 Codex
2625 3829 2917 3887 Vaticanus
2946 3808 3430 3895 Palatinus/num.
3459 3831 3588 3900 ΞΒ,
3611 3830 3775 3903 quem
3801 3832 3862 3887 in

2261 3928 2574 4000 Pr‘olegoin.
2628 3928 2695 3984 ad
2740 3927 3100 3984 Prudentium
3154 3944 3308 3985 num.
3356 3927 3470 3992 79,
3520 3938 3577 3984 et
3624 3928 3679 3982 in
3727 3936 3864 3987 »σοι

2260 4019 2551 4092 descripsi,
2580 4028 2639 4077 ut
2675 4019 2908 4077 aliorum
2941 4031 3255 4092 poetarum,
3301 4019 3383 4076 sic
3429 4021 3596 4076 etiam
3643 4017 3865 4076 Sedulii

2260 4114 2424 4168 vitam
2459 4112 2699 4170 breviter
2721 4114 2950 4184 exponit
2980 4132 2994 4167 :
3026 4111 3220 4168 Laicus
3248 4113 3348 4184 fuit
3376 4110 3623 4184 gentilis,
3659 4110 3751 4165 sed
3802 4113 3866 4168 ia

2259 4203 2425 4261 Italia
2454 4204 2857 4277 Philosophiam
2885 4206 3107 4271 didicit;
3144 4206 3267 4261 dein
3298 4206 3367 4265 ad
3403 4205 3682 4259 Dominum
3731 4220 3867 4259 oen-

2259 4313 2455 4367 oersus,
2509 4307 2560 4354 et
2585 4316 2618 4353 a
2665 4298 2969 4353 Macedonio
2996 4298 3290 4371 presbytero
3338 4298 3652 4368 baptizatus,
3678 4296 3867 4352 inAs-v

2258 4391 2468 4451 Cadius
2505 4393 2663 4459 venit,
2710 4392 2801 4447 ubi
2847 4391 2988 4446 hunc
3036 4392 3225 4446 librum
3271 4392 3581 4462 contposuit.
3618 4388 3868 4448 Videtur

2259 4485 2377 4543 llaec
2399 4499 2524 4543 esse
2554 4483 2808 4554 praelatio
2852 4485 3084 4555 alicujus
3114 4487 3182 4539 ad
3211 4499 3434 4541 cannea
3462 4482 3721 4555 paschale
3747 4481 3863 4541 Se.

2256 4578 2416 4647 dulii,
2447 4577 2591 4648 quod
2619 4579 2690 4634 ab
2721 4578 2824 4635 hoc
2853 4577 3046 4635 codice
3085 4577 3267 4634 abest.
3316 4576 3445 4634 ιιωο
3491 4584 3698 4641 tamen,
3728 4591 3866 4647 qua

2258 4672 2340 4729 sic
2367 4682 2584 4729 narrata
2615 4671 2668 4729 iu
2698 4670 2804 4729 hoc
2831 4669 3024 4729 codice
3051 4669 3243 4730 saeculi
3264 4669 3483 4729 circiter
3508 4684 3584 4727 xu
3607 4677 3862 4740 exstant,

2255 4767 2437 4825 solum
2470 4781 2535 4825 ea
2566 4777 2724 4837 parte
2767 4764 2982 4823 admitti
3007 4773 3257 4836 possunt,
3306 4779 3414 4833 qua
3461 4761 3866 4844 vetustioribus

2259 4862 2627 4921 monumentis
2668 4860 3085 4919 conﬁrmentur.
3118 4858 3201 4917 Ad
3238 4857 3379 4919 alios
3421 4856 3587 4930 igitur
3626 4855 3865 4919 codices

2256 4954 2629 5012 deveniamus.

550 5051 891 5118 mortalium,
923 5047 1272 5118 antiquitatis
1293 5046 1478 5104 studio
1499 5046 1773 5117 neglecto,
1798 5044 2035 5102 locatum
2064 5042 2150 5099 di-
2174 5036 2231 5104 Ι)
2324 5051 2379 5109 6.
2417 5049 2608 5108 Codex
2640 5049 2937 5108 Vaticanus
2963 5047 3175 5120 reginae
3200 5047 3434 5115 Suscita,
3455 5060 3621 5117 quem
3645 5045 3784 5119 Reg.
3823 5050 3852 5105 1

551 5146 714 5208 ceodi
743 5159 917 5216 genus
954 5143 1120 5200 unice
1150 5150 1355 5209 ament,
1383 5140 1771 5197 commissiones
1796 5138 2008 5195 scilicet
2044 5152 2152 5194 tue-

548 5259 657 5307 ras,
685 5249 744 5298 et
770 5254 985 5295 arenam
1009 5236 1121 5295 sine
1144 5234 1307 5303 calce.
1337 5235 1605 5307 quodnon
1634 5235 1818 5306 inepte
1840 5230 2024 5291 Cmsar
2043 5230 2149 5290 Ca-

549 5335 719 5407 ngula
743 5332 816 5389 de
845 5329 1067 5401 scriptis
1092 5329 1321 5387 Senecae
1348 5326 1564 5385 dicebat
1592 5324 1771 5401 (Apud
1815 5326 2148 5393 Suetonium,

554 5446 675 5498 cap.
701 5428 818 5498 55),
851 5426 905 5481 in
938 5438 1048 5496 quo
1079 5423 1345 5479 orationis
1375 5435 1574 5493 genere
1612 5422 1853 5479 concisas
1896 5428 1955 5477 et
2001 5433 2150 5489 saepe

549 5521 983 5579 obscurteinstar
1013 5516 1371 5575 oraculorum
1402 5513 1607 5587 periodi
1630 5513 1703 5571 de
1723 5513 1886 5571 rebus
1906 5510 2146 5583 alioquin

550 5613 941 5685 vulgatissimis
969 5614 1040 5667 ita
1067 5621 1464 5684 congeruntur,
1488 5618 1547 5665 ut
1573 5623 1670 5666 eas
1693 5608 2060 5665 commiscere
2089 5613 2147 5663 et

549 5703 695 5757 inter
723 5720 782 5759 se
809 5712 1151 5760 coutimutare
1189 5716 1379 5773 queas,
1410 5700 1542 5772 quin
1590 5700 1697 5756 ulla
1745 5701 2143 5757 sententiarum

550 5794 821 5852 connexio
849 5793 1110 5864 depereat
1142 5810 1156 5848 :
1189 5808 1365 5863 neque
1387 5794 1532 5850 enim
1566 5792 1736 5863 magis
1765 5792 1906 5851 inter
1928 5808 1987 5850 se
2010 5809 2142 5852 con-

2253 5143 2531 5215 appellare
2554 5141 2732 5209 volui,
2765 5149 2887 5213 post
2915 5141 3253 5213 epigramma
3280 5138 3482 5199 Asterii
3504 5137 3576 5194 “de
3599 5136 3857 5211 Sedulie,

2253 5244 2311 5294 et
2336 5235 2584 5308 quaedam
2624 5235 2729 5292 alia
2770 5234 2938 5293 verba
2967 5233 3038 5291 de
3067 5233 3291 5307 prologo
3338 5231 3570 5288 metrico
3612 5230 3852 5302 Sedulii,

2253 5348 2407 5389 num.
2438 5332 2506 5388 66
2538 5330 2890 5401 proferenda:
2923 5331 3005 5387 sic
3038 5330 3213 5402 pergit
3248 5346 3261 5383 :
3299 5327 3727 5400 Hiaoaymusis
3752 5343 3853 5382 ra.

2250 5425 2424 5499 talogo
2470 5426 2782 5497 scriptorum
2803 5425 2970 5480 dicit:
3018 5422 3270 5480 Sedulius
3316 5422 3628 5494 κατίδω-διεδ
3680 5425 3852 5492 νῆασ

2251 5518 2449 5586 laicus,
2508 5519 2565 5573 in
2616 5516 2778 5572 Italia
2829 5515 3215 5589 philosophias:
3257 5513 3461 5581 didicit,
3494 5520 3677 5587 postea
3728 5531 3849 5571 cum

2251 5614 2371 5670 aliis
2390 5623 2609 5668 metrum
2634 5611 2903 5667 heroicum
2934 5610 3246 5666 Macedonio
3272 5610 3582 5665 consulente
3603 5606 3849 5683 (corrigo

2250 5705 2568 5777 consulente)
2592 5705 2776 5761 docuit
2799 5706 2856 5761 in
2872 5704 3075 5760 Achaia
3104 5721 3125 5760 :
3150 5704 3314 5760 libros
3334 5720 3458 5760 suos
3474 5704 3690 5774 scripsit
3716 5713 3845 5759 teat-

2250 5814 2375 5872 pore
2406 5797 2760 5855 Valentiniani
2789 5805 2838 5855 et
2876 5795 3175 5853 Theodosii.
3207 5794 3557 5854 Mabillonius
3584 5796 3843 5854 Analect.
