4096 6182
262 223 374 282 45⁵1

1650 215 2185 278 μηοιῑρωιεω.

3463 213 3570 271 ‘38

263 349 440 396 veter.
469 347 600 398 tom.
626 335 669 403 l,
690 348 814 408 pag.
837 335 965 404 363,
994 334 1234 400 similem
1283 333 1622 400 notationem
1661 332 1870 403 profert
1896 336 1946 398 Δ
1973 347 2100 404 qua,
2125 331 2415 390 deficiente
2437 333 2755 388 membrana
2779 332 2885 388 hoc
2908 333 3030 389 loco
3050 332 3317 404 disrupta,
3343 333 3400 388 in
3418 334 3574 403 asilus

266 448 332 490 es
361 446 498 487 mss.
531 429 723 487 codice
761 427 1117 498 Corbeiensis
1158 427 1501 486 bibliotheca:
1536 445 1547 480 :
1598 425 1654 498 ι
1686 425 1874 482 Hiero-

269 541 460 596 nymus
489 523 542 576 in
574 520 859 595 catalogo:
888 520 1158 588 Sedulius,
1208 527 1318 576 etc.
1377 521 1481 578 Pro
1535 529 1752 576 metrum
1791 529 1876 576 εει

268 626 580 681 metrorum,
605 622 660 669 et
687 613 1032 669 Mabillonius
1057 613 1276 684 supplet
1306 623 1587 666 metrorum
1628 611 1874 686 (generi-

271 709 397 779 bus)
424 707 712 772 heroicum,
743 717 850 762 ctc.
883 708 1077 766 Postea
1110 707 1322 776 scripsit
1349 706 1403 762 iu
1425 715 1674 776 tempore.
1707 704 1877 761 Error

274 801 426 857 illico
449 799 884 870 deprehenditur
914 801 968 853 iu
997 797 1320 868 Hieronymi
1343 799 1562 853 nomine
1590 815 1604 850 :
1629 811 1753 854 nam
1781 795 1878 852 Se—

276 895 413 950 dulii
471 895 840 970 Hieronymus
869 893 920 947 in
951 907 1051 948 suo
1096 891 1424 964 scriptorum
1470 891 1720 961 catalogo
1771 907 1876 946 non

275 987 548 1052 meminit,
589 1002 768 1060 neque
796 987 1113 1042 meminisse
1137 986 1336 1060 potuit,
1368 985 1568 1058 quippe
1619 986 1709 1056 qui
1753 1001 1875 1048 eum

275 1083 444 1152 longe
465 1089 628 1148 nitate
661 1065 1024 1152 praecesserit.

349 1176 402 1228 7.
446 1173 727 1229 Librarius
758 1173 943 1243 igitur,
987 1172 1108 1244 ejus
1154 1173 1452 1228 notationis
1507 1181 1735 1240 auctor,
1786 1183 1879 1230 aut

273 1269 619 1339 exscriptor,
648 1283 746 1338 pro
786 1265 1076 1324 Gcnnadio
1100 1267 1495 1340 Hieronymum
1517 1267 1735 1338 posuit:
1760 1282 1880 1338 quae

279 1361 646 1424 liallucinatio
669 1359 811 1432 apud
852 1359 991 1415 alios
1017 1360 1182 1418 etiam
1225 1360 1567 1428 observatur,
1625 1359 1750 1416 inde
1776 1402 1791 1427 ,
1823 1369 1880 1416 ut

277 1465 435 1527 puto,
471 1461 684 1523 exorta,
715 1437 860 1526 quod
891 1452 1206 1509 Gennadius
1227 1453 1532 1525 catalognm
1554 1452 1880 1523 scriptorum

275 1549 335 1604 S.
370 1547 687 1620 Hieronymi
719 1548 1147 1615 continuaverit,
1179 1559 1234 1606 et
1261 1559 1486 1619 uterque
1521 1548 1800 1618 catalogus
1828 1548 1881 1602 in

278 1659 446 1697 unum
481 1643 736 1698 volumen
769 1657 914 1712 saepe
945 1652 1262 1712 compactus
1302 1641 1484 1698 fuerit.
1536 1641 1880 1698 Gennadium

1978 436 2132 496 tergo
2164 427 2383 498 legitur,
2413 427 2612 496 Incipit
2639 427 2814 500 glossa
2839 429 2902 483 de
2923 444 3080 498 prosa
3103 428 3340 496 Sedulii;
3365 438 3419 485 ct
3442 443 3576 499 pan-

1977 535 2060 578 caa
2089 520 2248 578 linem
2290 519 2602 591 glossarutn
2630 521 3015 590 subjiciuntur.
3045 519 3339 592 Georgius,
3370 521 3430 577 in
3459 531 3573 578 not.

1977 613 2067 668 ad.
2099 613 2392 672 Baronium
2418 659 2432 682 ,
2460 629 2605 670 anno
2633 615 2740 672 694
2761 656 2778 683 ,
2808 613 2982 670 refert
3028 615 3196 670 verba
3222 613 3576 685 bujuscemet

1980 708 2185 764 codicis
2211 749 2224 774 ,
2249 721 2411 778 quem
2437 709 2580 765 inter
2609 709 3007 765 Ottobonianos
3035 717 3207 776 notat,
3240 726 3390 765 num.
3425 711 3532 767 555
3551 752 3570 780 ,

1982 800 2112 855 olim
2162 802 2216 856 in
2249 801 2586 858 bibliotheca
2619 801 2824 872 regina!
2871 802 3171 860 Succorum
3205 819 3357 858 num.
3396 803 3575 861 5396:

1979 893 2317 965 interpungit
2345 903 2552 956 autem.
2586 903 2642 950 et
2672 894 2824 964 legit,
2856 895 3052 949 docuit.
3088 893 3156 949 In
3196 895 3394 950 Achaia
3423 896 3582 952 libros

1978 1004 2102 1046 suos
2119 988 2326 1059 scripsit
2351 989 2404 1043 in
2422 999 2649 1060 tempore
2668 989 3045 1057 imperatorum
3064 989 3280 1044 minoris
3305 988 3582 1046 Theodosii

1981 1082 2080 1151 lilii
2111 1082 2346 1149 Arcadii,
2381 1092 2428 1138 et
2467 1083 2844 1139 Valentiniani.
2879 1083 3171 1139 Constantii
3219 1100 3343 1155 pax.
3377 1083 3486 1141 Sed
3525 1068 3606 1144 in

1981 1175 2171 1238 codice
2203 1176 2277 1230 ita
2305 1177 2566 1245 scriptum
2597 1187 2684 1233 est
2714 1219 2728 1243 ,
2763 1187 2824 1231 ut
2869 1191 2973 1246 ego
2999 1177 3268 1246 descripsi
3317 1195 3332 1233 :
3377 1176 3446 1232 de
3476 1191 3584 1248 quo

1982 1268 2202 1324 iterum.
2229 1268 2500 1326 Scribitur
2520 1278 2707 1327 autem
2722 1269 2975 1324 Archadii
2999 1278 3076 1336 et,
3102 1269 3391 1338 mendose,
3421 1269 3582 1325 Vale-

1984 1363 2119 1417 tiani
2143 1402 2159 1430 ,
2192 1362 2276 1420 vel
2314 1361 2615 1419 Valentiaui
2635 1404 2649 1429 ,
2681 1355 2791 1433 pro"
2833 1363 3214 1421 Valentiniani.
3242 1363 3586 1421 Mabillunius

1986 1458 2092 1514 loc.
2127 1459 2221 1514 cit.
2258 1459 2502 1516 Analect.
2541 1501 2554 1521 ,
2589 1476 2655 1515 ex
2686 1468 2905 1516 vetusto
2934 1461 3232 1532 exemplari
3267 1463 3585 1518 monasterii

1983 1552 2252 1618 Lirensis,
2287 1554 2453 1608 verba
2482 1551 2674 1608 eadem
2703 1569 2826 1623 qua:
2855 1561 2988 1608 sunt
3018 1553 3071 1608 in
3104 1553 3217 1609 Ott.
3245 1555 3268 1607 1
3301 1553 3584 1610 describit:

1986 1643 2185 1712 Incipit
2213 1661 2331 1710 ars,
2365 1654 2497 1711 etc.,
2526 1644 2621 1700 sed
2658 1643 2884 1701 exhibet
2913 1645 3221 1700 consulaute
3261 1660 3362 1715 pro
3399 1662 3588 1700 consu-

279 1737 462 1808 ipsum
489 1735 811 1792 Toletanum
837 1736 1136 1790 antistitem
1166 1735 1270 1792 sibi
1299 1736 1454 1790 tinxit
1474 1733 1744 1790 Nmkerus
1766 1733 1889 1788 Bal-
1917 1726 1964 1788 B
1995 1737 2148 1803 lente,
2182 1750 2233 1794 et
2267 1737 2470 1794 omittit
2502 1739 2557 1792 in
2585 1750 2705 1807 post
2735 1739 2984 1810 scripsit,
3013 1750 3069 1795 et
3111 1739 3338 1796 verbum
3370 1749 3586 1811 postre-

278 1831 466 1898 bulus,
491 1828 659 1902 quod,
684 1839 744 1884 ut
771 1829 1054 1899 conjicere
1085 1829 1246 1898 libet,
1280 1827 1612 1884 lldefonsum
1661 1827 1883 1882 Toleta-

279 1937 412 1978 num
443 1920 774 1991 antistitem,
813 1921 864 1975 in
899 1922 1081 1993 aliquo
1102 1920 1367 1978 Gennadii
1390 1921 1574 1980 codice
1593 1921 1881 1976 continua-

285 2024 460 2069 torem
492 2013 798 2068 istiusmodi
831 2015 1059 2084 catalogi
1090 2014 1415 2086 scriptorum
1464 2012 1756 2068 illustrium
1800 2027 1886 2068 re-

284 2109 544 2179 perisset.
583 2105 757 2161 Verba
791 2105 1032 2161 Notkerii
1083 2114 1239 2172 sunt,
1289 2119 1410 2175 cap.
1446 2107 1500 2170 7,
1544 2105 1612 2162 dc
1655 2106 1881 2176 interpr.

281 2200 340 2258 S.
369 2200 672 2271 Scriptura:
703 2217 715 2255 :
768 2198 829 2254 Si
861 2209 1033 2254 tamen
1057 2201 1299 2270 antiquos
1339 2207 1577 2256 auctores
1614 2214 1762 2253 nosse
1799 2214 1887 2253 vo-

279 2294 466 2364 lueris,
497 2293 608 2368 lege
626 2291 817 2348 librant
847 2293 977 2348 beati
1002 2291 1315 2364 Hieronymi
1356 2292 1420 2346 de
1444 2291 1734 2346 illustribus
1764 2291 1888 2345 uiris

280 2409 311 2444 a
354 2390 416 2445 S.
454 2387 619 2444 Petro
662 2406 825 2459 usque
851 2388 920 2442 ad
953 2388 1213 2460 seipsum,
1265 2397 1313 2441 et
1360 2384 1612 2440 Gennadii
1656 2383 1891 2442 Toletani

281 2485 514 2556 episcopi
543 2483 605 2536 ab
629 2482 901 2536 Ambrosio
948 2498 1114 2553 usque
1159 2481 1227 2538 ad
1261 2479 1496 2538 eumdem
1535 2478 1886 2533 Gennadium.

280 2575 429 2631 Idem
462 2574 580 2631 fere
607 2576 808 2644 repetit
835 2589 954 2646 cap.
989 2561 1078 2630 11.

355 2668 412 2725 8.
455 2665 642 2722 Refert
669 2664 1012 2732 Sirmondus,
1049 2664 1116 2720 ad
1143 2665 1450 2722 Ennodium
1505 2664 1600 2720 lib.
1633 2680 1672 2728 ι,
1730 2663 1889 2740 epist.

281 2761 378 2826 24,
413 2775 479 2816 ex
512 2759 742 2832 integris
770 2757 1041 2815 Gennadii
1091 2757 1501 2828 exemplaribus
1525 2772 1583 2812 se
1609 2755 1889 2827 didicisse,

1989 1846 2136 1886 mum
2165 1847 2290 1902 pax.

2066 1924 2152 1980 10.
2189 1924 2447 1984 Nonnihil
2477 1925 2548 1986 ab
2576 1925 2663 1982 his
2691 1924 2948 1984 diderunt
2976 1926 3085 1982 duo
3116 1927 3210 1982 alii
3243 1927 3487 1994 codices,
3509 1928 3591 1983 al-

1991 2024 2075 2073 ter
2101 2017 2636 2085 Almeloveenianus,
2663 2033 2830 2088 quem
2859 2019 3189 2074 Arntaenius
3218 2019 3434 2088 laudat;
3451 2020 3593 2078 alter

1991 2111 2370 2174 Britannicus,
2403 2127 2564 2179 quem
2597 2112 2701 2168 500
2727 2127 2994 2168 annorum
3025 2112 3158 2168 dicit
3186 2110 3453 2170 Cellarius
3481 2160 3493 2182 ,
3524 2129 3592 2170 ex

1992 2202 2217 2260 Usserio
2243 2247 2258 2272 ,
2289 2204 2360 2260 de
2407 2205 2540 2268 Brit.
2575 2204 2775 2267 eccles.
2807 2205 3079 2274 primord.
3112 2221 3236 2276 cap.
3286 2207 3374 2262 16.
3405 2205 3594 2263 Codex

1996 2295 2515 2352 Almeloveenianus
2553 2297 2632 2352 sic
2665 2296 2832 2352 habet
2861 2315 2875 2351 :
2909 2296 3162 2357 Sedulius
3188 2299 3456 2370 versi/ictis
3489 2300 3599 2368 pri-

1993 2405 2077 2441 mo
2105 2389 2288 2446 laicus.
2322 2390 2375 2442 in
2408 2387 2574 2443 Italia
2603 2388 2997 2460 philosOphiam
3028 2391 3240 2456 didicit;
3269 2401 3451 2463 postea
3477 2409 3595 2448 cunt

1994 2481 2114 2535 aliis
2145 2492 2363 2536 metrum
2417 2483 2644 2538 eroicum
2678 2481 2987 2548 Macedonio
3015 2485 3283 2551 esttlanle,
3315 2487 3371 2556 in
3400 2486 3597 2542 Achaia

1995 2573 2156 2628 libros
2186 2590 2307 2644 suos
2336 2574 2546 2646 scripsit
2578 2579 2629 2628 in
2653 2584 2882 2644 tempore
2923 2574 3186 2634 Valentini
3223 2587 3269 2631 et
3291 2576 3596 2634 Theodosii.

2000 2666 2356 2722 Emendatior
2382 2677 2467 2724 est
2503 2667 2672 2724 codex
2722 2668 3069 2735 Britannicus
3094 2709 3110 2735 ,
3139 2670 3235 2740 qui
3271 2670 3349 2727 sic
3382 2668 3554 2744 refert
3582 2688 3595 2724 :

2000 2760 2248 2818 Sedulius
2272 2761 2535 2832 versiﬁcus
2563 2762 2730 2836 primo
2753 2762 2920 2824 laicus
2943 2762 2997 2818 ia
3021 2763 3183 2822 Isalia
3206 2762 3597 2833 philosophiam

286 2855 570 2913 Seduliqu
598 2855 743 2910 dicm
767 2870 924 2909 suum
957 2853 1186 2919 obiisse,
1210 2853 1521 2908 Theodosio
1543 2851 1787 2921 juniore,
1809 2849 1895 2906 cui
2000 2852 2182 2908 didicit
2217 2870 2236 2907 :
2259 2864 2440 2925 postea
2468 2871 2585 2909 cum
2613 2855 2736 2910 aliis
2766 2855 3020 2916 consociis
3061 2855 3328 2914 heroicum
3356 2866 3595 2921 crucum.

287 2964 428 3019 opus
470 2947 696 3008 dicavit.
747 2957 800 3001 et
845 2943 1230 3012 Valentiniano
1278 2944 1661 3017 regnantibus.
1714 2941 1894 2998 Verba
2005 2945 2314 3001 Macedonio
2337 2947 2670 3016 consulente,
2701 2947 2902 3010 didicit.
2938 2946 3005 3004 In
3034 2948 3230 3006 Achaia
3261 2947 3422 3006 libros
3473 2964 3597 3004 con-

287 3041 562 3099 Gennadii
596 3057 660 3098 ex
693 3040 921 3112 integris
971 3038 1382 3108 exemplaribus
1421 3037 1746 3094 Sirmondus
1789 3051 1894 3090 non
2002 3042 2210 3112 scripsit
2233 3051 2460 3114 tempore
2481 3039 2762 3108 Theodosii
2783 3052 2832 3098 et
2866 3041 3244 3107 Valentiniani.
3268 3041 3602 3113 lliaBaddo

289 3133 501 3206 profert
528 3152 540 3187 :
571 3131 690 3198 sed,
721 3142 782 3190 ut
807 3133 1066 3195 arbitror,
1093 3130 1236 3201 apud
1268 3129 1608 3186 Gennadium
1641 3131 1896 3185 inexem-
1923 3120 1968 3182 C
2001 3133 2250 3191 codicem
2302 3133 2597 3204 quemdam
2645 3149 2824 3200 meum
2851 3125 3236 3206 chaftaceum,
3266 3135 3358 3203 qui
3390 3135 3446 3192 in
3491 3135 3600 3192 line

289 3205 542 3299 plaribus
569 3225 798 3296 integris
829 3226 980 3296 legit,
1010 3224 1214 3280 obiisse
1246 3223 1554 3288 Sedulium,
1582 3223 1896 3279 Theodosio
1999 3225 2212 3282 Sedulii
2241 3228 2323 3282 sic
2353 3226 2518 3282 habet
2562 3243 2575 3280 :
2607 3225 2861 3297 Sedulius
2891 3205 3078 3297 poeta,
3112 3225 3410 3290 consulibus
3439 3225 3603 3286 Theo-

287 3321 515 3392 juniore
556 3329 611 3375 et
661 3318 1046 3379 Valentiniano
1075 3316 1476 3389 regnantibus:
1525 3315 1669 3388 quod
1713 3325 1896 3380 autem
1999 3320 2147 3376 dosio
2170 3331 2215 3376 et
2250 3319 2722 3382 Valentiniano,in
2769 3319 2929 3386 Italia
2972 3319 3355 3391 philosOphiant
3389 3319 3598 3382 didicit.

289 3417 550 3475 Sedulius
580 3414 896 3472 Theodosio
919 3415 1125 3486 juniori
1159 3429 1296 3483 opus
1332 3429 1487 3468 suum
1521 3411 1808 3476 dicaverit,
1845 3410 1897 3466 id
2001 3414 2139 3471 Inde
2187 3415 2256 3470 ad
2297 3415 2456 3486 ﬁdem
2505 3414 2813 3482 catholicam
2861 3430 3134 3470 conversus
3159 3456 3174 3480 ,
3210 3431 3240 3476 a
3290 3413 3603 3472 Macedonio

292 3527 360 3568 ex
390 3519 776 3584 praconcepta
821 3524 915 3564 sua
963 3506 1222 3580 opinione
1271 3495 1510 3576 adjicere
1536 3504 1752 3559 videtur
1786 3504 1900 3560 Sir-

2002 3509 2298 3580 presbytero
2324 3508 2614 3580 baptizatus
2657 3517 2754 3574 est,
2783 3517 2835 3564 et
2864 3508 2919 3571 in
2956 3507 3210 3570 Achaiam
3240 3514 3503 3577 protenus
3538 3508 3605 3566 li-

292 3605 531 3661 mandus
558 3621 573 3669 ;
604 3619 708 3676 qua
739 3601 807 3657 de
848 3615 905 3657 re
935 3601 1080 3658 alius
1121 3610 1304 3670 postea
1337 3599 1443 3653 erit
1473 3597 1778 3652 disserendi
1822 3597 1900 3651 lo—
2003 3601 2149 3654 brum
2172 3602 2308 3654 hunc
2339 3609 2518 3654 contra
2547 3615 2798 3669 errorem,
2825 3608 2872 3652 et
2903 3600 2956 3664 in
2984 3599 3284 3663 christiana
3304 3598 3430 3668 ﬁdei
3453 3615 3597 3658 cont.-

291 3713 415 3754 cus.
447 3693 506 3752 In
539 3695 776 3768 vulgatis
802 3693 1071 3751 Gennadii
1106 3692 1262 3748 libris
1281 3690 1414 3745 nihil
1445 3689 1675 3761 legimus
1703 3688 1774 3744 de
1801 3689 1900 3744 Se-

296 3791 472 3859 dulio,
499 3805 678 3862 neque
701 3787 919 3844 videtur
945 3786 1247 3859 quidquam
1292 3783 1436 3855 apud
1468 3773 1723 3838 eumdem
1753 3782 1897 3836 Gen-

298 3887 522 3944 nadium
557 3885 830 3956 reperisse
861 3881 1122 3950 lsidorus,
1167 3880 1261 3954 qui
1312 3883 1368 3935 in
1419 3878 1559 3935 libro
1604 3879 1673 3934 de
1718 3876 1896 3950 Scrip.

296 3982 502 4039 eccles.
519 3978 798 4036 Sedulium
823 3985 1093 4044 recenset,
1110 3984 1163 4031 et
1178 3989 1272 4030 eos
1288 3982 1493 4030 tantum
1510 3985 1798 4028 recensere
1815 3985 1876 4027 so
1888 4001 1902 4011 -

293 4075 396 4142 let,
430 4073 523 4144 qui
551 4087 582 4126 a
612 4068 898 4127 Gennadio
930 4065 1286 4150 prmtermissi
1325 4074 1473 4122 sunt.
1508 4063 1766 4122 Fortasse
1787 4063 1900 4131 jam

294 4179 412 4224 tum
441 4166 761 4238 imperfecta
792 4165 949 4238 plura
987 4171 1147 4219 erant
1189 4159 1526 4231 exemplaria
1577 4159 1849 4216 Gennadii
1885 4175 1898 4212 :

294 4262 400 4321 sed
429 4261 728 4332 Optandum
763 4259 1002 4314 maxime
1048 4257 1264 4319 fuisset,
1295 4264 1354 4310 ut
1381 4253 1710 4310 Sirmondus
1764 4253 1902 4307 inte-

2004 3692 2382 3746 mendationcm
2428 3692 2661 3752 carmine
2710 3692 3016 3762 composuit.
3055 3692 3160 3753 Pro
3210 3689 3601 3758 Valentiniano,

2002 3788 2055 3844 in
2086 3802 2226 3843 nexu
2259 3786 2590 3857 litterarum,
2619 3785 2726 3857 legi
2760 3795 2937 3855 potest
2973 3784 3271 3851 Valentius.

2078 3882 2166 3936 11.
2201 3879 2329 3936 llaec
2363 3893 2530 3950 pauca
2579 3894 2642 3946 ex
2675 3878 2912 3948 vetustis
2955 3877 3165 3938 Sedulii
3215 3877 3496 3940 codicibus
3535 3878 3606 3938 de

2005 3975 2122 4046 ejus
2144 3975 2252 4030 vi:a
2278 3973 2536 4045 colligere
2562 3973 2714 4040 licet,
2744 3987 2923 4044 neque
2946 3973 3053 4038 alia
3075 3972 3383 4044 antiquiora
3403 3971 3603 4032 adsunt

2004 4076 2382 4132 monumenta,
2406 4082 2473 4122 ex
2505 4066 2705 4140 quibus
2729 4067 2880 4137 plura
2911 4066 3196 4126 addamus.
3243 4065 3353 4128 Sed
3384 4076 3442 4136 ut
3482 4083 3603 4136 quia

2004 4162 2074 4218 de
2105 4176 2174 4217 eo
2203 4161 2367 4232 vulgo
2396 4159 2674 4228 dicuntur,
2710 4160 3053 4226 enucleatius
3083 4158 3456 4228 explicentur,
3489 4160 3608 4229 pri-

2007 4272 2156 4324 mum
2183 4255 2564 4328 disserendum
2594 4263 2677 4322 est
2701 4253 2770 4312 de
2797 4253 2994 4324 patria.
3041 4252 3296 4324 Plerique
3321 4251 3605 4312 Sedulium

296 4371 459 4428 grum
489 4351 756 4409 Gennadii
798 4351 1076 4423 exemplar
1107 4348 1265 4405 nobis
1309 4362 1416 4404 non
1455 4346 1762 4406 invidisset.
1797 4344 1904 4410 Alii
2008 4349 2232 4407 Scotum
2285 4346 2452 4402 fuisse
2501 4346 2800 4404 afﬁrmant.
2852 4346 2922 4415 At
2968 4343 3237 4410 Cellarius
3293 4353 3440 4408 tenet
3467 4387 3481 4415 ,
3515 4344 3608 4416 illa
3669 4333 3682 4340 ’

295 4445 639 4519 exemplaria
666 4445 962 4510 Gennadii,
990 4459 1112 4515 quae
1140 4442 1383 4513 perfecta
1410 4439 1697 4505 dicuntur,
1732 4439 1902 4494 inter—

299 4544 492 4615 polata
522 4541 702 4616 potius
731 4555 854 4596 esse
881 4547 1096 4610 putant.

378 4639 431 4712 5
462 4638 518 4692 9.
561 4635 638 4704 Ex
689 4633 995 4699 Gennadio,
1032 4630 1147 4687 sive
1178 4631 1319 4686 alius
1349 4629 1421 4685 sit
1466 4638 1660 4684 auctor
1686 4669 1700 4694 ,
1724 4628 1907 4682 corri-

303 4729 523 4803 gendus
551 4737 635 4790 est
661 4727 833 4794 codex
865 4725 1172 4792 Palatinus,
1206 4739 1367 4796 quem
1399 4738 1550 4780 num.
1586 4722 1619 4776 5
1651 4723 1907 4788 excitavi,

304 4825 364 4880 in
400 4818 508 4891 quo
557 4819 822 4876 asseritur
848 4862 863 4886 ,
903 4817 1188 4874 Sedulium
1231 4818 1286 4871 in
1337 4813 1623 4872 Arcadiam
1674 4815 1908 4870 venisse.

2009 4449 2170 4496 tctate
2203 4438 2515 4494 llibcrniam
2564 4438 2736 4494 fuisse
2767 4436 3008 4509 Scotiam
3036 4478 3051 4507 ,
3084 4445 3141 4492 et
3165 4452 3231 4506 ex
3279 4437 3370 4504 illa
3407 4437 3609 4504 minori

1933 4506 1984 4568 Β
2013 4535 2190 4590 insula
2221 4547 2418 4590 nomen
2451 4533 2775 4606 translatum
2809 4506 2980 4602 fuisse
3090 4530 3382 4602 maiorm,
3407 4531 3526 4596 sive
3551 4531 3608 4596 in

2014 4639 2222 4702 partem
2245 4628 2572 4684 Britannicae
2590 4627 2778 4684 insula:
2799 4625 3276 4698 septentrionibus
3297 4625 3607 4690 obversata:

2013 4739 2079 4778 ex
2109 4739 2219 4793 quo
2245 4723 2446 4793 arguit,
2471 4719 2755 4788 Sedulium
2791 4720 2959 4775 fuisse
2991 4718 3429 4780 Hiberniensem.
3461 4720 3614 4782 llanc

2018 4817 2191 4887 ipsam
2242 4817 2554 4888 opinionem
2610 4821 2864 4884 tenuerat
2931 4810 3186 4870 Usscrius
3242 4811 3313 4876 de
3363 4814 3613 4876 Britanni.

306 4915 444 4988 Legi
477 4913 620 4970 enim
661 4911 820 4969 debet
858 4913 910 4972 in
950 4910 1204 4968 Achaiam
1251 4910 1382 4964 venit
1426 4925 1445 4974 ;
1487 4908 1732 4978 quamvis
1763 4908 1909 4982 enim
2016 4909 2217 4963 eccles.
2269 4908 2533 4976 primord.
2577 4921 2696 4977 cap.
2734 4906 2801 4976 16
2846 4922 2859 4958 :
2895 4903 2972 4958 De
3019 4904 3192 4975 patria
3235 4921 3334 4970 sua
3364 4903 3614 4968 Sedulius

306 5007 545 5068 Arcadia
575 5021 698 5077 pars
727 5007 797 5062 sit
826 5001 1068 5072 Achaiae,
1101 5013 1282 5066 tamen
1313 4999 1527 5056 Achaia:
1555 5016 1756 5060 nomen
1779 5017 1915 5070 prae-

307 5101 606 5160 ferendnm
638 5108 745 5155 est.
777 5097 1069 5166 Consentit
1095 5095 1268 5156 codex
1300 5095 1728 5161 Ottobonianus,
1761 5110 1910 5148 ltum.

308 5197 408 5262 35,
440 5206 602 5266 quem
635 5193 745 5247 Ott.
781 5193 804 5245 1
842 5191 1088 5260 nomino,
1120 5188 1209 5259 qui
1241 5197 1366 5258 post
1405 5187 1635 5257 elegiam
1671 5185 1912 5251 Sedulii,

2017 5016 2191 5062 noster
2217 5002 2458 5072 dubitare
2489 5015 2582 5053 nos
2605 5015 2708 5066 non
2733 4998 2879 5066 sinit,
2907 5013 3021 5052 cum
3049 4998 3103 5052 in
3133 4995 3472 5065 βρὶςςριαημη
3492 5012 3615 5058 σιω.

2019 5117 2134 5156 runt
2175 5095 2391 5152 exordio
2435 5102 2489 5160 ut
2530 5109 2593 5162 ea
2621 5091 2910 5160 Trithcntio
2938 5088 3306 5159 intelleximus,
3337 5087 3617 5150 Sedulium

2020 5192 2354 5260 Scotigenam
2377 5203 2430 5257 se
2456 5193 2734 5257 nuncupat,
2765 5182 3098 5256 ejusdemque
3117 5184 3173 5236 in
3201 5180 3444 5253 epistolas
3473 5178 3616 5240 Pau-

309 5290 630 5351 Cantemus,
657 5285 736 5341 sic
764 5283 936 5340 refert
964 5302 976 5338 :
1007 5281 1202 5353 Incipit
1231 5295 1317 5334 ars
1372 5279 1577 5336 Sedulii
1615 5286 1802 5350 poetae,
1825 5278 1914 5348 qui
2017 5285 2152 5352 lina;
2188 5280 2550 5350 pnnotationcs
2577 5320 2591 5349 ,
2618 5291 2684 5346 ea:
2716 5275 2971 5346 Fuldcnsi
3019 5275 3281 5344 uetustatis
3329 5273 3614 5338 adorandus

306 5386 488 5459 primo
511 5387 672 5438 laicus
695 5385 748 5436 in
780 5380 946 5436 Italia
967 5378 1349 5453 philosophiam
1368 5377 1572 5442 didicit,
1601 5384 1774 5445 postea
1797 5390 1912 5427 cum
2018 5376 2302 5448 exemplari
2335 5373 2486 5442 edin;
2506 5370 2641 5442 hanc
2664 5370 3056 5441 inscriptionem
3074 5365 3618 5459 prtefemntt‘Sedulij

302 5456 436 5539 aliis
464 5489 744 5535 metrorum
759 5477 1032 5548 generibus
1053 5475 1317 5541 heroicum
1339 5481 1582 5538 metrum,
1602 5469 1915 5523 Macedonio
2019 5472 2166 5542 Scoti
2192 5466 2551 5534 Hiberniensis
2579 5465 2634 5520 in
2674 5479 2851 5518 omnes
2879 5461 3124 5532 epistolas
3154 5458 3318 5526 Pauli
3357 5456 3616 5521 cauea“-

303 5575 638 5638 consulente,
670 5573 843 5628 docuit
894 5570 945 5625 in
986 5567 1208 5624 Achaia.
1254 5566 1438 5620 Libros
1479 5582 1600 5620 suos
1627 5565 1832 5636 scripsit
1864 5565 1916 5618 in
2020 5580 2194 5628 neunt.
2222 5561 2608 5628 Dempsterus,
2639 5557 2691 5612 in
2745 5554 2949 5626 llistor.
2993 5551 3192 5619 cccles.
3225 5549 3464 5614 Scotor..
3493 5565 3617 5622 cum

305 5683 549 5739 tempore
577 5669 949 5736 imperatorum
976 5665 1188 5718 minoris
1223 5659 1530 5727 Theodosii,
1553 5658 1652 5726 lilii
1683 5658 1913 5726 Arcadii,

311 5775 369 5820 et
412 5760 804 5830 Valentiniani,
837 5759 937 5830 ﬁlii
967 5756 1277 5814 Constantii.
1315 5753 1503 5809 Pax...
1541 5752 1747 5813 Desunt
1793 5752 1915 5808 reli-

2022 5661 2090 5716 de
2119 5657 2346 5716 Sedulio
2379 5654 2510 5724 agit,
2537 5651 2794 5716 aflirmat,
2825 5649 2964 5704 hanc
2994 5661 3188 5704 vocem
3215 5645 3404 5706 Scottis
3428 5645 3620 5702 Hiber-

2025 5753 2219 5810 niensis
2247 5756 2562 5820 usurpatam
2588 5759 2697 5803 non
2723 5742 2892 5802 fuisse
2921 5740 3130 5801 Sedulii
3156 5757 3296 5812 aevo,
3316 5747 3411 5806 sed
3435 5759 3622 5822 postea
