4096 6182
511 208 625 266 459

1824 202 2110 263 C(ELIUS
2147 202 2509 262 SEDULIUS.

3716 207 3822 264 440

514 326 586 383 ad
607 323 1020 397 distinguendos
1050 323 1246 380 Scotos
1285 322 1568 380 silvestres
1589 367 1603 393 ,
1635 337 1730 377 seu
1761 332 2051 378 montanos
2078 337 2110 377 a
2138 327 2186 385 Α
2218 321 2329 377 fere
2358 321 2765 378 commentitius
2796 322 2962 378 etiam
2993 320 3303 378 Haubertus
3335 322 3390 380 in
3419 322 3718 394 Chronico,
3751 327 3824 384 ad

517 418 960 475 mediterraneis.
993 420 1062 473 At
1092 416 1354 474 Usserius
1382 415 1697 482 contendit,
1729 415 2119 471 lliberuienses

514 515 668 582 ipsos
714 512 890 569 dictos
931 512 1102 570 fuisse
1143 513 1328 568 Scotos
1379 511 1742 568 Hibernienses
1770 553 1783 576 ,
1813 511 1958 582 quod
2005 511 2118 582 jam

511 605 688 663 Orosii
722 615 968 678 tempore
1008 606 1222 663 videtur
1243 607 1296 661 in
1323 620 1423 662 usu
1449 604 1635 660 fuisse.
1657 603 1944 660 Distinctio
1961 605 2121 659 Dem-

512 700 683 770 psteri
712 700 855 756 inter
884 699 1116 770 populos
1137 699 1284 769 ipsos
1299 699 1497 754 Scotia:
1525 697 1886 768 pomeriorum
1907 707 2116 766 tempo-

511 809 632 850 rum
655 803 763 860 est,
797 802 855 848 ut
875 808 942 848 ex
971 793 1201 848 Diction.
1230 791 1530 863 geograph.
1554 789 1790 847 Ferrarii
1819 790 2112 861 colligitur.

591 888 682 944 ιε.
708 888 1061 953 Arntnenius,
1090 903 1213 942 cum
1243 887 1488 954 Bartbio,
1517 887 1863 956 Dempstero,
1889 897 2118 940 auctore

443 1027 447 1031 .
519 983 784 1038 Notarum
817 983 884 1037 ad
917 981 1219 1053 Gyraldum
1251 1023 1265 1048 ,
1296 979 1602 1046 Borriebio,
1639 979 1832 1035 Vossio
1859 1022 1873 1046 ,
1904 991 1959 1036 et
1997 977 2119 1034 aliis

515 1092 727 1146 censet,
752 1080 964 1137 Sedulii
991 1079 1220 1150 patriam
1244 1078 1413 1134 fuisse
1432 1087 1645 1148 partem
1671 1078 1866 1132 insula:
1893 1076 2117 1146 majoris

517 1175 870 1239 Britannicae,
901 1191 1023 1246 quae
1049 1190 1194 1229 nunc
1217 1174 1401 1231 Scotia
1432 1174 1651 1228 dicitur.
1680 1172 1840 1227 Certe
1867 1170 2116 1240 plerique

516 1268 744 1324 Scotum
772 1283 896 1322 cum
929 1267 1259 1337 simpliciter
1286 1277 1484 1321 vocant
1527 1264 1807 1321 Sedulium
1833 1304 1846 1326 ,
1873 1263 1922 1317 id
1959 1263 2119 1317 intel-

517 1362 690 1433 ligere
718 1361 1003 1429 videntur,
1035 1361 1284 1431 quamvis
1317 1361 1545 1415 alteram
1581 1359 1650 1413 ab
1680 1357 1847 1413 altera
1874 1356 2114 1411 Scotiam

517 1454 777 1509 distincte
810 1470 917 1508 non
969 1462 1248 1523 separent.
1285 1453 1422 1507 lluie
1463 1466 1597 1506 sane
1635 1450 1919 1505 sententia:
1949 1447 2114 1502 veluti

520 1563 586 1604 ex
617 1547 668 1618 7
697 1548 974 1602 communi
1023 1545 1320 1600 traditione
1366 1544 1568 1615 tigenti
1601 1543 1776 1598 libens
1820 1540 2113 1597 accedam:

525 1641 620 1696 sed
654 1641 873 1706 vellem,
901 1656 1019 1695 eam
1050 1639 1406 1695 validioribus
1436 1639 1770 1710 argumentis
1802 1652 1961 1708 posse
1987 1651 2118 1692 con-

2223 431 2423 471 annum
2439 414 2566 472 428.
2582 415 2848 471 Cellarlus
2861 415 2931 472 de
2954 415 3060 472 fide
3082 415 3391 472 istiusmodi
3413 417 3822 478 Cbronicorum

2224 508 2442 565 videtur
2468 508 2744 564 dubitare.
2771 507 2887 564 Nic.
2919 508 3222 577 Antonius,
3253 509 3472 565 Bibliot.
3503 511 3624 567 Vet.
3661 513 3822 586 llisp.

2224 603 2317 659 lib.
2351 619 2440 670 ιιι,
2471 618 2600 674 cap.
2637 605 2690 672 5,
2725 619 2874 658 num.
2913 605 3053 670 11ἓί,
3089 605 3248 672 plane
3279 619 3398 660 eam
3431 605 3615 676 rejicit
3643 623 3657 660 :
3687 605 3826 661 Pro-

2221 695 2366 750 clivis
2395 712 2531 760 sum,
2561 707 2617 750 ut
2645 697 2874 763 credam,
2907 699 3016 764 ait',
3047 698 3331 770 episwpali
3358 715 3566 753 munere
3593 700 3647 753 in
3695 700 3828 755 His-

2219 790 2378 861 ponia
2410 789 2624 859 tributo,
2652 790 2704 845 Η
2712 793 2915 863 ispanos
2936 808 3136 864 quoque
3157 794 3357 848 natales
3385 795 3712 850 subindicare
3737 813 3829 852 to-

2220 883 2376 939 luisse
2401 895 2683 940 auctorem.
2719 885 2829 942 Sed
2857 896 2960 940 tam
2996 886 3187 956 falsum
3225 899 3299 942 est
3342 897 3511 942 ortum
3557 893 3698 962 apud
3730 907 3827 946 nos

2221 977 2518 1046 Sedulium,
2545 995 2701 1051 quant
2729 980 3025 1052 episcopum
3057 980 3247 1035 alicubi
3277 981 3458 1051 fuisse.
3491 981 3609 1038 Nic.
3641 984 3825 1040 Anto-

2221 1073 2345 1128 nius
2377 1073 2429 1126 in
2461 1071 2780 1128 refellendis
2813 1073 2960 1128 falsis
2983 1073 3290 1140 Cbronicis,
3319 1092 3439 1148 qua:
3465 1078 3668 1133 saeculo
3697 1095 3829 1150 pro—

2221 1165 2364 1221 xime
2411 1165 2598 1236 elapso
2645 1167 3004 1222 disseminata
3061 1185 3158 1238 per
3216 1169 3530 1237 lliSpaniam
3582 1174 3828 1230 maxime

2221 1270 2365 1327 sunt,
2399 1274 2544 1330 saepe
2577 1260 2736 1326 ultra,
2763 1277 2921 1331 quam
2957 1278 3052 1331 par
3079 1275 3183 1328 εει,
3209 1277 3528 1333 progressus
3553 1263 3672 1320 fuit.
3700 1264 3825 1322 Non

2223 1352 2392 1408 fuerit
2424 1353 2692 1423 Hispanus
2740 1353 2992 1409 Sedulius
3037 1372 3048 1408 :
3085 1371 3262 1426 neque
3306 1357 3450 1412 enim
3485 1357 3537 1412 id
3577 1358 3824 1416 auditum

2217 1455 2435 1502 consmt
2461 1455 2589 1502 ante
2615 1447 2912 1503 confictum
2967 1448 3490 1518 pseudo-Dextrum.
3535 1451 3641 1507 Sed
3675 1453 3826 1524 quod

2218 1542 2421 1598 alicubi
2448 1543 2740 1613 episcopus
2786 1543 2996 1610 fuerit,
3023 1546 3260 1616 graviori
3292 1548 3618 1602 auctoritate
3668 1564 3824 1604 com-

2219 1636 2502 1706 probatur,
2535 1645 2594 1690 ut
2645 1646 2830 1706 postea
2862 1652 3156 1708 exponam.
3189 1637 3463 1708 Hispanos
3489 1650 3677 1696 autem
3725 1656 3827 1696 na-

517 1735 747 1792 ﬁrmari.
782 1735 991 1791 Poterit
1039 1734 1141 1791 huc
1174 1734 1318 1790 trahi
1363 1733 1743 1804 interpretatio
1796 1731 1998 1788 Barthii
2050 1731 2116 1787 ad
2149 1720 2195 1781 B
2225 1732 2360 1786 tales
2391 1731 2602 1787 Sedulii
2635 1747 2701 1788 ex
2746 1732 3110 1803 supposititiis
3149 1731 3432 1788 Chronicis
3485 1735 3828 1805 collegerunt

527 1846 676 1888 vers.
707 1831 780 1887 20
807 1831 933 1886 libr.
961 1847 1002 1896 ι,
1031 1831 1119 1886 ubi
1151 1833 1315 1887 verba
1349 1829 1657 1884 Ridiculoue
1707 1828 1847 1884 Geta:
1896 1829 2120 1899 exponit

515 1923 587 1980 de
617 1925 854 1994 quodam
886 1924 1126 1980 ridiculo
1163 1924 1266 1979 deo
1313 1934 1558 1980 veterum
1601 1924 1929 1989 Scotorum,
1965 1924 2120 1990 cujus

518 2017 898 2088 genealogiam
924 2015 1161 2071 Asserus
1192 2015 1480 2072 describit.
1511 2015 1589 2070 Ex
1612 2030 1719 2087 quo
1750 2015 2116 2085 conjecturam

517 2108 682 2163 ducet
710 2107 910 2177 aliquis
935 2149 951 2175 ,
984 2106 1266 2162 Sedulium
1298 2107 1751 2178 superstitionem
1798 2122 1910 2162 suae
1940 2107 2118 2178 gentis

518 2215 718 2260 notare
764 2204 1027 2260 voluisse.
1060 2204 1169 2262 Sed
1201 2203 1290 2260 illa
1322 2203 1530 2260 Barthii
1562 2245 1576 2269 ,
1609 2203 1793 2260 Asseri
1835 2203 1998 2258 etiam
2029 2245 2042 2269 ,
2065 2213 2120 2258 et

521 2296 757 2353 aliorum
791 2297 1087 2368 explicatio
1119 2312 1221 2353 suo
1264 2299 1383 2353 loco
1411 2313 1442 2353 a
1475 2297 1630 2353 nobis
1671 2297 1972 2368 rejicietur.
2003 2296 2118 2352 Non

516 2393 734 2450 invenio
770 2393 1142 2463 antiquiorem
1172 2393 1480 2448 Trithemio
1510 2391 1848 2464 probabilem
1881 2391 2117 2461 scripto-

519 2502 636 2544 rem
666 2531 681 2557 ,
712 2487 807 2559 qui
854 2485 1086 2543 Sedulio
1136 2487 1376 2548 Scotiam
1429 2486 1657 2558 patriam
1700 2485 2116 2556 adjudicaverit.

519 2579 862 2636 Trithemius
892 2590 1073 2636 autem
1106 2580 1266 2651 plura
1295 2579 1459 2635 habet
1479 2579 1601 2634 aliis
1624 2580 1808 2650 ignota
1833 2596 1846 2631 τ
1873 2577 2120 2636 Sedulius

517 2674 781 2745 presbyter
811 2674 1018 2728 natione
1049 2673 1260 2740 Scotus,
1291 2672 1587 2728 Hildeberti
1617 2673 1893 2728 Scotorum
1924 2673 2121 2728 archie-

516 2767 712 2838 piscopi
733 2765 797 2820 ab
819 2767 1026 2821 ineunte
1051 2775 1203 2820 attate
1224 2765 1537 2838 discipulus,
1559 2768 1640 2821 uir
1662 2767 1714 2820 in
1731 2767 1917 2820 diuinis
1943 2766 2125 2838 Scrip-

514 2859 645 2913 turis
665 2859 996 2926 exercitatus,
1014 2868 1061 2914 et
1082 2859 1136 2914 in
1156 2860 1489 2914 swcularibus
1512 2858 1697 2915 litteris
1718 2859 2116 2928 eruditissimus,

520 2952 752 3006 carmine
781 2951 1039 3007 excellens
1061 2993 1075 3020 ,
1098 2963 1146 3007 et
1175 2969 1333 3023 prosa
1357 2993 1372 3020 ,
1406 2969 1582 3008 amore
1611 2953 1844 3008 discendi
1890 2952 2121 3009 Scotiam

518 3047 836 3115 relinquens,
871 3048 1006 3100 venit
1027 3046 1083 3100 in
1112 3045 1418 3113 Franciam,
1448 3047 1636 3101 deinde
1666 3046 1880 3101 Italiam
1910 3048 2117 3118 perlus-

2225 1825 2516 1881 I)amianus
2541 1841 2572 1880 a
2604 1825 2770 1891 Goes,
2807 1839 2861 1882 et
2888 1827 3248 1883 Sebastianus
3278 1828 3592 1885 Munslerus
3619 1831 3677 1884 in
3729 1831 3828 1888 tle—

2222 1919 2416 1989 script.
2451 1919 2629 1990 llisp.,
2664 1918 2757 1990 qui
2800 1920 2947 1974 nulla
2975 1920 3331 1977 distinctione
3351 1921 3614 1989 adhibita,
3645 1933 3704 1978 ut
3732 1923 3830 1980 ob-

2222 2022 2406 2067 servat
2448 2011 2738 2081 Usserius,
2768 2011 3049 2068 Sedulium
3097 2023 3314 2084 poetam
3363 2015 3418 2069 in
3457 2015 3827 2086 IliSpanorum

2223 2121 2452 2162 numero
2501 2105 2868 2162 collocarunt.
2917 2107 3166 2163 Bivarius
3229 2123 3362 2162 vero
3423 2117 3828 2166 commentator

2223 2203 2650 2274 pseudo-Dextri
2670 2202 2878 2260 dubitat
2898 2245 2912 2269 ,
2947 2219 3014 2258 an
3047 2203 3152 2258 duo
3171 2202 3372 2259 fuerint
3392 2203 3602 2260 Sedulii
3623 2215 3827 2276 poene.

2297 2296 2384 2350 15.
2418 2294 2643 2351 Sedulio
2697 2295 2822 2350 addi
2874 2295 3013 2351 solet
3064 2310 3380 2366 prmnomcn
3431 2295 3660 2363 Caelius,
3707 2298 3832 2354 sive

2225 2388 2433 2456 Coelius,
2463 2388 2630 2458 quod,
2663 2389 2739 2443 ait
2771 2389 3124 2455 Arntzenius,
3159 2389 3405 2445 melioris
3435 2399 3576 2444 nota:
3605 2390 3832 2448 Codices

2223 2493 2546 2554 agnoscunt.
2572 2481 2752 2538 Facile
2775 2483 3021 2550 credam,
3050 2498 3362 2554 praenomen
3388 2484 3536 2539 Caelii
3560 2485 3613 2540 in
3637 2487 3830 2543 multis

2224 2593 2356 2633 mss.
2390 2579 2622 2650 reperiri
2655 2597 2670 2634 :
2701 2595 2822 2634 nam
2854 2588 2908 2636 et
2935 2580 3248 2636 veterrima:
3270 2579 3540 2636 editiones
3570 2580 3699 2637 illud
3725 2597 3833 2636 ex-

2224 2671 2432 2728 hibent.
2467 2672 2739 2740 Labbeus,
2767 2673 2835 2728 de
2863 2673 3068 2744 Script.
3108 2675 3341 2740 eccles.,
3373 2676 3657 2730 conlirmat
3682 2718 3698 2742 ,
3722 2675 3832 2733 Sc-

2223 2765 2363 2822 dulii
2391 2781 2703 2837 praenOmcn
2737 2766 2822 2834 C.,
2852 2778 2949 2823 aut
2991 2766 3162 2834 Caelii,
3194 2781 3286 2824 aut
3327 2769 3524 2824 Caecilii
3551 2768 3691 2840 apud
3733 2785 3831 2826 re-

2223 2861 2498 2916 centiores
2515 2861 2804 2918 csse.Hinc
2821 2863 3054 2919 fortasse
3076 2866 3126 2918 in
3147 2863 3380 2920 Diction.
3396 2863 3596 2936 Script.
3616 2866 3830 2922 eccles.

2223 2955 2517 3012 conlietum
2545 2955 2646 3011 fuit
2675 2954 2838 3012 Gaius
2867 2955 3106 3012 Caecilius
3137 2957 3404 3013 Sedulius.
3442 2959 3831 3029 Dempstcrus,

2225 3049 2279 3104 in
2313 3050 2520 3107 Hister.
2553 3053 2751 3108 eccles.
2783 3051 2931 3110 Scnt.
2952 3095 2966 3120 ,
2997 3052 3213 3122 Caium,
3243 3064 3334 3107 aut
3367 3052 3630 3108 Ccecilium
3665 3053 3828 3110 dicit.

520 3141 708 3204 travit,
739 3147 786 3192 et
811 3138 1012 3205 Asiam,
1043 3147 1303 3210 postremo
1333 3138 1545 3192 Achaia:
1572 3139 1763 3208 ﬁnibus
1793 3139 2039 3193 excedens
2064 3138 2118 3192 in
2145 3111 2190 3174 Ο
2225 3141 2399 3198 Meum
2444 3153 2625 3200 tamen
2657 3154 2743 3200 est
2776 3146 3016 3216 prolileri
3045 3187 3062 3215 ,
3091 3148 3144 3202 in
3170 3111 3454 3203 codicibus
3500 3163 3530 3201 a
3561 3163 3647 3203 me
3688 3148 3835 3204 visis

516 3233 642 3287 urbe
667 3230 832 3286 Roma
861 3232 1087 3287 mirabili
1109 3232 1346 3287 doctrina
1371 3233 1546 3288 clarus
1575 3230 1788 3300 effulsit.

593 3327 680 3383 15.
707 3326 825 3381 Non
851 3336 936 3381 est
958 3335 1124 3382 tantae
1151 3327 1492 3382 auctoritatis
1514 3326 1874 3392 Trithemius,
1893 3326 1981 3382 cui
2002 3325 2121 3382 sine

514 3418 627 3474 alio
653 3418 793 3474 duce
843 3417 1006 3474 fidem
1057 3428 1320 3488 priestare
1377 3418 1692 3474 debeamus.
1736 3417 1894 3486 Quod
1939 3428 2119 3473 autem

520 3511 666 3568 idem
699 3511 1032 3568 Trithemius
1063 3513 1276 3567 initium
1307 3512 1662 3582 epistolarum
1705 3511 1915 3568 Sedulii
1940 3512 2008 3567 ad
2036 3511 2120 3567 di-

519 3619 714 3662 versos
741 3606 821 3660 ait
845 3619 990 3673 esse,
1023 3604 1278 3662 Sedulius
1305 3605 1606 3680 Scotigena,
1634 3605 1968 3678 Sedulioque
1995 3622 2118 3662 nos-

526 3709 613 3754 tro
641 3697 894 3754 attribuit
922 3699 1334 3756 Collectaneum
1368 3700 1420 3754 in
1466 3700 1727 3770 epistolas
1754 3699 1931 3767 Pauli,
1963 3702 2120 3770 cujus

519 3801 716 3850 auctor
740 3793 1062 3849 inscribitur
1101 3792 1348 3849 Sedulius
1377 3793 1566 3850 Scotus
1595 3794 1979 3863 Hiberniensis,
2005 3797 2120 3851 haec

517 3902 636 3944 rem
689 3886 860 3942 multo
912 3886 1085 3958 magis
1137 3887 1401 3943 incertam
1463 3887 1715 3943 reddunt.
1757 3886 2122 3944 Consentium

523 3980 669 4036 enim
701 3979 803 4035 viri
832 3980 1031 4047 critici,
1067 3982 1184 4036 lucc
1213 3995 1378 4052 opera
1411 3997 1520 4035 non
1552 3997 1674 4037 esse
1705 3981 1914 4038 Sedulii
1946 3982 2121 4037 nostri

519 4083 730 4147 poetze,
763 4075 860 4131 sed
888 4075 1115 4131 alterius
1159 4075 1364 4133 Sedulii
1389 4076 1624 4146 junioris
1648 4120 1664 4145 ,
1694 4075 1762 4130 de
1790 4091 1899 4148 quo
1931 4085 2117 4146 postea

521 4167 724 4224 dicam.
757 4168 1038 4237 Suspicari
1067 4183 1198 4239 ergo
1235 4169 1521 4238 quisquam
1567 4168 1805 4237 poterit,
1837 4167 2117 4224 Sedulium

517 4273 740 4334 poetam
773 4277 802 4316 a
835 4261 1144 4318 Tritliemio
1175 4273 1229 4318 et
1262 4263 1386 4318 aliis
1411 4264 1635 4319 Scotum
1664 4263 1886 4318 natione
1913 4278 2120 4318 nuncu-

518 4358 658 4428 pari,
688 4355 813 4426 quia
847 4356 967 4426 ejus
993 4356 1259 4427 putabant
1287 4371 1409 4412 csse
1433 4372 1624 4427 Opera,
1653 4373 1775 4428 quae
1801 4356 2005 4413 Sedulii
2031 4357 2120 4426 ju-

514 4453 689 4508 nioris
714 4461 863 4517 sunt,
892 4458 949 4507 et
966 4465 1166 4507 nomen
1194 4450 1401 4508 Sedulii
1425 4451 1572 4508 Scoti
1596 4450 1915 4521 prmferunt.
1943 4451 2116 4506 Immo

2225 3239 2331 3294 tale
2361 3255 2677 3310 praenomen
2712 3256 2817 3295 non
2850 3256 3120 3312 apparere
3143 3282 3159 3309 ,
3188 3251 3418 3313 excepto
3445 3241 3638 3298 codice
3668 3239 3834 3298 Vati-

2221 3345 2360 3386 cano
2407 3332 2610 3402 regina:
2650 3331 2953 3388 Succorum
2983 3374 2998 3399 ,
3030 3349 3180 3388 num.
3212 3334 3318 3388 555
3341 3373 3356 3399 ,
3388 3349 3553 3405 quem
3601 3332 3730 3405 Reg.
3777 3337 3830 3402 l,

2222 3437 2380 3490 voco,
2406 3423 2457 3478 in
2488 3439 2596 3494 quo
2627 3423 2846 3480 inverso
2875 3425 3069 3480 ordine
3095 3412 3180 3482 est
3210 3425 3461 3481 Sedulius
3502 3423 3690 3482 Calius
3716 3468 3731 3492 ,
3771 3436 3838 3483 et

2223 3517 2411 3573 codice
2441 3519 2606 3574 etiam
2640 3519 2862 3590 regium,
2899 3536 3050 3574 num.
3077 3519 3167 3585 29,
3202 3536 3364 3592 quem
3396 3520 3529 3595 Reg.
3559 3521 3616 3585 5,
3642 3523 3835 3593 appel-

2223 3609 2370 3677 labo,
2403 3609 2494 3665 ubi
2521 3607 2712 3665 Ctelius
2733 3652 2748 3676 ,
2778 3611 2896 3666 sive
2927 3610 3099 3667 Celius
3131 3612 3377 3669 Sedulius
3411 3614 3742 3670 nominatur.
3777 3617 3835 3673 ls

2223 3711 2405 3757 autem
2438 3701 2613 3758 codex
2657 3704 3072 3760 recentissimus
3100 3714 3206 3772 est,
3235 3721 3300 3761 ac
3329 3707 3416 3762 vix
3462 3721 3562 3778 pro
3592 3723 3694 3763 ms.
3726 3708 3837 3763 lia-

2223 3794 2338 3849 beri
2369 3795 2572 3850 debet:
2603 3811 2807 3852 censeo
2854 3798 3001 3853 enim
3031 3839 3045 3864 ,
3075 3799 3410 3869 exscriptum
3452 3815 3577 3855 eum
3606 3815 3728 3858 esse
3755 3817 3829 3858 ex

2222 3890 2344 3944 Aldi
2373 3889 2632 3959 editione,
2659 3901 2812 3946 certe
2839 3891 3112 3962 posterior
3136 3908 3199 3948 ea
3229 3894 3448 3964 quidem
3476 3903 3580 3949 est.
3610 3893 3666 3950 In
3687 3910 3836 3966 quo-

2223 3984 2343 4038 dam
2373 3984 2580 4040 Barthii
2600 3985 2787 4041 codice
2810 3985 3135 4042 acrosticbis
3159 3986 3363 4043 Liberii
3387 3987 3589 4044 dicitur
3611 4004 3734 4045 esse
3762 3992 3835 4046 de

2223 4074 2383 4131 Caelio
2417 4077 2656 4144 Sedulio,
2688 4079 2745 4150 9
2773 4087 2831 4134 ut
2862 4079 3094 4134 referam
3137 4083 3188 4134 in
3219 4081 3470 4151 Append.
3499 4082 3654 4152 Apud
3681 4083 3832 4138 anti-

2221 4167 2444 4236 quiores
2473 4167 2755 4224 Romanos
2786 4169 2985 4226 Caelius
3020 4187 3217 4226 nomen
3261 4181 3382 4228 erat
3407 4215 3422 4239 ,
3456 4188 3563 4228 non
3612 4190 3833 4243 pramo-

2224 4276 2368 4327 men,
2400 4270 2457 4315 ut
2490 4260 2566 4316 Μ.
2591 4259 2782 4317 Ccelius
2813 4262 2983 4334 Rufus
3013 4307 3026 4327 ,
3062 4263 3124 4317 L.
3157 4263 3347 4319 Ccelius
3375 4266 3647 4336 Antipater
3677 4283 3695 4321 :
3723 4267 3830 4323 sed

2221 4353 2322 4407 sub
2346 4355 2764 4424 imperatoribus
2790 4370 2987 4427 magna
3010 4355 3227 4413 invecta
3251 4365 3335 4414 est
3359 4359 3702 4429 perturbatio
3725 4377 3830 4416 no-

2222 4447 2428 4501 minum
2455 4455 2510 4502 et
2541 4450 2958 4517 pra‘nominum.

513 4543 790 4612 Labbeus,
819 4509 889 4600 de
911 4543 1119 4616 Script.
1148 4546 1347 4601 eccles.
1377 4554 1510 4601 tom.
1542 4509 1607 4610 ll,
1639 4553 1829 4616 aperte
1856 4544 2112 4614 afﬁrmat,
2149 4509 2196 4569 ι)
2296 4540 2380 4594 16.
2414 4509 2623 4595 Nomen
2675 4541 2924 4597 Sedulius
2971 4543 3213 4599 occurrit
3257 4543 3399 4614 apud
3456 4542 3784 4603 Ciceronem
3807 4590 3823 4615 ,

516 4638 880 4704 recentiores,
916 4636 1269 4710 homonymia
1301 4637 1582 4702 confusos,
1611 4648 1721 4692 tres
1747 4639 1798 4692 in
1825 4653 1988 4692 unum
2019 4637 2116 4694 Se-

513 4727 698 4784 dulios
727 4727 1074 4796 confudisse,
1107 4728 1390 4786 Sedulium
1427 4718 1642 4800 peetam
1677 4729 1862 4783 saeculi
1909 4744 1981 4794 tv,
2016 4730 2113 4784 Se-

512 4821 726 4878 dulium
759 4823 1080 4894 episcopum
1129 4823 1324 4878 surculi
1359 4838 1452 4878 vnt
1477 4866 1492 4890 ,
1526 4831 1582 4878 et
1624 4822 1904 4878 Sedulium
1947 4824 2114 4879 inter-

512 4924 724 4986 pretem
748 4929 917 4970 sacrae
937 4915 1232 4985 Scriptura:
1249 4916 1431 4971 saeculi
1461 4930 1538 4969 rx.

587 5007 675 5065 14.
718 5007 827 5065 Sed
857 5007 1222 5064 abutemurne
1250 5023 1352 5064 nos
1382 5007 1483 5064 hac
1513 5006 1852 5078 conjectura,
1884 5017 1941 5064 ut
1973 5007 2112 5064 His—

507 5103 665 5174 panis
691 5100 896 5158 nostris
943 5101 1226 5158 Sedulium
1277 5110 1495 5173 poetam
1549 5101 1900 5156 annumerari
1951 5115 2112 5170 posse

507 5195 930 5265 pronuntiemus
949 5195 975 5248 ἰ
996 5193 1240 5250 Minime.
1272 5193 1529 5251 Veritatis
1543 5193 1690 5248 enim
1715 5207 1871 5248 amor
1901 5207 1969 5248 eo
2011 5206 2112 5248 nos

505 5286 679 5358 ducit,
710 5287 1104 5361 utjabulosam
1133 5301 1458 5343 censeamus
1505 5287 1879 5342 narrationem
1930 5284 2114 5341 Chro-

504 5382 613 5438 nici
641 5381 1113 5454 pseudo—Dextri
1143 5381 1210 5437 ad
1233 5397 1437 5437 annum
1460 5379 1588 5448 428,
1613 5395 1763 5435 num.
1785 5380 1812 5434 1
1842 5377 2107 5434 :Fwtadio

502 5475 737 5546 pontiﬁci
754 5473 1006 5531 Toletano
1025 5474 1254 5531 succedit
1267 5472 1458 5530 Isicius
1471 5471 1757 5529 monachus
1781 5471 2103 5541 Palestinus,

497 5565 655 5638 aqui
674 5566 950 5622 Sedulium
976 5568 1398 5640 amicumjsuum,
1415 5566 1781 5638 etLOretanum
1806 5567 2106 5638 episcopum

497 5657 883 5727 pradicationis
916 5661 1089 5731 gratia
1124 5659 1297 5716 Toleti
1340 5661 1531 5715 detinet
1562 5703 1575 5726 ,
1601 5659 1690 5729 qui
1727 5659 1866 5712 dono
1912 5655 2007 5710 Dei
2051 5656 2106 5710 in

494 5748 641 5813 poesi
663 5751 996 5817 oratoriaque
1022 5751 1304 5817 prceclarus
1327 5751 1516 5806 multos
1541 5753 1700 5806 libros
1723 5751 2003 5823 componit.
2029 5749 2105 5802 Ita

2221 4633 2326 4689 Pro
2348 4633 2510 4687 domo
2541 4649 2636 4688 sua
2684 4651 2806 4704 cap.
2857 4637 2945 4702 50;
2979 4637 3032 4692 in
3083 4635 3531 4708 inscriptionibus
3559 4638 3782 4695 Grutcri
3803 4685 3819 4709 ,

2222 4740 2339 4795 pag.
2373 4725 2431 4790 4,
2469 4741 2521 4780 ιι.
2557 4725 2609 4791 7,
2646 4724 2710 4780 Ρ.
2746 4727 2992 4782 Sedulius
3036 4728 3316 4796 Julianus;
3345 4739 3401 4786 et
3435 4749 3482 4798 p.
3514 4733 3640 4798 181,
3668 4751 3722 4789 ιι.
3761 4735 3820 4800 9,

2221 4819 2284 4883 Q.
2315 4817 2608 4885 Sedulius;
2653 4821 2798 4890 apud
2826 4821 3198 4892 Muratoriutn,
3230 4840 3349 4895 pag.
3391 4826 3550 4895 1215,
3599 4826 3823 4883 Sedulio

2220 4910 2478 4978 Lwta;et
2501 4928 2616 4984 pag.
2657 4915 2792 4981 125,
2827 4933 2878 4970 ιι.
2909 4917 2965 4981 4,
2999 4916 3115 4972 haec
3155 4917 3354 4990 legitur
3393 4919 3676 4990 inscriptio
3718 4936 3821 4991 pa.

2216 5021 2336 5062 rum
2370 5018 2637 5077 correcta,
2670 5018 2730 5064 ut
2753 5008 3008 5064 videtur:

2786 5118 2836 5166 σι.
2863 5116 3132 5158 ssnvmvs.
3161 5119 3248 5160 tm.

2803 5188 3010 5230 εευνιι.
3038 5190 3204 5230 ιιιιιοιι

2788 5260 2888 5300 υιε.
2925 5261 3106 5302 ΙΔιιιε.
3136 5263 3204 5303 ΔΟ

2850 5332 2969 5373 Ανρ.
3000 5333 3177 5373 Αιιενιι

2806 5403 3062 5444 ετΑτνΑε.
3101 5407 3227 5446 IDEI

2901 5475 3100 5516 I.D.D

2283 5571 2427 5628 Inter
2451 5570 2795 5630 Christianos
2835 5578 3083 5632 nonnulli
3131 5591 3394 5650 apparent
3448 5583 3552 5636 hoc
3591 5583 3814 5637 nomine

2211 5667 2526 5734 nuncupati.
2576 5666 2631 5720 in
2691 5668 2912 5724 Dissert.
2961 5671 3468 5743 lsagog.Bernardi
3521 5672 3690 5740 Pezii,
3741 5672 3807 5727 ad

2215 5766 2346 5810 tom.
2382 5757 2416 5810 I.
2451 5755 2715 5814 Tltosanr.
2778 5762 2982 5815 Anccd.
3031 5778 3153 5830 pag.
3187 5767 3220 5817 .‘i
3269 5780 3446 5831 se.qu
3485 5776 3803 5819 recensetur
