4096 6182
343 203 446 265 ιιι

1712 210 2082 272 PROLEGOM
2091 213 2218 272 ENA
2231 254 2245 270 .

3534 223 3643 281 ΗΞ

344 321 719 395 necrologium
769 337 869 380 ms.
903 322 1150 382 Abbatite
1199 325 1256 382 S.
1288 325 1434 382 Petri
1491 325 1791 397 Salisburgi
1835 327 1940 384 sub
1970 339 2018 400 Α
2044 332 2250 401 dulius,
2283 334 2374 405 qui
2416 334 2518 390 hoc
2567 334 2686 406 ipso
2736 344 2990 407 tempore
3018 336 3300 406 ﬂorebat,
3323 339 3393 394 ab
3432 339 3654 400 ineunte

341 418 570 473 Arnone
614 417 795 486 primo
845 415 1265 489 archiepiscopo
1310 417 1712 490 Salisburgeusi
1774 419 1942 475 scribi

340 520 582 581 emptum
615 519 671 566 et
701 525 732 564 a
764 511 964 566 comvis
993 527 1164 584 usque
1196 513 1262 568 ad
1299 513 1561 568 saaculum
1587 530 1661 568 ιιι
1709 515 1943 584 perduc-

343 613 478 658 tum.
529 603 586 658 In
620 605 813 661 ordine
851 609 1231 678 episcoporum
1285 618 1340 664 et
1391 608 1650 663 abbatum
1697 609 1943 665 diverso-

342 715 461 754 rum
494 699 739 755 locorum
760 701 1080 773 designatur
1104 703 1344 758 Sedulius
1372 704 1674 775 episcOpus:
1699 704 1778 759 sic
1794 704 1938 759 enim

342 794 622 848 scribitur.
656 794 929 852 Prmterea
958 811 1103 852 anno
1130 799 1254 864 721,
1287 797 1339 852 in
1375 799 1551 867 primo
1578 799 1812 853 concilio
1833 797 1941 854 Ro-

341 902 502 942 mano
531 887 635 943 sub
661 887 927 958 Gregorio
957 889 1022 955 ll,
1047 890 1304 946 Sedulius
1337 891 1628 946 Britannia:
1650 892 1938 960 episcopus

338 980 704 1051 conspicitur.
736 981 812 1038 De
836 983 944 1037 alio
973 982 1199 1040 Sedulio
1221 984 1405 1039 saeculi
1434 999 1486 1038 ιχ
1515 984 1623 1055 agit
1665 983 1940 1054 llepidan-

337 1089 444 1129 nus
475 1073 776 1128 monachus
817 1073 878 1130 S.
902 1073 1065 1141 Galli,
1101 1075 1152 1128 in
1201 1074 1506 1130 Annalibus
1545 1091 1573 1127 a
1621 1075 1936 1131 Duebesnio

336 1166 527 1228 editis.
561 1177 688 1221 tom.
723 1165 792 1221 lll
844 1167 1100 1222 Historic.
1135 1167 1401 1232 Francize,
1461 1182 1580 1238 pag.
1617 1169 1743 1222 475.
1774 1169 1936 1223 Anno

334 1260 464 1327 8l8,
502 1259 751 1315 Sedulius
781 1260 971 1316 Scotus
997 1259 1432 1317 clarus‘ltabetur.
1471 1263 1567 1316 E51
1595 1263 1760 1317 etiam
1791 1263 1938 1332 ejus-

336 1353 461 1411 dem
505 1354 762 1422 nomiuis,
812 1355 931 1410 sive
979 1357 1318 1426 cognominis
1369 1356 1635 1412 Henricus
1682 1356 1934 1413 Sedulius

333 1449 548 1504 ordinis
578 1449 868 1517 Minorum,
901 1451 1135 1521 scriptor
1156 1452 1345 1507 saeculi
1376 1468 1481 1506 xvn
1512 1469 1619 1507 non
1653 1453 1808 1508 valde
1838 1467 1935 1508 no-

330 1550 446 1607 tus,
479 1544 725 1613 quamvis
749 1558 886 1612 opus
918 1559 1016 1614 pro
1057 1544 1262 1600 celebri
1309 1545 1446 1600 libro
1477 1543 1931 1600 Conformitatuut

329 1634 392 1692 S.
420 1633 700 1690 Francisci
723 1638 1024 1706 scripserit.
1047 1638 1268 1694 Samuel
1294 1638 1542 1693 llundius
1568 1639 1739 1694 latere
1763 1641 1934 1694 voluit

2045 437 2212 484 astate
2242 429 2567 500 magistrum
2623 429 2881 487 habuerit
2934 431 3318 490 llildebet-tum
3359 433 3651 492 Scotorum

2042 524 2516 594 archiepiscopum
2539 525 2562 580 2

2117 618 2208 672 18.
2245 617 2360 673 Etsi
2390 629 2574 674 autem
2608 633 2716 675 non
2749 629 2992 688 constat,
3025 622 3128 676 sub
3169 623 3328 692 cujus
3354 622 3646 696 disciplina

2053 708 2312 766 Sedulius
2343 710 2415 766 ab
2453 711 2675 768 ineunte
2705 724 2864 768 aetate
2902 713 3237 786 profecerit,
3274 725 3453 772 tamen
3496 717 3646 774 nulla

2041 817 2204 859 causa
2233 813 2318 860 est
2345 820 2443 860 cur
2463 805 2755 860 credamus
2778 823 2900 862 eum
2934 808 3132 863 laicum
3155 809 3418 880 gentilem
3445 810 3636 883 fuisse,

2041 905 2114 962 et,
2143 908 2431 968 postquam
2460 898 2861 969 philosotthiam
2913 904 3012 973 ιι
3037 901 3326 971 didicerat,
3360 902 3426 958 ad
3471 904 3642 961 Deum

2039 1005 2390 1058 conversum,
2442 991 2859 1048 Sacrameutum
2920 993 3184 1063 Baptismi
3242 1011 3273 1050 a
3317 995 3639 1055 Macedonio

2039 1083 2370 1153 suscepisse.
2401 1091 2461 1138 ut
2486 1093 2742 1140 narratur
2773 1086 2827 1140 in
2853 1085 3042 1142 codice
3075 1085 3361 1155 Vaticano,
3397 1104 3551 1144 num.
3585 1089 3640 1154 5,

2039 1177 2235 1241 relato,
2269 1187 2326 1232 et
2357 1178 2410 1232 in
2432 1179 2626 1234 codice
2649 1193 2774 1233 meo
2804 1179 3123 1247 chartaceo,
3153 1196 3306 1236 num.
3334 1182 3420 1236 10.
3455 1181 3513 1237 Id
3538 1197 3636 1237 au-

2037 1280 2147 1325 tem
2173 1285 2241 1326 eo
2265 1272 2448 1326 minus
2479 1271 2672 1333 credo.
2706 1286 2814 1341 quo
2845 1273 3090 1340 apertius
3111 1273 3273 1329 video
3309 1273 3455 1328 unde
3482 1289 3638 1330 error

2037 1373 2203 1419 natus
2227 1365 2416 1420 fuerit.
2445 1364 2537 1419 Ait
2569 1364 2829 1420 Sedulius
2861 1365 2914 1419 iu
2943 1366 3175 1436 epistola
3211 1365 3554 1422 dedicatoria
3572 1366 3642 1422 ad

2037 1457 2450 1512 Macedonium:
2482 1455 2610 1511 Cum
2635 1458 2977 1513 stecularibus
3000 1459 3162 1532 igitur
3189 1460 3374 1514 studiis
3418 1477 3644 1530 accupa-

2035 1559 2118 1603 tus
2147 1549 2247 1602 vim
2295 1549 2613 1618 inipatientis
2655 1550 2869 1620 ingenii,
2919 1550 3060 1620 quod
3102 1549 3408 1607 Divinitatis
3457 1554 3512 1606 in
3563 1568 3648 1608 me

2036 1642 2362 1711 prouidentia
2383 1643 2665 1711 generavit,
2717 1658 2820 1696 non
2853 1641 3073 1696 utilitati
3104 1643 3319 1710 animae,
3371 1644 3461 1698 sed
3501 1645 3648 1700 inani

325 1726 432 1781 sub
458 1729 678 1782 nomine
711 1728 916 1784 Sedulii
943 1729 1149 1797 Numae,
1185 1731 1236 1785 in
1271 1747 1462 1800 opere,
1492 1732 1650 1786 Bulla
1673 1732 1932 1788 lunocen-
1964 1714 2006 1777 Β
2035 1737 2153 1790 vita:
2179 1736 2542 1805 dependerein,
2589 1745 2635 1789 et
2664 1735 2937 1790 litterario:
2979 1736 3190 1792 solertia
3221 1738 3519 1808 disciplima
3557 1739 3642 1793 lu-

327 1821 389 1875 tii
410 1820 463 1876 Χ
489 1823 730 1877 adversus
751 1825 978 1894 quinque
1009 1825 1409 1896 propositiones,
1437 1834 1542 1881 etc.
1592 1827 1669 1881 De
1707 1827 1926 1883 Sedulio

329 1931 485 1984 vero,
518 1918 608 1989 qui
643 1919 872 1974 concilio
897 1919 1144 1974 Romano
1174 1921 1276 1974 sub
1297 1920 1563 1991 Gregorio
1593 1922 1634 1977 ll
1660 1923 1919 1990 interfuit,

327 2008 581 2065 Labbeus
613 2011 752 2066 hanc
793 2011 964 2068 refert
995 2012 1486 2084 subscriptionem:
1530 2014 1780 2070 Sedulius
1818 2016 1927 2087 epi-

325 2118 516 2174 scopus
558 2101 846 2158 Britannia:
879 2104 943 2159 de
971 2121 1153 2175 genere
1191 2105 1468 2160 Scotorum
1499 2105 1621 2160 huic
1647 2108 1925 2162 constituto

327 2211 361 2248 a
392 2196 540 2251 nobis
581 2198 906 2268 promulgata
934 2200 1236 2270 subscripsi.
1289 2200 1343 2254 In
1375 2201 1564 2256 codice
1597 2202 1718 2257 Vat.
1754 2204 1923 2269 1512,

331 2298 420 2342 est
445 2288 695 2344 collectio
722 2305 1015 2354 canonum.
1039 2307 1202 2360 quam
1225 2292 1328 2364 ιο
1343 2293 1592 2348 eamdem
1619 2308 1770 2355 esse,
1805 2308 1925 2362 qua:

324 2378 693 2437 Cresconiana
722 2385 922 2453 passim
946 2399 973 2438 a
1000 2383 1238 2439 Baronio
1262 2387 1314 2440 in
1345 2387 1648 2440 Annalibus
1670 2395 1921 2450 vocatur,

323 2475 524 2545 aliquis
556 2478 711 2532 initio
741 2479 944 2534 codicis
975 2481 1276 2534 annotavit.
1325 2479 1430 2536 Sed
1475 2480 1776 2547 Ballerinii,
1831 2482 1922 2552 qui

324 2568 383 2624 in
416 2570 656 2626 editione
701 2587 926 2642 operum
978 2573 1037 2629 S.
1067 2573 1266 2630 Leonis
1294 2573 1363 2629 de
1393 2574 1808 2629 collectionibus
1836 2589 1924 2628 ca-

324 2679 532 2718 nouum
559 2665 931 2721 eruditissime
961 2677 1148 2738 agunt,
1183 2679 1333 2722 recte
1361 2667 1689 2731 observant,
1740 2666 1924 2722 diver-

321 2771 444 2813 sam
482 2757 621 2816 hanc
649 2775 770 2816 esse
819 2761 886 2814 ab
915 2776 1001 2828 ea,
1045 2777 1165 2828 qum
1213 2760 1579 2816 Cresconiana
1632 2777 1661 2814 a
1688 2760 1924 2815 Baronio

325 2865 692 2922 nuncupatur.
748 2852 879 2923 Pag.
915 2855 1009 2908 liii
1045 2853 1208 2924 hujus
1237 2852 1440 2908 codicis
1472 2863 1596 2908 sunt
1635 2852 1794 2907 Tituli
1836 2853 1925 2906 tle-

321 2956 580 3000 cretorum
613 2945 849 3020 Gregorii
882 2963 1032 3016 papa:
1052 2949 1308 3020 junioris,
1343 2947 1393 3000 b.
1441 2963 1515 3014 e.,
1547 2947 1799 3018 Gregorii
1853 2947 1914 3002 ll.

327 3040 526 3106 luitio,
574 3042 714 3097 inter
758 3042 1046 3112 episcOpos
1077 3054 1436 3098 recensentur
1479 3042 1776 3097 Sinderado
1824 3041 1920 3096 Ar-

2031 1829 2171 1882 sibus
2192 1828 2501 1897 infructuosi
2524 1829 2718 1897 operis,
2745 1843 2847 1881 non
2870 1832 3075 1883 auctori
3095 1829 3401 1897 desert‘iret,
3429 1829 3642 1886 tandem

2029 1923 2320 1977 misericors
2345 1938 2518 1976 rerum
2544 1920 2796 1978 Conditor
2817 1921 3124 1976 clementius
3157 1922 3412 1992 fabricam
3444 1924 3526 1977 sui
3545 1925 3641 1992 ju—

2027 2016 2101 2068 ris
2129 2015 2352 2085 aspexit,
2377 2025 2424 2068 et
2446 2014 2642 2068 stultos‘
2665 2016 2718 2068 in
2743 2031 2823 2068 me
2840 2016 3120 2069 mundana:
3142 2014 3415 2086 sapientite
3443 2013 3640 2070 diutius

2027 2107 2204 2162 haberi
2227 2124 2406 2160 sensus
2430 2107 2676 2175 indoluit,
2720 2116 2833 2162 etc.
2869 2107 2994 2162 llaec
3016 2117 3224 2174 autem,
3256 2117 3312 2162 et
3338 2107 3438 2162 alia
3466 2107 3623 2162 simi-

2031 2201 2122 2267 lta,
2155 2215 2277 2270 qua:
2308 2211 2634 2269 sequuntur,
2672 2215 2780 2254 non
2812 2209 3047 2271 arguunt
3077 2199 3354 2255 Sedulium
3379 2200 3484 2254 hoc
3508 2201 3627 2270 ipso

2029 2302 2277 2362 tempore
2304 2292 2538 2348 ethnica:
2567 2292 2946 2362 superstitioni
2977 2292 3253 2348 addictum
3271 2293 3460 2360 fuisse,
3483 2293 3631 2364 quod

2026 2385 2369 2454 gravioribus
2395 2386 2580 2440 verbis
2595 2384 2784 2441 debuit
2809 2384 3114 2450 declarari;
3141 2385 3236 2440 sed
3261 2385 3441 2440 solum
3463 2384 3636 2441 deno-

2028 2475 2399 2529 tantanimutn
2422 2475 2541 2544 ejus
2564 2475 2808 2545 profanis
2829 2475 3070 2531 deditum
3095 2475 3421 2547 disciplinis,
3449 2491 3512 2532 ac
3534 2492 3630 2549 pa-

2025 2586 2146 2626 rttm
2175 2570 2384 2624 divinas
2413 2581 2722 2626 curantem.

2097 2668 2188 2724 19.
2222 2667 2409 2738 ltaque
2434 2670 2576 2740 quod
2611 2679 2799 2739 postea
2833 2670 3006 2739 addit,
3051 2672 3439 2729 Macedoniam
3482 2673 3628 2731 allo-

2024 2777 2230 2834 quens,
2284 2761 2372 2816 Me
2418 2779 2682 2828 nouerunt,
2720 2764 2798 2818 vel
2850 2776 2961 2827 tua.
2996 2773 3142 2836 pater
3191 2765 3502 2831 beatissime,
3545 2767 3625 2822 vel

2024 2855 2270 2922 aliorum,
2304 2873 2431 2925 quos
2461 2858 2631 2930 gratia
2669 2858 2911 2913 similiter
2939 2860 3157 2912 (infestis
3188 2858 3440 2926 illustrat,
3472 2861 3627 2930 quid-

2023 2950 2145 3004 dam
2199 2950 2476 3022 profecisse
2523 2951 2784 3017 doctrina,
2843 2951 2894 3006 id
2941 2967 3049 3006 non
3081 2951 3310 3019 iudicat,
3343 2952 3628 3008 Sedulium

2024 3058 2184 3100 sacro
2227 3043 2564 3115 Baptismate
2593 3058 2625 3098 a
2655 3043 2975 3100 Macedonio
3009 3043 3255 3099 ablutum
3303 3044 3494 3110 fuisse,
3528 3044 3629 3100 sed

320 3133 652 3205 chiepiscopo
702 3106 1010 3204 Hispaniae.
1063 3137 1278 3192 Sedulio
1325 3139 1564 3209 episcoiio
1596 3137 1916 3203 Britannice,

2029 3139 2208 3209 potius
2246 3153 2530 3193 sacrarum
2573 3137 2880 3191 litterarum
2911 3136 3196 3191 scientiam
3243 3136 3314 3189 ab
3347 3151 3414 3191 eo
3441 3151 3632 3206 perce-

323 3225 584 3302 Fergusto
653 3232 891 3303 episc0pu
961 3231 1207 3287 Scotltia'.
1294 3231 1351 3288 In
1427 3233 1918 3304 subscriptionibus

320 3336 510 3377 vero:
571 3321 896 3378 Sinderadus
955 3323 1376 3395 archiepiscOpus
1446 3326 1670 3397 regionis
1727 3323 1922 3394 Hispa-

319 3415 426 3469 nia:
462 3416 582 3468 huic
612 3417 909 3483 constituto,
943 3426 1084 3482 etc.;
1137 3417 1385 3472 Sedulius
1427 3418 1694 3488 episcOpus
1723 3416 1786 3469 de
1834 3432 1920 3488 ge-

320 3524 446 3562 nere
468 3507 757 3564 Bt-itannia:
785 3509 906 3564 huic
953 3511 1256 3576 constituto,
1280 3521 1388 3564 etc.
1425 3527 1439 3575 ;
1497 3508 1784 3580 Fet-gustus
1813 3511 1918 3580 epi-

319 3619 509 3666 scopus
563 3619 630 3657 ea:
661 3619 847 3677 genere
902 3603 1198 3658 Gel/torum
1245 3605 1365 3658 huic
1434 3605 1736 3670 constituto,
1809 3615 1914 3660 etc.

318 3695 431 3752 Pro
505 3696 791 3753 Gothorum
860 3699 1148 3770 legendum
1213 3699 1427 3754 videtur
1502 3698 1795 3754 Scotorum.
1859 3697 1916 3751 ltt

319 3788 430 3843 alio
455 3790 646 3846 codice
671 3790 790 3845 Vat.
817 3791 974 3858 15H,
1009 3792 1358 3846 nominantur
1385 3792 1548 3845 etiam
1579 3791 1631 3844 iu
1661 3790 1763 3844 hoc
1788 3805 1922 3845 con-

319 3883 450 3938 cilio
479 3882 801 3938 Sinderedus
827 3883 1246 3958 archiepiscopus
1277 3885 1508 3956 Spaniw,
1541 3882 1790 3938 Sedulius
1813 3883 1920 3953 epi-

317 3993 508 4049 scOpus
544 3977 856 4034 Britannice.
913 3979 980 4033 Et
1024 3979 1358 4034 Sinderedtts
1395 3977 1641 4049 quidem,
1675 3979 1745 4031 ita
1774 3977 1919 4031 enim

322 4072 380 4126 in
410 4073 672 4143 catalogis
705 4075 996 4143 pratsulutn
1029 4073 1423 4130 Toletauorum
1459 4073 1785 4143 appellatur,
1813 4086 1921 4140 quo

319 4174 569 4235 tempore
593 4165 853 4222 Saraceni
897 4167 1214 4237 Hispaniam
1248 4175 1612 4238 occuparunt,
1660 4165 1918 4220 Toletana

319 4260 452 4315 sede
479 4275 578 4317 sua
607 4261 823 4327 relicta,
872 4261 1098 4316 Romam
1131 4260 1402 4331 confugit:
1435 4259 1690 4316 Sedulius
1715 4274 1818 4330 qua
1851 4257 1920 4314 de

317 4368 483 4410 causa
518 4354 745 4409 llomam
774 4355 1114 4419 convenerit,
1141 4355 1409 4409 incertum
1439 4352 1572 4408 mihi
1598 4360 1701 4407 est.

390 4448 479 4501 l7.
516 4447 794 4503 Sedulium
818 4457 1036 4516 poetam
1069 4446 1366 4502 Hildeberti
1389 4448 1677 4502 Scotorum
1707 4443 1919 4498 antisti-

2025 3234 2192 3304 pisse.
2237 3233 2305 3287 Et
2348 3248 2472 3288 cum
2499 3230 2755 3286 Sedulius
2786 3241 2971 3300 postea
3018 3229 3261 3285 rationes
3291 3230 3484 3286 afferat
3529 3245 3628 3286 cur

2023 3323 2345 3380 Macedonio
2371 3339 2481 3394 pra:
2509 3324 2726 3380 caeteris
2740 3339 2878 3393 opus
2903 3338 3062 3378 suum
3088 3322 3331 3392 dedicet,
3363 3339 3471 3379 non
3491 3339 3632 3394 pri!!-

2025 3419 2352 3473 termisisset
2381 3418 2530 3473 clare
2577 3419 2910 3487 exprimere,
2948 3416 2992 3470 si
3041 3432 3228 3470 verum
3284 3427 3459 3483 esset,
3492 3417 3638 3487 quod

2023 3511 2328 3581 baptizatus
2359 3513 2429 3566 ab
2471 3527 2538 3568 eo
2591 3511 2827 3567 fuisset:
2866 3512 3169 3580 pra-sertitn
3221 3527 3344 3565 cum
3391 3511 3460 3566 de
3507 3511 3630 3568 aliis

2022 3606 2172 3661 dicat
2224 3607 2292 3660 ad
2341 3607 2597 3661 eumdem
2646 3605 3024 3661 Macedonium
3069 3605 3262 3660 :Alios
3304 3607 3444 3661 intra
3485 3617 3630 3678 septa

2022 3700 2194 3772 gregis
2224 3700 2298 3752 tui
2323 3715 2442 3753 ores
2467 3700 2657 3768 fecisti.

2095 3791 2185 3847 ΞΟ.
2228 3791 2415 3846 Refert
2442 3789 2798 3858 Tritbemius,
2835 3789 3121 3845 Sedulium
3163 3803 3350 3844 amore
3379 3789 3626 3846 discendi

2021 3885 2238 3940 venisse
2279 3886 2332 3939 in
2379 3883 2694 3948 Franciam,
2739 3883 2936 3938 deinde
2986 3882 3190 3937 Italiam
3239 3883 3624 3951 perlustrasse,

2022 3978 2207 4033 Asiam
2237 3989 2290 4032 et
2322 3977 2608 4047 Achaiam,
2640 3987 2923 4048 pesti-emo
2943 3976 3129 4030 Ronue
3151 3976 3440 4030 claruisse.
3478 3975 3628 4032 Hanc

2025 4074 2396 4127 narrationem
2429 4073 2744 4142 amplificat,
2780 4082 2835 4126 et
2865 4081 3097 4127 exornat
3127 4069 3334 4142 Xystus
3365 4070 3629 4124 Senensis

2025 4164 2061 4218 l.
2107 4179 2155 4218 tv
2203 4164 2460 4219 Biblioth.
2510 4172 2713 4230 sanct.,
2759 4164 2848 4219 tibi
2889 4164 2956 4218 de
3004 4163 3177 4218 Caelio
3216 4160 3440 4217 Sedulio
3485 4163 3558 4215 ait
3616 4177 3628 4214 :

2030 4255 2182 4310 Velut
2205 4257 2337 4309 alter
2359 4255 2673 4325 Apollonius
2716 4253 2978 4325 Tyanqu
3009 4255 3292 4326 fugientem
3319 4253 3630 4325 sapientiam

2023 4358 2130 4403 toto
2151 4359 2406 4404 terrarum
2419 4347 2540 4401 orbe
2563 4347 2887 4416 perquirens,
2911 4345 3265 4414 Britanniam,
3284 4343 3625 4415 Hispaniam,

2023 4439 2274 4504 Galliam,
2319 4439 2558 4507 Italiam,
2596 4438 2854 4494 Greciam
2904 4450 2950 4492 et
3000 4439 3180 4493 Asiam
3217 4439 3350 4491 ntiro
3391 4439 3628 4492 discendi

320 4541 390 4596 tis
429 4539 760 4610 diScipnlum
790 4503 858 4594 ab
890 4539 1116 4595 ineunte
1143 4550 1304 4594 aatate
1333 4539 1524 4602 fuisse,
1558 4536 1912 4602 Trithemius,
1947 4503 1998 4563 Ι)
2023 4537 2207 4590 ardore
2235 4535 2564 4607 perlustravit
2603 4550 2620 4586 :
2664 4534 2970 4604 tandemque
3017 4533 3195 4587 Roma:
3223 4533 3415 4586 divinis
3455 4542 3503 4584 et
3532 4531 3627 4585 ltu-

319 4643 377 4686 ut
409 4630 674 4698 vidimus,
707 4641 914 4686 narrat.
963 4630 1070 4690 Sed
1103 4631 1154 4684 id
1188 4630 1388 4686 refellit
1428 4631 1698 4685 Barunius
1724 4629 1789 4683 ad
1822 4644 1920 4682 an-

323 4739 456 4778 num
499 4721 626 4788 429,
659 4739 810 4778 num.
837 4724 870 4778 4
898 4740 912 4788 ;
945 4724 1207 4777 observat
1233 4723 1414 4785 enim,
1446 4723 1683 4793 primum
1718 4722 1923 4777 Scotire

320 4818 643 4888 episc0pum
673 4817 844 4872 fuisse
872 4816 1202 4882 Palladium,
1228 4830 1260 4869 a
1281 4816 1583 4872 Caelestino
1616 4815 1763 4884 Papa
1788 4815 1918 4869 mis-

316 4926 465 4977 sum,
498 4910 646 4980 quod
670 4913 960 4966 conlirmat
987 4925 1055 4964 ex
1078 4909 1369 4976 PruSpero,
1407 4909 1459 4961 in
1487 4905 1784 4972 Chronico,
1816 4907 1918 4960 sub

318 5003 640 5058 consulibus
669 5002 984 5058 Theodosio
1013 5013 1069 5056 et
1119 5000 1532 5066 Valentiniano,
1583 5009 1638 5054 et
1666 5001 1721 5054 in
1753 5014 1920 5069 opere

321 5098 590 5154 adversus
620 5096 978 5165 Collatorem,
1012 5096 1066 5150 in
1100 5095 1222 5162 lin.,
1253 5095 1344 5149 ubi
1385 5091 1748 5150 Caelestinum
1799 5092 1917 5156 lau-

318 5192 480 5257 dans,
512 5192 616 5246 ait:
667 5190 924 5246 Ordinato
957 5190 1128 5246 Scotis
1149 5191 1418 5260 episc0po,
1464 5188 1585 5241 dum
1626 5185 1920 5240 Romanam

317 5286 551 5341 insulam
575 5285 745 5341 studet
789 5302 991 5340 seruare
1023 5283 1353 5350 catholicam,
1389 5283 1514 5354 fecit
1558 5283 1717 5335 etiam
1737 5279 1920 5333 barba-

319 5381 817 5436 ramcltristiauam.
858 5380 1199 5436 Britanniam
1247 5390 1402 5439 vocat
1434 5377 1727 5433 Romanam
1770 5375 1919 5428 insu-

321 5475 444 5539 lam,
503 5475 744 5530 Scotiam
795 5474 1084 5529 Barbarum
1125 5474 1283 5540 dicit,
1324 5473 1450 5544 quia
1482 5471 1588 5528 etsi
1632 5471 1745 5539 jatn
1790 5469 1918 5523 olim

322 5569 482 5624 multi
509 5569 560 5624 in
604 5569 793 5626 Scotia
840 5568 1050 5624 Christi
1083 5568 1244 5623 fidem
1287 5566 1531 5638 amplexi
1565 5564 1800 5630 fuerant,
1837 5572 1914 5614 ta-

323 5679 448 5718 men
479 5664 715 5718 maxima
746 5679 872 5732 pars
901 5663 1022 5732 ejus
1047 5661 1227 5732 gentis
1260 5660 1405 5716 idola
1438 5658 1809 5716 venerabatur
1829 5698 1842 5721 ,
1867 5665 1922 5712 et

326 5755 680 5814 barbaromm
715 5759 826 5812 ritu
850 5756 1091 5812 vivebat.
1123 5754 1225 5823 Qui
1251 5769 1379 5824 ergo
1404 5753 1519 5810 lieri
1543 5752 1723 5822 potuit
1747 5749 1921 5806 utSe-

2022 4631 2188 4683 manis
2218 4628 2466 4683 doctrinis
2497 4627 2717 4681 illustris
2762 4626 2858 4680 sub
2906 4625 3200 4680 Theodosio
3250 4626 3486 4696 Augusto
3529 4627 3631 4696 ﬂo-

2021 4723 2145 4789 ruit,
2167 4723 2394 4776 carmine
2409 4720 2664 4776 excellens
2678 4729 2724 4775 et
2737 4737 2911 4792 prosa.
2937 4719 3094 4789 Quod
3109 4719 3367 4775 Sedulius
3391 4721 3443 4774 itt
3462 4719 3627 4775 Frau-

2022 4816 2162 4870 ciatu
2190 4815 2425 4880 venerit,
2458 4813 2591 4868 alibi
2630 4830 2735 4867 non
2769 4813 3004 4884 legitur:
3041 4815 3144 4885 12
3171 4813 3264 4868 sed
3297 4814 3474 4870 simile
3497 4829 3627 4868 vero

2023 4920 2126 4972 est,
2158 4908 2208 4961 id
2233 4909 2304 4962 ita
2335 4907 2624 4971 accidisse,
2649 4908 2692 4960 si
2728 4906 2913 4961 natale
2937 4907 3115 4960 solum
3149 4907 3356 4962 Sedulii
3385 4906 3624 4962 Scotiatn

2020 5000 2265 5056 dicamus
2290 5016 2434 5056 esse.
2467 4999 2723 5070 Plerique
2765 4999 2984 5056 codices
3008 5016 3133 5055 eum
3172 5001 3224 5055 in
3271 5000 3419 5054 Italia
3453 4998 3630 5069 philo-

2020 5094 2268 5165 sophiam
2317 5094 2580 5150 didicisse
2628 5095 2986 5150 conﬁrmant:
3031 5093 3126 5150 sed
3176 5110 3286 5165 quo
3335 5093 3625 5162 magistro,

2021 5197 2116 5244 aut
2139 5204 2242 5257 qua
2267 5191 2321 5244 itt
2351 5189 2580 5257 regione
2610 5188 2799 5254 ltaliae,
2835 5205 2942 5244 non
2967 5199 3208 5244 conStat.
3242 5189 3388 5243 Asia:
3417 5185 3628 5241 mentio

2022 5283 2164 5354 apud
2198 5281 2561 5338 Tritbemiutn
2604 5284 2867 5349 occurrit,
2897 5283 3040 5354 apud
3073 5285 3211 5338 alios
3243 5300 3352 5337 non
3381 5284 3532 5338 item.
3568 5283 3625 5340 lu

2029 5377 2256 5444 Achaia,
2299 5388 2376 5443 et,
2411 5378 2454 5431 si
2488 5377 2568 5432 vis
2597 5378 2774 5432 codici
2808 5377 3076 5442 Palatino,
3109 5393 3258 5431 num.
3289 5377 3343 5439 5.
3381 5375 3628 5433 exhibito

2026 5470 2273 5534 credere,
2327 5469 2379 5523 itt
2414 5469 2650 5525 Arcadia
2688 5470 2944 5526 Sedulius
2976 5470 3130 5536 visit,
3175 5479 3460 5542 postquam
3509 5471 3630 5540 phi-

2028 5561 2334 5632 losOpbiam
2361 5563 2413 5616 in
2437 5561 2592 5617 Italia
2614 5561 2904 5618 didicerat.

2097 5655 2192 5711 2i.
2223 5654 2361 5722 Quid
2416 5664 2596 5710 autem
2642 5654 2896 5712 Sedulius
2932 5654 3108 5726 egerit
3149 5655 3205 5710 in
3252 5655 3479 5723 Achaia,
3517 5672 3626 5714 non

2029 5765 2139 5807 uno
2187 5749 2347 5806 modo
2393 5747 2612 5809 codices
2665 5763 2796 5806 mss.
2847 5757 3148 5821 exponunt.
3207 5747 3368 5809 Alius
3416 5749 3630 5810 refert:
