4096 6182
420 126 525 186 4ιῖ

1651 115 1654 118 ⁴
1730 131 2013 192 C(ELIUS
2053 133 2418 197 SEDULIUS.

3622 149 3733 208 448

422 244 572 302 aliud
601 244 800 302 clarius
829 245 1016 302 lumen
1046 243 1325 318 all‘ulgeat,
1358 247 1633 318 conjicere
1663 249 1819 315 libet,
1849 251 2026 309 Sedu—
2053 254 2106 314 Α
2130 269 2350 326 cumque
2379 257 2577 327 dapes;
2606 259 2671 314 2°
2701 260 2767 314 In
2797 276 2974 316 onmes
3015 263 3262 334 epistolas
3294 263 3455 320 Pauli
3497 270 3740 338 prosaice

424 338 558 396 lium
607 340 663 397 in
707 341 939 408 Achaia,
973 341 1066 398 ubi
1096 342 1392 415 presbyter
1420 353 1558 411 erat,
1591 353 1647 401 et
1689 345 1861 402 libros
1898 363 2028 403 suos

428 436 772 506 composuit,
822 436 889 492 ad
932 437 1120 494 sedem
1150 438 1515 509 episcopalem
1556 437 1727 496 fuisse
1755 450 2026 507 evectum,

426 538 592 601 atque
627 529 701 586 ibi
735 529 958 586 tandem
1003 531 1149 588 diem
1183 545 1500 603 supremum
1547 533 1771 589 obiisse.
1812 533 2032 590 Dubitet

426 623 589 680 etiam
615 624 966 696 aliquis,-an
994 626 1200 682 alicubi
1228 626 1467 691 _Sedulio
1519 629 1809 700 religiOsus
1854 629 2029 686 honor

428 717 706 785 priestitus
762 719 943 774 fuerit.
1003 719 1257 775 Asterius
1313 735 1440 776 eum
1495 729 1652 776 vocat
1700 722 1930 794 justum,
1976 731 2033 779 et

426 810 689 866 Alcuinus
715 810 956 881 Beatum,
991 824 1051 868 ut
1083 829 1261 884 nuper
1289 813 1548 870 vidimus.
1598 813 1678 870 lla
1726 815 1889 870 etiam
1937 831 2030 886 ap-

431 905 603 972 pellat
655 907 963 977 exscriptor
1007 908 1213 964 codicis
1260 909 1606 966 bibliotheca:
1652 911 2032 968 Laurentiante

428 1001 761 1058 Florentium
820 1004 1094 1060 referendi
1150 1021 1303 1061 num.
1369 1006 1458 1072 86,
1516 1016 1570 1061 et
1621 1016 1811 1064 noster
1851 1007 2030 1064 codex

429 1092 563 1165 Reg.
617 1095 674 1159 2,
729 1105 788 1152 ut
845 1097 995 1168 leges
1025 1098 1077 1152 in
1105 1097 1344 1155 Scholiis
1393 1101 1460 1155 ad
1510 1098 1722 1156 titulum
1771 1102 2033 1158 carminis

427 1187 729 1257 paschalis.
763 1189 1118 1246 Mabillonius
1146 1191 1329 1247 Veter.
1376 1193 1618 1250 Analect.
1650 1193 1825 1250 Paris.
1860 1196 2029 1265 1725,

439 1293 560 1350 pag.
611 1280 737 1348 518,
793 1296 861 1339 ex
914 1282 1104 1340 codice
1135 1282 1403 1340 Vaticano
1433 1299 1701 1341 annorum
1750 1299 1877 1341 tunc
1921 1286 2034 1342 fere

431 1374 856 1445 quingentorum
874 1377 1086 1448 profert
1105 1394 1240 1450 opus
1262 1380 1337 1434 ita
1361 1381 1721 1451 inscriptumﬁ:
1747 1381 2029 1450 Revelatio,

428 1481 543 1537 qua:
569 1476 772 1524 ostensa
800 1481 872 1523 est
901 1470 1180 1526 venerabili
1228 1473 1337 1527 viro
1369 1472 1704 1545 Hispaniensi
1747 1474 2034 1545 Eldefonso

429 1562 671 1632 episcopo
700 1563 872 1635 (anno
902 1565 1052 1636 843).
1085 1565 1144 1622 ln
1192 1567 1296 1623 hoc
1343 1585 1512 1639 opere
1541 1569 1620 1625 sic
1652 1571 1909 1627 laudatur
1929 1573 2030 1629 Se-

2129 342 2248 399 libri
2279 361 2394 411 xlv,
2420 349 2712 420 Antequam
2739 350 3039 420 Apostolica
3069 354 3259 423 verba;
3287 355 3348 410 5°
3371 356 3448 411 De
3469 360 3741 416 miraculis

2130 433 2324 494 Christi
2353 439 2482 496 liber
2508 458 2554 509 ι,
2589 443 2632 497 .4
2659 444 2783 499 solis
2808 456 2966 501 ortus'
2989 447 3240 515 cardine;
3270 448 3333 503 4°
3371 451 3454 505 Ad
3488 451 3740 510 Theodo.

2129 533 2264 587 sium
2292 535 2657 607 imperatorem
2701 538 2835 593 liber
2870 556 2920 605 1,
2970 541 3314 600 Romulidum
3352 543 3539 600 ductor
3566 547 3740 614 clari;

2131 625 2192 680 5°
2217 625 2282 681 In
2307 632 2477 700 majus
2501 629 2740 684 volumen
2765 630 3026 688 Prisciani
3050 635 3181 690 liber
3197 651 3243 702 t;
3269 637 3331 692 6°
3356 635 3422 691 In
3447 640 3740 695 secundam

2130 718 2408 774 editionem
2439 719 2632 776 Donati
2664 724 2792 778 liber
2818 741 2862 789 ις
2895 727 2954 780 7⁰
2995 725 3429 783 Exhortatorium
3459 731 3530 784 ad
3557 732 3743 801 ﬁdeles

2133 809 2260 867 liber
2287 830 2305 868 ι
2330 856 2343 879 ,
2375 814 2675 886 Contentus,
2708 820 2860 886 socii,
2884 817 3143 889 Domino;
3173 823 3234 877 8°
3262 822 3533 894 Epistolas
3563 827 3746 898 plures

2132 907 2202 960 ad
2233 907 2461 964 diversos
2487 909 2616 964 liber
2644 927 2693 979 ι,
2733 911 2982 968 Sedulius
3016 914 3340 987 Scotigena;
3372 917 3434 973 9°
3465 917 3546 974 De
3575 921 3748 976 mira—

2134 1002 2264 1056 culis
2290 1001 2483 1058 Christi
2510 1006 2742 1075 prosaice
2774 1005 2891 1062 libri
2916 1023 2976 1062 ιι.

2209 1094 2298 1150 50.
2325 1095 2490 1151 Addit
2512 1097 2862 1166 Tritbemius,
2889 1101 2994 1156 alia
3021 1103 3281 1159 nonnulla
3305 1103 3589 1162 Sedulium
3617 1107 3748 1164 edi-

2135 1185 2304 1255 disse,
2336 1204 2459 1258 qua:
2483 1190 2552 1246 ad
2578 1205 2729 1246 suam
2783 1193 3036 1250 notitiam
3064 1210 3171 1251 nou
3203 1209 3487 1254 venerant.
3537 1199 3751 1271 Singil-

2135 1278 2288 1334 latim
2342 1281 2458 1336 haec
2515 1282 2635 1353 ipsa
2687 1299 2787 1341 nos
2835 1286 3220 1344 discutiemus.
3293 1288 3746 1350 Celeberrimum

2135 1369 2346 1424 Sedulii
2376 1387 2512 1441 opus
2539 1384 2623 1428 est
2643 1389 2863 1432 carmen
2917 1379 3200 1448 paschale.
3236 1380 3292 1437 ln
3323 1398 3439 1438 var.
3483 1385 3610 1440 lect.
3670 1385 3747 1442 ad

2136 1462 2424 1533 epistolam
2479 1467 2868 1526 dedicatoriam
2921 1473 3181 1544 observo,
3215 1477 3623 1547 Macedonium,
3651 1481 3749 1536 cui

2140 1571 2330 1626 poema
2356 1557 2459 1614 hoc
2481 1559 2715 1616 dicatum
2743 1571 2848 1631 est,
2880 1566 2933 1620 in
2960 1582 3094 1622 mss.
3123 1571 3305 1624 vocari
3330 1570 3746 1643 presbyterum,

427 1653 613 1710 dulius
638 1673 649 1709 :
678 1655 875 1727 Deﬁnit
926 1668 1138 1715 sanctus
1190 1660 1441 1718 Sedulius
1483 1663 1791 1718 mirabiliter
1820 1666 2033 1722 dicens:

2141 1665 2248 1705 non
2305 1652 2562 1723 abbatem,
2612 1668 2669 1710 ut
2721 1657 3057 1715 Trithemius
3107 1678 3230 1716 cum
3282 1663 3542 1733 appellat.
3589 1664 3750 1722 idem

432 1745 712 1820 Nonquia
738 1752 827 1823 qui
853 1768 1084 1808 summus
1127 1764 1276 1824 pater
1309 1765 1418 1822 est,
1451 1766 1559 1812 elc.
1597 1759 1701 1828 18
1744 1757 1878 1814 Vide
1912 1759 1950 1813 Ι.
1984 1775 2030 1824 ι,

433 1854 579 1895 vers.
629 1841 756 1897 519.
805 1843 884 1898 De
931 1855 1156 1901 auctore
1207 1847 1370 1918 hujus
1413 1849 1634 1919 operis,
1677 1858 1774 1904 aut
1814 1851 1882 1907 de
1932 1854 2036 1908 hoc

437 1932 700 2003 episcopo
757 1935 1102 2006 Hispaniensi
1156 1939 1428 1996 lldefonso
1485 1940 1619 1996 nihil
1675 1941 1898 1998 aliunde
1942 1959 2037 1998 ex-

390 2103 394 2110 .
431 2025 635 2096 piscari
660 2029 833 2098 potui,
864 2031 965 2086 nisi
995 2033 1261 2103 suspicari
1285 2035 1473 2102 libeat,
1500 2035 1668 2094 fuisse
1699 2037 2032 2094 Adel‘onsum

427 2121 752 2193 episcopum
785 2125 1207 2198 Salmantinum,
1239 2130 1398 2200 cujus
1427 2131 1789 2202 epitaphium,
1822 2148 1850 2188 a
1872 2133 2035 2191 Petro

432 2214 762 2275 Pictaviensi
788 2222 1186 2292 conscriptum,
1210 2223 1408 2296 legitur
1431 2235 1566 2282 tom.
1590 2225 1734 2281 XXII
1773 2227 2031 2284 Biblioth.

434 2308 655 2367 Patrum
690 2313 860 2384 Lugd.
909 2316 1046 2388 Ejus
1075 2332 1185 2373 non
1217 2318 1467 2374 meminit
1505 2319 1626 2376 Nic.
1680 2319 1952 2378 Antonius
1979 2321 2034 2377 in

433 2405 692 2463 Biblioth.
730 2409 882 2480 llisp.
916 2413 1107 2483 Agitur
1154 2428 1221 2470 eo
1271 2414 1325 2469 in
1376 2430 1544 2486 opere
1595 2415 1663 2471 de
1702 2416 1934 2486 panibus
1979 2419 2033 2472 in

432 2500 677 2559 Ecclesia
708 2504 1027 2573 offerendis,
1064 2517 1119 2564 et
1154 2508 1225 2566 de
1253 2510 1444 2581 signis,
1479 2526 1601 2580 qua:
1628 2512 1808 2568 inesse
1834 2513 2038 2568 debent

433 2592 630 2651 hostiae
679 2599 1094 2655 consecrandtc.
1153 2602 1382 2673 Incipit:
1419 2605 1569 2658 Anno
1620 2605 2037 2676 octingentesimo

433 2687 828 2760 quadragesimo
849 2692 1030 2760 quinto
1059 2691 1443 2749 Incarnationis
1470 2695 1683 2750 Domini
1708 2698 1868 2752 nostri
1909 2697 2036 2752 Jesu

436 2776 700 2834 Christi...
741 2782 796 2834 in
822 2784 936 2836 uisu
964 2787 1212 2854 apparuit
1242 2785 1402 2855 mihi,
1455 2797 1567 2843 etc.
1621 2787 1742 2843 Vidi
1789 2788 2035 2846 codicem

435 2869 614 2938 ipsum
649 2873 963 2930 Vaticanum
998 2878 1166 2942 15H,
1221 2880 1277 2933 in
1321 2895 1431 2950 quo
1483 2891 1606 2951 post
1651 2882 2033 2938 collectionem

437 2962 832 3033 Couciliorum,
866 2970 1068 3024 stcculo
1098 2969 1317 3026 circiter
1347 2988 1375 3025 x
1404 2974 1690 3044 scriptam,
1718 2973 2035 3032 charactere

2139 1742 2477 1801 Trithemius
2502 1751 2752 1818 agnoscit
2774 1753 3058 1824 prologum
3085 1758 3403 1825 metricum,
3451 1757 3751 1816 Paschales

2136 1837 2452 1910 quicumque
2480 1841 2667 1913 dapes;
2717 1860 2823 1900 non
2875 1856 3062 1903 tamen
3095 1849 3311 1904 videtur
3341 1849 3469 1906 huic
3511 1853 3752 1909 carmini

2136 1940 2429 1990 annectere
2477 1937 2812 2006 epigramma
2844 1939 2910 1995 ad
2942 1941 3334 2011 Theodosium,
3396 1945 3751 2002 Romulidum

2137 2025 2345 2095 ductor,
2379 2029 2522 2099 quod
2575 2047 2673 2100 pro
2695 2041 2957 2103 separato
2986 2050 3051 2089 ac
3106 2035 3322 2113 diverso
3375 2036 3514 2092 libro
3566 2040 3744 2110 ponat.

2140 2120 2422 2179 Fabricius
2453 2125 2504 2179 in
2531 2124 2792 2182 Biblioth.
2821 2136 2929 2183 vet.
2958 2128 3081 2184 Lat.
3131 2129 3390 2197 affirmat,
3446 2131 3748 2201 epistolam

2139 2216 2480 2284 prmmissam
2533 2217 2600 2271 ad
2631 2217 3007 2274 Macedonium
3047 2232 3168 2291 post
3192 2219 3404 2276 Sedulii
3446 2231 3677 2278 mortem
3709 2238 3747 2278 a

2137 2308 2338 2366 Turcio
2391 2310 2550 2367 Ruﬁo
2602 2311 2822 2368 Asterio
2874 2313 3114 2368 additam
3181 2313 3509 2370 fuissezsed
3532 2314 3747 2371 fallitur

2137 2410 2307 2468 certe,
2341 2401 2707 2460 hallucinatus
2738 2405 2971 2462 fortasse
3000 2422 3065 2463 ex
3090 2408 3480 2478 epigrammate
3505 2409 3740 2477 Asterii,

2140 2492 2322 2560 Sume,
2350 2512 2521 2566 sacer,
2551 2504 2661 2553 etc.

2209 2589 2300 2645 51.
2339 2587 2729 2647 Controversia
2777 2609 2967 2664 magna
2999 2594 3174 2650 estde
3203 2610 3434 2651 numero
3464 2595 3738 2652 librorum

2137 2682 2398 2737 carminis
2429 2684 2725 2752 paschalis,
2758 2701 2894 2754 quos
2945 2695 3179 2756 quatuor
3203 2701 3329 2741 esse
3357 2685 3493 2740 dicit
3519 2686 3743 2743 Tritbe-

2142 2775 2302 2829 mius.
2336 2775 2657 2832 Parrhasius
2687 2777 2955 2847 integrum
2989 2793 3180 2849 poema
3208 2777 3420 2834 Sedulii
3475 2779 3597 2834 sine
3630 2780 3740 2834 ulla

2140 2865 2494 2924 distinctione
2513 2870 2771 2925 librorum
2797 2870 2987 2926 edidit.
3013 2869 3193 2928 Codex
3228 2869 3518 2926 Vaticanus
3548 2887 3743 2927 secuuo

2139 2958 2264 3026 dus,
2321 2977 2483 3031 quem
2539 2978 2688 3017 num.
2739 2964 2808 3018 65
2857 2962 3188 3027 describam,
3227 2972 3397 3017 totum
3427 2978 3650 3018 carmen
3686 2965 3740 3020 in

436 3058 733 3113 recentiori
788 3071 1015 3115 exarata
1067 3071 1153 3116 est
1196 3061 1477 3118 Revelatio
1528 3065 1804 3123 Eldefonsi
1834 3069 1888 3122 in
1931 3069 2033 3126 line

2140 3056 2274 3112 duos
2330 3067 2538 3113 tantum
2578 3059 2746 3114 libros
2795 3058 3007 3113 dividit.
3063 3058 3120 3113 ιιι
3151 3068 3372 3114 secutus
3401 3067 3487 3114 est
3517 3061 3744 3131 Anony-

437 3149 748 3204 volutuinis.
795 3151 1059 3207 Mendose
1099 3163 1280 3210 autem
1327 3156 1522 3226 legitur
1566 3158 1665 3211 hoc
1710 3167 1758 3212 et
1797 3159 1938 3227 ﬁlius
1964 3171 2037 3217 est

435 3255 535 3312 pro
591 3251 638 3296 et
678 3243 822 3311 ﬁlius
867 3245 962 3300 hoc
1014 3256 1110 3300 est.
1159 3248 1314 3316 Quod
1356 3251 1548 3305 attinet
1594 3252 1658 3305 ad
1716 3252 2033 3322 Sedulium,

433 3334 704 3404 ejusmodi
735 3337 914 3408 elogia
929 3341 1089 3410 justi,
1122 3341 1279 3409 beati,
1311 3352 1476 3414 atque
1500 3344 1638 3399 adeo
1663 3349 1831 3402 sancti
1856 3349 2036 3417 probi-

436 3438 602 3484 tatem
653 3429 774 3501 ejus
825 3433 954 3489 vitat
1001 3445 1234 3505 possunt
1276 3439 1641 3508 confirmare,
1705 3458 1813 3498 non
1855 3452 2034 3500 autem

432 3521 674 3591 eflicere,
709 3534 768 3580 ut
798 3526 1196 3599 intelligamus,
1229 3532 1486 3589 caelestes
1514 3536 1748 3592 honores
1795 3537 1870 3591 illi
1917 3554 2034 3592 um-

439 3633 601 3688 quam
649 3619 926 3677 exhibitos
958 3621 1169 3691 fuisse,
1199 3640 1324 3681 cum
1376 3627 1494 3696 ejus
1543 3643 1741 3686 nomen
1788 3631 1841 3685 iu
1887 3632 2036 3687 nullo

402 3700 828 3783 'tnartyrolo'gio
874 3715 1200 3786 inscriptum
1245 3719 1389 3774 inter
1433 3731 1657 3777 sanctos
1707 3725 2033 3794 reperiatur,

436 3817 612 3874 neque
641 3804 762 3874 ejus
792 3808 1056 3862 memoria
1083 3809 1136 3864 in
1164 3810 1291 3864 ullis
1317 3812 1470 3868 libris
1494 3813 1761 3886 liturgicis
1782 3818 2038 3889 religioso

434 3897 584 3951 cultu
633 3897 964 3954 celebretur.
1011 3901 1354 3958 Bollandiani
1384 3907 1452 3960 ad
1485 3907 1628 3963 diem
1662 3911 1726 3964 12
1757 3910 2036 3966 Februarii

433 3987 580 4044 inter
611 3992 1013 4060 prtetermissos
1044 3994 1289 4050 referunt
1334 3997 1396 4052 C.
1453 3996 1682 4056 Caelium
1733 4002 2034 4060 Sedulium.

433 4077 710 4152 Colganus
738 4084 806 4137 ad
839 4084 979 4143 hanc
1021 4087 1168 4144 diem
1200 4089 1318 4160 ejus
1351 4095 1622 4160 meminit,
1677 4097 1774 4152 sed
1825 4107 2034 4156 tantum

435 4173 543 4230 sub
575 4175 730 4231 titulo
773 4176 1088 4235 Venerabilis
1107 4199 1127 4247 ;
1145 4183 1217 4238 ita
1242 4184 1458 4255 quidem
1485 4197 1709 4244 vocatur
1738 4191 1790 4245 in
1805 4191 2038 4250 Decreto

437 4263 752 4336 Gelasiano,
807 4281 865 4326 ut
909 4272 979 4326 ab
1027 4274 1320 4332 llinctnaro
1373 4279 1445 4335 de
1497 4296 1604 4336 non
1648 4282 1787 4338 trina
1828 4283 2038 4342 Deitate

437 4363 780 4420 venerandus.
819 4367 1170 4437 Dempsterus
1197 4372 1235 4426 Ι.
1278 4389 1337 4429 ιιι
1364 4374 1502 4430 Hist.
1537 4376 1752 4432 Eccles.
1783 4377 1958 4443 Scot.,
1984 4390 2039 4435 et

2141 3165 2263 3204 mus
2287 3150 2618 3206 Mellicensis
2647 3166 2768 3220 cap.
2804 3151 2873 3206 55
2897 3150 2966 3205 de
2996 3150 3197 3221 Script.
3250 3150 3555 3206 ecclesiast.
3617 3161 3746 3223 post

2141 3241 2404 3298 Biblioth.
2464 3242 2827 3298 BenediCtino
2851 3272 2876 3283 -
2902 3242 3236 3297 Maurianatu
3290 3242 3552 3297 Bernardi
3587 3243 3695 3298 Pcz
3724 3259 3741 3299 :

2141 3335 2396 3392 Sedulius
2447 3338 2662 3392 antistes
2690 3339 2757 3392 ad
2789 3333 3163 3391 Macedoniam
3220 3337 3578 3407 presbyterum
3631 3352 3746 3389 ma-

2139 3432 2359 3504 gistrum
2416 3448 2569 3485 suum
2621 3430 2782 3486 libros
2822 3432 2975 3496 duos,
3007 3432 3071 3485 de
3092 3431 3248 3485 veteri
3292 3431 3510 3494 scilicet,
3540 3439 3589 3483 et
3614 3446 3744 3484 noro
3843 3436 3860 3449 ’

2144 3522 2496 3591 Testamento,
2525 3534 2690 3579 metro
2731 3525 3037 3593 conscripsit
3066 3522 3296 3592 heroico,
3328 3523 3517 3594 quibus
3545 3532 3596 3576 ct
3622 3539 3746 3592 pro-

2140 3618 2304 3672 lixum
2333 3625 2567 3689 prosaice
2596 3620 2848 3690 scriptum
2878 3619 3164 3688 prwposuit
3186 3617 3476 3688 prologum.
3503 3615 3746 3673 lsidorus

2140 3711 2208 3768 de
2237 3711 2440 3782 Script.
2471 3713 2697 3779 eccles.,
2727 3713 2843 3767 sive
2861 3711 2930 3767 de
2954 3710 3074 3766 Vir.
3108 3711 3308 3766 illustr.
3342 3725 3462 3778 cap.
3506 3712 3596 3774 ΞΟ,
3628 3719 3743 3766 tres

2143 3815 2353 3862 tantum
2387 3809 2554 3861 libros
2586 3809 2667 3862 sic
2691 3807 2979 3876 distinguit
3010 3823 3023 3859 :
3057 3806 3305 3860 Sedulius
3347 3805 3607 3874 presbyter
3637 3803 3746 3857 edi-

2143 3900 2219 3954 dit
2246 3910 2347 3955 tres
2379 3900 2537 3955 libros
2568 3899 2831 3970 dactylico
2862 3899 3069 3953 heroico
3093 3909 3252 3952 metro
3271 3898 3744 3966 compositos,quo-

2141 4011 2257 4048 rum
2286 3995 2484 4064 primus
2513 3995 2687 4066 signa,
2718 4002 2764 4047 et
2790 3993 3003 4047 virtutes
3055 3991 3235 4046 veteris
3288 3989 3602 4044 Testamcuti
3650 4007 3744 4058 pa-

2144 4089 2424 4143 tentissime
2451 4096 2693 4153 resonat;
2751 4087 2935 4158 reliqui
2983 4101 3105 4140 vero
3134 4097 3399 4159 gestorum
3423 4084 3532 4156 20
3551 4082 3742 4138 Christi

2141 4191 2462 4240 sacramenta
2497 4225 2510 4249 ,
2539 4184 2618 4236 vel
2643 4181 2896 4235 miracula
2927 4181 3182 4234 intonant.
3215 4179 3576 4250 Suspicantur
3602 4193 3743 4234 non-

2142 4276 2298 4341 nulli,
2316 4277 2368 4332 in
2400 4290 2532 4332 mss.
2551 4275 2973 4330 codiceslsidori
2989 4289 3235 4329 errorem
3252 4273 3538 4339 incidisse,
3553 4273 3644 4344 qui
3666 4273 3742 4326 fa-

2142 4372 2248 4428 cile
2270 4372 2413 4428 solet
2441 4373 2492 4425 in
2523 4371 2768 4426 numeris
2780 4371 3102 4440 contingere
3131 4379 3186 4423 ut
3211 4385 3268 4422 ιιι
3287 4384 3385 4439 pro
3411 4383 3462 4422 tv
3482 4377 3575 4422 aut
3591 4383 3683 4436 pro
3703 4382 3734 4421 v

438 4454 609 4511 θινῘά
641 4455 987 4517 Camerarius
1013 4463 1049 4518 l.
1091 4480 1148 4519 ιιι
1186 4465 1253 4521 de
1286 4465 1436 4522 Scot.
1483 4469 1616 4539 piet.
1659 4469 1726 4524 ad
1777 4470 1920 4527 diem
1948 4439 2040 4528 ⁷20
2068 4439 2120 4499 D
2147 4468 2407 4536 scriptum
2461 4465 2641 4520 fuerit.
2695 4464 2927 4520 Librarii
2950 4439 3129 4518 autem
3164 4462 3322 4518 facile
3346 4477 3607 4517 numeros
3633 4477 3732 4532 per

440 4547 727 4607 Februarii
753 4552 1010 4611 Sanctum
1038 4557 1263 4614 dicunt:
1291 4560 1639 4618 Camerarius
1665 4565 1761 4629 ait,
1808 4565 1876 4620 ab
1920 4566 2038 4621 aliis

441 4639 587 4698 diem
629 4643 825 4708 festum
876 4651 1004 4719 poni
1064 4653 1127 4706 15
1151 4651 1323 4708 Junii.
1378 4654 1719 4713 Bollandiani
1769 4659 1824 4713 in
1877 4661 2037 4718 nullis

441 4735 599 4794 fastis
626 4756 824 4798 nomen
867 4745 1076 4802 Sedulii
1127 4762 1474 4820 repererunt.
1525 4754 1878 4823 Dempsterus
1929 4755 2032 4810 loc.

437 4831 534 4887 cit.
570 4833 1040 4902 tradit,Joaunem
1064 4840 1406 4910 GrOpperum
1435 4853 1476 4900 t.
1496 4845 1746 4913 l,deAlt.
1771 4863 2031 4914 sacram.,

439 4936 562 4995 pag.
594 4927 719 4992 560,
751 4943 818 4983 ex
848 4931 1103 4988 versione
1145 4931 1527 5006 ChristOphori
1559 4936 1806 4994 Cassiani
1833 4939 2036 4995 Traba-

437 5019 658 5077 cliensis
710 5023 982 5094 probare,
1031 5025 1315 5085 Sedulium
1362 5032 1568 5089 sanctis
1617 5045 2034 5090 annumeratum

440 5129 563 5172 esse
572 5155 587 5171 .

1059 5217 1292 5276 CAPUT
1332 5219 1397 5274 ll.

835 5306 1011 5380 Opera
1044 5309 1255 5366 Sedulii
1283 5321 1638 5368 recensentur.

503 5398 592 5453 29.
627 5399 948 5474 Catalogum
969 5417 1200 5474 opermn
1226 5403 1433 5460 Sedulii
1458 5405 1537 5461 sic
1558 5404 1803 5461 contexit
1823 5404 2038 5461 Tritbe-

431 5492 574 5548 mius
615 5511 630 5547 :
677 5496 739 5550 l°
793 5496 875 5550 Ad
923 5495 1294 5554 Mandonium
1344 5498 1592 5555 Abbatem
1640 5516 1768 5572 Opus
1821 5500 2035 5571 insigne

420 5587 579 5656 juxta
606 5588 792 5644 seriem
824 5593 982 5646 totius
1028 5591 1335 5666 Evangelii,
1387 5595 1491 5668 ιθ
1535 5595 1675 5666 quod
1720 5595 2034 5668 prtenotauit

425 5675 645 5734 Carmen
677 5681 941 5751 paschale,
969 5688 1211 5754 fmetrice,
1266 5689 1388 5742 libri
1416 5691 1518 5759 ςιν,
1581 5688 1864 5744 Paschales
1914 5690 2034 5758 qui—

2149 4559 2361 4615 litteras
2388 4557 2799 4627 exprimebant,
2831 4556 2956 4611 utsi
2991 4555 3304 4610 invenirent
3326 4569 3383 4608 ιιι
3416 4553 3595 4619 libros,
3642 4553 3743 4622 ipsi

2147 4652 2530 4707 describerent
2556 4662 2656 4705 tres
2681 4651 2859 4705 libros.
2893 4649 3151 4704 Fortasse
3174 4648 3413 4705 lsidorus
3442 4663 3564 4703 cum
3596 4648 3746 4702 Ano-

2146 4761 2312 4817 nymo
2334 4744 2633 4800 Mellicensi
2663 4758 2885 4799 carmen
2938 4742 3192 4813 paschale
3217 4745 3268 4797 in
3296 4740 3435 4796 duos
3464 4741 3640 4795 libros
3665 4741 3748 4795 di-

2144 4837 2386 4904 videbat,
2414 4837 2745 4908 tertiu'mque
2774 4835 3029 4901 addebat,
3079 4834 3310 4904 elegiam
3362 4832 3644 4898 nimirum,
3691 4842 3746 4888 ct

2141 4931 2426 5002 hymnum,
2453 4930 2652 5001 quibus
2681 4930 2844 4984 etiam
2867 4930 2977 4983 vita
3007 4925 3211 4982 Christi
3242 4926 3551 4996 exponitur.
3575 4924 3746 4980 Jonas

2141 5024 2546 5082 Aurelianensis
2575 5024 2610 5078 l.
2646 5039 2684 5079 ιι
2716 5023 2783 5078 de
2805 5022 2945 5077 Cult.
2974 5020 3268 5090 imaginum
3299 5019 3493 5074 librum
3523 5019 3745 5073 tertium

2139 5121 2410 5178 carminis
2436 5130 2617 5185 vocat,
2649 5133 2811 5188 quem
2841 5133 2939 5172 nos
2961 5117 3211 5188 quintum
3241 5114 3500 5171 dicimus.
3545 5114 3653 5171 Sed
3680 5131 3746 5170 ex

2140 5214 2354 5271 duobus
2378 5229 2509 5268 mss.
2570 5213 2852 5268 codicibus
2879 5211 3066 5268 lsidori
3094 5211 3165 5267 de
3199 5211 3312 5265 Vir.
3348 5211 3576 5277 illustr.,
3605 5226 3743 5282 quos

2141 5307 2277 5373 vidi,
2331 5307 2566 5376 colligo,
2616 5307 2990 5376 conjecturam
3047 5303 3406 5375 quorumdam
3452 5303 3522 5358 de
3558 5319 3744 5359 errore

2143 5415 2498 5457 numerorum
2533 5399 2585 5454 in
2609 5399 2751 5454 libro
2782 5397 2840 5454 S.
2879 5397 3078 5452 lsidori
3133 5396 3488 5450 fundamento
3517 5410 3622 5448 non
3649 5409 3743 5448 ca-

2140 5512 2283 5552 rere.
2336 5495 2600 5551 Nimirum
2652 5493 2703 5548 in
2732 5491 2924 5549 codice
2954 5491 3079 5546 Vat.
3133 5489 3269 5560 Reg.
3321 5487 3427 5545 549
3451 5488 3745 5544 chartaceo

2141 5589 2614 5647 Miscellaneorum
2647 5601 2768 5659 pag.
2805 5586 2907 5643 107
2931 5593 3108 5640 exstat
3139 5583 3330 5639 lsidori
3365 5582 3504 5637 liber
3527 5580 3598 5638 de
3627 5581 3740 5638 Vir.

2141 5684 2339 5740 illustr.
2393 5683 2502 5746 iam
2555 5680 2782 5737 editioni
2844 5687 3089 5751 paratus,
3119 5687 3177 5733 ut
3203 5694 3270 5736 cx
3296 5677 3404 5734 fine
3447 5685 3620 5748 patet,
3655 5676 3741 5731 ubi
