4096 6182
245 327 338 386 849
1603 328 2137 386 l‘ROLECOMENA.
3427 329 3534 388 ‘50

243 441 466 510 legitur:
505 439 564 494 Si
594 439 847 493 videbitur
882 438 946 494 R.
987 439 1136 494 Patri
1165 440 1299 494 sacri
1323 441 1509 511 palatii
1561 445 1837 515 magistro,
1865 441 1920 503 Α
1947 442 2119 513 pitula
2171 443 2357 497 veteris
2403 440 2748 498 Testamenti.
2798 421 3069 510 incipiunt
3140 440 3372 512 capitula
3427 441 3548 496 libri

245 531 582 603 imprimatur.
620 531 696 587 Μ.
726 532 982 587 Antonius
1013 533 1260 604 Archiep.
1291 531 1501 589 Wasin.
1529 535 1547 602 (
1574 533 1835 606 obscure)
1939 536 2098 608 primi
2127 537 2246 590 novi
2281 534 2600 590 Testamenti
2621 551 2641 589 :
2674 532 2815 605 quod
2840 549 2869 589 a
2897 541 3083 590 vetere
3125 533 3348 589 librario
3397 534 3542 590 litte-

258 626 589 699 Vicesgerens.
641 627 696 681 ln
750 627 856 682 hoc
909 627 1046 683 libro
1077 627 1160 683 bis
1191 628 1430 700 elogium
1464 628 1674 688 Sedulii
1706 643 1839 684 con-
1940 627 2017 683 ris
2046 627 2115 683 de
2134 628 2302 683 minio
2333 628 2658 684 rubentibus
2685 629 2983 698 ascriptum
3021 627 3232 682 notavit
3261 625 3506 683 Juretus.

249 718 458 784 texitur,
487 718 840 789 scilicetcap.
871 720 961 785 ll,
989 728 1043 775 et
1065 721 1293 790 cap.°21;
1323 719 1420 776 sed
1445 730 1610 790 caput
1626 721 1691 777 2i
1713 735 1837 776 cum
2014 721 2105 776 53.
2153 720 2456 789 Crunerus,
2491 728 2549 778 et
2589 721 2918 777 Arntzenius
2947 735 3169 776 carmen
3214 719 3462 775 dividunt
3488 719 3544 775 in

255 811 391 868 edito
413 811 596 882 elogio
635 811 930 877 consentit,
962 821 1130 882 caput
1160 828 1291 868 vero
1339 814 1398 867 Η
1437 813 1595 868 valde
1633 813 1836 879 diﬂert,
1941 812 2182 884 quinque
2211 814 2405 883 libros,
2439 815 2563 884 quia
2601 814 2672 868 ita
2707 813 2760 868 in
2800 813 3078 883 plerisque
3109 812 3445 868 editionibus
3465 813 3550 868 di-

248 912 396 976 atque
421 906 492 960 ita
534 903 743 960 habet:
779 905 1032 960 Sedulius
1055 907 1339 978 presbyter,
1371 908 1723 978 grammatica:
1749 921 1840 976 pe-
1939 904 2118 960 visum
2164 915 2510 976 repererunt.
2560 905 2666 975 Ipsi
2725 912 2909 960 tamen
2950 911 3204 971 censent,
3253 906 3546 975 genuinam

248 1000 368 1054 ritia:
389 998 576 1052 studiis
606 998 674 1052 ad
701 1002 984 1069 perfectum
1008 1000 1260 1064 imbutus,
1307 999 1470 1052 edidit
1497 997 1706 1052 heroico
1736 1014 1843 1052 me-
1942 999 2209 1066 poematis
2236 997 2562 1054 divisionem
2591 1012 2718 1053 esse
2745 997 2798 1052 in
2827 1004 3061 1068 quatuor
3091 995 3290 1051 libros:
3321 1011 3421 1066 pro
3443 1009 3550 1066 qua

251 1103 321 1149 tro
344 1095 567 1164 quinque
593 1093 912 1146 mirabilium
943 1093 1239 1148 divinorum
1280 1092 1504 1157 libellos,
1562 1093 1842 1163 expediens
1945 1088 2208 1159 opinione
2250 1089 2491 1160 allegant
2519 1089 2738 1145 codices
2781 1105 2918 1144 mss.
2959 1088 3413 1154 Arnlzenianum,
3459 1086 3555 1144 Al-

249 1189 297 1242 in
323 1189 485 1259 primo
513 1186 694 1241 veteris
711 1184 1023 1240 Testamenti
1052 1187 1288 1252 virtutes,
1315 1186 1368 1239 in
1396 1186 1611 1256 reliquis
1641 1193 1838 1252 autem,
1946 1180 2442 1248 meloveenianum,
2468 1192 2703 1250 quatuor
2733 1179 2874 1252 apud
2905 1179 3236 1246 Fabricium,
3291 1179 3550 1235 nimirum

249 1292 300 1336 ut
323 1283 430 1348 ipse
461 1281 713 1348 meminit,
743 1289 961 1349 quatuor
989 1279 1390 1354 Evangeliorum
1411 1280 1664 1334 miracula
1695 1280 1840 1333 ordio
1945 1271 2421 1340 Chemnicensem,
2451 1273 2898 1341 Gandavensem,
2921 1282 2977 1328 et
3008 1273 3168 1328 binos
3199 1272 3554 1340 Leodienses,

233 1351 395 1436 'narit,
450 1374 594 1442 eique
633 1373 776 1444 aperi
811 1388 999 1426 nomen
1018 1351 1294 1426 Paschalis
1313 1373 1562 1426 carminis
1591 1373 1751 1426 dedit.
1783 1370 1844 1427 In
1949 1368 2217 1424 editiones
2261 1370 2370 1441 22
2393 1368 2654 1440 plurimas
2676 1369 2952 1439 antiquas,
2985 1377 3042 1423 ut
3062 1367 3316 1424 Veterem
3345 1369 3372 1424 1
3413 1377 3467 1424 et
3496 1368 3556 1435 2,

250 1466 350 1522 alio
377 1466 566 1520 codice
619 1463 742 1519 Vat.
792 1464 1016 1533 Regina:
1065 1465 1193 1530 551,
1226 1464 1321 1534 qui
1351 1473 1470 1520 erat
1518 1463 1846 1520 Petavianus
1949 1461 2003 1517 in
2042 1461 2240 1532 quibus
2273 1471 2457 1516 tamen
2484 1477 2548 1516 ex
2583 1463 2762 1532 primo
2796 1461 2938 1517 libro
2966 1471 3022 1517 et
3045 1463 3287 1518 secundo
3327 1463 3388 1518 lit
3417 1477 3558 1518 unus

250 1576 390 1616 num.
415 1561 542 1624 ΞΗ,
575 1558 760 1614 in-lol.
794 1558 1097 1612 membran.
1131 1558 1318 1613 smculi
1346 1573 1440 1614 χιιι
1468 1559 1708 1624 circiter,
1727 1566 1848 1628 post
1953 1565 2185 1622 tantum,
2214 1566 2271 1610 ut
2303 1556 2356 1610 in
2385 1555 2546 1622 Aldo,
2577 1554 2823 1625 adeoque
2845 1557 3059 1624 primus
3092 1555 3231 1611 liber
3266 1566 3351 1611 est
3389 1553 3558 1612 veluti

250 1653 345 1709 alia
393 1668 562 1722 Opera
613 1662 739 1706 sunt
783 1651 902 1706 libri
938 1651 1004 1706 de
1036 1651 1153 1706 Vir.
1179 1652 1376 1708 illustr.
1413 1651 1471 1708 S.
1504 1653 1845 1723 Hieronymi,
1955 1649 2283 1705 introductio
2306 1650 2372 1704 ad
2412 1664 2571 1718 Opus,
2607 1665 2728 1704 cum
2758 1649 2811 1705 in
2851 1665 2982 1706 mss.
3017 1650 3293 1722 plerisque
3324 1660 3560 1722 quatuor

251 1745 523 1815 cuiusdam
556 1743 836 1816 anonymi,
869 1743 1164 1812 Gennadii,
1193 1755 1248 1800 et
1281 1746 1496 1800 lsidori.
1532 1744 1666 1816 Cap.
1699 1747 1730 1800 7
1784 1748 1848 1801 li-
1955 1741 2077 1798 libri
2122 1744 2193 1798 ita
2245 1744 2359 1798 sint
2387 1743 2649 1809 ordinati,
2677 1755 2734 1799 ut
2787 1743 2929 1800 liber
2979 1754 3205 1816 quartus
3234 1754 3560 1802 annectatur

248 1839 327 1895 bri
355 1837 546 1893 lsiduri
568 1839 650 1894 sic
671 1839 818 1894 clare
845 1838 1084 1907 legitur:
1119 1839 1368 1895 Sedulius
1399 1841 1663 1910 presbyter
1691 1840 1849 1893 edidit
1879 1829 1929 1892 B
1957 1838 2138 1901 tertio,
2168 1845 2282 1892 tum
2329 1853 2396 1893 ex
2451 1839 2644 1909 quinto
2695 1849 2945 1896 remanet
2992 1850 3238 1910 quartus.
3290 1840 3561 1912 Georgius

247 1942 461 2005 quatuor
510 1930 672 1986 libros
699 1931 960 2003 dactylico
982 1931 1194 1986 heroico
1221 1942 1400 1994 metro,
1434 1943 1563 1998 etc.,
1591 1941 1648 1986 ut
1675 1933 1727 1987 in
1757 1947 1853 1988 ex-
1956 1933 2267 1989 Cassander
2289 1933 2342 1987 in
2375 1943 2612 2003 quatuor
2637 1934 2800 1989 etiam
2833 1934 3006 1990 libros
3037 1949 3260 1991 carmen
3305 1935 3564 2007 paschale

247 2027 408 2084 cusis.
441 2027 650 2083 Incerta
701 2026 868 2098 igitur
888 2034 975 2082 est
1018 2043 1174 2084 mens
1205 2027 1396 2083 lsidori
1428 2027 1497 2084 de
1526 2043 1759 2084 numero
1786 2028 1853 2084 li-
1958 2025 2163 2082 divisit.

247 2121 468 2179 brorum
515 2122 780 2176 carminis
825 2123 1128 2193 paschalis,
1183 2131 1238 2177 et
1267 2122 1505 2194 elogium
1539 2123 1750 2180 Sedulii
1784 2141 1849 2181 ex
2030 2122 2122 2178 54.
2153 2121 2394 2177 Titulum
2421 2122 2692 2193 poematis
2713 2121 3052 2178 Trithemius
3089 2123 3164 2178 ait
3192 2137 3315 2180 esse
3343 2122 3567 2179 Carmen

246 2231 366 2288 cap.
398 2217 459 2272 ll
491 2216 696 2272 codicis
727 2215 846 2271 Vat.
881 2216 1013 2288 Reg.
1066 2217 1170 2272 549
1199 2218 1369 2274 multo
1415 2218 1587 2289 magis
1617 2218 1682 2274 ad
1712 2219 1858 2275 veri-
1959 2216 2227 2288 paschale.
2262 2217 2338 2272 lta
2379 2216 2495 2287 ipse
2545 2216 2803 2272 Sedulius
2830 2216 2886 2271 in
2915 2218 3145 2286 epistola
3195 2218 3262 2274 ad
3313 2218 3568 2274 Macedo-

249 2320 417 2366 tatem
469 2308 705 2365 accedit.
880 2322 885 2326 ·
1960 2311 2110 2364 nium
2138 2328 2151 2364 :
2188 2309 2328 2364 Huic
2359 2320 2533 2365 autem
2563 2312 2732 2378 aperi.
2764 2314 2969 2383 favente
3004 2311 3252 2381 Domino,
3285 2312 3568 2368 Paschalis

319 2406 408 2459 32.
453 2403 506 2457 In
541 2413 666 2457 nota
691 2403 761 2457 95
789 2403 857 2457 ad
879 2402 1167 2472 epistolam
1196 2401 1594 2459 dedicatoriam
1647 2403 1856 2459 Sedulii
1960 2403 2207 2458 carminis
2236 2419 2423 2457 nomen
2456 2403 2703 2473 imposui,
2738 2404 2862 2473 quia
2893 2404 3092 2475 pascha
3118 2415 3353 2459 nostrum
3382 2405 3566 2459 immo-

249 2499 396 2555 inter
418 2499 600 2552 varias
628 2497 893 2553 lectiones
921 2496 1249 2563 observabo,
1297 2497 1591 2567 plerosque
1638 2497 1858 2553 codices
1961 2493 2102 2548 latus
2133 2503 2207 2548 est
2236 2493 2520 2560 Christus;
2549 2502 2605 2548 et
2639 2495 2690 2548 in
2720 2495 2888 2550 altera
2927 2496 3160 2564 epistola
3207 2496 3272 2551 ad
3319 2495 3570 2554 Macedo-

249 2593 371 2663 ejus
397 2591 645 2661 cpistola:
672 2589 956 2654 exhibere,
992 2591 1230 2656 Quatuor
1251 2590 1412 2660 igitur
1434 2590 1751 2645 mirabilium
1781 2591 1862 2644 di-
1962 2585 2133 2653 nium,
2185 2587 2468 2657 permissa
2517 2601 2713 2656 prosus,
2752 2587 2914 2642 simili
2966 2589 3131 2644 modo
3172 2601 3332 2646 vocat
3360 2607 3566 2646 carmen

250 2688 491 2741 binorum
516 2683 740 2750 libellos,
772 2685 1028 2755 quamvis
1054 2683 1253 2739 alicubi
1283 2683 1446 2739 etiam
1477 2685 1706 2754 legatur,
1754 2685 1859 2740 Mi-
1962 2679 2231 2751 paschale,
2275 2677 2450 2749 ipsam
2483 2694 2615 2734 vero
2646 2694 2864 2750 prosam
2917 2697 3050 2752 opus
3091 2681 3367 2752 paschale,
3422 2682 3568 2754 quod

246 2780 499 2834 rabilium
531 2777 825 2831 divinorum
857 2787 956 2830 tres
985 2775 1211 2830 libellos.
1260 2775 1500 2832 Funcius
1526 2779 1629 2850 21
1663 2791 1782 2848 cap.
1828 2779 1862 2832 5
1964 2773 2510 2829 animadvertendum
2541 2783 2629 2830 est
2659 2785 2847 2831 contra
2893 2776 3218 2848 Gyraldum,
3249 2777 3565 2836 Nebrissen-

243 2871 318 2928 de
343 2871 549 2942 Veget.
577 2870 710 2940 ling.
737 2869 854 2924 Lat.
888 2877 1097 2925 senect.
1134 2867 1185 2924 id
1216 2869 1288 2924 ita
1335 2868 1655 2939 accipiebat,
1710 2869 1864 2940 quasi
1965 2881 2105 2932 sem,
2137 2875 2192 2923 et
2237 2867 2397 2933 alios,
2440 2869 2530 2939 qui
2564 2869 2796 2924 carmini
2848 2870 3066 2926 titulum
3125 2871 3396 2943 afﬁngunt
3443 2891 3574 2946 opus

244 2963 516 3021 Sedulius
576 2971 704 3018 tunc
752 2963 926 3017 solum
982 2961 1300 3032 scripsisset
1355 2971 1589 3032 quatuor
1610 2978 1767 3032 usque
1795 2963 1866 3016 ad
1967 2962 2235 3032 paschale.
2297 2960 2510 3018 Prlores
2561 2965 2727 3035 igitur
2769 2964 2911 3033 libri,
2977 2967 3055 3022 ait
3107 2967 3390 3034 Sedulius,
3449 2971 3576 3041 quia

242 3059 572 3130 passionem,
606 3065 739 3121 etc.,
768 3056 966 3127 quibus
1001 3065 1192 3126 postea
1219 3055 1498 3111 addiderit
1526 3057 1772 3127 quintum
1798 3058 1865 3114 de
1967 3072 2116 3111 versu
2141 3057 2329 3128 digesti
2349 3066 2490 3124 sunt,
2522 3073 2706 3112 nomen
2736 3073 3024 3114 essemus
3077 3075 3326 3117 CARIIINIS
3359 3078 3572 3134 accepe-

242 3151 530 3220 passione,
565 3147 994 3211 resurrectione,
1023 3157 1079 3202 et
1105 3147 1451 3204 ascensione.
1470 3148 1646 3204 Minus
1671 3149 1723 3205 id
1754 3151 1867 3221 pla-
1969 3161 2116 3218 runt;
2143 3159 2409 3222 sequentes
2437 3159 2611 3206 autem
2640 3152 2692 3204 in
2723 3167 2900 3221 prosa,
2935 3153 3082 3208 nulla
3108 3171 3292 3209 cursus
3331 3155 3579 3212 varietate

243 3253 342 3301 cet
371 3260 390 3298 :
415 3244 583 3300 verba
617 3244 765 3299 enim
797 3242 1004 3300 Sedulii
1026 3259 1185 3314 usque
1239 3243 1308 3296 ad
1361 3245 1673 3316 passionem,
1730 3254 1862 3313 etc.,
1895 3227 1941 3292 C
1973 3246 2205 3300 conversi
2225 3287 2239 3312 ,
2272 3259 2565 3300 essemus
2589 3245 2932 3317 designantur
2961 3248 3415 3305 oremsrocabulo
3439 3265 3577 3305 nun-

247 3337 328 3393 ita
360 3347 492 3392 sunt
520 3336 899 3408 intelligenda,
932 3345 992 3390 nt
1022 3337 1332 3406 passionem
1359 3339 1550 3404 etiam,
1581 3355 1864 3396 resurrec-
1971 3338 2170 3407 cupati.
2241 3337 2566 3392 llincmarus
2597 3336 2958 3393 nihilominus
3018 3339 3072 3393 in
3129 3355 3296 3410 opere
3341 3339 3411 3396 de
3468 3356 3576 3398 non

251 3432 495 3496 tionem,
541 3440 598 3486 et
644 3431 1029 3486 ascensionem
1079 3431 1554 3500 comprehendere
1604 3433 1863 3488 voluerit.
1973 3429 2113 3484 trina
2149 3429 2359 3485 Deitate
2381 3429 2543 3485 modo
2571 3447 2702 3499 opus
2725 3431 3002 3500 paschale,
3032 3432 3196 3488 modo
3216 3449 3424 3490 carmen
3455 3451 3577 3504 pas-

252 3519 490 3602 Carmen
538 3523 721 3593 ipsum
745 3523 797 3578 in
831 3523 1035 3578 nostris
1065 3522 1348 3578 codicibus
1399 3541 1506 3579 non
1556 3540 1666 3581 uno
1709 3525 1872 3580 modo
1971 3521 2120 3576 chale
2153 3520 2294 3576 idem
2335 3536 2524 3591 poema
2551 3531 2726 3576 vocat.
2761 3522 2870 3578 Sed
2918 3525 3175 3594 quoniam
3209 3525 3464 3583 Sedulius
3492 3542 3580 3583 ar-

259 3614 503 3672 divisum
530 3626 636 3672 est.
671 3616 806 3688 Reg.
841 3617 864 3671 l
902 3626 954 3671 ct
985 3616 1098 3672 Ott.
1129 3617 1154 3671 l
1191 3618 1429 3687 primum
1473 3618 1672 3673 librum
1702 3620 1875 3674 veteri
1974 3622 2289 3686 gumentum
2320 3614 2504 3683 operis
2533 3613 2603 3667 ita
2635 3615 2941 3682 pr0posuit,
2987 3615 3226 3680 Quatuor
3263 3633 3386 3688 ergo
3417 3619 3580 3672 mira-

259 3705 621 3764 Testamento
646 3709 946 3780 aSsignant,
983 3709 1183 3765 librum
1206 3710 1504 3765 secundum
1532 3710 1721 3766 dicunt
1752 3724 1874 3767 esse
1975 3707 2157 3761 bilium
2211 3707 2508 3760 divinorum
2559 3705 2784 3770 libellos,
2841 3723 2974 3777 quos
3023 3725 3086 3762 ex
3129 3709 3369 3781 pluribus
3410 3728 3582 3784 pauca

262 3804 500 3874 primum
537 3807 662 3860 novi
717 3804 1082 3869 Testamcnti,
1141 3815 1304 3876 atque
1335 3806 1437 3860 hoc
1460 3805 1653 3860 ordine
1686 3820 1876 3876 procc-
1977 3799 2302 3872 complexus,
2329 3809 2462 3868 etc.,
2483 3799 2734 3854 nonnulli
2759 3800 2920 3856 libros
2943 3802 3268 3859 mirabilium
3289 3805 3588 3861 dirinorum

265 3897 403 3954 dunt
425 3915 596 3970 uSque
620 3898 688 3954 ad
711 3898 959 3954 ultimum
994 3899 1217 3962 librum,
1249 3900 1341 3970 qui
1375 3907 1605 3970 quartus
1654 3907 1877 3954 vocatur
1979 3893 2395 3964 inscripserunt,
2427 3892 2571 3963 quod
2613 3891 2892 3949 Asterium
2921 3895 3158 3966 primum
3201 3899 3445 3954 omnium
3499 3900 3582 3956 fe-

265 3994 391 4047 novi
414 3993 772 4056 Testamenti,
803 4007 927 4047 cum
948 3993 1018 4047 sit
1046 3993 1268 4064 quintus
1297 3992 1584 4062 poematis.
1609 3992 1685 4046 Ita
1712 3993 1875 4048 etiam
1980 3988 2124 4044 cisse
2151 3988 2459 4058 suspicatur
2490 3988 2822 4045 Arntzenius
2854 4007 2867 4042 :
2907 3989 3286 4050 Nebrissensis
3320 3995 3578 4064 afﬁrmat,

264 4083 439 4141 refert
465 4086 642 4142 codex
671 4086 890 4158 optimae
915 4095 1054 4142 notae
1081 4085 1135 4140 in
1167 4084 1499 4142 bibliotheca
1530 4086 1876 4154 Taurinensi,
1981 4080 2035 4136 in
2065 4081 2319 4136 omnibus
2367 4096 2537 4151 prope
2580 4082 2816 4153 antiquis
2865 4083 3146 4141 codicibus
3193 4089 3410 4142 titulum
3462 4105 3586 4147 esse

266 4193 378 4250 quo
432 4180 793 4252 antiquiorem
841 4180 1004 4234 alium
1064 4188 1281 4236 exstare
1333 4195 1442 4235 non
1471 4181 1747 4246 arbitror;
1778 4181 1879 4236 etsi
1984 4171 2317 4227 Mirabilium
2365 4174 2662 4228 divinorum
2689 4191 2841 4246 opus,
2873 4175 2925 4229 ill
2965 4175 3194 4233 decreto
3225 4195 3358 4234 vero
3386 4180 3589 4238 Celasii

267 4275 422 4327 enim
448 4274 692 4330 Mansius
725 4275 776 4328 in
804 4284 919 4329 not.
944 4273 1013 4328 ad
1052 4273 1194 4328 Bibl.
1253 4274 1402 4330 med.
1431 4273 1594 4331 Fabr.
1647 4285 1883 4346 quatuor
1986 4267 2249 4323 Paschale
2271 4284 2403 4339 opus
2435 4285 2452 4322 :
2484 4284 2661 4339 neque
2690 4285 2993 4341 repugnare
3013 4283 3226 4339 censet,
3259 4275 3405 4345 quod
3435 4287 3586 4334 uter-

265 4371 491 4421 tantum
551 4366 716 4436 hujus
745 4365 955 4422 codicis
993 4365 1164 4422 libros
1185 4366 1344 4436 dicit,
1370 4376 1552 4422 tamen
1581 4381 1671 4423 res
1695 4367 1804 4423 alio
1823 4383 1884 4425 se
1985 4375 2094 4432 que
2131 4375 2296 4416 verus
2345 4360 2414 4415 Sil
2445 4360 2636 4416 titulus
2661 4361 2729 4415 ab
2767 4372 2992 4420 auclore
3042 4365 3316 4436 prmﬁxus,
3368 4377 3427 4424 ut
3478 4371 3588 4428 duo

269 4456 448 4517 habet
475 4461 656 4516 modo,
693 4461 946 4531 Quinque
977 4461 1181 4530 pariter
1211 4459 1379 4517 habet
1430 4461 1601 4518 codex
1645 4461 1882 4517 Cantua.
1985 4463 2116 4508 sunt
2156 4452 2302 4508 tituli
2333 4453 2386 4507 in
2418 4451 2659 4523 Dialogis
2690 4453 2934 4510 Platonis
2975 4466 3031 4512 et
3058 4457 3365 4515 Ciceronis.
3398 4461 3594 4518 Decre-

271 4553 484 4610 riensis
507 4555 654 4626 apud
685 4555 1018 4612 Grunerum.
1047 4555 1302 4612 Usserius
1332 4571 1550 4628 quoque
1582 4556 1742 4613 testis
1797 4567 1885 4614 est

1989 4555 2100 4602 tum
2149 4546 2352 4603 Gelasii
2385 4561 2653 4616 exponam
2708 4563 2859 4603 num.
2916 4551 3021 4606 155
3071 4566 3188 4623 seq.
3250 4553 3592 4613 Vetustiores

272 4660 421 4702 mss.
453 4623 786 4719 exemplaria
833 4663 1056 4705 carmen
1081 4623 1420 4720 paschale‘in
1443 4623 1683 4722 quinque
1713 4649 1881 4706 libros
1911 4623 1961 4685 ι)
1988 4640 2204 4712 quidem
2235 4643 2412 4697 nostri
2441 4639 2662 4697 codices
2693 4640 2904 4698 Sedulii
2931 4645 3156 4700 omnino
3182 4646 3434 4717 ignorant
3465 4650 3593 4706 titu-

273 4736 552 4798 dividere.
585 4741 663 4796 Ex
695 4742 860 4797 variis
885 4741 1213 4797 lectionibus
1239 4743 1295 4796 in
1324 4740 1431 4797 line
1453 4742 1888 4813 uniuscujusque
1989 4734 2101 4790 111m
2133 4735 2456 4790 mirabilia"!
2497 4735 2818 4805 άίυὶηονιιηι,
2863 4745 3027 4808 atque
3080 4738 3220 4795 adeo
3273 4755 3340 4797 eo
3369 4741 3596 4800 inclinat

276 4827 420 4886 libri
444 4833 665 4900 notatis,
697 4843 753 4888 et
780 4848 849 4888 ex
872 4833 989 4903 ipsa
1021 4832 1189 4888 Prosa
1247 4831 1544 4889 Seduliana
1594 4834 1887 4905 colligitur,
1991 4829 2227 4897 animus,
2277 4837 2336 4884 ιιι
2361 4829 2604 4894 credam,
2635 4843 2758 4884 eum
2789 4829 2952 4884 ctiam
2984 4831 3204 4887 Asterio
3231 4834 3595 4894 recentiorem

281 4921 744 4981 distributionem
770 4925 936 4980 totius
959 4926 1221 4982 carminis
1246 4925 1301 4980 in
1325 4925 1567 4998 quinque
1598 4927 1766 4982 libros
1797 4941 1893 4983 ve-
1993 4935 2138 4977 esse.
2168 4920 2374 4976 Confer
2405 4935 2526 4975 var.
2557 4919 2687 4976 lect.
2722 4920 2789 4975 ad
2824 4936 2972 4977 vers.
3016 4923 3068 4990 l,
3099 4924 3186 4993 l7,
3221 4924 3260 4980 l.
3291 4941 3329 4990 ι,
3363 4936 3420 4982 et
3441 4944 3593 4983 num.

284 5022 652 5076 tustissimam
668 5035 812 5088 esse,
836 5030 915 5087 et,
937 5021 1242 5089 utvidetur,
1275 5020 1346 5075 ab
1376 5022 1496 5091 ipso
1523 5021 1748 5077 Sedulio
1765 5036 1892 5092 pro-
1995 5014 2066 5070 50
2113 5012 2358 5083 Proleg.,
2386 5012 2477 5068 ubi
2507 5028 2576 5069 ex
2624 5013 2859 5085 quodam
2891 5029 2996 5070 ms.
3021 5031 3218 5087 poema
3261 5019 3363 5075 hoc
3402 5021 3602 5077 dicitur

283 5112 512 5172 lectam.
561 5117 620 5172 In
652 5117 755 5172 hac
783 5117 973 5174 eadem
1024 5117 1296 5174 sententia
1333 5124 1462 5171 sunt
1509 5115 1789 5182 Barthius,
1837 5125 1898 5172 et

1999 5105 2276 5161 Canticum
2318 5105 2584 5177 paschale.
2629 5105 2814 5162 Titulo
2841 5108 3125 5174 carminis,
3157 5116 3214 5164 et
3238 5111 3423 5180 operis
3472 5126 3599 5182 pas-

286 5205 684 5264 Poelmannus.
705 5209 974 5276 Quoniam
1004 5223 1136 5264 vero
1155 5207 1410 5265 Sedulius
1429 5206 1662 5278 primum
1695 5207 1892 5263 librum
1994 5198 2168 5255 chalis
2189 5198 2453 5268 deceptus
2475 5208 2561 5253 est
2586 5197 2750 5264 Alva,
2779 5199 2874 5270 qui
2898 5200 2951 5254 in
2975 5199 3134 5256 Milit.
3159 5203 3422 5274 Concept.
3451 5203 3599 5260 amr-

285 5302 500 5356 veteris
529 5300 864 5357 Testamenti
898 5301 1146 5372 posuisse
1172 5301 1389 5378 videtur
1415 5301 1572 5373 quasi
1600 5315 1700 5372 pro
1726 5302 1899 5357 intro-
2004 5291 2191 5361 mavit,
2223 5291 2510 5348 Sedulium
2539 5291 2905 5348 communiter
2933 5290 3041 5348 dici
3067 5291 3413 5350 Paschalem.

288 5390 554 5450 ductione
580 5393 650 5449 ad
679 5402 911 5465 quatuor
932 5405 1248 5465 sequentes,
1281 5394 1406 5450 inde
1429 5393 1660 5451 fortasse
1700 5395 1754 5450 in
1784 5395 1901 5464 cpi-
2077 5388 2166 5443 55-
2196 5383 2457 5440 Νοηηυηί
2489 5394 2612 5455 Ροει
2637 5386 2927 5440 metricum
2959 5383 3164 5442 δθάυίῖί
3197 5387 3482 5458 Ρΐοιοϐυηι
3511 5404 3610 5460 θρα

285 5485 438 5541 stola
459 5486 526 5542 ad
548 5485 924 5543 Macedonium
980 5497 1200 5558 quatuor
1248 5486 1565 5542 mirabilium
1609 5487 1900 5543 diuinorum
2007 5490 2215 5555 ponunt
2243 5480 2351 5553 23
2384 5477 2792 5534 Dedicationem
2819 5477 2889 5533 ad
2917 5477 3283 5534 Theodosium
3305 5478 3608 5552 Augustum

285 5580 461 5637 libros
481 5582 620 5638 dixit
652 5600 666 5638 :
699 5583 850 5640 addit
881 5584 1053 5652 enim,
1113 5593 1339 5657 quatuor
1364 5584 1791 5659 evangel‘istarnm
1820 5583 1902 5638 di-
2009 5574 2318 5648 quindecim
2344 5571 2596 5630 νθΐείῢυε
2622 5570 2979 5641 hexametris.
3012 5571 3358 5630 Romulidum
3403 5577 3612 5647 άαεεοτ,

285 5683 384 5728 cta
418 5692 741 5750 congregans
767 5677 1023 5732 ordinari.
1047 5675 1104 5733 ld
1136 5678 1306 5734 secuti
1329 5677 1732 5748 quodammodo
1779 5687 1908 5733 sunt
2009 5678 2144 5738 etc.,
2174 5685 2336 5743 quam
2368 5666 2705 5725 Trithemius
2743 5675 2940 5738 quarto
2989 5665 3110 5724 loco
3158 5681 3430 5728 memorat
3479 5681 3616 5730 tam-

282 5769 506 5834 Aldus,
548 5780 602 5825 et
630 5770 723 5826 alii
761 5779 980 5827 veteres
1012 5769 1290 5837 editores;
1320 5780 1374 5827 et
1399 5771 1454 5826 in
1505 5785 1667 5842 prosa
1717 5769 1908 5826 distin-
2012 5778 2172 5835 quam
2203 5762 2404 5819 librum
2431 5760 2744 5816 distinctum
2776 5757 3009 5816 Sedulii.
3063 5757 3235 5816 Index
3288 5773 3619 5836 expurgata-

277 5868 449 5925 ctius
478 5863 680 5936 legitur
703 5863 768 5921 ad
797 5865 890 5921 lin.
929 5865 1064 5920 tituli
1095 5881 1216 5936 cap.
1249 5865 1320 5920 ‘22
1351 5881 1369 5920 :
1400 5861 1785 5935 Explicucrunt
1827 5879 1912 5919 ca-
2016 5860 2132 5918 rius
2185 5859 2448 5916 librorum
2507 5871 2605 5929 per
2652 5856 2919 5912 Joannem
2974 5853 3047 5910 Μ.
3101 5853 3620 5926 Brssichellensem,
