4096 6182
531 281 642 346 ‘55

1841 275 2124 336 C(EIJUS
2161 271 2528 334 SEDULIUS.
3691 281 3777 341 £56

529 395 666 450 alias
688 394 754 449 ad
780 405 1035 462 vesperas
1064 391 1116 448 in
1149 391 1454 464 Epiphania
1481 391 1730 448 canimus
1748 433 1764 460 ,
1801 392 2135 464 praetermis-
2160 392 2214 452 Α
2239 389 2502 459 paschali.
2537 387 2671 443 Post
2697 385 3028 458 epigramma
3052 385 3321 457 sequitur,
3347 386 3602 457 Incipiunt
3627 397 3779 448 carmi-

531 487 611 542 sis
647 485 884 542 caeteris.
917 486 1016 540 llic
1052 484 1299 555 Hymnus
1339 501 1462 542 cum
1506 485 1692 558 Elegia
1745 485 1952 543 Sedulii
2006 500 2142 555 prte-

528 579 819 635 termissus
869 593 901 633 a
959 577 1252 634 Parrhasio
1304 587 1390 634 est
1450 579 1503 633 in
1554 595 1651 634 sua
1698 578 1976 644 editione,
2033 577 2142 632 for-

525 678 672 729 tasse
727 670 872 743 quod
937 670 1054 727 haec
1111 671 1355 726 carmina
1413 669 1470 726 in
1523 671 1636 727 suis
1691 671 1976 727 codicibus
2032 685 2140 724 non

533 764 832 830 invenerit,
863 773 958 820 aut
979 762 1186 819 Sedulii
1234 778 1358 820 esse
1389 777 1498 820 non
1545 762 1854 819 crediderit.
1908 763 1983 816 De
2029 761 2145 817 Ele-

530 855 615 928 gia
642 856 896 912 dubitant
919 855 1208 912 nonnulli:
1241 867 1294 911 at
1321 855 1390 912 de
1422 857 1523 912 hoc
1551 855 1756 928 hymno
1800 856 1888 911 vix
1917 855 2023 910 ulla
2059 863 2145 910 est

531 949 812 1006 dubitandi
856 951 1036 1019 ratio,
1102 959 1159 1005 ut
1222 965 1287 1006 ex
1354 965 1468 1005 var.
1528 950 1654 1004 lect.
1711 948 1938 1020 patebit.
1999 947 2145 1003 Non-

539 1043 676 1099 nulli
719 1042 1086 1100 vocanthnnc
1125 1043 1386 1115 hymnum
1413 1043 1782 1109 acrosticlium,
1823 1040 1918 1096 sed
1965 1041 2145 1095 minus

541 1139 788 1210 proprie,
812 1153 938 1194 cum
969 1153 1037 1194 ex
1072 1137 1266 1207 primis
1293 1136 1491 1192 litteris
1522 1151 1778 1192 versuum
1813 1134 2020 1190 nullum
2047 1147 2147 1189 no-

536 1247 663 1288 men
692 1231 1038 1288 conliciatur.
1067 1230 1193 1286 Vid.
1229 1246 1344 1285 var.
1374 1231 1504 1286 lect.
1535 1227 1606 1284 ad
1634 1229 1849 1284 titulum
1879 1226 2088 1298 hymni.

609 1323 700 1379 45.
743 1322 970 1395 Librum
998 1338 1016 1377 ι
1041 1322 1108 1377 ad
1131 1320 1501 1378 Theodosium
1533 1322 1921 1390 imperatorem
1953 1326 2147 1388 quarto

540 1416 662 1474 loco
685 1417 889 1473 iudicat
929 1416 1269 1473 Trithemins
1302 1435 1316 1472 :
1351 1416 1442 1486 qui
1473 1415 1610 1470 nihil
1638 1423 1724 1470 est
1761 1412 1908 1468 aliud
1934 1453 1948 1478 ,
1983 1427 2143 1484 quam

543 1511 821 1569 dedicatio
850 1511 917 1566 ad
947 1509 1338 1579 Theodosium,
1368 1509 1438 1565 de
1466 1524 1570 1578 qua
1593 1522 1758 1578 supra
1779 1507 1934 1570 satis,
1959 1519 2146 1574 super-

541 1620 671 1676 que.
701 1604 855 1673 Quod
880 1614 1062 1660 antem
1093 1603 1431 1659 Trithemins
1453 1600 1642 1672 quinto
1676 1601 1797 1656 loco
1827 1599 2018 1653 librum
2048 1612 2065 1650 ι
2092 1596 2143 1650 in

538 1705 710 1776 majus
739 1702 981 1757 volumen
1026 1699 1335 1765 Prisciani,
1375 1706 1432 1754 et
1460 1706 1619 1754 sexto
1646 1697 1769 1752 loco
1811 1695 2046 1750 librumt
2092 1692 2144 1745 in

2246 499 2313 536 na
2341 482 2524 552 ipsius,
2561 480 2704 551 quod
2735 479 3145 551 intelligendum
3167 490 3250 536 est
3279 483 3438 550 ipsius
3460 483 3667 553 Sedulii,
3693 503 3778 545 non

2243 575 2434 629 Asterii
2454 591 2471 628 :
2485 589 2609 630 nam
2626 575 2726 630 etsi
2750 574 2992 643 proxime
3012 575 3296 646 prmcessit
3321 576 3631 647 epigramma
3655 580 3782 638 Aste-

2244 671 2332 738 rii,
2365 673 2415 727 id
2471 688 2568 742 per
2615 686 2856 728 errorem
2907 673 3110 728 evenit.
3144 672 3320 740 Adde,
3353 672 3612 732 Asterium
3640 678 3779 750 ipsum

2244 764 2391 835 loqui
2421 764 2774 821 deversibus
2801 765 3034 820 Sedulii.
3085 764 3288 822 Turcio
3333 783 3360 820 a
3393 766 3600 824 Sedulio
3629 771 3784 829 inscri-

2249 866 2422 929 ptttm,
2457 867 2511 913 et
2537 859 2764 913 missum
2794 858 2962 914 fuisse
3010 858 3114 914 hoc
3167 860 3490 930 epigramma
3529 861 3628 933 3o
3649 864 3785 919 voluit

2246 949 2773 1006 PanviniusinFast.
2798 950 2962 1005 Cons.
2988 949 3359 1006 Nebrissensis
3385 952 3434 1006 in
3459 954 3590 1007 notis
3603 953 3660 1007 ad
3675 955 3785 1011 hanc

2245 1043 2473 1114 elegiam
2507 1061 2520 1096 :
2552 1043 2689 1100 Sunt
2737 1045 2824 1114 qui
2873 1045 3072 1112 dicunt,
3103 1045 3198 1110 ait,
3244 1044 3341 1098 hoc
3399 1044 3681 1116 opusculum
3705 1064 3785 1102 non

2246 1153 2356 1190 esse
2375 1137 2569 1191 editum
2591 1154 2623 1190 a
2646 1137 2888 1204 Sedulio,
2907 1139 2996 1192 sed
3021 1139 3155 1192 inter
3173 1138 3321 1193 illius
3341 1140 3526 1211 scripta
3548 1141 3782 1211 inventum,

2245 1231 2384 1301 quod
2411 1233 2539 1286 satis
2571 1240 2642 1286 est
2689 1243 2744 1286 ut
2776 1231 2983 1287 Sedulii
3006 1242 3215 1304 putetur
3241 1251 3370 1290 esse.
3396 1233 3632 1290 Profecto
3649 1236 3786 1292 Aldus

2249 1333 2372 1394 post
2397 1339 2617 1380 carmen
2649 1324 2908 1396 paschale
2935 1329 3184 1398 proxime
3228 1337 3355 1383 ante
3381 1327 3597 1399 elegiam
3623 1329 3691 1384 sic
3714 1329 3789 1384 ha-

2247 1416 2339 1472 bet
2367 1434 2380 1470 :
2413 1416 2528 1472 Hoc
2557 1417 2870 1489 opusculum
2910 1435 3012 1473 non
3062 1436 3094 1473 a
3137 1419 3354 1475 Sedulio
3390 1423 3594 1476 auctore
3629 1422 3788 1475 editum

2247 1521 2343 1577 est,
2373 1511 2462 1565 sed
2489 1528 2520 1564 a
2544 1510 2725 1566 Turtio
2748 1511 2890 1581 Rufo
2911 1512 3114 1568 Asteria
3134 1515 3275 1584 quita
3300 1513 3653 1587 (fortequinto)
3671 1515 3723 1571 V.
3739 1515 3786 1572 ϐ.

2246 1605 2524 1662 exconsule
2548 1607 2838 1673 ordinario,
2865 1617 3020 1680 atque
3042 1610 3274 1682 patritio,
3299 1610 3389 1682 qui
3417 1609 3470 1664 id
3493 1611 3618 1666 inter
3634 1611 3790 1682 scripta

2251 1697 2456 1753 Sedulii
2481 1700 2694 1754 inuenit.
2721 1699 2959 1756 Verbum
2989 1702 3301 1773 apusculum
3333 1719 3438 1759 non
3468 1704 3672 1760 carmini
3697 1720 3792 1774 pas-

535 1795 813 1851 secundam
839 1796 1119 1850 editionem
1150 1792 1347 1848 Donati
1377 1800 1650 1859 recenset,
1685 1789 1859 1859 qualia
1895 1788 2006 1841 sint
2031 1787 2146 1840 huic
2174 1784 2222 1846 B
2249 1791 2412 1859 chali,
2443 1792 2586 1862 quod
2623 1793 2925 1863 praecessit,
2957 1795 3053 1850 sed
3092 1796 3306 1866 elegiae,
3338 1812 3456 1868 qua:
3498 1796 3632 1852 illico
3669 1796 3794 1866 poni-

537 1903 736 1958 opera,
782 1888 874 1942 vix
923 1886 1146 1941 aliunde
1195 1884 1468 1955 expiscari
1523 1897 1836 1952 possumus.
1890 1879 2142 1936 Secunda

541 1979 711 2038 editio
733 1981 927 2037 Donati
960 1996 1022 2036 ea
1052 1989 1159 2044 est,
1187 1995 1310 2051 quae
1341 1979 1411 2035 de
1438 1987 1564 2034 octo
1604 1976 1852 2048 partibus
1879 1974 2148 2030 orationis

541 2075 675 2146 agit.
703 2073 962 2131 Sedulius
992 2073 1215 2145 quidem
1245 2074 1300 2127 in
1332 2071 1563 2142 epistola
1586 2071 1653 2126 ad
1685 2069 2065 2126 Maccdonium
2087 2083 2148 2123 se

540 2167 670 2223 olim
703 2174 1026 2238 occupatum
1065 2167 1356 2238 profitetur
1385 2164 1723 2221 swcularibus
1749 2163 1956 2232 studiis,
1984 2173 2032 2216 et
2061 2163 2149 2216 lit-

541 2263 744 2317 terariae
773 2260 990 2316 solertia
1011 2259 1306 2331 disciplinae
1333 2260 1534 2315 lusibus
1561 2259 1871 2330 infructuosi
2026 2273 2149 2327 ope-

537 2357 634 2424 ris,
666 2373 769 2412 non
792 2358 993 2412 auctori
1020 2355 1134 2412 Deo
1163 2355 1468 2411 deseruiisse
1500 2371 1517 2408 :
1544 2370 1652 2425 quo
1678 2332 1909 2423 profana
1941 2349 2149 2422 quzevis

540 2466 705 2522 Opera
734 2451 1040 2524 intelligere
1079 2464 1390 2522 possumus.
1420 2448 1480 2504 ln
1508 2447 1632 2503 cod.
1665 2446 1848 2502 Vatic.
1883 2443 2069 2500 Ottob.
2117 2445 2138 2498 1

541 2557 666 2620 post
723 2549 955 2620 elegiam
1011 2546 1215 2604 Sedulii
1265 2545 1588 2612 Cantemus,
1643 2543 1798 2606 socii,
1850 2541 1968 2597 haec
2023 2549 2150 2596 nota

542 2642 861 2712 apponitur,
895 2641 1079 2712 incipit
1107 2655 1193 2693 ars
1225 2638 1462 2712 Sedulii,
1487 2637 1575 2708 qui
1608 2642 1776 2706 primo
1803 2633 1984 2701 laicus,
2015 2641 2144 2697 etc.,

545 2711 806 2789 utnum.
859 2735 891 2787 9
935 2711 1254 2804 expositum
1294 2731 1412 2786 fuit.
1475 2729 1738 2785 Fortasse
1787 2744 1873 2781 ars
1927 2742 1990 2781 ea
2052 2725 2152 2781 Se-

547 2827 683 2886 dulii
735 2844 857 2901 quas
903 2827 992 2883 hic
1033 2827 1344 2894 indicatur,
1391 2825 1486 2880 sed
1537 2840 1644 2878 non
1701 2821 2015 2888 exhibetur,
2069 2829 2153 2876 est

542 2921 744 2993 aliquis
819 2937 890 2977 ex
963 2919 1116 2976 libris
1190 2921 1244 2974 in
1317 2918 1655 2974 Priscianum
1729 2926 1784 2972 et
1859 2914 2147 2972 Donatum.

543 3014 794 3071 Labbens
850 3014 905 3068 in
979 3013 1206 3068 Dissert.
1279 3010 1474 3065 histor.
1549 3009 1619 3065 de
1684 3009 1889 3079 Script.
1944 3006 2148 3062 eccles.

538 3117 675 3164 tom.
710 3106 774 3175 ll,
809 3120 932 3175 pag.
965 3105 1068 3160 529
1092 3145 1107 3169 ,
1143 3103 1261 3159 hazc
1313 3103 1588 3174 ipsissima
1621 3100 1793 3156 verba
1838 3099 2045 3169 profert
2083 3113 2148 3154 es

2251 1895 2359 1952 tur,
2389 1887 2794 1942 accommodari
2816 1899 3016 1958 potest.
3047 1889 3246 1946 Verum
3280 1906 3350 1948 ex
3375 1907 3488 1948 var.
3519 1891 3716 1948 lection.
3741 1891 3792 1946 ad

2249 1978 2346 2032 ﬁn.
2371 1979 2631 2034 carminis
2656 1981 2947 2050 paschalis,
2980 1990 3037 2038 et
3065 1984 3184 2038 iuit.
3218 1983 3410 2055 elegiae
3449 1984 3636 2055 liquido
3655 1989 3792 2054 patet,

2249 2073 2481 2144 elegiam
2510 2090 2696 2131 verum
2731 2092 2868 2148 opus
2897 2093 3020 2134 esse
3048 2078 3274 2135 Sedulii.
3309 2079 3406 2136 Illa
3437 2091 3604 2137 autem
3629 2081 3796 2136 notatio

2251 2166 2373 2222 Aldi
2401 2184 2497 2238 per
2517 2183 2758 2226 errorem
2792 2173 2860 2227 ab
2880 2172 3000 2244 ipso
3018 2174 3208 2243 elegia:
3231 2175 3549 2246 applicatur,
3576 2191 3683 2231 cum
3702 2188 3799 2244 per-

2253 2261 2422 2318 tineat
2447 2263 2514 2318 ad
2545 2279 2765 2321 carmen
2797 2268 3072 2337 paschale,
3106 2277 3198 2324 aut
3227 2270 3292 2324 ad
3328 2271 3683 2327 collectionem
3706 2284 3800 2324 car-

2252 2357 2456 2411 minum
2491 2350 2721 2427 Sedulii,
2746 2361 2826 2416 uti
2854 2361 3341 2431 detnonslrabitur,
3376 2380 3496 2420 cum
3535 2364 3596 2420 de
3623 2362 3800 2418 Asteria

2251 2461 2461 2522 agetur.

2322 2543 2412 2599 47.
2447 2546 2653 2602 Octavo
2679 2547 2800 2602 loco
2823 2547 3162 2606 Trithemins
3186 2549 3365 2606 refert
3385 2549 3636 2624 Epistolas
3661 2547 3801 2620 plum

2252 2641 2321 2696 ad
2347 2642 2576 2697 diversos
2609 2643 2798 2698 librum
2834 2660 2880 2709 ι,
2905 2652 2959 2699 et
3003 2645 3333 2701 Arnlzenius
3381 2646 3478 2712 ait,
3507 2637 3801 2702 circumferri

2253 2733 2605 2803 cpistolarum
2641 2735 2874 2805 pluriutn
2917 2737 2986 2791 ad
3035 2736 3283 2793 diversos
3325 2738 3514 2796 librum
3560 2735 3801 2792 1.lnitium

2254 2824 2414 2896 hujus
2448 2826 2569 2882 libri
2593 2843 2661 2883 ex
2690 2828 2990 2886 Trithemio
3017 2839 3098 2886 est
3128 2830 3384 2886 Sedulius
3425 2831 3682 2903 Scotigeua
3709 2843 3725 2881 :
3748 2839 3800 2881 ex

2251 2936 2360 2991 quo
2385 2921 2612 2991 intelligi
2643 2932 2841 2992 potest,
2867 2938 2989 2978 eum
3027 2925 3300 2992 pertinere
3340 2923 3407 2980 ad
3446 2925 3706 2982 Sedulium
3734 2920 3799 2990 jn-

2254 3014 2487 3071 niorem.
2515 3015 2670 3070 Aliud
2704 3014 2838 3070 nihil
2864 3015 2932 3071 de
2961 3015 3063 3072 hoc
3090 3031 3255 3087 Opere
3283 3019 3525 3089 reperire
3550 3017 3698 3073 licuit.

2324 3108 2414 3163 48.
2447 3107 2600 3163 Νοηο
2635 3119 2690 3164 et
2719 3118 2996 3180 postremo
3028 3111 3150 3166 loco
3191 3127 3220 3166 a
3262 3111 3561 3169 Trithemio
3605 3123 3804 3165 comme-

535 3200 710 3257 veteri
751 3199 941 3254 codice
983 3197 1181 3254 Pithmi
1209 3237 1224 3261 ,
1273 3196 1365 3268 qui
1407 3196 1642 3252 fortasse
1694 3195 1988 3250 distinctus
2035 3211 2142 3250 non
2173 3171 2220 3238 (ἶ
2252 3207 2534 3257 morantur
2575 3202 2694 3255 libri
2721 3171 2777 3256 ἰι
2808 3202 2872 3256 de
2902 3200 3178 3257 Miracnlis
3208 3202 3403 3258 Christi
3429 3203 3669 3276 prosaice.
3695 3200 3804 3255 For-

532 3305 618 3350 est
646 3295 716 3348 ab
748 3295 852 3348 hoc
882 3301 1070 3348 nostro
1096 3291 1221 3347 Vat.
1252 3291 1438 3347 Ottob.
1479 3293 1526 3346 l.
1555 3289 1704 3346 Idem
1731 3289 1983 3346 Labbeus
2018 3303 2142 3360 pag.

538 3389 667 3458 558,
701 3403 768 3444 ex
802 3387 1142 3444 bibliotheca
1183 3384 1408 3440 Thuana
1449 3391 1705 3442 recenset
1745 3399 1851 3439 ms.
1880 3381 2148 3437 Commen-

545 3485 790 3540 tariolum
818 3485 870 3539 in
897 3493 1060 3539 artem
1101 3481 1360 3548 Eutichii,
1391 3489 1445 3536 et
1475 3495 1541 3536 ex
1593 3495 1728 3534 mss.
1769 3477 2037 3545 Goldasti,
2085 3477 2150 3531 de

542 3579 814 3654 Regimine
835 3579 1150 3652 principum,
1183 3586 1229 3631 et
1251 3575 1629 3648 expositionem
1657 3575 1711 3628 in
1737 3582 1898 3628 artem
1922 3570 2149 3626 Priscia-

540 3674 596 3728 ni
619 3688 639 3728 :
667 3689 789 3747 qua:
817 3673 933 3744 ipse
955 3670 1180 3727 Sedulio
1213 3669 1382 3725 Scoto
1405 3709 1420 3734 ,
1450 3666 1543 3738 qui
1571 3682 1720 3722 anno
1759 3665 1865 3720 818
1891 3663 2145 3727 florebat,

539 3765 838 3837 adiudicat.
863 3763 1000 3820 Cum
1033 3762 1258 3819 Labbeo
1285 3761 1410 3816 facit
1437 3757 1686 3816 0ndinus
1724 3756 1791 3813 de
1823 3756 2028 3826 Script.
2062 3771 2150 3810 ec-

543 3859 680 3916 cles.
716 3857 923 3914 saeculo
953 3873 1038 3924 is,
1080 3857 1148 3912 ad
1177 3869 1306 3910 ann.
1349 3852 1475 3920 820,
1507 3852 1602 3922 qui
1631 3851 1734 3906 hos
1759 3850 1977 3906 codices
2013 3862 2144 3904 mss.

541 3960 847 4019 enumerat,
876 3950 930 4006 in
961 3947 1290 4005 bibliotheca
1308 3945 1802 4017 Lugdune-Batava
1842 3945 1986 3998 inter
2013 3958 2145 3997 mss.

545 4044 710 4102 codd.
735 4043 805 4100 ab
826 4042 1137 4100 heredibus
1162 4040 1332 4098 lsaaci
1363 4038 1542 4096 Vossii
1573 4049 1789 4110 eruptos
1816 4036 1940 4093 cod.
1969 4035 2147 4092 Latin.

538 4138 633 4206 2i,
659 4153 808 4194 num.
839 4138 894 4204 5,
925 4135 1171 4194 Sedulius
1200 4135 1254 4188 in
1302 4133 1666 4199 Priscianum;
1715 4131 1770 4185 in
1815 4129 2148 4186 bibliotheca

547 4230 893 4288 Norfolciana
945 4227 1182 4284 Londini
1213 4226 1337 4284 cod.
1373 4227 1465 4292 4‘5,
1497 4225 1769 4297 Expositio
1800 4221 2005 4279 Sedulii
2039 4219 2151 4292 epi-

541 4328 684 4400 scopi
704 4327 757 4381 in
787 4326 1008 4392 primam
1036 4323 1312 4380 editionem
1341 4319 1558 4376 Donati.
1592 4319 1793 4375 Confer
1823 4333 1976 4373 num.
2002 4317 2092 4372 88.

617 4419 709 4478 46.
739 4417 1072 4476 Trithemins
1108 4418 1341 4488 septimo
1371 4417 1492 4472 loco
1533 4422 1802 4472 memorat
1830 4412 2148 4469 Exhortare-

547 4517 684 4574 rium
713 4516 783 4570 ad
804 4514 984 4586 ﬁdeles
1015 4513 1206 4568 librum
1244 4530 1284 4568 ι.
1315 4511 1441 4567 Hzec
1461 4521 1545 4567 est
1569 4511 1761 4580 elegia,
1793 4526 1912 4580 quae
1941 4509 1994 4564 in
2027 4507 2140 4564 edi-

2251 3301 2398 3346 tasse
2428 3293 2481 3346 in
2527 3293 2767 3349 numeris
2794 3293 2934 3364 apud
2976 3295 3338 3350 Trithemium
3373 3313 3526 3352 error
3555 3295 3736 3357 incidit,
3761 3301 3805 3347 ut

2250 3399 2351 3454 pro
2384 3385 2645 3440 veditum
2690 3385 2852 3442 fuerit
2899 3403 2958 3442 ιι.
2983 3387 3146 3444 Certe
3205 3405 3365 3459 prosa
3418 3391 3614 3448 Sedulii
3658 3386 3806 3459 aperis

2251 3477 2546 3549 paschalis,
2587 3480 2700 3535 sive
2744 3479 2814 3536 de
2858 3482 3138 3538 miraculis
3166 3482 3396 3552 Christi,
3427 3495 3484 3540 ut
3521 3485 3586 3539 ait
3628 3481 3806 3539 Trithe-

2253 3571 2416 3637 mins,
2452 3587 2558 3627 non
2592 3573 2644 3627 in
2681 3573 2840 3639 duos,
2874 3574 2970 3630 sed
3001 3575 3053 3630 in
3091 3575 3331 3647 quinque
3373 3579 3538 3634 libros
3562 3575 3803 3632 distributa

2252 3675 2336 3720 est
2363 3679 2429 3720 eo
2455 3665 2568 3722 fere
2606 3665 2792 3734 modo,
2816 3683 2925 3738 quo
2951 3683 3172 3724 carmen
3208 3670 3488 3738 paschale,
3520 3679 3574 3724 ut
3601 3684 3729 3722 num.
3753 3665 3806 3718 δὲ

2253 3759 2634 3816 animadverti.
2673 3761 3105 3833 Redargnendus
3144 3762 3247 3819 hoc
3278 3763 3403 3820 loco
3428 3776 3510 3820 est
3541 3763 3806 3834 Sigehertus

2253 3853 2321 3909 de
2349 3853 2550 3924 Script.
2573 3855 2800 3920 ecclcs.,
2831 3856 2922 3926 qui
2947 3858 3100 3927 prius
3130 3873 3350 3930 prosam
3383 3859 3627 3929 scriptam
3651 3855 3802 3912 fuisse,

2253 3955 2366 4002 tum
2395 3963 2615 4005 carmen
2655 3948 2910 4017 paschale
2943 3951 3240 4018 enuntiat;
3277 3950 3524 4007 Sedulius
3551 3951 3803 4022 episcopus.

2250 4041 2357 4107 ait,
2387 4041 2454 4095 ad
2513 4041 2880 4096 Macedoniam
2923 4044 3278 4114 presbyterum
3337 4045 3539 4116 scripsit
3581 4042 3719 4096 libros
3757 4034 3807 4086 de

2256 4134 2519 4188 miraculis
2547 4135 2730 4188 ueteris
2777 4142 2826 4188 et
2867 4136 2985 4189 novi
3027 4135 3367 4205 Testameuti,
3393 4154 3520 4210 quos
3543 4147 3702 4208 postea
3733 4127 3805 4183 sub

2253 4226 2463 4279 metrica
2511 4225 2622 4297 lege
2665 4226 2902 4282 redactos
2956 4230 3291 4300 pra'titulavit
3331 4228 3583 4286 Pascltale
3612 4238 3802 4281 carmen.

2255 4317 2534 4388 Reparavit
2561 4319 2697 4373 enim
2729 4319 2984 4392 dactylico
2998 4324 3226 4377 carmine
3242 4326 3416 4379 omnia
3444 4322 3641 4378 Domini
3658 4331 3804 4389 apem.

2252 4411 2385 4466 Rem
2413 4415 2686 4468 contrario
2714 4414 2876 4470 modo
2906 4429 2967 4470 se
3009 4415 3279 4484 habuisse,
3303 4433 3372 4472 ex
3412 4416 3631 4488 epistola
3661 4409 3802 4480 ipsius

2254 4506 2454 4564 Sedulii
2483 4508 2550 4562 ad
2577 4508 2948 4564 Macedonium
2992 4525 3171 4578 prosa:
3221 4513 3501 4581 przemissa
3534 4507 3804 4574 intelliges:

548 4609 790 4666 tionibus
815 4608 1042 4665 carmini
1074 4606 1317 4678 paschali
1361 4605 1627 4671 succedit,
1657 4615 1712 4660 et
1742 4603 1965 4658 inscribi
2007 4602 2149 4657 solet
2173 4572 2228 4634 Β
2253 4599 2578 4673 Prwcepisti,
2612 4603 2889 4657 reverende
2931 4572 3006 4657 mi
3032 4572 3270 4671 Domine,
3303 4604 3562 4676 paschalis
3599 4572 3806 4655 carminis

549 4700 774 4758 Collatia
817 4702 996 4757 veteris
1025 4712 1072 4756 et
1094 4700 1212 4755 noui
1237 4698 1570 4765 Testamenti,
1593 4705 1648 4752 et
1675 4711 1920 4751 seorsum
1949 4709 2147 4751 excusa

548 4802 636 4852 est
651 4795 704 4850 in
719 4793 951 4850 Manuali
966 4792 1173 4849 Biblico
1189 4789 1534 4848 Francofurti
1551 4789 1708 4846 1610.
1727 4789 1839 4844 lloc
1849 4787 2146 4860 elegiacum

551 4903 772 4945 carmen
815 4885 1044 4943 Sedulio
1091 4884 1436 4955 abjudicant,
1489 4891 1543 4938 et
1596 4882 1816 4937 Asteria
1871 4879 2150 4937 ascribunt

552 4981 827 5052 Barthius,
855 4978 1243 5051 Cnspinianus,
1275 4977 1570 5050 Leyserus,
1613 4985 1668 5031 et
1711 4974 1986 5030 nonnullae
2027 4973 2148 5028 edi-

552 5077 752 5144 tiones,
787 5090 910 5148 quze
942 5071 1254 5129 indicantur
1283 5073 1337 5127 in
1366 5071 1614 5140 catalogo
1634 5069 1978 5126 bibliothecae
2010 5068 2151 5138 Lng-

549 5167 942 5226 duno—Batavaz
967 5181 1091 5238 pag.
1123 5166 1213 5222 50.
1247 5163 1313 5221 G.
1351 5163 1630 5220 Fabricius
1669 5163 1720 5217 in
1763 5170 2056 5217 comment.
2089 5175 2145 5231 p.

550 5259 900 5328 25alfirmat,
929 5260 980 5314 in
1013 5257 1248 5329 antiquis
1273 5254 1552 5311 codicibus
1593 5253 1810 5310 Asterio
1840 5252 2062 5316 ascribi,
2094 5259 2149 5306 et

549 5355 802 5428 pagJSG
829 5354 884 5410 in
916 5351 1026 5409 alio
1071 5350 1262 5408 codice
1305 5347 1414 5419 legi
1446 5346 1547 5403 sub
1596 5345 1818 5401 nomine
1865 5343 2146 5400 Claudiani

549 5447 816 5506 Mamerti.
839 5445 1168 5504 Arntzenins
1195 5457 1296 5516 pro
1324 5441 1548 5500 Sedulio
1575 5450 1798 5496 auctore
1828 5432 2029 5510 allegat
2055 5452 2148 5494 co-

549 5539 725 5599 dicem
753 5539 938 5608 Cant.,
968 5540 1234 5610 aliosque,
1258 5545 1314 5594 et
1342 5543 1562 5592 veteres
1586 5532 1877 5590 editiones.
1906 5531 1965 5586 ln
1997 5531 2150 5588 codi-

549 5647 615 5688 ee
642 5648 743 5688 suo
769 5633 1138 5688 Arntzeniano
1164 5630 1230 5685 ad
1277 5630 1438 5686 tinem
1465 5627 1736 5684 Carminis
1763 5625 2030 5697 paschalis
2059 5625 2143 5680 in-

547 5723 702 5778 venit
746 5721 950 5775 Asterii
989 5723 1324 5792 epigramma
1365 5719 1506 5774 male
1553 5718 1942 5788 transpositum
1979 5731 2144 5772 :cnm

553 5815 612 5878 in
646 5811 773 5870 cod.
828 5810 1059 5880 Almel.,
1085 5821 1140 5868 ct
1177 5812 1298 5868 aliis
1339 5826 1472 5867 mss.
1525 5817 1871 5880 praeponatur
1917 5809 2145 5866 carmini

2254 4699 2472 4758 textum,
2486 4691 2625 4763 quod
2645 4693 2822 4764 ofﬁcio
2843 4709 2990 4764 pura:
3015 4695 3296 4749 deuotionis
3319 4695 3613 4768 simpliciter
3631 4701 3804 4746 exsecu-

2253 4793 2334 4838 tus
2356 4784 2494 4838 vobis
2523 4784 2687 4839 obtuli
2711 4785 3100 4857 perlegendum,
3126 4788 3180 4842 in
3206 4789 3515 4843 rhetoricum
3552 4802 3625 4840 me
3664 4792 3807 4836 trans‘

2253 4881 2385 4948 ferre
2405 4879 2940 4935 sermonem.Sedu|ii
2965 4895 3182 4950 prosam
3215 4883 3422 4950 primus
3452 4880 3613 4936 edidit
3639 4876 3806 4932 Franc.

2253 4971 2475 5029 Juretus
2515 4989 2546 5030 e
2588 4990 2690 5032 ms.
2724 4975 2830 5047 31
2861 4975 3188 5033 Pithteano:
3219 4992 3415 5033 recusa
3443 4992 3503 5033 ea
3534 4982 3614 5030 est
3647 4971 3694 5026 in
3732 4979 3810 5035 ap-

2256 5066 2486 5137 pendice
2505 5066 2854 5123 Bibliotheca:
2870 5069 3088 5125 Patrum
3110 5070 3420 5142 Margariui,
3439 5066 3667 5124 Parisiis.
3685 5071 3809 5116 anno

2257 5159 2418 5225 1624,
2449 5174 2575 5216 cum
2607 5162 2750 5215 notis
2776 5160 2974 5217 Jureti.
2999 5164 3212 5219 Prodiit
3237 5164 3398 5220 etiam
3429 5165 3482 5218 in
3509 5155 3806 5216 Bibliotheca

2255 5251 2476 5308 Patrum
2508 5254 2845 5324 Coloniensi,
2870 5272 3013 5312 anno
3045 5259 3204 5326 1618,
3231 5268 3354 5314 tom.
3395 5257 3458 5327 V,
3482 5264 3617 5330 part.
3650 5262 3806 5318 t,cum

2254 5345 2374 5400 aliis
2402 5346 2662 5416 cperibns
2692 5346 2922 5414 Sedulii,
2954 5359 3010 5405 et
3033 5366 3226 5407 rursus
3269 5351 3322 5407 in
3371 5347 3693 5406 Bibliotheca
3720 5343 3807 5396 Pa-

2255 5447 2399 5494 trum
2427 5439 2802 5511 Lngdunensi,
2836 5442 2932 5498 sed
2965 5445 3234 5500 omittitur
3265 5462 3292 5499 a
3323 5444 3591 5517 plerisque
3615 5431 3808 5496 editori-

2240 5530 2354 5586 .bns
2381 5533 2681 5589 carminum
2713 5533 2939 5590 Sedulii.
2964 5536 3340 5608 Opportunum
3364 5547 3540 5593 tamen
3568 5533 3685 5589 duxi
3706 5537 3805 5583 eam

2253 5628 2480 5683 carmini
2510 5628 2750 5698 paschali
2779 5640 3109 5698 annectere;
3140 5649 3262 5688 nam
3295 5633 3361 5689 ad
3400 5626 3804 5700 explicationem.

2253 5730 2308 5777 et
2353 5721 2680 5790 quibusdam
2733 5725 2896 5780 etiam
2941 5723 2997 5780 in
3042 5725 3179 5782 locis
3223 5725 3290 5781 ad
3333 5731 3532 5781 certam
3579 5711 3807 5774 emenda-

2254 5812 2457 5869 tionem
2488 5813 2747 5870 carminis
2773 5815 3064 5872 utilissima
3108 5832 3233 5875 esse
3275 5824 3469 5889 potest.
3492 5810 3680 5868 Nolunt
3721 5799 3806 5858 viri
