4096 6182
278 248 383 312 ιότ

1657 231 2188 299 ρκοιιεαοωεκλ.

3455 236 3563 294 11111

273 360 484 426 critici,
526 359 725 433 ubique
777 360 1024 431 praeferri
1079 358 1366 415 lectionem
1412 370 1534 428 quae
1587 371 1654 412 ex
1699 356 1864 410 Prosa
1893 361 1948 422 Α
1972 362 2208 423 repetam
2238 363 2359 420 qum
2389 351 2555 406 multa
2592 351 2702 405 dixi
2739 349 2794 405 111
2827 348 3232 418 Prudentlanls,
3262 352 3393 408 etin
3413 367 3566 408 com-

272 454 507 522 eruitur,
537 462 631 507 aut
670 454 721 508 ei
748 454 921 524 magis
947 451 1211 508 accedere
1240 449 1474 506 videtur.
1519 448 1731 517 Quibus
1778 463 1872 503 au-

275 553 386 601 tem
416 545 471 599 in
506 543 641 600 locis
670 544 1012 616 praeferenda
1038 543 1130 609 sit,
1159 559 1281 598 cum
1309 541 1526 598 occasio
1552 556 1673 598 sese
1699 540 1868 607 dabit,

275 650 407 696 tunc
443 639 641 696 melius
689 649 1010 710 exponetur.
1052 637 1244 709 Operis
1291 637 1564 708 paschalis
1627 635 1872 691 meminit

275 733 421 790 Beda
463 733 503 787 1.
541 748 576 786 v
606 731 809 789 Histor.
853 732 1052 789 eccles.
1081 731 1267 803 Angl.,
1313 744 1435 801 cap.
1499 728 1603 784 19:
1648 726 1873 797 Scripsit

277 827 564 885 Adhelmus
599 837 648 883 et
675 828 740 884 de
779 826 1088 902 Virginitate
1114 823 1307 880 librum
1334 824 1603 891 eximium,
1632 839 1779 893 quem
1819 821 1874 876 in

274 921 575 994 exemplum
601 920 806 978 Sedulii
828 921 1086 995 geminato
1117 933 1269 990 opere
1299 927 1349 974 et
1377 916 1604 973 versibus
1631 915 1874 971 hexame-

272 1020 389 1086 tris,
411 1026 462 1073 et
499 1032 654 1091 prosa
680 1016 984 1090 composuit.
1019 1015 1132 1071 Hoc
1161 1014 1340 1085 ipsum
1379 1012 1449 1068 de
1471 1011 1747 1068 'Adhelmo
1789 1024 1876 1064 re—

276 1112 419 1182 petit
439 1112 760 1184 Anonymus
786 1109 1136 1178 Mellicensis,
1162 1124 1213 1166 c.
1255 1108 1348 1174 50,
1371 1117 1425 1164 et
1452 1107 1788 1178 Sigehertus,
1807 1104 1874 1160 de

273 1205 480 1276 Script.
504 1205 731 1271 eccles.,
753 1217 876 1276 cap.
906 1203 992 1260 66.
1017 1202 1209 1258 Refert
1237 1211 1496 1272 praeterea
1525 1199 1692 1265 Beda,
1717 1212 1777 1253 se
1797 1196 1877 1251 vis

277 1310 387 1356 tam
406 1299 466 1356 S.
492 1297 802 1364 Cuthberti,
829 1297 1080 1367 exemplo
1097 1295 1327 1363 Sedulii,
1352 1295 1504 1365 prius
1522 1292 1746 1349 heroico
1765 1305 1877 1346 me-

274 1404 396 1462 tro,
449 1404 506 1451 et
561 1394 909 1466 postmodum
962 1393 1128 1463 plano
1182 1403 1438 1447 sermone
1491 1386 1870 1456 descripsisse.

277 1483 461 1542 Verba
502 1502 567 1542 ex
612 1501 778 1557 opere
807 1484 1046 1556 paschali
1078 1483 1285 1540 Sedulii
1316 1481 1522 1551 profert
1551 1478 1879 1535 Paschasius

275 1578 601 1645 Batbertus,
627 1577 697 1634 de
722 1577 890 1633 Partu
921 1575 1180 1647 Virginis,
1206 1575 1350 1630 inter
1377 1588 1541 1646 opera
1563 1571 1722 1628 dubia
1746 1571 1880 1627 S.ll-

279 1673 520 1741 defonsi,
568 1683 699 1730 tom.
731 1672 754 1728 ι
787 1671 1008 1727 Patrum
1064 1669 1474 1734 Toletanorum,
1517 1682 1638 1740 pag.
1677 1667 1781 1722 5M
1823 1674 1878 1722 ct

354 1861 448 1916 49.
490 1857 704 1916 Praeter
729 1871 898 1929 Opera
925 1873 1045 1928 quae
1093 1854 1428 1912 Trithcmius
1467 1851 1695 1910 Sedulio
1723 1851 1882 1906 attri-

284 1954 438 2019 buit,
465 1952 924 2019 Montlauconius,
960 1952 1013 2006 in
1052 1950 1202 2005 Diar.
1244 1949 1394 2014 ltal.,
1442 1963 1562 2018 cap.
1593 1946 1684 2011 2i,
1714 1955 1770 2002 et
1803 1945 1888 2000 Bi-

285 2047 484 2105 blioth.
528 2045 998 2102 Bibliothecarum
1037 2058 1200 2111 mss.,
1229 2041 1427 2108 refert,
1458 2057 1528 2096 ex
1557 2037 1884 2096 bibliotheca

284 2139 646 2213 Neapolitana
679 2138 745 2194 Ι).
771 2137 1030 2202 Valletta,
1085 2136 1291 2193 Sedulii
1335 2144 1499 2207 poetic
1528 2131 1797 2188 christiani
1825 2132 1888 2186 de

286 2236 491 2292 actibus
522 2237 892 2308 prophetarum
923 2232 1366 2287 membranaceus.
1397 2228 1642 2287 Similem
1668 2227 1884 2282 titulum

283 2329 441 2402 leges
482 2345 551 2386 ex
608 2328 802 2385 eodem
852 2325 1285 2389 Montlauconio,
1324 2337 1478 2378 num.
1533 2320 1620 2376 89.
1672 2320 1892 2375 Dubitat

283 2422 648 2488 Arntzenius,
671 2436 742 2476 an
767 2419 837 2476 ad
869 2417 1346 2490 supposititiorum
1376 2414 1611 2470 classem
1637 2412 1746 2469 hoc
1771 2426 1892 2467 car-

285 2532 417 2574 men
446 2515 801 2572 referendum
833 2512 926 2581 sit,
957 2527 1029 2568 an
1060 2510 1163 2568 sub
1207 2511 1314 2565 isto
1351 2508 1510 2564 titulo
1550 2507 1721 2563 lateat
1764 2521 1889 2562 car-

287 2625 420 2666 men
453 2608 734 2681 paschale.
764 2606 822 2663 ln
867 2606 1008 2662 libro
1030 2602 1250 2676 quidem
1275 2603 1454 2672 primo
1493 2599 1749 2656 carminis
1788 2614 1889 2670 pa-

289 2704 499 2761 schalis
527 2701 776 2775 quaedam
796 2708 918 2756 acta
937 2697 1331 2771 prophetarum
1359 2703 1691 2752 enarrantur
1722 2711 1736 2748 :
1769 2706 1892 2764 quae

294 2796 530 2852 fortasse
554 2809 805 2852 seorsum
853 2793 1128 2863 exscripta
1167 2789 1498 2861 peculiarem
1530 2785 1746 2842 titulum
1785 2783 1891 2840 sibi

292 2896 701 2958 compararunt.
731 2883 1070 2956 Quamquam
1103 2891 1277 2938 totum
1321 2881 1502 2952 ipsum
1541 2894 1761 2936 carmen
1791 2892 1888 2947 pa-

293 2984 480 3041 schale
497 2984 553 3038 in
574 2981 766 3053 codice
784 2979 1190 3045 Ottoboniensi,
1214 2979 1284 3034 de
1310 2992 1416 3048 quo
1438 2991 1590 3032 num.
1617 2973 1686 3029 76
1711 2987 1888 3044 agam,

294 3080 378 3136 sic
409 3078 732 3150 inscriptum
774 3073 1033 3146 reperio,
1064 3072 1145 3129 De
1171 3073 1384 3129 Actibus
1428 3069 1820 3144 prophetarum,
1845 3057 1893 3122 et

1938 490 1940 493 .
1974 445 2242 502 mentario
2271 444 2337 499 ad
2369 444 2753 500 Dittochaeum.

2044 542 2131 597 ΒΞ.
2172 538 2520 606 Arntzenius,
2567 553 2634 595 ex
2683 540 2938 594 Fabricio
2961 548 3252 594 comment.
3287 542 3406 600 r-it..
3440 556 3567 612 pag.

1969 632 2058 699 25,
2093 631 2348 686 observat
2378 630 2788 687 Nebrissensem
2830 630 3161 702 epigramma
3215 633 3317 687 sub
3349 633 3562 688 Sedulii

1974 725 2196 784 nomine
2227 725 2498 798 proferre,
2533 726 2585 780 in
2615 739 2724 796 quo
2750 724 2950 796 legitur

2451 922 2462 935 .
2489 920 2503 936 .
2524 921 2536 934 .
2562 923 2574 936 .
2599 921 2611 933 .
2635 884 2964 948 Breviterque
2987 883 3259 946 triumphos

2100 948 2306 1013 Tangit,
2333 946 2523 1000 Christe
2540 987 2554 1012 ,
2579 955 2710 998 tuos.

1976 1116 2163 1184 Addit,
2211 1116 2266 1172 id
2312 1117 2539 1188 reperiri
2577 1118 2629 1170 in
2684 1115 2938 1170 versibus
2990 1115 3311 1170 acrostichis
3347 1115 3567 1171 Lilierii.

1976 1211 2046 1264 At
2073 1224 2202 1265 vero
2230 1208 2602 1264 Nebrissensis
2633 1224 2742 1263 non
2766 1207 2952 1262 tribuit
2976 1205 3200 1263 Sedulio
3225 1207 3325 1261 hos
3354 1224 3566 1275 versus,

1978 1300 2073 1355 sed
2108 1315 2203 1356 eos
2238 1302 2440 1356 excitat
2473 1316 2538 1355 ex
2570 1299 2963 1371 epigrammate.
3006 1298 3146 1368 quod
3181 1301 3339 1371 ipsius
3372 1299 3572 1371 (Sedu-

1977 1389 2061 1462 lii)
2084 1393 2292 1446 nomine
2322 1393 2573 1464 scriplum
2601 1393 2851 1464 reperitur
2880 1407 2897 1445 :
2927 1393 3001 1446 ita
3048 1393 3191 1445 cnim
3227 1393 3487 1463 loquitur,
3516 1402 3572 1448 ut

1979 1487 2182 1542 indicet
2213 1502 2410 1543 nomen
2442 1487 2649 1542 Sedulii
2682 1486 2737 1541 in
2770 1486 2957 1555 primis
2979 1496 3033 1541 ct
3057 1489 3348 1556 postremis
3377 1487 3575 1542 litteris

1979 1582 2388 1653 epigrammatis
2427 1581 2758 1650 descriptum
2791 1581 2916 1650 legi.
2950 1579 3159 1634 Sedulii
3202 1597 3390 1635 verum
3423 1580 3568 1635 aliud

1980 1676 2332 1744 epigramma,
2367 1673 2490 1729 Htec
2509 1685 2598 1729 tua
2625 1683 2906 1747 perpetuis,
2940 1683 3062 1744 post
3082 1673 3341 1746 hymnum
3370 1674 3571 1729 abece-

1909 1755 1958 1818 Β
1985 1769 2196 1826 darium
2229 1787 2258 1824 a
2293 1770 2452 1824 nobis
2491 1769 2823 1840 proferetur.

2062 1865 2151 1920 55.
2197 1864 2558 1919 Doctissimus
2605 1864 2689 1918 vir
2739 1862 2937 1918 Franc.
2987 1863 3114 1919 Ant.
3167 1861 3476 1931 Zacharias,
3527 1865 3580 1919 in

1988 1956 2247 2013 Biblioth.
2291 1959 2480 2014 select.
2515 1958 2642 2013 hist.
2679 1958 2903 2024 eccles.,
2951 1973 3052 2028 pro
3102 1959 3481 2029 supplemento
3511 1958 3578 2013 ad

1991 2049 2194 2104 Histor.
2229 2051 2433 2106 cccles.
2465 2049 2643 2105 Nata].
2676 2050 2994 2118 Alexandri,
3039 2066 3158 2120 cap.
3183 2052 3240 2117 :2,
3287 2049 3315 2122 §
3355 2053 3410 2114 l,
3445 2068 3498 2105 n.
3526 2053 3580 2116 .‘i,

1989 2143 2270 2201 Sedulium
2325 2154 2570 2201 nostrum
2620 2144 2803 2199 laudat
2851 2153 3122 2214 tamquam
3166 2157 3442 2201 auctorem
3476 2145 3584 2216 33

1989 2236 2202 2310 hymni,
2230 2236 2433 2292 Lustris
2461 2254 2550 2292 sea:
2583 2239 2670 2308 qui
2689 2240 2805 2311 jam
2825 2239 3067 2310 peractis,
3098 2239 3237 2306 sive,
3275 2248 3332 2292 ut
3362 2255 3429 2294 ex
3461 2254 3584 2294 cor-

1989 2330 2233 2387 rectione
2273 2329 2472 2387 Urbani
2503 2329 2620 2386 Vlll
2661 2347 2804 2385 nunc
2833 2332 3106 2397 canimus,
3140 2331 3330 2385 Lustra
3375 2348 3466 2386 sex
3493 2333 3585 2403 qui

1981 2425 2099 2495 jam
2130 2423 2346 2496 peregit.
2393 2422 2502 2480 Sed
2534 2424 2766 2479 fortasse
2792 2439 2887 2494 per
2927 2439 3168 2479 errorem
3203 2423 3457 2479 Sedulius
3502 2424 3581 2480 illi

1992 2517 2193 2573 excidit
2223 2531 2322 2588 pro
2350 2516 2670 2582 Fortunato,
2696 2518 2784 2586 qui
2815 2529 3006 2573 auctor
3055 2527 3140 2572 est
3181 2515 3367 2587 hymni
3402 2516 3586 2588 Pange

1991 2610 2168 2684 lingua
2199 2607 2741 2682 gloriosi—Prtelium
2771 2610 3086 2676 certaminis,
3121 2608 3257 2674 sive,
3293 2618 3349 2662 ut
3377 2609 3427 2662 in
3458 2609 3584 2664 bre-

1990 2701 2174 2757 viariis
2229 2717 2371 2757 nunc
2417 2701 2653 2772 legitur,
2717 2699 2978 2755 Lauream
3031 2701 3352 2756 certaminis.
3408 2701 3582 2771 Hujus

1991 2795 2178 2867 hymni
2207 2809 2336 2866 pars
2363 2804 2448 2851 est
2483 2792 2675 2849 Lustra
2709 2809 2799 2849 sea:
2828 2795 2917 2865 qui
2949 2797 3066 2868 jam
3097 2795 3315 2868 peregit.
3349 2793 3454 2848 Alii
3489 2809 3585 2848 au-

1990 2899 2196 2946 ctorem
2225 2890 2413 2944 dicunt
2441 2903 2565 2944 esse
2586 2888 2943 2944 Claudiauum
2970 2888 3304 2943 Mamercum
3324 2931 3337 2954 ,
3362 2896 3422 2941 ut
3451 2888 3553 2943 ubc
3571 2917 3586 2928 ο

1991 2983 2106 3040 rius
2160 2982 2386 3054 exposui
2434 2983 2486 3038 in
2543 2983 2928 3039 dissertatione
2974 2982 3041 3036 de
3093 2981 3279 3053 hymn.
3341 2980 3540 3036 cccles.
3572 3023 3586 3046 ,

1992 3093 2140 3132 num.
2169 3077 2293 3141 185,
2335 3076 2388 3130 111
2415 3085 2564 3131 nota.
2608 3075 2783 3145 Major
2806 3090 2928 3130 esse
2970 3084 3155 3144 posset
3200 3074 3494 3130 difficultas
3521 3075 3587 3128 de

291 3181 401 3227 toto
451 3169 645 3226 Christi
693 3167 985 3226 Saluatoris
1041 3182 1230 3233 cursu;
1275 3165 1525 3235 adeoque
1569 3162 1738 3219 etiam
1790 3158 1883 3215 alii

1995 3170 2194 3244 hymno
2228 3169 2435 3226 Vexilla
2456 3172 2590 3243 regis
2627 3168 2918 3242 prodeunt.)
2979 3185 3141 3240 quem
3177 3170 3420 3242 Angelus
3454 3172 3592 3224 Roc-

288 3264 539 3331 codices,
567 3264 660 3335 qui
692 3261 887 3319 eodem
914 3259 1076 3316 titulo
1104 3261 1160 3315 in
1192 3258 1454 3330 catalogis
1483 3261 1881 3328 praenotantur,

289 3372 518 3412 carmen
571 3355 716 3411 idem
758 3351 1036 3425 paschale,
1088 3360 1148 3407 ut
1179 3351 1442 3418 arbitror,
1476 3348 1778 3405 continent.
1809 3345 1886 3402 ita

288 3452 462 3507 etiam
491 3447 670 3514 multi,
689 3445 910 3518 decepti
929 3445 1199 3502 varietate
1214 3442 1522 3512 titulorum,
1548 3451 1751 3512 praeter
1770 3453 1889 3495 car-

288 3560 420 3601 men
452 3541 707 3614 paschale
758 3539 982 3598 Sedulio
1039 3537 1322 3594 ascribunt
1351 3536 1458 3608 32
1498 3533 1578 3590 De
1625 3533 1801 3606 Signis
1841 3539 1890 3585 et

286 3637 567 3694 uirtutibus
610 3634 802 3690 librum
831 3649 872 3700 i,
917 3633 1009 3704 qui
1049 3641 1135 3689 est
1163 3628 1628 3688 libertcarminis
1660 3625 1890 3697 pascha-

288 3733 364 3788 lis
397 3751 411 3786 :
444 3730 578 3786 item
601 3726 682 3784 De
711 3725 884 3784 Gestis
915 3735 963 3782 et
993 3725 1260 3780 miraculis
1291 3722 1482 3780 Christi
1514 3721 1670 3776 libros
1693 3737 1765 3788 IV,
1799 3717 1892 3789 qui

287 3834 424 3882 sunt
447 3830 678 3896 quatuor
707 3819 835 3878 libri
857 3820 1123 3877 carminis
1145 3817 1420 3891 paschalis
1444 3815 1515 3872 de
1535 3828 1681 3871 novo
1707 3812 1894 3869 Testa-

288 3925 505 3974 mento.

500 4007 561 4065 In
588 4007 837 4079 catalogo
865 4005 1219 4062 bibliothecae
1249 4000 1735 4067 Ulfenbachianaa,
1768 4013 1890 4069 pag.

289 4102 428 4170 29.4,
469 4109 788 4159 recensetur
815 4100 1077 4156 volumen
1107 4097 1460 4154 chartaceum
1506 4091 1654 4150 111-4ο
1696 4091 1896 4147 saeculo

294 4215 376 4254 xv
398 4205 716 4263 exaratum,
743 4194 798 4250 in
826 4208 936 4266 quo
964 4202 1048 4251 est
1081 4192 1325 4249 Sedulius
1352 4198 1502 4264 poeta
1529 4189 1594 4243 de
1618 4186 1897 4259 Prazroga-

294 4293 446 4347 tione
487 4291 592 4346 diei
621 4289 776 4356 sexti,
817 4297 864 4343 et
887 4287 1145 4342 canticum
1171 4283 1432 4358 paschale.
1465 4281 1712 4338 Meminit
1741 4278 1900 4349 huius

294 4383 508 4441 codicis
550 4381 911 4447 Arntzenius,
943 4378 1201 4436 meminit
1242 4386 1298 4434 et
1349 4375 1650 4441 Grunerus,
1694 4372 1788 4443 qui
1819 4370 1900 4426 in-

295 4477 500 4534 scribit
532 4494 546 4532 :
585 4474 664 4532 De
697 4475 1054 4545 Praerogativa
1093 4472 1199 4528 diei
1241 4471 1397 4528 sexti.
1427 4467 1755 4526 Arntzenius
1798 4479 1900 4537 pro

1987 3278 2072 3327 ca.
2105 3266 2158 3319 in
2189 3263 2371 3320 Indice
2409 3263 2678 3334 Theolog.
2713 3272 2770 3318 et
2814 3262 3113 3332 Scriptur.,
3169 3263 3310 3319 inter
3356 3263 3589 3336 hymnos

1991 3357 2050 3415 S.
2092 3355 2362 3413 Ambrosii
2398 3367 2684 3414 recenset:
2722 3356 2818 3412 sed
2875 3355 3027 3412 addit
3062 3375 3072 3410 :
3125 3357 3294 3426 Sunt,
3332 3360 3420 3430 qui
3456 3359 3590 3413 hunc.

1989 3447 2238 3520 hymnum
2285 3446 2625 3521 Theodulpho
2659 3447 2943 3514 ascribunt,
2985 3448 3078 3502 alii
3128 3445 3448 3518 Fortunato,
3491 3451 3586 3504 alii

1993 3559 2106 3598 vero
2139 3543 2375 3600 Sedulio.
2421 3543 2575 3597 Hunc
2612 3557 2826 3613 quoque
2856 3541 3115 3614 hymnum
3151 3541 3434 3598 Fortunati
3465 3560 3589 3601 esse

1993 3638 2249 3694 existimo
2280 3653 2293 3690 :
2325 3637 2408 3707 egi
2433 3636 2503 3692 de
2525 3651 2592 3691 eo
2623 3635 2730 3691 loc.
2764 3634 2859 3690 cit.
2895 3651 3046 3690 num.
3082 3637 3203 3690 189.

2181 3729 2494 3796 Martenius,
2516 3738 2652 3783 tum.
2676 3726 2752 3782 IX
2775 3725 3120 3792 Collection.,
3147 3728 3258 3782 col.
3284 3729 3384 3783 126
3408 3743 3588 3800 seqq.,

1994 3826 2243 3900 producit
2269 3839 2487 3881 carmen
2517 3823 2586 3880 de
2637 3821 3022 3879 Incarnatione
3075 3838 3140 3878 ex
3188 3823 3382 3878 eodem
3415 3823 3591 3878 veteri

1996 3921 2184 3978 codice
2211 3919 2527 3977 Corbeiensi
2547 3965 2561 3989 ,
2612 3934 2679 3974 ex
2704 3932 2814 3990 quo
2859 3933 3083 3974 carmen
3114 3917 3166 3972 in
3211 3917 3466 3974 Genesim
3497 3919 3595 3974 dc-

1997 4015 2215 4087 scripsit
2241 4015 2342 4070 sub
2356 4013 2576 4069 nomine
2601 4013 2854 4082 Iuvenci,
2887 4027 2916 4068 a
2948 4012 3109 4068 nobis
3131 4013 3275 4069 inter
3295 4029 3358 4067 su
3371 4014 3596 4085 ppositi-

2000 4112 2076 4165 tia
2095 4109 2331 4166 Juvenci
2376 4108 2620 4164 carmina
2669 4108 2722 4162 111
2767 4105 3158 4179 appendicibus
3181 4107 3434 4162 relatum.
3461 4107 3594 4162 Car-

1999 4221 2122 4261 men
2156 4203 2226 4258 de
2248 4202 2666 4268 lncarnatione,
2693 4200 2840 4273 quod
2873 4211 3004 4255 tom.
3040 4199 3106 4252 Vl
3138 4197 3398 4255 Biblioth.
3424 4197 3587 4256 Fabr.

2001 4297 2146 4354 med.
2179 4306 2235 4352 et
2264 4295 2361 4351 inf.
2399 4294 2501 4350 aevi
2545 4308 2798 4349 recusum
2851 4291 2974 4361 fuit,
3024 4291 3326 4347 Martenius
3370 4291 3596 4348 Sedulio

1999 4393 2252 4459 ascribit,
2276 4390 2400 4462 quia
2432 4390 2573 4446 libro
2600 4388 2826 4458 [operis
2856 4385 3131 4458 paschalis
3153 4389 3172 4459 (
3196 4386 3447 4456 intelligo
3471 4403 3590 4440 car-

2002 4488 2156 4543 minis
2185 4485 2484 4560 paschalis)
2519 4482 2833 4554 adjungitur
2867 4492 3139 4552 tamquam
3171 4496 3295 4550 pars
3323 4479 3592 4549 ejusdem,

294 4578 458 4628 certo
478 4567 705 4626 delinire
732 4583 841 4625 non
866 4568 1053 4635 audet,
1085 4581 1153 4622 an
1184 4581 1248 4623 ex
1277 4563 1592 4638 hujusmodi
1613 4578 1750 4618 mss.
1777 4576 1888 4617 car-

2007 4582 2154 4639 nulla
2184 4550 2504 4652 interposita
2533 4550 2908 4642 distinctione,
2939 4550 3088 4631 nulla
3117 4574 3414 4641 divisione,
3444 4574 3596 4629 nullo

294 4662 548 4721 minibus
577 4662 785 4718 Sedulii
813 4660 1124 4733 deprompti
1154 4659 1265 4716 sint
1287 4673 1480 4715 versus
1511 4672 1646 4729 quos
1673 4656 1775 4713 sub
1799 4653 1900 4712 Se-

299 4755 450 4813 dulii
479 4757 700 4811 nomine
721 4753 940 4810 adducit
965 4754 1042 4811 Le
1072 4752 1273 4820 Moine,
1303 4751 1434 4808 Var.
1461 4751 1616 4808 Sacr.
1649 4759 1784 4808 tom.
1812 4747 1901 4817 lll,

301 4865 436 4925 pag.
469 4848 596 4906 6'59.

403 4965 638 5016 Abluitur
659 4963 860 5015 Judteus
880 4963 997 5014 odor
1018 4963 1312 5024 baptismate
1336 4974 1473 5012 sacro
1486 4999 1500 5020 ,

470 5027 534 5079 Et
555 5040 677 5078 nova
700 5029 968 5091 progenies
983 5026 1172 5076 reddita
1195 5027 1350 5089 surgit
1365 5026 1520 5088 aquis.

269 5136 271 5138 η
308 5156 424 5218 Sed
472 5171 582 5211 non
635 5156 777 5212 male
819 5156 1132 5226 suspicatur
1160 5153 1304 5210 idem
1331 5151 1681 5217 Arntzenius,
1710 5165 1774 5205 ex
1803 5148 1908 5204 fes-

303 5253 509 5308 tinanti
539 5249 747 5305 calamo
769 5248 1056 5306 Sedulium
1079 5263 1179 5320 pro
1199 5247 1308 5303 alio
1336 5255 1497 5318 poeta
1527 5245 1862 5302 nominatum
1889 5256 1905 5307 ;

304 5346 517 5417 quippe
538 5351 670 5398 sunt
688 5343 997 5398 Fortunati.

2008 4675 2164 4732 titulo
2197 4673 2388 4744 :quod,
2411 4670 2589 4739 addit,
2621 4687 2736 4725 cum
2777 4669 3034 4744 singulari
3065 4667 3236 4723 studio
3290 4666 3598 4740 perlegisse-

2007 4787 2142 4835 mus,
2174 4770 2406 4824 eumdem
2429 4767 2483 4820 in
2506 4766 2667 4840 priori
2694 4772 2740 4819 et
2762 4765 2816 4818 in
2843 4763 3075 4834 sequenti
3111 4759 3466 4816 lucubratione
3492 4771 3598 4833 sty-

2009 4864 2117 4916 lum
2137 4861 2617 4916 animadvertimus.
2645 4857 2914 4914 Gallandii
2961 4856 3149 4923 verba,
3176 4871 3241 4911 ex
3275 4855 3498 4911 dissert.
3531 4856 3601 4910 de

2010 4955 2236 5013 Sedulio
2258 4955 2324 5010 ad
2358 4966 2488 5010 tum.
2531 4953 2606 5008 IX
2640 4953 2781 5008 Bibl.
2811 4951 3031 5008 Patrum
3067 4951 3228 5006 liceat
3287 4948 3418 5006 mihi
3445 4963 3604 5004 usur-

2008 5065 2139 5121 pare
2175 5047 2430 5104 :Mallem
2455 5048 2712 5119 equidem,
2736 5054 2789 5099 ut
2819 5045 3063 5116 indefessi
3107 5044 3328 5098 editores
3382 5039 3604 5094 Benedi-

2010 5142 2133 5197 ctini
2159 5141 2388 5214 graviori
2409 5148 2830 5213 argumentorum
2876 5137 3103 5207 pondere
3119 5135 3200 5190 usi
3225 5135 3464 5205 fuissent,
3490 5133 3609 5202 qui-

2013 5237 2104 5292 bus
2161 5234 2435 5292 Sedulium
2484 5233 2642 5303 huius
2695 5231 2940 5286 carminis
2988 5238 3251 5284 auctorem
3295 5228 3604 5282 evincerent.

2012 5332 2194 5388 Mirari
2225 5330 2374 5386 subit
2400 5346 2504 5401 qua
2528 5329 2746 5386 ratione
2774 5324 3026 5384 eumdem
3053 5325 3254 5396 stylum
3288 5322 3340 5376 in
3371 5321 3612 5378 carmine

387 5436 477 5492 5|.
521 5435 884 5490 Dittochzeum
917 5433 1222 5498 Prudentii,
1269 5431 1414 5504 quod
1443 5431 1624 5487 minus
1647 5429 1788 5486 bene
1819 5425 1912 5483 alii
2014 5427 2082 5485 de
2105 5425 2490 5483 lncarnatione
2518 5434 2575 5481 et
2618 5425 2673 5479 in
2727 5422 2969 5478 carmine
3023 5416 3270 5490 paschali
3312 5415 3611 5474 Martenius

306 5527 686 5596 Enchiridion,
721 5527 816 5582 alii
850 5525 1148 5598 Diptychon
1175 5534 1399 5593 vocant,
1430 5524 1535 5580 sub
1562 5522 1768 5580 Sedulii
1817 5538 1916 5577 no-
2020 5517 2464 5576 animadverterit
2512 5535 2526 5571 :

309 5623 468 5680 mine
495 5638 644 5692 srcpe
671 5620 866 5688 laudat
905 5619 972 5677 G.
1013 5619 1295 5676 Fabricius
1345 5620 1400 5674 in
1431 5620 1733 5676 Comment.
1767 5627 1916 5688 poet.

309 5717 542 5782 christ.,
575 5727 630 5773 et
658 5713 868 5773 Sedulii
915 5730 1053 5786 opus
1091 5730 1216 5770 esse
1247 5713 1560 5786 suspicatus
1588 5723 1672 5772 est
1696 5710 1920 5770 Sichar-

313 5811 445 5868 dus.
478 5806 685 5866 Auctor
713 5823 883 5864 verus
903 5816 989 5864 est
1021 5807 1394 5865 Prudentius:
1444 5822 1554 5881 qua
1605 5806 1674 5864 de
1715 5821 1776 5864 re
1813 5821 1921 5863 non

612 5903 890 5966 Panos.
941 5901 1120 5964 XIX.

2578 5531 2702 5571 nam
2729 5529 2948 5570 carmen
3011 5510 3080 5566 de
3101 5508 3481 5566 lncarnatione
3528 5519 3616 5568 est

2021 5625 2184 5672 cento
2210 5611 2526 5684 Virgilianis
2553 5611 2809 5665 versibus
2829 5614 3141 5673 contextus,
3168 5610 3229 5658 ut
3247 5602 3394 5660 idem
3417 5604 3616 5663 Marte-

2026 5708 2150 5764 nius
2184 5704 2440 5761 indicatis
2491 5702 2626 5758 locis
2670 5701 2970 5756 observat:
3003 5707 3056 5752 at
3100 5711 3318 5753 carmen
3361 5696 3618 5769 paschale

2031 5804 2174 5878 stylo
2219 5802 2446 5874 proprio
2475 5798 2683 5858 Sedulii
2731 5795 2871 5864 ﬂuit,
2904 5794 3155 5868 quamvis
3208 5791 3498 5864 aliquando
3528 5792 3622 5848 hc-

3152 5885 3228 5946 15
