4096 6182
537 174 646 233 ιόθ

1843 177 2122 238 C(EBIUS
2157 176 2510 238 SEDUBIUS.

3718 182 3825 240 ιιι

538 289 813 349 mistichia
836 289 1065 362 Virgilii,
1093 293 1179 347 vel
1209 305 1372 346 unum
1399 301 1494 348 aut
1517 294 1748 351 alterum
1772 310 1996 353 versum
2025 297 2123 353 Se-
2150 313 2202 369 Α
2299 296 2389 355 56.
2414 296 2686 361 Labbeus,
2730 296 2783 352 in
2812 294 2962 351 Nova
2988 294 3328 353 Bibliotheca
3358 310 3515 363 mss.,
3548 297 3668 354 sive
3698 311 3830 367 spe-

536 384 717 441 dulius
746 392 991 454 usurpet.
1013 384 1167 451 Quod
1203 394 1386 442 autem
1417 402 1635 444 carmen
1657 389 1726 446 de
1745 389 2123 448 Incarnatione

538 480 680 536 libro
705 496 723 535 1
749 480 1009 535 carminis
1034 478 1303 550 paschalis
1328 496 1600 539 annexum
1622 483 1808 551 fuerit,
1843 494 2121 556 tamquam

537 587 663 644 pars
688 570 956 643 ejusdem,
1000 572 1105 629 hoc
1129 580 1284 629 certe
1306 589 1370 630 ex
1397 575 1721 633 oscitatione
1748 570 1833 634 vel
1870 577 2124 649 ignoran-

535 667 608 721 tia
636 665 846 721 librarii
872 666 1118 737 contigit.
1152 665 1324 722 Nemo
1361 668 1506 723 enim
1547 680 1653 726 tam
1677 685 1857 727 caecus
1885 669 1995 744 35
2013 680 2119 738 est;

535 762 668 835 quin
698 761 881 819 videat
906 775 1124 817 carmen
1159 761 1228 818 de
1256 763 1631 820 incarnatione
1658 764 1725 821 ad
1756 780 1977 821 carmen
2030 781 2120 836 pa-

533 854 719 911 schale
745 854 896 909 nullo
919 853 1083 908 modo
1106 853 1384 923 pertinere
1400 842 1583 926 pnsse.
1688 924 1691 931 ,

606 950 694 1005 55.
730 948 1008 1014 Nonnulli,
1039 963 1162 1003 cum
1191 949 1478 1017 Martenio,
1510 942 1577 1006 ei
1610 940 2002 1022 epigrammate
2053 949 2121 1007 ad

529 1040 924 1117 Theodosium,
954 1039 1099 1111 quod
1133 1041 1187 1094 in
1220 1042 1498 1097 nonnullis
1527 1041 1861 1099 editionibus
1889 1044 2119 1098 carmini

533 1137 775 1208 paschali
818 1135 1193 1207 praemittitur,
1229 1144 1288 1191 ut
1325 1145 1483 1191 antea
1531 1135 1867 1207 explicatum
1897 1147 2004 1202 est,
2038 1151 2123 1191 ar-

532 1239 850 1303 gumentum
877 1230 1193 1300 desumunt,
1222 1238 1281 1285 ut
1317 1229 1539 1286 Sedulio
1566 1245 1788 1287 carmen
1834 1231 1902 1286 de
1938 1231 2122 1288 lncar-

529 1324 754 1380 natione
781 1321 1114 1394 adjudicent.
1150 1321 1351 1379 Verum
1379 1323 1600 1394 quidem
1647 1335 1753 1393 eSt,
1804 1324 2029 1378 carmini
2053 1323 2121 1378 de

530 1415 913 1474 lncarnatione
939 1416 1132 1473 melius
1158 1418 1456 1472 convenire
1494 1416 1659 1473 verba
1691 1416 2117 1488 epigrammatis,

1289 1553 1507 1616 Dignare
1530 1551 1783 1605 Maronem

651 1615 890 1669 Mutatum
913 1617 966 1666 in
983 1616 1163 1668 melius
1182 1617 1348 1668 divino
1364 1615 1646 1678 agnoscere
1667 1629 1835 1667 sensu.

528 1778 602 1873 ,At
618 1805 748 1846 vero
781 1804 955 1860 neque
978 1789 1080 1845 hoc
1097 1790 1431 1861 epigramma
1457 1798 1743 1847 auctorem
1761 1790 1925 1847 habet
1945 1789 2119 1847 Sedu-

527 1882 683 1963 lium,
700 1882 887 1951 utjam
915 1880 1200 1952 probatum
1224 1892 1328 1949 est,
1350 1897 1524 1953 neque
1536 1881 1846 1937 carminide
1869 1881 2119 1937 lucarna-

530 1975 679 2061 tione
691 1988 992 2046 congruere
1014 1982 1213 2044 potest.
1230 1973 1623 2046 Argumentum
1654 1975 1797 2030 enim
1818 1974 1978 2044 hujus
1993 1987 2115 2028 car-

528 2071 693 2126 minis
721 2060 926 2124 tantum
942 2068 1345 2124 estlncarnatio
1368 2087 1381 2122 :
1404 2069 1736 2139 epigramma
1759 2078 1939 2143 autem
1966 2069 2117 2137 plura
2152 2062 2157 2067 ’

526 2145 632 2229 alia
663 2162 902 2233 attingit,
928 2177 1048 2231 quae
1091 2162 1143 2217 in
1175 2171 1430 2235 poemate
1459 2170 1647 2217 essent
1667 2162 1945 2231 exposita,
1968 2174 2119 2215 crea-

528 2254 735 2310 tionem
765 2240 953 2310 mundi
988 2264 1042 2310 et
1071 2254 1329 2322 hominis,
1353 2244 1545 2322 vitam,
1573 2254 1851 2321 miracula,
1886 2262 2117 2308 mortem

529 2358 583 2403 et
610 2347 986 2404 ascensionem
1012 2346 1145 2403 Jesu
1172 2346 1394 2403 Christi.
1441 2346 1501 2401 In
1541 2346 1763 2404 decreto
1803 2346 2115 2415 Gelasiano,

524 2441 670 2511 inter
697 2441 825 2508 alia,
846 2443 930 2498 sic
957 2441 1190 2496 habetur
1221 2459 1234 2494 :
1267 2438 1650 2496 Centometrum
1678 2440 1742 2495 de
1766 2438 1973 2494 Christo
2001 2438 2121 2492 Vir—

528 2533 741 2607 gilianis
765 2534 1189 2608 compaginatur):
1214 2535 1439 2589 versibus
1461 2534 1834 2606 apocryphum.
1870 2528 2121 2607 Blanchi-

528 2642 630 2703 nus
658 2627 878 2700 Proleg.
908 2627 977 2683 ad
1004 2631 1284 2703 Anastas.,
1308 2635 1443 2683 tom.
1470 2644 1547 2694 1v,
1571 2643 1640 2684 ex
1666 2628 1789 2685 cod.
1815 2628 1991 2684 Vatic.
2018 2623 2120 2683 Pa-

527 2718 681 2775 latin.
739 2720 888 2786 495,
948 2720 1080 2791 legit
1125 2719 1409 2789 (.‘entoneui
1455 2720 1656 2791 (forte,
1708 2720 2027 2791 Centonem)
2058 2721 2120 2774 de

527 2812 729 2867 Christo
792 2811 1120 2885 Virgilianis‘
1158 2812 1581 2885 compaginatum
1628 2814 1855 2868 versibus
1899 2830 2121 2885 apocry-

526 2907 706 2978 phum.
755 2906 814 2962 In
867 2907 1051 2962 codice
1085 2914 1302 2962 vetusto
1339 2906 1665 2962 Florentino
1714 2907 1976 2963 omissum
2000 2916 2122 2962 erat

524 2997 629 3055 hoc
654 3011 834 3071 caput.
867 3000 927 3053 lu
974 3014 1082 3053 ms.
1114 2999 1336 3054 Jurensi
1384 3000 1465 3077 sic
1490 2999 1746 3069 refertur,
1781 2999 2029 3054 Ceutones
2056 2999 2120 3054 de

526 3090 731 3145 Christo
760 3090 1063 3163 Virgilianis
1099 3091 1470 3161 compaginati,
1519 3093 1823 3163 apocryphi.
1877 3092 1936 3146 ln
1993 3093 2116 3147 cod.

527 3274 730 3331 Christo
790 3274 1094 3349 Virgilianis
1132 3278 1551 3355 compaginatum
1603 3277 1852 3347 versibus,
1900 3295 2120 3355 apocry-

520 3372 703 3444 phum.
748 3357 1036 3427 Praevaluit
1068 3382 1247 3427 tamen
1298 3373 1439 3440 apud
1482 3373 1684 3447 multos
1734 3372 1920 3445 titulus
1952 3372 2124 3427 Centi-

528 3476 772 3533 metrum,
800 3480 869 3521 ex
914 3474 1059 3519 centu
1111 3476 1167 3520 et
1220 3460 1652 3539 metrum:quod
1683 3468 1826 3520 enim
1874 3465 1949 3520 ait
1974 3454 2124 3520 com-

529 3542 799 3619 mrentator
825 3561 975 3618 Artis
1014 3561 1261 3616 metricae
1289 3561 1449 3615 Beda:
1474 3552 1528 3615 in
1553 3576 1657 3615 ms.
1694 3561 1865 3616 Vatic.
1893 3603 1909 3628 ,
1944 3560 2120 3614 Centi-

530 3669 749 3714 metrum
775 3656 966 3713 dicitur
989 3654 1116 3731 liber
1136 3665 1336 3708 centum
1357 3653 1549 3708 habens
1573 3666 1754 3723 metra,
1782 3654 2014 3710 fortasse
2042 3658 2125 3711 in-

528 3734 882 3821 telligendum
910 3759 991 3827 est
1023 3748 1092 3802 de
1121 3747 1295 3802 Servii
1321 3746 1685 3802 Centimetro.
1717 3746 1969 3817 Plerique
1990 3763 2119 3827 lcum

528 3845 587 3903 S.
622 3840 949 3923 Isidorohde
971 3822 1089 3895 Vir.
1122 3840 1347 3905 illustr.,
1384 3840 1436 3893 id
1493 3839 1858 3923 accipiuntde
1889 3822 2123 3897 centone

526 3922 837 4008 ,Virgiliano
864 3934 1055 3990 Proba:
1099 3932 1387 3987 Faltoniaa.
1438 3932 1496 3987 ιιι
1528 3931 1710 3988 indice
1739 3922 2123 4003 espurgatorio

532 4028 980 4107 Brasichellensis
1002 4012 1319 4107 conjicitur,
1349 4016 1457 4079 nun
1485 4039 1607 4080 esse
1627 4035 1911 4080 centonem
1935 4011 2125 4080 Proba:

531 4138 751 4180 carmen
779 4139 808 4175 a
834 4102 1052 4177 Gelasio
1072 4102 1217 4201 inter
1247 4112 1557 4201 apocrypha
1586 4117 1857 4201 relatum.
1883 4117 1994 4174 Cur
2023 4135 2123 4174 no-

530 4202 618 4273 his
648 4215 922 4297 conjicere
952 4228 1059 4268 non
1110 4198 1290 4279 lieeat,
1337 4198 1557 4267 carmen
1606 4212 1673 4268 de
1726 4198 2121 4283 incarnatione,

531 4308 678 4380 quod
704 4294 995 4361 Martenius
1024 4294 1217 4372 edidit,
1243 4320 1366 4361 esse
1388 4306 1793 4381 Centometrum
1823 4306 1912 4361 vel
1942 4308 2127 4362 Centi—

536 4410 787 4469 metrum,
812 4400 881 4454 ad
934 4398 1236 4468 scripturas
1290 4384 1634 4483 aipocryphas
1663 4414 1692 4452 a
1720 4390 1953 4469 ,Ge'lasio
1983 4399 2123 4483 reje-

2228 389 2356 444 cim.
2386 390 2556 461 anth.
2590 388 2740 457 lect.,
2786 397 2931 461 part.
2961 405 3013 457 i,
3073 406 3196 461 pag.
3223 390 3333 463 εἴη
3384 392 3436 446 in
3481 390 3678 447 codice
3716 402 3802 447 ms

2225 482 2445 551 optimm
2473 491 2619 536 notae
2639 496 2700 537 se
2739 481 2943 537 vidisse
2971 482 3048 535 ait
3076 480 3284 537 Sedulii
3312 479 3728 538 Collectaneum
3768 483 3825 537 in

2225 573 2575 647 Evangelium
2605 573 2662 631 S.
2687 572 2949 638 Matthaei,
2994 588 3063 628 ex
3091 574 3261 629 variis
3302 573 3555 630 Patribus
3593 589 3827 645 excerp-

2224 674 2361 732 tum,
2393 676 2449 723 et
2480 668 2531 722 in
2575 668 2751 738 capita
2798 681 2892 722 seu
2920 666 3192 722 sectiones
3218 667 3325 723 553
3353 665 3615 724 divisum.
3648 666 3824 733 Idem;

2224 759 2292 815 de
2318 760 2585 831 Scriptor.
2613 760 2838 829 eccles.,
2870 760 3108 816 afﬁrmat
3134 759 3545 818 Collectaneum
3584 761 3697 817 hoc
3723 759 3822 817 Se-

2223 850 2357 907 dulii
2385 851 2439 907 in
2486 850 2797 908 Matthaaum
2845 858 3065 908 exstare
3116 853 3170 908 in
3216 838 3552 910 bibliozheca
3600 853 3821 926 collegii

2223 944 2545 1001 Parisiensis
2565 944 2631 1002 S:
2654 944 2696 999 Ι.
2731 945 2783 999 in
2824 944 3172 1000 nitidissimis
3223 946 3561 1002 membranis
3597 947 3824 1018 elegan-

2224 1035 2431 1090 tissima
2462 1050 2646 1103 manu,
2683 1045 2737 1091 et
2787 1052 2911 1107 qua:
2956 1037 3060 1093 700
3085 1046 3181 1093 aut
3206 1020 3312 1095 800
3349 1053 3525 1109 annos
3566 1050 3821 1111 superet,

2223 1126 2584 1198 descriptum;
2614 1126 2668 1183 in
2689 1144 2797 1197 quo
2817 1129 3054 1185 citantur
3081 1144 3191 1186 non
3213 1129 3381 1203 modo
3398 1129 3458 1187 S.
3487 1120 3817 1201 Eucherius,

2224 1218 2282 1277 S.
2308 1219 2440 1290 Leo,
2472 1218 2749 1293 Arnobius
2769 1219 2979 1288 junior,
3026 1219 3262 1277 Faustus
3290 1219 3566 1290 Reiensis,
3594 1223 3655 1278 S.
3681 1223 3822 1279 Cre-

2220 1314 2425 1385 gorius,
2472 1312 2530 1369 S.
2561 1312 3145 1383 lsidorns,Arcnlt'us,
3197 1329 3261 1370 ac
3311 1313 3449 1371 Ven.
3506 1315 3675 1379 Beda,
3722 1317 3818 1373 sed

2221 1416 2278 1465 et
2310 1408 2427 1472 ipse
2453 1417 2612 1477 poeta
2638 1406 2894 1464 Sedulius
2927 1425 2940 1461 :
2973 1409 3056 1463 sic
3098 1409 3243 1464 enim
3289 1408 3357 1464 ad
3385 1408 3480 1483 illa
3509 1409 3703 1480 verba,
3750 1408 3819 1463 Et

2220 1518 2285 1556 ne
2314 1517 2406 1557 nos
2434 1501 2653 1556 inducas
2674 1502 2727 1556 in
2749 1503 3102 1568 tentationem,
3129 1502 3211 1557 ait
3229 1515 3421 1560 aucuir
3442 1502 3817 1562 Collectanei:

2223 1595 2365 1652 Hinc
2389 1594 2638 1651 Sedulius
2659 1597 2861 1670 egregie
2888 1598 3114 1653 versibus
3141 1596 3383 1653 describit
3410 1598 3586 1675 dicens
3607 1614 3629 1654 :

2345 1757 2455 1822 l‘ion
2475 1759 2590 1821 quia
2608 1770 2700 1807 nos
2718 1756 2953 1807 Dominus
2974 1756 3115 1821 lucis,
3141 1759 3354 1822 vitaeque
3377 1761 3607 1821 repertor

2344 1819 2399 1870 In
2422 1819 2627 1883 laqueos
2650 1822 2887 1870 tentautis
2906 1826 3047 1883 agat,
3072 1819 3174 1871 etc.

2219 1972 2417 2029 Censet
2443 1970 2716 2039 Labbeus,
2762 1969 3015 2026 eumdem
3060 1969 3340 2027 Sedulium
3372 1985 3496 2027 esse
3522 1981 3816 2027 auctorem

2219 2066 2552 2123 Collectanei
2610 2067 2666 2121 in
2710 2066 2977 2136 epistolas
3035 2065 3210 2134 Pauli,
3264 2075 3318 2122 et
3372 2067 3425 2138 in
3456 2066 3818 2138 Evangelium

2220 2159 2482 2225 Matthxi,
2505 2160 2596 2230 qui
2626 2158 2882 2215 ﬂoruerit
2908 2158 3114 2215 smculo
3140 2174 3217 2224 rx,
3238 2158 3342 2215 sub
3368 2157 3567 2215 Carolo
3597 2159 3822 2231 Magno,

2219 2253 2448 2323 ejusque
2495 2250 2607 2325 tilio
2657 2251 2938 2307 Ludovico
2963 2251 3061 2306 Pio
3100 2269 3113 2305 :
3154 2251 3293 2306 ratio
3320 2251 3464 2306 enim
3497 2250 3602 2307 ista
3630 2253 3822 2321 expla-

2218 2346 2383 2402 nandi
2426 2346 2643 2402 codices
2673 2361 2859 2401 sacros
2908 2347 3053 2416 sapit
3098 2345 3321 2403 omnino
3368 2346 3591 2417 genium
3626 2347 3820 2403 επευῆ

2218 2458 2303 2513 ιχ,
2360 2441 2426 2496 ad
2477 2442 2620 2511 quod
2674 2442 2870 2497 tertius
2922 2440 3179 2497 Sedulius
3230 2442 3298 2496 ab
3354 2441 3679 2512 Hepidanno
3728 2459 3818 2500 re-

2218 2534 2408 2589 fertur.

2289 2629 2381 2684 57.
2407 2628 2593 2684 Monet
2620 2636 2824 2697 tamen,
2868 2627 3253 2696 Auhertinum»,
3287 2642 3409 2699 pag.
3447 2627 3547 2682 9H
3593 2626 3811 2683 Praesti-

2218 2720 2427 2791 giarum
2455 2734 2674 2775 suarum
2719 2719 2788 2774 de
2819 2718 3178 2775 Sacramento
3222 2717 3601 2785 Eucharistize,
3635 2718 3817 2774 credi-

2216 2812 2370 2869 disse
2399 2821 2679 2870 auctorem
2719 2811 3054 2869 Collectanei
3104 2814 3158 2868 in
3189 2794 3412 2869 Paulum
3440 2811 3612 2868 fuisse
3636 2812 3816 2869 Sedu-

2216 2906 2347 2962 lium
2373 2894 2713 2976 episcOpum,
2768 2907 2859 2977 qui
2889 2906 3093 2962 saeculo
3140 2922 3237 2962 vm
3264 2906 3495 2963 concilio
3537 2905 3816 2972 Romano,

2218 3015 2361 3055 anno
2388 3000 2514 3066 721,
2545 2990 2814 3073 interfuit,
2844 2999 2949 3056 Sed
2978 3016 3098 3071 cum
3132 3001 3185 3059 in
3215 3000 3560 3073 Collectaneo
3590 3002 3646 3055 in
3680 3001 3817 3056 Mat-

2149 3101 2192 3163 (3
2226 3094 2425 3148 thzeum
2450 3093 2612 3149 verba
2633 3082 2960 3165 quandoque
2988 3080 3345 3165 desumantiir
3380 3110 3445 3149 ex
3469 3094 3611 3151 Ven.
3646 3094 3816 3160 Beda,

529 3183 707 3239 Vatic.
737 3184 898 3251 5791,
941 3198 1101 3253 quem
1143 3199 1244 3254 ego
1274 3185 1497 3248 contuli,
1538 3184 1740 3251 inveni,
1771 3181 2123 3240 Ceutonemde
2172 3222 2177 3235 .

2224 3184 2316 3255 qui
2337 3185 2471 3241 obiit
2497 3201 2640 3241 allllo
2666 3187 2788 3251 755,
2834 3188 2997 3257 longe
3027 3187 3364 3257 probabilius
3393 3199 3504 3255 est,
3534 3199 3816 3261 auctorem

2226 3277 2383 3348 hujus
2428 3262 2778 3346 Collectanei,
2818 3291 2981 3350 atque
3029 3281 3166 3336 adeo
3206 3281 3431 3336 alterius
3478 3281 3532 3335 in
3582 3280 3808 3337 Paulum

2225 3371 2685 3442 (quandoquidem
2718 3373 2862 3429 idem
2888 3376 3168 3445 utriusque
3189 3383 3377 3430 auctor
3390 3391 3511 3432 esse
3537 3376 3810 3445 censetur)

2222 3466 2399 3524 fuisse
2426 3469 2646 3525 tertium
2668 3469 2978 3553 Sedulium,
3024 3470 3116 3540 qui
3147 3471 3352 3525 saeculo
3379 3486 3433 3525 ιι
3458 3470 3569 3543 36
3599 3472 3818 3538 claruit,

2222 3560 2339 3615 sive
2382 3560 2662 3631 presbyter
2692 3558 2891 3624 fuerit,
2940 3561 3060 3617 sive
3092 3560 3380 3632 episcopus
3423 3581 3438 3616 :
3484 3562 3818 3635 nihil‘enim

2223 3658 2429 3705 certum
2452 3650 2521 3705 de
2543 3664 2610 3705 eo
2630 3649 2911 3706 habemus.
2941 3651 3008 3705 Ba
3018 3651 3178 3723 ylius,
3204 3653 3257 3706 in
3277 3650 3499 3725 Lexico;
3525 3653 3819 3722 Dupinium

2224 3729 2560 3814 perStringit,
2595 3744 2738 3815 quod
2769 3746 3091 3819 assertterit,
3124 3747 3174 3800 in
3202 3746 3557 3802 Collectaneo
3598 3749 3653 3819 in
3696 3748 3815 3816 epi-

2224 3838 2392 3893 stolas
2413 3837 2562 3893 Pauli
2587 3839 2794 3894 laudari
2818 3839 3017 3895 Bedam
3048 3857 3061 3893 :
3090 3840 3232 3911 quod
3258 3856 3366 3897 non
3397 3841 3466 3897 de
3498 3842 3594 3897 hoc
3628 3818 3811 3897 Colle-

2225 3941 2439 3999 ctaneo,
2454 3931 2632 3989 scd‘de
2644 3933 2885 4003 alteroin
2902 3932 3210 3989 Matthwum
3234 3934 3482 3990 Labbeus
3495 3934 3809 3992 tradiderat.

2225 4022 2596 4092 Mabillonius,
2629 4034 2760 4080 tom.
2792 4024 2813 4079 Ι
2837 4026 3086 4083 Analect.
3115 4037 3465 4100 veter.,pag.
3494 4029 3622 4096 564,
3641 4044 3817 4085 avere

2225 4116 2387 4189 longe
2409 4118 2666 4176 aberrare
2695 4121 2773 4175 ait
2791 4135 2909 4191 eos,
2934 4120 3026 4192 qui
3063 4121 3656 4180 Sedulium'auctorem
3685 4122 3819 4180 Car-

2226 4211 2389 4275 minis
2414 4211 2692 4282 paschalis
2744 4214 2999 4271 eumdem
3045 4231 3169 4272 esse
3202 4226 3407 4288 putant
3444 4234 3509 4273 ac
3527 4219 3817 4276 Sedulium

2224 4302 2469 4373 Scotum,
2491 4320 2588 4363 seu
2621 4306 2914 4363 liibernum
2943 4310 3343 4381 presbyterum,
3364 4311 3548 4368 itidem
3572 4322 3819 4382 poetam,

2224 4413 2385 4468 quem
2415 4401 2622 4455 saeculo
2651 4416 2745 4456 vm
2784 4401 3032 4460 ﬂoruisse
3079 4415 3315 4460 constat.
3348 4405 3540 4462 Verum
3590 4416 3817 4463 contro—

533 4494 727 4552 ctum‘!
771 4494 916 4551 Sane
958 4482 1208 4548 GelaSius
1232 4480 1610 4563 argumentum
1641 4480 2405 4568 Centenisasseritpversia
2459 4494 2802 4558 potissimum
2861 4507 2945 4552 est
3005 4496 3074 4552 de
3120 4498 3381 4569 Operibus
3429 4498 3819 4557 Seduliorum:

538 4602 658 4645 esse
679 4586 745 4644 de
768 4587 990 4643 Christo
1015 4602 1028 4639 :
1055 4585 1311 4669 it‘lautcm
1340 4586 1587 4669 apprime
1607 4574 1868 4669 com'enit
1894 4587 2125 4643 Centoni

542 4681 688 4736 edito
714 4695 744 4735 a
774 4654 1260 4744 Martenibeento
1290 4654 1427 4755 vero
1450 4654 1640 4755 Proba:
1696 4664 1858 4732 latius
1883 4680 2129 4736 extendi-

540 4776 649 4841 t'ur,
670 4784 731 4830 ut
755 4774 836 4829 vel
866 4789 933 4829 ex
954 4774 1108 4827 titulo
1134 4756 1297 4843 palet,
1325 4750 1402 4824 Ᾰά
1547 4760 1891 4826 εὲὲιὶηιοηὶωη
1930 4760 2129 4831 veteris

524 4880 585 4943 Act
619 4848 1135 4943 Novi‘Testanienti.
1180 4848 1485 4943 Quamnam
1524 4876 1707 4943 autem
1746 4856 2126 4923 auctoritatem

542 4938 682 5033 apud
714 4938 1014 5025 catholicos
1045 4957 1148 5011 sibi
1182 4940 1419 5012 vindicet
1462 4942 2120 5026 ludex‘Brasichellensi‘s,

542 5058 684 5128 lege,
704 5040 755 5129 isi
782 5033 982 5124 placet,
1029 5050 1168 5121 apud
1202 5038 1660 5122 Papebrochium,
1688 5042 1741 5104 in
1764 5038 2128 5141 responsione

536 5134 605 5206 ad
634 5130 1023 5227 exhibitionem
1039 5130 1289 5199 errorum
1304 5130 1405 5219 per
1418 5130 1795 5199 Sebastianum
1820 5134 1846 5196 ξι
1947 5130 2126 5202 ἼΡίιιιιο

538 5222 867 5315 ὁνιιΙεθὶιιιῐι,
904 5222 1043 5323 part.
1079 5255 1137 5308 ιι,
1185 5249 1288 5323 art.
1322 5241 1382 5309 5,
1412 5224 1541 5323 pag.
1565 5224 1653 5294 20.
1703 5224 1836 5293 Nam
1876 5222 2126 5323 ‘literetiCi

542 5338 727 5405 miras,
782 5335 884 5413 sed
924 5316 1123 5389 inanes
1186 5316 1482 5413 lragoedias
1528 5316 1596 5413 de
1631 5331 1743 5387 hoc
1794 5316 2124 5413 opere'ap'ud

540 5429 687 5507 ipsos
705 5410 1009 5501 rarissimo,
1057 5440 1231 5497 neque
1272 5404 1416 5495 apud
1440 5472 1445 5509 ζ
1470 5408 1690 5479 "nostros
1716 5414 1930 5494 quidem
1964 5406 2124 5482 valde

540 5504 718 5587 obvio,
744 5506 1006 5587 escit-ant,
1030 5531 1087 5603 ut
1114 5514 1402 5603 “colligitur
1440 5504 1511 5573 ex
1556 5506 2038 5603 observationibus
2069 5512 2121 5573 in

546 5602 660 5691 reti;
690 5584 1195 5668 l'itterar'i’am'llal'm
1220 5584 1657 5682 'hfagdebur'gicze
1682 5586 1841 5677 {70:0,
1871 5602 2002 5666 tom.
2031 5609 2119 5680 ιιι,

540 5707 598 5754 et
614 5690 742 5758 iliis
767 5692 899 5758 tom.
926 5717 1081 5772 seqq.

2231 4597 2355 4638 nam
2412 4583 2548 4640 duos
2604 4585 2688 4641 vel
2734 4587 2929 4656 .plures
2992 4588 3246 4645 Sedulios
3326 4590 3563 4664 plerique
3614 4593 3815 4649 distin-

2218 4687 2417 4749 guunt.
2483 4677 2532 4731 Is
2611 4685 2794 4735 autem
2872 4679 3165 4748 Seduliusv,
3240 4698 3404 4754 quem
3474 4687 3678 4741 saeculo
3727 4702 3816 4743 vm

2229 4766 2481 4825 ﬂoruisse
2523 4779 2770 4838 constat,
2828 4774 3119 4845 episcopus
3165 4776 3307 4831 fuit:
3354 4787 3571 4848 poetam
3627 4778 3813 4837 itidem

2233 4862 2401 4917 fuisse
2421 4862 2676 4934 afﬁrmat,
2723 4866 2815 4921 sed
2848 4884 2954 4922 non
2988 4869 3183 4939 probat
3205 4871 3574 4941 Mabillonius,
3604 4876 3700 4945 qui
3730 4891 3814 4943 ea,

2231 4974 2352 5027 quae
2379 4958 2645 5025 Labbeus,
2678 4961 2878 5032 aliique
2902 4950 3299 5021 viri'crilici'de
3328 4966 3562 5023 Seduliis
3589 4975 3811 5024 notave-

2229 5059 2383 5137 rant,
2420 5066 2527 5105 non
2573 5051 2785 5137 videtur
2815 5069 2926 5124 praa
2974 5056 3149 5129 oculis
3198 5058 3452 5114 habuisse
3490 5076 3503 5111 :
3553 5076 3681 5115 nam
3721 5076 3839 5133 pro

2226 5133 2445 5223 incditis
2476 5133 2615 5198 inter
2644 5138 2853 5223 poetica
2894 5136 3075 5223 primo
3103 5140 3229 5223 loc'n
3249 5149 3397 5218 ponit
3422 5138 3818 5223 epigrammata

2214 5221 2640 5323 'duoiio'tissiina
2684 5220 2985 5295 acrosticha
3032 5242 3099 5297 de
3142 5216 3368 5298 Sedulio
3406 5216 3577 5299 multo
3605 5254 3737 5302 ante
3764 5256 3819 5302 et

2225 5345 2371 5401 saepe
2394 5333 2631 5404 vulgata.
2654 5334 2906 5392 Fortasse
2934 5338 3282 5396 Mabillonius
3313 5336 3539 5398 Sedulio
3556 5344 3818 5414 θρὶδοοιιο

2232 5418 2412 5481 saeculi
2450 5414 2548 5482 vin
2594 5420 2869 5485 tribuebat
2896 5422 3124 5502 opusfde
3157 5426 3440 5504 Regimine
3486 5433 3814 5506 principum,

2232 5510 2471 5576 oratione
2498 5514 2691 5592 partim
2719 5514 2902 5595 ligata,
2920 5514 3116 5595 partim
3140 5525 3313 5581 soluta
3350 5516 3816 5598 compositum,de

2228 5602 2337 5684 illis
2370 5601 2556 5671 rursus
2582 5608 2734 5673 num.
2764 5610 2854 5674 61.
2888 5612 3054 5674 Multo
3088 5608 3259 5692 magis
3289 5620 3551 5677 incertum
3581 5630 3687 5688 est,
3718 5610 3816 5677 Se-

2231 5692 2439 5763 duliiii’n
2474 5692 2632 5765 hunc
2682 5696 2893 5782 ipsum,
2944 5710 3032 5784 qui
3082 5704 3282 5771 sat‘culo
3323 5725 3421 5770 vm
3447 5712 3664 5783 claruit,
3693 5706 3812 5770 esse
