4096 6182
507 321 614 385 663

1791 311 2080 377 C(ELIUS
2117 311 2468 378 SEDULIUS.

3682 298 3789 362 ιθι

507 439 687 511 operis
715 441 905 495 δυοῑοι*
928 439 1055 491 ante
1080 432 1341 490 εωουῖιιτη
1364 446 1420 489 ιι
1445 445 1551 489 non
1575 430 1782 498 Ποΐυίι,
1808 439 1862 486 el
1886 431 2102 488 videtur
2127 435 2184 500 Α
2204 437 2414 492 centior
2438 435 2510 490 sit
2537 433 2713 504 primo
2739 429 3082 493 charactere,
3113 423 3265 479 Liber
3291 419 3458 477 sancti
3485 417 3794 476 Columbani

513 548 636 590 esse
663 531 754 588 ille
779 532 895 604 ipse
938 544 1100 601 quem
1145 526 1330 583 laudat
1379 525 1752 596 Hepidannus,
1781 533 1838 580 et
1867 523 2104 579 fortasse
2207 530 2270 583 de
2297 527 2487 594 Bobio,
2535 524 2677 598 quod
2718 522 2926 594 arguit,
2971 521 3169 575 librum
3200 517 3326 571 olim
3362 514 3694 586 pertinuisse
3723 511 3792 566 ad

509 625 767 684 Sedulius
797 624 993 680 scmus
1023 664 1037 690 ι
1077 621 1231 691 cuius
1281 635 1443 676 man“
1494 618 1818 675 Psalterium
1853 617 2102 674 Gra‘icum
2207 622 2600 680 monasterium
2631 620 2900 676 Bobiense
2923 662 2937 686 ,
2975 615 3043 672 de
3071 628 3177 685 quo
3209 610 3332 667 vide
3362 625 3515 665 num.
3545 607 3636 662 94.
3681 604 3800 661 Etsi

512 718 776 791 scriptum
802 725 1051 774 recenset
1077 713 1510 771 Montfauconius
1526 710 1899 784 Palmograph.
1928 709 2102 767 Graec.

516 828 602 883 In,
633 815 690 882 7,
721 829 842 885 pag.
872 812 1000 868 256.
1046 811 1402 882 Dempsterus
1431 808 1747 875 Sedulium,‘
1790 808 2107 879 episcopum

518 909 768 967 Granum
794 951 811 978 ,
861 907 913 962 in
947 905 1205 963 Hibernia
1253 905 1362 961 coli
1391 903 1643 971 afﬁrmat,
1675 903 1763 958 cui
1795 901 1958 956 ﬁdem
2000 913 2109 954 non

521 1002 784 1060 adhibent
813 999 1180 1067 Bollandiani,
1207 997 1275 1054 ad
1301 998 1445 1054 diem
1469 999 1536 1053 -15
1569 996 1736 1053 Junii.
1777 993 1970 1064 Capite
1997 991 2066 1049 15
2093 1029 2112 1057 ,

523 1103 798 1152 memorat
818 1102 1066 1150 sanctum
1109 1092 1436 1149 Germanum
1467 1089 1971 1146 Antisiodorensem
1995 1084 2113 1155 epi-

523 1203 772 1260 scopum,
818 1188 910 1259 qui
952 1201 1073 1243 cum
1096 1185 1282 1242 fBeato
1313 1184 1467 1254 Lupo
1493 1225 1508 1252 ,
1539 1183 1797 1254 episcopo
1827 1178 2117 1235 Trecensis

525 1282 783 1349 civitatis,
807 1281 863 1336 in
889 1279 1223 1336 Britanniam
1242 1277 1310 1334 ad
1333 1276 1739 1348 exstirpandam
1767 1273 2116 1342 Pelagianam

527 1375 786 1432 haeresim
813 1375 1013 1431 missus
1039 1375 1239 1430 fuerat.
1270 1372 1401 1428 Ροει
1422 1378 1586 1442 caput
1612 1370 1680 1425 19
1699 1414 1713 1439 ,
1739 1379 1822 1424 est
1849 1367 2117 1437 epilogus,

527 1470 622 1542 qui
645 1478 918 1540 tamquam
965 1477 1129 1542 caput
1162 1467 1234 1523 20
1258 1477 1344 1524 est
1383 1466 1692 1522 indicatus:
1725 1463 1820 1520 sed
1851 1460 2153 1535 posterior“

527 1578 722 1620 manus
773 1577 1059 1618 numerum
1112 1560 1182 1616 20
1213 1559 1433 1616 delevit.
1468 1557 1730 1629 Prologus
1768 1564 1915 1612 totus
1959 1567 2122 1625 prosa

530 1660 780 1714 oratione
809 1655 1152 1726 conscriptus
1179 1661 1265 1710 est
1290 1695 1306 1721 ,
1334 1663 1390 1708 et
1411 1651 1479 1708 ad
1510 1651 1799 1723 quemdam
1828 1662 2009 1719 regem
2039 1645 2124 1700 di-

528 1753 745 1824 rigitur.
795 1749 986 1806 Finis:
1021 1745 1256 1820 Explicit
1286 1746 1536 1803 Sedulius
1559 1745 1623 1800 de
1662 1742 1932 1816 Regimine
1963 1738 2125 1795 Prin-

535 1845 731 1915 cipum.

1147 1928 1376 1988 CAPUT
1415 1931 1505 1987 111.

728 2028 941 2086 Codices
971 2026 1315 2096 manuscripti
1344 2023 1553 2080 Sedulii
1583 2029 1936 2077 recensentur.

610 2124 701 2182 6‘2.
741 2121 1010 2192 Quoniam
1057 2119 1230 2175 multa
1279 2125 1407 2174 sunt
1433 2131 1600 2188 opera
1629 2129 1859 2187 quorum
1906 2110 2131 2168 minime

541 2227 732 2276 auctor
762 2225 848 2274 est
871 2213 1124 2273 Sedulius
1155 2221 1363 2283 noster,
1391 2211 1642 2283 quamvis
1674 2209 1878 2267 Sedulii
1913 2207 2132 2263 nomine

541 2313 801 2386 insignita
830 2311 967 2378 sint,
1015 2319 1074 2365 ut
1103 2323 1171 2365 ex
1197 2306 1376 2379 capite
1405 2305 1736 2377 praecedenti
1761 2302 1970 2376 liquido
1999 2317 2132 2358 con-

541 2426 671 2485 stat,
689 2430 784 2474 eos
807 2412 1152 2485 potissimum
1175 2409 1393 2466 codices
1419 2409 1523 2464 hoc
1547 2408 1667 2463 loco
1691 2404 2135 2462 enumerabimus

543 2514 638 2588 qui
666 2497 909 2569 carmina
932 2505 1139 2565 Sedulii
1169 2515 1224 2561 et
1251 2518 1388 2576 opus
1415 2505 1535 2573 eius
1564 2499 1841 2573 paschale,
1867 2499 1981 2554 sive
2002 2498 2137 2552 Pro-

541 2622 658 2664 sam
688 2604 972 2662 continent
998 2618 1014 2655 :
1039 2598 1276 2656 breviter
1303 2595 1668 2652 indicabimus
1692 2591 2026 2656 nonnullos,
2043 2589 2136 2661 qui

547 2714 713 2772 opera
758 2696 925 2754 dubia
965 2693 1407 2762 complectuntur
1448 2706 1462 2743 :
1505 2703 1631 2744 nam
1661 2686 1730 2743 de
1755 2686 1876 2741 aliis
1898 2730 1911 2754 ,
1940 2683 2138 2756 quibus

544 2807 702 2851 sacra
730 2789 1015 2860 Scriptura
1042 2785 1353 2856 exponitur,
1384 2782 1599 2838 abunde
1633 2780 1840 2837 dictum
1872 2788 1957 2835 est
1986 2793 2137 2832 num.

550 2889 645 2955 45,
674 2887 742 2942 56
771 2898 924 2955 seqq.
957 2877 1454 2938 Praastantissimus
1498 2875 1707 2934 Sedulii
1753 2873 1926 2930 codex
1965 2877 2144 2926 exstat

548 2983 606 3038 in
637 2977 969 3036 bibliotheca
998 2975 1137 3047 regii
1163 2973 1399 3030 athenaei
1430 2970 1812 3026 Taurinensis.
1846 2966 1956 3040 40
1983 2964 2142 3020 Cata-

546 3076 710 3146 logus
754 3071 1004 3128 codicum
1052 3082 1186 3122 mss.
1231 3065 1353 3136 eius
1397 3062 1748 3119 bibliotheca:
1796 3058 1977 3114 editus
2027 3065 2141 3121 est,

553 3168 710 3237 cuius
754 3171 1006 3220 auctores
1057 3167 1185 3215 sunt
1237 3157 1505 3228 Josephus
1560 3153 1824 3219 Pasinus,
1878 3147 2145 3205 Antonius

2209 731 2340 772 vero
2370 717 2422 771 in
2453 713 2750 786 specimine
2791 711 3205 772 characterum,
3249 703 3390 776 quod
3441 703 3495 758 in
3534 699 3801 767 Catalogo

2212 826 2346 865 mss.
2394 808 2704 874 exhibetur,
2751 805 2950 860 littera:
2980 811 3106 859 sunt
3147 796 3498 870 maiusculis,
3544 793 3668 850 sive
3693 791 3806 848 Ro-

2213 921 2409 973 manae,
2433 913 2491 960 ut
2523 917 2669 959 nunc
2694 915 2976 968 vocamus,
3005 909 3184 954 tamen
3206 911 3276 953 ex
3299 892 3597 966 specimine
3625 889 3809 946 diver-

2215 1014 2402 1056 sorum
2432 999 2677 1054 locorum
2724 995 2792 1050 ad
2840 1010 2928 1051 me
2963 992 3130 1048 misso
3157 997 3406 1057 constat,
3439 987 3540 1042 tria
3573 981 3812 1054 reperiri

2216 1092 2523 1149 litterarum
2556 1105 2781 1163 genera,
2813 1088 2990 1160 qualia
3016 1086 3169 1142 multi
3192 1083 3335 1157 apud
3363 1089 3580 1139 veteres
3608 1078 3813 1134 Roma-

2219 1200 2318 1240 nos
2349 1184 2518 1240 fuisse
2545 1182 2912 1245 contendunt,
2932 1181 3082 1251 quasi
3109 1179 3234 1234 alia:
3262 1175 3467 1232 fuerint
3493 1171 3814 1243 maiuscula:

2221 1277 2634 1348 inscriptionum
2664 1275 2905 1332 maxime
2934 1272 3204 1344 propriae,
3233 1269 3355 1326 alia:
3381 1269 3542 1340 vulgo
3573 1265 3812 1333 usitatae,

2222 1383 2282 1426 ut
2326 1373 2440 1428 fere
2484 1380 2611 1426 sunt
2639 1380 2879 1435 nostra},
2928 1368 3054 1424 alia:
3088 1366 3318 1422 cursivm
3352 1372 3409 1421 et
3451 1360 3778 1417 minutiores
3799 1398 3816 1424 ,

2225 1465 2416 1520 eadem
2447 1465 2660 1532 forma,
2704 1472 2798 1518 aut
2826 1477 3019 1534 parum
3046 1460 3283 1515 diversa.
3315 1456 3479 1512 Initio
3524 1467 3660 1526 ergo
3703 1466 3820 1507 car-

2226 1557 2390 1612 minis
2440 1554 2678 1626 scriptus
2735 1564 2962 1626 apparet
3013 1553 3188 1610 codex
3251 1550 3450 1606 litteris
3507 1544 3822 1618 maiusculis

2227 1649 2538 1722 quadratis,
2580 1656 2768 1721 postea
2798 1649 2942 1706 idem
2971 1649 3228 1704 librarius
3278 1645 3507 1702 formam
3554 1640 3819 1706 mutavit,

2229 1743 2325 1798 sed
2371 1741 2476 1816 41
2511 1758 2920 1814 nonnumquam
2946 1741 3015 1798 ad
3045 1743 3255 1798 litteras
3293 1736 3626 1810 maiusculas
3658 1733 3825 1796 redit,

2156 1835 2205 1897 B
2234 1839 2538 1910 prmsertim
2585 1853 2708 1895 cum
2737 1853 2932 1894 versus
2973 1837 3173 1893 litteris
3200 1835 3380 1892 rubris
3406 1830 3629 1901 scribit,
3680 1826 3827 1900 quod

2232 1933 2502 1990 interdum
2552 1933 2769 1989 accidit.
2821 1932 2998 1988 Finita
3027 1929 3258 2002 epistola
3306 1927 3371 1984 ad
3408 1923 3786 1982 Macedonium
3811 1967 3826 1989 ,

2234 2029 2418 2085 statim
2466 2029 2659 2099 incipit
2703 2043 2956 2093 carmen,
2991 2026 3121 2081 Cum
3149 2041 3246 2080 sua
3273 2022 3508 2096 gentiles.
3542 2018 3832 2075 Dedicatio

2234 2122 2306 2178 ad
2334 2119 2725 2190 Theodosium,
2757 2120 3105 2175 Romulidum
3146 2118 3348 2182 ductor,
3393 2115 3549 2171 deest
3575 2112 3832 2176 omnino,

2235 2215 2482 2286 adeoque
2529 2212 2713 2275 hacin
2744 2228 2805 2268 re
2849 2212 3067 2284 decepti
3112 2221 3240 2266 sunt
3273 2218 3530 2266 auctores
3558 2205 3833 2276 Catalogi.

2235 2309 2402 2367 Deest
2451 2311 2618 2366 etiam
2665 2308 2931 2380 prologus
2984 2307 3250 2364 metricus
3298 2305 3616 2372 Paschales;
3646 2303 3745 2364 sed
3776 2302 3834 2358 in

2237 2407 2429 2463 ultimo
2461 2404 2672 2462 codicis
2705 2406 2860 2473 folio,
2908 2404 3054 2476 quod
3081 2419 3190 2460 non
3221 2401 3358 2458 satis
3387 2401 3556 2472 liquet
3584 2415 3651 2454 an
3676 2397 3834 2453 volu-

2239 2501 2376 2558 mini
2405 2500 2812 2573 superadditnm
2843 2499 3036 2563 fuerit,
3063 2496 3328 2567 descripti
3369 2503 3496 2551 sunt
3526 2493 3603 2548 illi
3631 2505 3835 2548 versus

2241 2594 2646 2652 characteribus
2682 2593 2882 2664 partim
2920 2591 3130 2662 rubris,
3173 2590 3373 2662 partim
3416 2586 3623 2658 nigris,
3664 2598 3831 2640 manu

2241 2689 2638 2759 antiquissima,
2676 2685 2775 2742 sed
2798 2685 3017 2741 diversa
3045 2684 3112 2740 ab
3143 2697 3206 2738 ea
3236 2698 3357 2754 qua:
3385 2695 3607 2738 carmen
3635 2692 3830 2735 exara-

2243 2781 2340 2838 vit.
2370 2782 2596 2838 Littera:
2625 2794 2823 2851 magna
2847 2794 2916 2834 ex
2943 2765 3097 2848 parte
3119 2783 3502 2833 evanuerunt:
3530 2773 3629 2830 sed
3657 2787 3838 2844 quan-

2245 2887 2359 2933 tum
2393 2876 2577 2947 colligi
2627 2883 2830 2946 potest,
2862 2872 3126 2940 mendose
3155 2872 3397 2942 scriptus
3445 2879 3531 2925 est
3573 2866 3838 2939 prologus

2246 2970 2527 3026 metricus.
2554 2968 2941 3024 Desiderantur
2963 2966 3126 3022 etiam
3152 2965 3209 3021 in
3237 2964 3432 3021 eodem
3454 2961 3626 3018 veteri
3649 2974 3838 3016 exem-

2244 3063 2391 3133 plari
2416 3063 2655 3134 hymnus
2681 3060 3040 3118 abecedarius
3066 3059 3112 3115 Α
3140 3059 3268 3114 solis
3293 3069 3436 3112 ortus
3453 3099 3468 3122 ,
3495 3055 3840 3128 epigramma

2249 3156 2491 3226 Sedulii,
2533 3171 2725 3212 versus
2753 3154 3047 3211 acrosuchi
3077 3153 3278 3209 Liberii
3316 3159 3374 3208 et
3413 3148 3685 3206 Belisarii.
3720 3145 3842 3202 Non

550 3233 858 3322 Rivautella
881 3303 898 3330 ,
937 3271 994 3318 et
1019 3259 1351 3315 Franciscus
1378 3257 1565 3312 Berta.
1597 3254 1769 3310 Tomo
1799 3251 1848 3307 ll
1873 3249 2141 3318 Catalogi,
2172 3233 2218 3298 C
2251 3252 2460 3322 passim
2491 3250 2712 3323 quidem
2732 3290 2748 3316 ,
2801 3248 2899 3306 sed
2935 3248 3140 3304 alicubi
3171 3255 3358 3302 tamen
3385 3243 3617 3316 margini
3662 3241 3842 3298 ascri-

553 3376 676 3430 patt.
735 3356 865 3425 9M,
919 3353 1250 3412 describitur
1303 3351 1479 3406 codex
1526 3349 1976 3406 membrauaceus
2022 3344 2147 3410 766,

557 3453 713 3524 cuius
737 3448 1070 3508 characteris
1111 3445 1387 3517 specimen
1420 3442 1736 3506 exhibetur,
1774 3448 2030 3495 constans
2075 3435 2153 3488 fo-

554 3545 644 3602 liis
672 3543 763 3610 56,
794 3542 987 3598 forma:
1014 3538 1321 3612 quadratae,
1355 3535 1448 3608 qui
1487 3537 1652 3591 etiam
1695 3532 1764 3588 ad
1806 3530 2066 3586 saeculum
2098 3542 2168 3604 vi

559 3648 842 3722 pertinere
860 3644 1085 3701 dicitur.
1111 3641 1223 3698 Nec
1245 3639 1497 3696 dissentit
1511 3637 1774 3700 Mansius,
1796 3635 1889 3705 qui
1909 3631 2152 3689 codicem

554 3745 736 3815 ipsum
781 3736 1184 3811 perlustravit,
1234 3733 1289 3790 in
1337 3740 1456 3788 not.
1507 3730 1573 3787 ad
1606 3725 2152 3787 Biblioth.Fabricii.

559 3839 678 3894 Hoc
709 3834 902 3892 ordine
935 3831 1253 3888 referuntur
1296 3842 1464 3898 opera
1503 3823 1732 3881 Sedulii.
1783 3821 1992 3887 Primo,
2037 3818 2156 3888 epi-

564 3931 706 3988 stola
750 3924 960 3984 Sedulii
1009 3923 1076 3979 ad
1123 3920 1472 3994 Macedonem
1512 3917 1686 3992 (lege
1737 3909 2157 3982 Macedonium)

563 4026 802 4099 scripta,
851 4021 950 4079 sed
995 4018 1185 4076 mutila
1227 4033 1242 4070 :
1289 4015 1479 4085 incipit
1526 4014 1718 4068 enim:
1764 4010 1840 4064 Ab
1871 4006 2161 4079 Scripturis

565 4118 865 4176 celsioribus
908 4129 1126 4180 vacans,
1174 4108 1543 4164 humilioribus
1592 4121 1791 4177 quoque
1855 4112 1902 4157 te
1950 4100 2161 4155 libenter

560 4213 853 4285 impertias.
888 4207 1014 4264 Non
1041 4222 1244 4278 semper
1277 4205 1452 4277 aquila
1493 4218 1656 4274 supra
1684 4199 1841 4255 nubes
1877 4198 2014 4254 elata
2043 4213 2162 4267 per-

565 4307 767 4372 volitat,
793 4313 900 4361 etc.
932 4302 995 4356 ln
1020 4301 1127 4357 ﬁne
1154 4299 1406 4371 epistolae
1426 4315 1441 4352 :
1462 4295 1691 4367 Explicit
1714 4293 1929 4368 epistola
1958 4290 2161 4347 Sedulii

569 4400 640 4456 ad
679 4397 1002 4454 Macedoneo
1028 4393 1130 4450 Pbi
1157 4393 1396 4466 feliciter.
1439 4391 1569 4447 Post
1599 4389 1888 4460 epistolam
1916 4386 2163 4458 sequitur

571 4493 823 4568 praefatio
852 4491 920 4548 ad
951 4489 1354 4557 Theodosium,
1404 4486 1769 4551 Romulidum,
1831 4492 1962 4548 etc.,
1999 4493 2161 4551 quam

571 4589 780 4647 Sedulii
813 4585 1076 4644 non'esse
1116 4583 1371 4640 diximus.
1403 4580 1570 4637 Liber
1599 4597 1615 4635 ι
1644 4578 1858 4648 incipit,
1887 4575 2017 4630 Cum
2045 4589 2161 4638 sua,

567 4694 674 4742 etc.
704 4681 851 4740 Nihil
894 4682 950 4736 in
994 4679 1258 4748 Catalogo
1305 4675 1505 4731 dicitur
1541 4673 1608 4728 de
1635 4671 1863 4743 prologo
1910 4666 2164 4732 metrico,

574 4774 899 4840 Paschales,
931 4782 1040 4830 etc.
1099 4771 1331 4826 Carmen
1389 4766 1625 4823 divisum
1679 4774 1762 4820 est
1812 4763 1867 4817 in
1924 4758 2166 4831 quinque

571 4870 766 4937 libros,
795 4877 855 4924 ut
881 4867 936 4922 in
966 4865 1246 4937 plerisque
1268 4861 1493 4935 optimis
1524 4858 1802 4916 codicibus
1835 4853 2162 4911 notabimus.

575 4965 707 5020 Post
754 4960 959 5016 librum
1014 4957 1230 5013 tertium
1276 4953 1566 5018 carminis,
1629 4950 1721 5023 qui
1767 4947 2038 5006 secundus
2083 4957 2168 5004 est

577 5059 706 5120 novi
733 5054 1103 5124 Testamenti,
1136 5050 1466 5121 subscriptio
1512 5049 1628 5105 haec
1671 5045 1996 5104 correctoris
2035 5043 2170 5115 legi-

579 5164 671 5212 tur
716 5173 729 5207 :
771 5149 887 5224 Ego
910 5146 1269 5203 Abundantius
1310 5145 1465 5200 istum
1494 5142 1680 5197 librum
1709 5139 1902 5195 contuli
1930 5137 2167 5210 feliciter.

577 5243 822 5304 Carmini
850 5241 1090 5315 paschali
1134 5238 1374 5295 succedit
1418 5236 1590 5308 elegia
1642 5234 1936 5290 Cantemus.
1977 5231 2172 5304 l-lymni

576 5337 892 5399 abecedarii
925 5337 968 5392 Α
988 5335 1112 5390 solis
1138 5344 1303 5400 ortus,
1347 5333 1554 5388 mentio
1587 5345 1694 5386 non
1725 5329 1783 5384 fit
1813 5329 1867 5383 in
1889 5326 2168 5396 Catalogo.

581 5436 907 5495 liberiorem
937 5431 1220 5503 magisque
1243 5437 1488 5485 exactam
1517 5425 1720 5482 codicis
1748 5422 2167 5492 descriptionem

584 5545 708 5586 cum
753 5527 1194 5591 desiderassem,
1242 5521 1385 5577 votis
1436 5521 1574 5577 meis
1617 5517 2042 5575 cumulatissime
2084 5529 2171 5570 re-

587 5622 809 5694 spondit
853 5623 1048 5678 Comes
1097 5619 1371 5676 Galeanus
1430 5616 1675 5688 Napione
1717 5615 1785 5671 de
1833 5612 2172 5676 Cocconato,

591 5714 824 5786 egregiis
851 5715 1014 5770 editis
1059 5712 1319 5784 operibus
1366 5711 1546 5766 clarus
1566 5752 1581 5776 ,
1611 5717 1666 5765 et
1691 5709 1758 5764 dc
1786 5705 1933 5762 omni
1965 5705 2178 5760 littera-

591 5819 728 5865 turae
761 5823 964 5880 genere
1005 5803 1611 5863 benemerentissimus.
1662 5802 1722 5856 ln
1764 5801 1938 5871 prima
1983 5796 2181 5868 pagina

577 5899 788 5960 codicis
829 5899 1024 5972 legitur
1089 5897 1404 5956 charactere
1471 5897 1722 5968 antiquo,
1776 5892 1871 5949 sed
1928 5892 2021 5963 qui
2087 5908 2177 5949 re-

2250 3347 2454 3402 buntur
2486 3345 2667 3415 capita
2689 3358 2875 3398 rerum
2894 3357 3047 3414 ,qute
3077 3353 3481 3406 nonnumquam
3509 3334 3840 3400 recentiori,

2249 3451 2310 3496 ut
2337 3439 2580 3510 videtur,
2604 3438 2923 3494 charactere
2955 3435 3293 3492 indicantur.
3318 3430 3522 3488 Asterii
3551 3428 3615 3484 fit
3637 3427 3842 3484 mentio

2252 3535 2309 3591 in
2341 3535 2530 3589 ultimo
2552 3532 2684 3587 folio
2709 3529 3030 3598 voluminis,
3055 3539 3115 3584 ut
3141 3528 3251 3583 alio
3277 3527 3401 3584 loco
3431 3525 3633 3580 dicam.
3655 3521 3847 3577 Anim-

2253 3628 2489 3686 advertit
2513 3626 2757 3683 eruditus
2781 3624 3089 3694 descriptor
3119 3620 3351 3686 codicis,
3381 3632 3526 3689 sarpe
3550 3629 3847 3672 occurrere

2255 3742 2283 3780 e
2316 3739 2414 3794 pro
2445 3725 2484 3792 i,
2515 3733 2574 3778 ut
2599 3721 2822 3794 explecit
2848 3734 2951 3792 pro
2979 3718 3218 3791 explicit,
3251 3715 3520 3771 ordenavit
3563 3726 3666 3783 pro
3706 3710 3847 3764 ordi-

2256 3819 2430 3885 navit,
2485 3817 2588 3872 alet
2635 3829 2735 3885 pro
2781 3814 2899 3870 alit.
2934 3812 2993 3869 In
3024 3810 3327 3881 specimine
3373 3807 3747 3864 cbaracterum
3773 3801 3844 3858 ad

2258 3926 2346 3966 me
2372 3910 2544 3966 misso
2567 3907 2828 3973 observo,
2856 3905 3126 3962 interdum
3145 3903 3177 3957 It
3200 3918 3298 3975 pro
3323 3918 3351 3955 ο
3370 3901 3525 3972 poni,
3549 3910 3612 3955 ut
3632 3898 3844 3963 tantist,

2259 4004 2433 4077 paslta:
2457 4047 2472 4074 ,
2525 4013 2582 4060 et
2608 4020 2638 4058 ο
2671 4019 2770 4073 pro
2797 4019 2851 4070 u,
2887 4011 2946 4058 ut
2973 3999 3217 4056 Sedolius
3253 4013 3356 4070 pro
3387 3995 3638 4054 Sedulius
3680 4011 3698 4048 :
3740 4007 3850 4063 quo

2260 4098 2502 4170 pertinet
2529 4099 2584 4153 in
2617 4097 2724 4153 line
2753 4095 3008 4166 epistolae
3042 4093 3110 4147 ad
3156 4091 3474 4147 Macedoneo
3517 4105 3538 4144 :
3580 4102 3736 4151 nam,
3786 4092 3852 4138 ut

2262 4193 2477 4264 opinor,
2501 4193 2764 4263 scriptum
2791 4189 2983 4259 italfuit
3010 4202 3112 4260 pro
3137 4185 3525 4249 Macedoniam,
3546 4191 3600 4238 et
3616 4180 3854 4236 fortasse

2265 4283 2491 4342 evanuit
2540 4285 2684 4340 linea
2727 4297 2890 4352 supra
2936 4298 2986 4336 ο.
3037 4281 3166 4336 Ilaec
3211 4287 3428 4344 autem,
3477 4284 3532 4332 et
3575 4274 3854 4328 aliaame

2266 4376 2652 4434 animadversa
2679 4392 2747 4434 eo
2788 4393 2876 4434 me
2900 4375 3129 4440 ducunt,
3161 4380 3221 4430 ut
3250 4371 3534 4441 coniiciam
3553 4409 3569 4436 ,
3600 4365 3856 4422 codicem

2266 4472 2469 4528 saeculo
2496 4487 2591 4527 vin
2620 4470 2986 4542 antiquiorem
3018 4482 3127 4524 non
3154 4480 3299 4522 esse.
3327 4463 3433 4520 Alii
3459 4461 3722 4531 maiorem
3754 4471 3860 4513 an-

2265 4565 2575 4638 tiquitatem
2604 4565 2683 4620 illi
2712 4564 2976 4631 tribuant,
3001 4578 3099 4634 per
3121 4576 3210 4618 me
3231 4561 3362 4616 licet
3385 4576 3399 4613 :
3424 4571 3598 4629 neque
3622 4555 3862 4612 deerunt

2237 4648 2242 4720 ῗ
2269 4659 2472 4716 similia
2517 4657 2659 4733 apud
2686 4658 2825 4715 alios
2856 4656 3124 4729 exempla,
3153 4655 3353 4725 quibus
3381 4652 3523 4708 hanc
3553 4664 3710 4706 suam
3740 4648 3861 4718 opi-

2268 4752 2492 4810 nionem
2543 4761 2818 4809 tueantur.
2877 4749 3228 4813 Gallandius,
3284 4757 3417 4802 tom.
3467 4761 3518 4800 ix
3563 4741 3858 4808 Biblioth.,

2272 4851 2327 4906 in
2376 4848 2600 4904 dissert.
2648 4848 2716 4904 de
2759 4846 3022 4918 Sedulio,
3071 4861 3143 4902 ex
3192 4843 3485 4900 collatione
3533 4839 3744 4896 codicis
3785 4837 3862 4894 ab

2273 4941 2588 4998 auctoribus
2617 4941 2858 5013 Catalogi
2892 4939 3161 5002 instituta,
3201 4937 3428 5007 colligit,
3459 4935 3641 4989 minus
3666 4946 3861 4989 emen-

2274 5038 2459 5094 datum
2491 5053 2614 5093 eum
2641 5051 2763 5092 esse
2781 5076 2797 5105 ,
2831 5049 3006 5106 neque
3032 5048 3220 5105 parum
3249 5030 3368 5102 eius
3391 5026 3705 5086 auctoritati
3735 5025 3864 5081 ofﬂ-

2274 5146 2403 5187 eere
2431 5131 2769 5202 praemissam
2815 5127 3045 5184 carmini
3075 5125 3476 5183 dedicationem
3506 5121 3575 5176 ad
3609 5119 3866 5177 Theodo—

2276 5225 2438 5280 sium.
2473 5223 2676 5280 Verum
2718 5222 2859 5288 quod
2893 5222 3092 5277 attinet
3129 5220 3196 5275 ad
3238 5216 3676 5283 dedicationem,
3726 5212 3866 5269 falso

2276 5334 2397 5374 eam
2429 5318 2498 5374 ab
2541 5317 2858 5374 auctoribus
2887 5315 3130 5386 Catalogi
3159 5312 3338 5370 codici
3382 5311 3584 5367 ascribi
3624 5309 3738 5380 iam
3765 5324 3869 5364 no—

2278 5412 2410 5468 tavi.
2470 5410 2710 5468 jEtatem
2758 5408 3127 5476 Abundantii,
3169 5407 3262 5478 qui
3313 5405 3558 5462 codicem
3607 5403 3865 5471 contulit,

2281 5520 2620 5576 nequaquam
2662 5505 2906 5575 reperire
2950 5502 3102 5575 potui
3142 5518 3159 5561 ;
3205 5515 3385 5572 neque
3431 5499 3575 5556 enim
3622 5496 3869 5553 arbitror

2282 5615 2404 5656 esse
2452 5599 2856 5655 Abundantium
2886 5644 2900 5669 ,
2953 5596 3021 5652 ad
3077 5609 3238 5664 quem
3289 5602 3469 5650 exstat
3529 5592 3866 5664 epigramma

2283 5693 2537 5760 Ennodii,
2569 5694 2660 5762 qui
2691 5692 2897 5749 saeculo
2920 5705 2974 5746 v1
3005 5691 3232 5747 ineunte
3256 5687 3460 5745 floruit.

2355 5789 2444 5846 65.
2470 5788 2526 5842 1η
2554 5785 2884 5842 Bibliotheca
2914 5782 3173 5840 Vaticana
3214 5791 3414 5855 praeter
3442 5781 3684 5840 codicem
3712 5779 3870 5837 1³³1³-

2284 5887 2481 5952 tinum,
2511 5881 2602 5954 qui
2626 5897 2796 5954 pauca
2826 5880 2896 5938 de
2924 5879 3154 5939 Sedulio
3181 5879 3368 5951 refert,
3400 5888 3462 5938 ut
3483 5878 3592 5938 dixi
3623 5893 3772 5936 num.
3811 5877 3867 5945 ξς,
