4096 6182
319 194 428 254 465

1668 207 2202 271 PROLEGOMENA.

3495 230 3605 290 ‘06

314 323 372 371 et
400 313 541 372 duos
567 315 706 374 alios
725 358 740 386 ,
773 319 868 390 qui
902 319 1010 394 42
1041 334 1210 392 opera
1246 325 1474 384 alterius
1515 327 1722 385 Sedulii
1753 328 1908 386 exhi-
1935 329 1989 393 Α
2015 331 2216 389 mansit
2246 332 2469 404 folium,
2497 337 2554 393 in
2583 352 2694 409 quo
2721 339 3039 398 charactere
3067 341 3354 404 minutiorl
3382 357 3607 406 exarata

314 410 470 476 bent,
505 419 562 465 ut
593 412 828 482 explicui
860 430 1016 470 num.
1049 415 1119 472 58
1152 427 1207 474 et
1238 419 1327 488 61,
1366 421 1616 479 undecim
1641 423 1784 479 alios
1814 439 1907 481 co-

313 503 466 560 dices
495 505 741 575 contuli,
787 524 928 578 quos
959 525 1106 567 nunc
1135 511 1468 580 describam.
1502 515 1616 572 Duo
1646 526 1776 572 sunt
1821 517 1907 573 hi-

312 594 606 652 bliotheczc
637 599 840 655 veteris
864 600 1165 667 Vaticanae,
1195 607 1284 676 qui
1308 607 1631 679 simpliciter
1657 609 1906 666 Vaticani

276 749 278 752 ,
313 691 593 758 dicuntur,
627 706 723 748 sex
754 692 1102 754 bibliothecae
1123 698 1346 772 Reginae
1363 702 1586 760 Suecor.
1617 703 1905 761 Christinae

315 784 383 840 ad
410 785 728 842 Vaticanum
758 791 1063 860 translatae,
1124 793 1233 850 duo
1286 794 1530 852 Vaticani
1582 797 1903 854 Ottobonia-

314 882 395 949 ni,
426 897 569 936 unus
602 882 901 941 Vaticanus
931 885 1186 946 Urbinas.

385 979 474 1034 6i.
501 977 690 1035 Codex
726 981 1014 1042 Vaticanus
1060 987 1198 1043 1665
1239 990 1687 1049 membranaceus
1719 993 1900 1049 inoiol.

312 1086 485 1141 parvo
523 1075 944 1145 comprehendit
989 1080 1300 1150 Aratorem,
1347 1092 1404 1139 et
1449 1085 1753 1142 Sedulium.
1795 1087 1906 1142 Ad-

309 1174 440 1220 sunt
488 1166 688 1238 aliqute
735 1170 956 1242 glosste,
1015 1190 1136 1244 quae
1183 1174 1299 1232 lere
1343 1188 1700 1245 evanuerunt,
1746 1180 1903 1251 plura

308 1261 632 1328 compendia
646 1262 974 1336 litterarum,
989 1283 1098 1324 non
1115 1283 1284 1340 pauca
1298 1271 1516 1341 menda,
1533 1274 1903 1331 correctiones

307 1354 560 1424 quasdam
587 1372 619 1412 a
650 1373 814 1415 manu
858 1364 1059 1426 veteri,
1093 1363 1418 1437 diphthongi
1445 1384 1490 1422 te
1519 1377 1574 1424 et
1603 1385 1668 1437 te,
1705 1368 1903 1426 littera:

307 1447 364 1513 l,
395 1447 425 1501 b
446 1488 461 1512 ,
481 1449 536 1521 f,
562 1467 616 1518 p,
649 1459 704 1506 et
733 1451 942 1510 similes
965 1455 1183 1527 longius
1213 1471 1562 1526 excrescunt,
1594 1463 1901 1531 praesertim

307 1543 363 1598 in
411 1545 610 1615 primis
652 1556 707 1603 et
751 1547 955 1605 ultimis
997 1551 1156 1607 lineis
1198 1570 1213 1606 :
1247 1553 1392 1623 quod
1435 1555 1614 1611 innuit
1658 1556 1900 1613 codicem

307 1651 416 1690 non
466 1652 586 1693 esse
629 1639 786 1697 valde
832 1644 1139 1716 antiquum.
1185 1645 1561 1718 Crediderim,
1613 1649 1682 1705 ad
1728 1666 1923 1710 saecur

2008 433 2093 480 est
2113 429 2396 485 annotatio
2417 429 2532 500 jam
2561 431 2823 501 indicata,
2854 432 2970 489 Hoc
3001 451 3130 507 Opus
3155 436 3425 512 Sedulius,
3458 451 3597 514 etc.,

2009 519 2097 573 cui
2121 521 2369 577 succedit
2395 523 2734 596 epigramma
2762 525 3006 594 Asteriiv,
3042 529 3203 586 Sume
3226 574 3242 599 ,
3275 549 3441 590 sacer.
3470 535 3602 594 Post

2010 613 2115 670 hoc
2143 617 2480 688 epigramma
2510 621 2614 676 alia
2641 630 2725 677 est
2749 623 3034 678 annotatio
3059 623 3128 680 ad
3153 626 3364 698 prologi
3387 631 3602 688 metrici

2007 709 2406 779 expositionem
2429 755 2444 776 ,
2479 728 2600 784 qua:
2649 713 2815 770 simili
2863 715 3024 772 modo
3070 717 3124 772 in
3157 715 3524 777 Ottoboniano
3553 739 3596 791 ι,

2008 819 2158 858 num.
2189 804 2280 874 75,
2306 807 2663 874 recensendo,
2693 809 3052 880 exprimitur:
3080 811 3354 882 Sedulius,
3380 817 3602 887 epistola

2008 893 2316 952 Macedonio
2366 900 2637 971 prazmissa
2665 903 2982 973 presbytero,
3015 903 3235 959 sedecim
3263 903 3452 962 dehinc
3481 925 3597 964 ver-

2006 1007 2160 1045 suum
2207 991 2423 1064 prologo
2470 992 2696 1048 lecturos
2748 996 2994 1062 incitans,
3053 1006 3410 1069 paupertatem
3448 1001 3601 1058 exilis

2005 1083 2199 1157 ingenii
2227 1085 2424 1140 olerum
2456 1096 2724 1157 comparat
2745 1088 2935 1144 vilitati
2964 1106 2984 1145 :
3014 1106 3081 1145 ea:
3100 1091 3253 1163 cujus
3281 1093 3512 1150 carmine
3539 1096 3605 1150 de

2005 1179 2226 1250 singulis
2256 1181 2524 1252 utriusque
2559 1181 2876 1237 Testamenti
2904 1184 3175 1240 miraculis
3218 1185 3328 1240 haec
3363 1195 3483 1242 sunt
3508 1205 3601 1244 ca-

2004 1273 2116 1345 pita
2139 1284 2445 1344 praenotata.
2479 1274 2782 1347 Sequuntur
2817 1277 3015 1332 indicia
3045 1278 3317 1334 titulorum
3349 1296 3456 1336 xxv
3483 1281 3596 1336 sin-

2004 1365 2140 1436 gulis
2168 1368 2493 1438 sequentibus
2525 1370 2776 1440 capilibus
2823 1371 2842 1439 (
2874 1369 3013 1425 forte
3055 1370 3212 1428 deest
3255 1372 3346 1428 hic
3373 1373 3598 1445 aliquod

2005 1461 2252 1532 verbum)
2282 1463 2388 1517 sive
2431 1472 2692 1536 cooptata.
2728 1462 3097 1535 Hieronymus,
3129 1465 3182 1519 in
3211 1465 3450 1539 catalogo
3473 1468 3602 1522 scri-

2005 1566 2232 1626 plorttm,
2267 1566 2372 1613 etc.
2409 1556 2500 1614 Sic
2521 1559 2699 1628 pergit
2722 1557 2924 1622 codex,
2949 1568 3005 1612 ut
3031 1573 3180 1613 num.
3211 1560 3244 1614 6
3265 1559 3471 1616 dictum
3489 1569 3595 1630 est,

2002 1649 2144 1705 tituli
2190 1667 2295 1706 xxv
2322 1665 2430 1706 non
2471 1660 2599 1706 sunt
2627 1651 2894 1722 expressi.
2929 1651 3283 1708 Annotationi
3336 1653 3460 1710 sine
3485 1653 3598 1710 ullo

303 1729 416 1784 lum
448 1747 508 1785 xi
537 1732 761 1789 circiter
805 1738 1080 1806 pertinere
1114 1753 1127 1791 :
1164 1739 1609 1797 Montfauconius
1641 1757 1771 1799 vero
1796 1785 1812 1808 ,
1844 1745 1897 1800 in
1930 1723 1978 1784 Β
2003 1745 2208 1816 scripto
2241 1746 2399 1801 titulo
2427 1745 2598 1800 additi
2619 1754 2748 1801 sunt
2767 1761 2958 1803 versus
2983 1745 3282 1802 acrostichi
3309 1745 3518 1804 Liberii
3544 1755 3602 1806 et

302 1824 565 1882 Biblioth.
596 1843 756 1896 mss.,
783 1845 908 1900 pag.
941 1831 1152 1905 126,:ad
1175 1835 1437 1890 saeculum
1471 1851 1527 1890 tx
1559 1837 1898 1908 relert._Post

302 1921 596 1976 Aratorem
628 1922 823 1994 incipit
860 1923 1008 1980 illico
1052 1927 1312 1999 prologus
1339 1929 1604 1986 metricus
1645 1929 1895 2000 Sedulii,

302 2026 361 2071 ut
400 2016 456 2071 in
497 2016 668 2073 variis
698 2018 1030 2077 lectionibus
1061 2023 1284 2081 uberius
1313 2035 1644 2096 exponetur,
1687 2036 1744 2083 et
1774 2040 1898 2098 post

301 2113 592 2185 prologum
614 2117 903 2172 metricum
928 2117 1066 2174 liber
1087 2136 1104 2174 ι
1134 2121 1398 2178 carminis
1421 2121 1722 2193 paschalis.
1744 2123 1801 2179 ln
1828 2124 1897 2179 ﬁ-

297 2222 367 2262 ne
401 2227 416 2262 :
449 2205 686 2278 Explicit
732 2209 862 2264 liber
913 2210 1157 2278 Sedulii,
1206 2214 1396 2284 incipit
1441 2231 1650 2270 carmen
1689 2216 1894 2286 ipsius:

296 2298 615 2369 Contentus,
647 2309 755 2358 etc.
796 2303 926 2359 Post
961 2304 1194 2376 elegiam
1227 2307 1349 2362 sine
1377 2306 1533 2363 titulo
1557 2309 1893 2379 epigramma

292 2393 531 2465 Sedulii,
589 2395 718 2452 Htec
765 2408 874 2464 tua,
921 2408 978 2454 et
1024 2400 1257 2457 subinde
1305 2403 1514 2473 pariter
1561 2404 1684 2459 sine
1735 2403 1894 2460 titulo

291 2487 554 2560 hymnus,
597 2492 642 2544 Α
670 2491 796 2547 solis
836 2503 1010 2562 ortus,
1036 2510 1145 2565 quo
1169 2495 1328 2552 linito
1357 2497 1550 2567 incipit
1569 2497 1803 2568 epistola
1825 2499 1892 2553 ad

290 2585 703 2656 Macedonium,
745 2587 845 2645 sed
880 2589 1060 2645 solum
1109 2591 1359 2660 procedit
1396 2607 1571 2662 usque
1605 2592 1672 2648 ad
1726 2593 1891 2650 verba

292 2678 373 2734 De
425 2679 742 2750 quotidianae
794 2696 912 2736 vero
962 2683 1350 2740 misericordia.
1404 2685 1612 2741 Desunt
1660 2685 1890 2756 reliqua,

298 2772 487 2828 avulso
518 2789 622 2828 uno
643 2773 731 2830 vel
758 2775 1011 2846 pluribus
1040 2776 1210 2833 foliis.
1237 2779 1340 2834 Hic
1363 2780 1494 2836 mihi
1529 2780 1692 2837 estin
1722 2781 1894 2837 variis

299 2867 634 2924 lectionibus
657 2868 952 2926 Vaticanus
986 2871 1217 2942 primus,
1250 2872 1366 2928 sive
1407 2873 1519 2929 Vat.
1553 2876 1606 2931 1.

369 2962 457 3019 65.
482 2964 638 3019 Alter
663 2965 837 3021 codex
860 2964 1181 3034 Vaticanus,
1202 2982 1352 3022 num.
1383 2970 1546 3033 5178,
1573 2970 1763 3025 szeculi
1796 2987 1886 3036 xv,

295 3057 621 3115 chartaceus
647 3069 733 3116 est
762 3077 776 3114 :
809 3061 1050 3117 continet
1077 3062 1284 3120 Sedulii
1308 3063 1597 3134 epistolam
1620 3067 1691 3122 ad
1715 3067 1891 3124 Mace-

2006 1840 2277 1897 Belisarii.
2307 1840 2419 1896 Etsi
2449 1850 2632 1896 autem
2662 1832 2782 1896 haec
2807 1840 2989 1896 omnia
3012 1840 3066 1894 in
3094 1839 3239 1896 hunc
3257 1840 3440 1898 locum
3468 1856 3601 1898 con-

2000 1934 2145 2004 jecta
2190 1943 2335 2000 sunt,
2382 1949 2493 1989 non
2535 1933 2757 1990 dubium
2804 1941 2890 1990 est
2931 1942 3134 2000 tamen,
3175 1932 3308 2004 quin
3350 1933 3419 1990 ad
3471 1934 3601 1990 libri

2005 2032 2222 2088 initium
2271 2031 2615 2101 potissimum
2644 2033 2975 2103 pertineant.
3017 2031 3398 2103 Exscriptores
3450 2032 3597 2089 enim

2003 2141 2150 2196 saepe
2177 2126 2232 2180 in
2264 2124 2371 2180 fine
2393 2125 2576 2194 operis
2607 2123 2883 2179 addebant
2907 2140 3030 2195 quae
3060 2125 3115 2180 in
3165 2124 3288 2181 aliis
3315 2123 3598 2183 codicibus

2003 2216 2148 2274 forte
2172 2226 2516 2288 repererant,
2561 2233 2739 2289 neque
2757 2218 2883 2275 'suis
2914 2219 2971 2274 in
2999 2218 3136 2275 locis
3167 2229 3476 2291 opportune
3521 2219 3599 2276 iu-

2003 2326 2192 2371 serere
2219 2321 2533 2383 pomerant.
2580 2311 2754 2368 Porro
2783 2311 2871 2367 hic
2914 2311 3085 2369 codex
3114 2312 3168 2369 in
3213 2327 3330 2368 var.
3361 2313 3488 2370 lect.
3516 2313 3598 2369 sic

2005 2407 2281 2463 notabitur
2310 2408 2443 2482 Reg.
2480 2424 2521 2475 ι,
2554 2407 2812 2464 nimirum
2838 2407 3014 2465 codex
3042 2405 3342 2467 Vaticanus
3389 2409 3596 2481 reginae

2001 2501 2299 2556 Succorum
2324 2501 2554 2572 primus.

2076 2591 2164 2647 67.
2216 2592 2271 2647 In
2325 2593 2514 2649 eadem
2564 2594 2893 2651 bibliotheca
2955 2596 3158 2669 reginae
3207 2596 3381 2654 codex
3449 2597 3588 2666 500,

2001 2687 2446 2744 membranaceus
2494 2689 2701 2758 in-t'ol.,
2753 2690 2976 2746 exhibet
2995 2689 3306 2758 Aratorem,
3330 2699 3387 2748 ct
3417 2691 3594 2750 Sedu-

2000 2779 2154 2847 lium,
2178 2791 2234 2836 ct
2263 2782 2553 2838 nonnullos
2579 2797 2770 2839 versus
2799 2793 2922 2855 post
2949 2784 3248 2842 Sedulium.
3283 2786 3421 2842 Sunt
3444 2787 3594 2857 glos-

1999 2891 2096 2944 sm,
2133 2878 2270 2932 tituli
2316 2879 2555 2949 capitum
2601 2879 2767 2934 minio
2811 2881 3008 2948 notati,
3057 2880 3379 2954 diphthongi
3427 2898 3494 2952 ω,
3543 2901 3593 2951 e,

1998 2969 2386 3042 orthographia
2431 2973 2740 3046 dampnare,
2787 2973 3084 3046 adgredior,
3137 2975 3432 3044 istoricum,
3485 2976 3591 3030 clo-

1999 3067 2142 3134 dum,
2161 3067 2488 3141 sollempnia,
2511 3069 2756 3135 inradiat,
2781 3087 2991 3141 ymnus.
3018 3070 3165 3126 Ordo
3186 3071 3242 3126 in
3273 3071 3377 3126 hoc
3403 3070 3594 3128 codice

295 3151 541 3223 donium,
573 3155 853 3226 prologum
882 3157 1196 3228 metricum,
1233 3157 1537 3231 Paschales,
1571 3170 1626 3216 et
1664 3176 1885 3220 carmen
1917 3128 1964 3193 C
1996 3169 2082 3215 est
2133 3161 2361 3231 epistola
2415 3162 2481 3217 ad
2536 3163 2936 3232 Macedonium,
2986 3164 3245 3236 prologus
3294 3165 3588 3236 metricus,

298 3248 351 3303 in
376 3247 516 3303 duos
539 3249 711 3305 libros
731 3249 988 3306 divisum.
1018 3251 1077 3308 In
1106 3251 1214 3308 ﬁne
1237 3255 1494 3310 carminis
1525 3264 1672 3323 nota,
1695 3258 1746 3312 in
1768 3258 1890 3313 aliis

294 3345 462 3400 etiam
504 3343 786 3401 codicibus
816 3345 1128 3418 descripta,
1169 3347 1285 3404 Hoc
1313 3367 1443 3418 opus
1484 3350 1733 3406 Sedulius
1757 3353 1891 3407 inter

294 3439 564 3494 chartulas
584 3482 599 3506 ,
636 3448 742 3496 etc.
763 3483 780 3507 ,
810 3441 878 3498 de
903 3456 1006 3512 qua
1035 3442 1192 3512 plura
1225 3443 1385 3499 infra.
1410 3443 1542 3500 Post
1566 3455 1748 3501 notam
1771 3447 1891 3502 sine

293 3538 417 3592 ullo
447 3538 609 3592 titulo
643 3538 854 3609 elegia,
889 3537 1188 3595 Cantemus.
1229 3541 1489 3611 Sequitur
1515 3556 1737 3596 carmen
1777 3542 1888 3596 Ra-

293 3632 510 3703 phaelis
563 3630 894 3686 Zovenzonii
935 3642 1151 3702 poetae,
1195 3632 1240 3687 0
1281 3642 1455 3688 custos
1497 3633 1786 3699 hominum,
1835 3643 1892 3690 et

299 3725 568 3798 hymnus,
615 3723 844 3799 Virginis
888 3736 1065 3798 partu.
1113 3727 1385 3798 Hymnum
1429 3727 1577 3783 hunc
1613 3743 1736 3782 cum
1768 3727 1892 3782 aliis

297 3820 641 3876 carminibus
672 3820 1004 3877 Zovenzonii
1045 3821 1220 3877 edidit
1247 3822 1418 3876 Aldus
1449 3831 1576 3892 post
1604 3821 1889 3878 Sedulium

299 3921 358 3969 et
373 3913 519 3967 alios
544 3921 736 3982 poetas
760 3913 1114 3969 christianos.
1145 3915 1329 3971 Codex
1357 3931 1424 3970 ex
1449 3917 1594 3971 bono
1619 3916 1895 3985 exempla-

300 4007 346 4062 ri
372 4005 592 4062 videtur
606 4005 935 4077 descriptus,
969 4007 1064 4063 sed
1099 4008 1311 4063 mendis
1335 4025 1440 4062 non
1468 4008 1654 4075 paucis
1682 4009 1892 4064 descri-

301 4101 480 4158 bentis
507 4101 714 4157 incuria
751 4103 1064 4173 inquinatus
1093 4110 1197 4158 est.
1230 4102 1403 4173 Hujus
1432 4101 1643 4158 codicis
1684 4112 1808 4160 nota
1839 4105 1892 4158 in

301 4213 421 4253 var.
451 4198 578 4253 lect.
607 4207 692 4253 est
729 4197 848 4252 Vat.
878 4197 935 4253 2.

376 4290 466 4345 66.
516 4289 703 4346 Codex
752 4289 1047 4346 Vaticanus
1092 4291 1313 4363 Reginae
1364 4291 1692 4361 Succorum,
1741 4307 1892 4346 num.

302 4386 431 4450 555,
464 4386 913 4441 membranaceus
933 4385 1082 4440 in-lt°
1102 4395 1187 4440 est
1209 4385 1312 4441 ille‘
1331 4386 1470 4456 ipse,
1499 4401 1608 4457 quo
1639 4387 1693 4441 in
1721 4385 1895 4441 eden-

300 4477 375 4534 do
421 4477 662 4533 Juvcnco
709 4493 839 4533 usus
865 4492 1005 4533 sum.
1039 4477 1326 4547 Specimen
1368 4479 1705 4535 characteris
1742 4478 1899 4533 exhi-

303 4571 400 4626 bui
430 4573 482 4626 in
523 4571 936 4641 Prolegomenis
984 4570 1051 4626 ad
1072 4570 1375 4627 Juvencum
1397 4613 1414 4639 ,
1455 4571 1562 4645 43
1597 4587 1750 4626 num.
1779 4572 1851 4626 48
1878 4613 1894 4638 ,

301 4679 429 4734 pag.
455 4662 545 4718 24.
579 4662 678 4718 llic
711 4673 796 4718 est
823 4663 960 4718 mihi
990 4663 1388 4732 pulcherrimus
1414 4663 1587 4718 codex
1619 4663 1767 4718 inter
1796 4661 1894 4716 Se-

302 4757 578 4813 dulianos.
620 4757 750 4811 Post
789 4756 1086 4812 Iuvencum
1119 4756 1307 4826 incipit
1337 4757 1568 4827 epistola
1609 4757 1676 4812 ad
1717 4757 1896 4812 Macc-

302 4850 552 4914 donium,
581 4851 825 4920 sequitur
853 4850 1112 4922 prologus
1141 4850 1420 4918 metricus,
1445 4849 1754 4916 Paschales,
1779 4859 1892 4905 tum

301 4960 526 5002 carmen
553 4945 606 4998 in
625 4945 862 5016 quinque
883 4945 1054 5000 libros
1067 4945 1442 5012 distributum,
1462 4944 1559 5000 sed
1580 4946 1654 5000 ita
1671 4945 1896 5002 utﬁnito

304 5040 488 5111 primo
516 5040 659 5095 libro
688 5039 890 5094 veteris
911 5039 1270 5107 Testamenti,
1302 5039 1464 5106 alter,
1497 5037 1593 5110 qui
1622 5039 1888 5108 sequitur,

303 5133 523 5187 dicatur
549 5131 758 5201 primus
784 5131 925 5187 liber
950 5132 1075 5186 novi
1104 5130 1463 5198 Testamenti,
1498 5140 1555 5186 et
1586 5129 1660 5186 ita
1681 5146 1781 5188 suo
1803 5145 1893 5187 or-

301 5226 437 5281 dine
491 5225 732 5294 reliqui,
791 5225 1107 5293 secundus,
1170 5225 1403 5290 tertius,
1456 5235 1702 5296 quartus.
1765 5223 1898 5280 Post

301 5333 530 5373 carmen
559 5317 751 5388 incipit
781 5316 1014 5387 epistola
1045 5317 1296 5373 Aratoris
1315 5359 1329 5382 ,
1368 5316 1459 5372 vel
1487 5316 1669 5387 potius
1707 5315 1898 5372 titulus

303 5413 588 5482 epistolas:
605 5427 728 5466 nam
753 5411 952 5467 desunt
975 5411 1128 5482 plura
1152 5413 1204 5467 in
1230 5413 1336 5468 hoc
1357 5411 1570 5481 codice,
1597 5422 1655 5467 ut
1675 5427 1744 5467 ex
1767 5419 1896 5467 nota

306 5506 543 5578 margini
581 5506 792 5577 adjecta
838 5505 1132 5578 colligitur,
1163 5522 1266 5577 qua
1315 5506 1570 5578 iubemur
1619 5506 1902 5577 requirere

309 5603 366 5659 in
418 5602 522 5657 hoc
570 5601 846 5657 volumine
889 5601 1122 5672 elegiam
1171 5601 1377 5658 Sedulii
1409 5612 1532 5673 post
1556 5602 1843 5659 Aratorem
1883 5619 1898 5656 :

305 5694 408 5751 sed
438 5695 778 5751 desideratur
810 5704 958 5751 totus
1014 5699 1232 5761 Arator,
1263 5706 1321 5752 ct
1372 5697 1542 5768 elegia
1587 5706 1643 5753 et
1670 5697 1902 5770 hymnus

310 5786 540 5855 Sedulii,
574 5789 692 5858 qui,
726 5797 783 5843 ut
815 5797 965 5858 puto,
994 5789 1184 5861 elegia:
1210 5791 1558 5848 succedebat.
1593 5791 1780 5847 Solum
1817 5808 1905 5847 re-

1998 3254 2283 3310 Paschales
2304 3271 2526 3312 carmen
2552 3255 2664 3330 44
2690 3258 2744 3312 in
2769 3258 3008 3329 quinque
3032 3258 3204 3314 libros
3235 3258 3470 3316 divisum
3499 3275 3595 3316 eo-

1995 3348 2122 3404 dem
2152 3348 2315 3404 modo
2356 3360 2521 3420 atque
2547 3350 2601 3404 in
2630 3350 2763 3422 Reg.
2797 3351 2850 3419 1,
2881 3351 3076 3421 elegia,
3105 3350 3367 3424 hymnus,
3395 3352 3442 3406 A
3468 3353 3595 3408 solis

1997 3453 2160 3510 ortus,
2193 3453 2249 3499 et
2293 3459 2482 3500 versus
2519 3444 2813 3503 acrostichi
2855 3444 3059 3500 Liberii
3087 3453 3145 3500 et
3170 3444 3440 3514 Belisarii,
3471 3445 3594 3502 sine

1999 3538 2111 3592 ulla
2134 3536 2516 3606 inscriptione.
2541 3537 3001 3604 Montfauconius,
3019 3537 3162 3593 Bibl.
3189 3553 3320 3594 mss.
3354 3553 3476 3609 pag.
3498 3538 3586 3605 52,

1997 3631 2107 3687 col.
2138 3633 2193 3696 2,
2251 3631 2395 3686 inter
2445 3644 2578 3685 mss.
2631 3631 2835 3700 reginae
2864 3628 3076 3686 Sueciae
3122 3627 3291 3686 refert
3343 3630 3592 3687 codicem

1999 3725 2162 3791 1687,
2193 3725 2342 3779 Arati
2368 3725 2528 3798 (lege
2556 3723 2848 3796 Aratoris),
2883 3734 2930 3778 et
2971 3723 3175 3780 Sedulii
3204 3725 3456 3792 carmina,
3500 3726 3596 3795 qui

1997 3821 2232 3876 fortasse
2257 3835 2366 3875 non
2397 3828 2482 3876 est
2508 3818 2758 3876 diversus
2780 3835 2810 3874 a
2833 3828 3041 3875 nostro.
3060 3817 3172 3875 llic
3193 3819 3363 3877 codex
3393 3819 3450 3876 in
3474 3835 3591 3877 var.

2001 3913 2130 3971 lect.
2164 3924 2250 3969 est
2269 3913 2400 3986 Reg.
2433 3915 2490 3969 2.

2071 4008 2163 4064 68.
2193 4007 2411 4063 Tertius
2432 4006 2610 4064 codex
2633 4008 2860 4080 reginae,
2893 4022 3002 4079 quo
3028 4008 3251 4076 utimur,
3283 4023 3437 4064 num.
3461 4006 3590 4076 166,

1998 4101 2130 4156 olim
2161 4101 2319 4166 1594,
2339 4100 2487 4156 iii-8°
2511 4102 2984 4168 membranaceus,
3015 4110 3140 4172 post
3159 4101 3418 4172 epistolas
3433 4116 3596 4173 quas-

1998 4194 2123 4248 dam
2155 4193 2383 4262 Sidonii,
2415 4203 2470 4249 et
2498 4195 2762 4248 nonnulla
2793 4194 2925 4260 alia,
2951 4193 3274 4252 charactere
3302 4194 3598 4267 antiquiori

2000 4287 2237 4342 fortasse
2262 4287 2448 4342 saeculi
2476 4303 2532 4356 x,
2567 4285 2726 4342 odert
2757 4287 2914 4342 nobis
2943 4288 3230 4358 epistolam
3256 4287 3323 4343 ad
3349 4287 3597 4345 Macedo-

2002 4379 2151 4436 nium
2182 4396 2305 4436 cum
2355 4380 2579 4451 glossis,
2612 4390 2666 4437 et
2713 4389 2839 4435 nota
2887 4380 2944 4435 in
2989 4381 3100 4438 line
3147 4381 3428 4452 epistolae:
3481 4381 3596 4438 Hoc

2001 4491 2131 4549 opus
2162 4474 2429 4540 Sedulius,
2461 4483 2566 4530 etc.
2595 4474 2854 4545 Sequitur
2893 4474 3106 4529 initium
3147 4475 3595 4547 Psychomacbia:

2003 4569 2308 4636 Prudentii,
2340 4577 2394 4624 et
2421 4568 2665 4624 nonnulli
2698 4583 2891 4624 versus
2922 4584 2989 4624 ex
3016 4569 3124 4624 ﬁne
3151 4569 3277 4624 libri
3301 4585 3336 4623 v
3363 4568 3592 4626 Sedulii.

2003 4663 2246 4720 Subinde
2272 4663 2466 4734 elegia,
2497 4660 2769 4718 Cantemus
2791 4705 2805 4729 ,
2841 4672 2894 4717 et
2921 4661 3132 4717 initium
3165 4661 3375 4735 hymni,
3405 4663 3449 4717 Α
3470 4663 3595 4719 solis

2003 4768 2166 4812 ortus.
2215 4757 2350 4813 lluic
2396 4756 2614 4824 codici,
2662 4771 2786 4812 cum
2831 4755 3183 4828 allegabitur,
3238 4771 3437 4814 nomen
3493 4757 3600 4815 erit

2005 4851 2134 4923 Reg.
2169 4853 2222 4907 5.

2077 4946 2166 5000 69.
2197 4944 2452 5015 Ejusdem
2496 4944 2840 5002 bibliothecae
2865 4947 3068 5017 reginae
3095 4954 3180 5002 est
3216 4945 3390 5004 codex
3421 4960 3598 5003 mem-

2003 5038 2306 5093 hranaceus
2332 5039 2486 5092 in-lo
2519 5055 2668 5094 num.
2701 5038 2863 5106 1560,
2907 5055 3018 5111 quo
3049 5041 3206 5111 plura
3235 5055 3402 5111 opera
3427 5039 3600 5096 conti-

2004 5141 2225 5198 nentur,
2265 5130 2474 5187 scilicet
2495 5130 2629 5186 Cato
2657 5132 3018 5204 philosophus
3048 5132 3434 5206 (Dionysius),
3467 5132 3599 5204 Epi-

2004 5225 2140 5281 stola
2167 5223 2372 5280 Sedulii
2410 5223 2478 5280 ad
2497 5223 2870 5281 Macedonium
2905 5225 3025 5282 sine
3059 5226 3360 5297 principio:
3403 5226 3604 5283 desunt

2009 5327 2130 5390 post
2149 5316 2813 5390 epistolamlaliquotlolia,
2837 5325 2893 5373 et
2919 5318 3112 5389 incipit
3135 5333 3331 5388 poema
3363 5316 3596 5388 Sedulii,

2005 5426 2034 5468 a
2063 5426 2205 5468 vers.
2236 5413 2332 5467 121
2361 5412 2482 5467 libri
2510 5427 2528 5465 ι
2552 5431 2565 5466 :
2592 5410 2729 5465 Loth
2759 5410 3094 5483 Sodomte,§et
3121 5410 3323 5466 desinit
3358 5411 3413 5466 in
3444 5425 3594 5468 vers.

2005 5507 2195 5564 ultimo
2216 5506 2340 5562 libri
2375 5522 2410 5561 ιι
2436 5523 2448 5559 :
2478 5506 2584 5560 Ora
2614 5505 2744 5577 lupi.
2774 5507 2907 5573 Quae
2932 5505 3000 5560 ad
3024 5504 3305 5561 Sedulium
3327 5515 3596 5576 spectant,

2006 5599 2318 5656 charactere
2341 5597 2716 5668 antiquissimo
2749 5597 2949 5668 scripta
2978 5605 3124 5663 sunt,
3156 5607 3210 5654 et
3239 5598 3305 5654 ad
3337 5599 3596 5657 saeculum

2009 5709 2101 5749 vm
2123 5693 2369 5749 revocari
2394 5699 2658 5764 possunt:
2687 5691 2793 5746 alia
2817 5685 3143 5748 recentioris
3165 5691 3344 5748 sitatis
3369 5703 3513 5760 sunt,
3542 5701 3602 5750 ut

2009 5804 2165 5858 opus,
2217 5787 2361 5859 quod
2406 5786 2674 5857 sequitur,
2717 5785 2812 5840 Ars
2853 5784 3067 5851 Phocce,
3119 5795 3174 5841 et
3200 5785 3350 5842 aliud
3395 5786 3598 5844 deinde
