4096 6182
518 232 614 287 471

1809 216 2092 277 (ςαςιιιυδ
2128 214 2490 279 ειιυυιιιυε.

3700 215 3808 275 672

523 349 770 420 quamvis
794 349 942 404 locus
969 359 1172 403 vacuus
1201 345 1423 401 relictus
1454 342 1639 400 fuerit.
1665 339 1775 414 50
1823 338 1955 396 Post
1981 352 2103 395 car—
2130 340 2186 400 Α
2209 336 2407 408 elegia,
2439 335 2738 407 Cantemus,
2766 354 2870 412 qua
2907 339 3061 395 ﬁnita
3089 357 3102 396 :
3129 338 3326 410 Incipit
3349 339 3572 413 hymnus
3600 337 3806 396 Sedulii

516 459 642 500 men
668 443 921 514 paschale
949 451 1035 497 est
1056 441 1228 512 elegia
1251 439 1546 506 Cantemus,
1563 437 1682 494 sine
1699 435 2059 505 inscriptione
2083 449 2098 487 :

517 547 639 606 post
668 537 921 606 elegiam,
962 533 1213 600 Explicit.
1243 531 1352 587 Iste
1371 531 1501 586 liber
1532 540 1614 586 est
1646 529 1708 584 S.
1739 527 1952 600 Georgii
1986 526 2105 581 Ma-

502 632 664 700 joris,
687 643 793 685 etc.
830 629 1181 686 Desideratur
1210 627 1472 700 hymnus,
1507 626 1550 679 Α
1577 622 1704 679 solis
1725 631 1894 688 ortus,
1919 630 1973 676 et
1998 635 2105 676 cat-

517 737 631 781 tera
654 724 836 781 omnia
867 738 988 794 qute
1009 723 1065 778 in
1097 722 1220 777 aliis
1245 720 1528 776 codicibus
1576 717 1770 772 adesse
1815 715 2015 771 solent.
2043 714 2101 770 In

518 819 661 874 notis
687 817 752 873 ad
774 817 1070 872 Juvencum
1094 814 1245 869 Rom.
1273 811 1463 868 vocavi
1485 811 1631 866 hunc
1657 810 1924 878 codicem,
1941 818 2103 878 atque

518 910 590 964 ita
619 925 833 980 quoque
858 925 999 963 nunc
1023 907 1332 976 appellabo.

592 1004 676 1057 79.
733 1002 790 1057 In
818 1003 1145 1058 Bibliothec.
1175 1000 1434 1072 Angelica
1495 1000 1681 1054 Roma:
1711 1007 1890 1052 exstat
1930 995 2104 1052 codex

518 1111 618 1151 ms.
655 1097 1002 1162 chartaceus,
1036 1111 1195 1166 quem
1225 1093 1496 1164 descripsi
1523 1095 1576 1148 in
1600 1093 1810 1162 Proleg.
1856 1091 1922 1146 ad
1969 1090 2104 1146 Pru-

516 1190 779 1255 dentium,
813 1206 964 1243 num.
1000 1189 1088 1244 76.
1148 1190 1277 1245 Post
1303 1188 1531 1258 elegiam
1563 1187 1630 1241 de
1681 1186 2104 1241 Resurrectione

513 1284 612 1338 sub
653 1282 918 1337 Lactantii
977 1283 1196 1342 nomine
1219 1284 1469 1353 sequitur
1514 1281 1769 1351 prologus
1817 1281 2101 1345 metricus,

513 1375 718 1431 Sedulii
745 1376 1050 1443 Paschales,
1084 1379 1202 1432 sine
1234 1378 1344 1431 ullo
1371 1377 1552 1442 titulo,
1587 1386 1699 1430 tum
1733 1389 1951 1430 carmen
2003 1389 2100 1444 pa-

513 1472 696 1527 Scbale
721 1474 774 1527 in
797 1483 1028 1542 quatuor
1057 1474 1224 1527 libros
1254 1472 1511 1534 divisum,
1545 1481 1604 1525 ut
1629 1474 1682 1524 in
1718 1471 1842 1525 aliis
1867 1469 2104 1525 recenti-

510 1565 616 1619 bus
639 1564 939 1629 codicibus,
967 1580 1030 1622 ac
1057 1565 1296 1634 denique
1333 1565 1504 1635 elegia
1536 1561 1835 1628 Cantemus,
1869 1562 1990 1617 sine
2016 1561 2101 1616 in-

508 1658 835 1728 scriptione,
867 1674 928 1713 ac
951 1659 1125 1713 solum
1161 1667 1283 1727 post
1309 1657 1556 1713 ultimum
1593 1656 2102 1712 versum'carminis

2207 429 2511 501 presbyteri,
2546 447 2744 502 nempe
2772 433 2815 486 Α
2841 430 2969 487 solis
2993 440 3159 488 ortus.
3190 431 3347 489 Hunc
3369 430 3620 490 codicem
3642 429 3808 488 Alba-

2207 520 2377 588 nium,
2407 521 2529 578 sive
2559 522 2678 578 Alb.
2708 522 2909 603 dicam.

2277 617 2367 672 81.
2401 616 2651 674 Referam
2697 634 2841 675 nunc
2886 619 3102 676 codices
3132 633 3292 687 mss.,
3321 635 3458 691 quos
3497 619 3551 676 in
3580 635 3680 677 sua
3709 619 3809 677 Se-

2206 708 2337 764 dulii
2386 711 2626 769 editione
2655 713 2904 770 adhibuit
2931 711 3282 771 Arntzenius.
3336 714 3580 770 Primum
3625 714 3810 773 laudat

2206 803 2449 860 codicem
2481 810 2722 877 parentis
2771 813 2877 875 sui,
2929 825 3090 879 quem
3137 809 3184 864 is
3229 809 3297 866 ad
3342 809 3500 866 Plinii
3538 811 3807 884 Panegyr.

2206 914 2336 965 xxv,
2369 898 2424 966 5,
2467 913 2520 956 et
2551 917 2676 957 thx
2702 943 2716 967 ,
2743 903 2777 957 8
2803 944 2818 969 ,
2844 902 3082 974 appellat
3109 905 3376 976 antiquum
3398 945 3414 972 ,
3446 913 3503 960 et
3528 903 3810 960 laudandae

2205 996 2470 1050 vetustatis
2509 997 2853 1052 membranas.
2906 997 3086 1054 Codex
3114 997 3204 1054 hic
3229 998 3679 1055 membranaceus
3706 1000 3810 1055 mi-

2206 1088 2324 1142 nori
2356 1087 2529 1145 forma
2559 1090 2873 1146 continebat
2894 1090 3101 1148 Sedulii
3128 1107 3345 1148 carmen
3375 1092 3658 1164 paschale,
3687 1093 3807 1164 epi-

2203 1196 2446 1253 gramma
2473 1181 2698 1247 Asterii,
2717 1193 2773 1237 et
2797 1181 3054 1255 hymnum
3084 1186 3108 1240 1
3139 1183 3371 1251 Sedulii,
3399 1183 3515 1241 sive
3535 1184 3806 1256 Elegiam,

2207 1275 2497 1331 Cantemus.
2531 1276 2757 1348 Reliqua
2788 1277 3035 1334 deerant.
3081 1279 3126 1334 Α
3170 1278 3335 1335 Petro
3361 1279 3673 1335 Burmanno
3703 1278 3810 1335 Se-

2205 1367 2384 1423 cundo
2405 1369 2614 1439 accepit
2635 1370 2962 1426 Arntzenius
2991 1369 3235 1427 codicem
3268 1370 3810 1430 Almeloveenianum

2205 1465 2429 1536 majoris
2456 1467 2668 1534 lormze,
2699 1482 2807 1538 quo
2841 1483 2972 1523 usus
3001 1467 3107 1538 jam
3136 1478 3295 1524 antea
3322 1468 3497 1524 fuerat
3514 1467 3808 1535 Cellarius,

2206 1558 2276 1615 ob
2315 1558 2691 1629 antiquitatem
2745 1569 2800 1614 et
2844 1558 3051 1616 scholia
3103 1560 3810 1633 quadam-elegantissima

2206 1653 2442 1708 maxime
2470 1653 2962 1710 commendandum
2999 1672 3012 1709 :
3047 1655 3142 1711 sed
3173 1657 3227 1710 in
3259 1671 3327 1711 eo
3356 1655 3813 1712 desiderabantur

509 1750 784 1820 paschalis
812 1751 1027 1822 legitur,
1058 1750 1288 1819 Explicit
1320 1751 1446 1805 liber
1469 1748 1695 1804 Sedulii.
1721 1748 1862 1806 Sunt
1916 1758 2094 1803 tamen
2131 1739 2180 1802 B
2205 1755 2518 1801 cunctaav.
2540 1747 2660 1813 197,
2688 1748 2725 1802 l.
2755 1744 2957 1802 tzCum
2981 1748 3318 1820 spirante,{ad
3335 1765 3389 1804 v.
3415 1749 3502 1816 15,
3537 1748 3572 1804 l.
3610 1765 3663 1804 tv
3690 1767 3707 1805 :
3733 1748 3812 1804 Ni

513 1845 566 1896 in
599 1843 840 1897 carmine
872 1843 1117 1913 paschali
1141 1843 1322 1913 capita
1351 1844 1468 1898 suis
1491 1844 1662 1898 titulis
1682 1843 1962 1898 distincta.
1995 1840 2103 1897 No-

510 1954 634 1993 men
660 1939 912 1995 monachi
929 1935 1311 1994 Cisterciensis
1331 1939 1688 2009 exscriptoris
1706 1938 1920 1994 videtur
1937 1937 2104 1992 fuisse

509 2032 763 2086 Antonius
792 2029 977 2086 Lemos
1000 2049 1018 2085 :
1051 2032 1288 2088 obscure
1326 2031 1490 2086 etiam
1533 2029 1824 2097 indicatur,
1857 2029 2102 2087 codicem

510 2125 839 2194 pertinuisse
869 2123 947 2179 ad.
997 2125 1391 2180 monasterium
1438 2123 1774 2180 Clarazvallis
1813 2123 2104 2180 Mediolani

510 2218 720 2276 ordinis
748 2218 1160 2285 Cisterciensis;
1195 2218 1390 2274 litterae
1436 2217 1583 2274 enim
1617 2217 1804 2273 multis
1856 2217 1908 2272 in
1961 2216 2100 2274 locis

509 2316 620 2386 jam
653 2316 764 2370 iere
792 2312 1310 2380 evanuerunt.Vidi,
1339 2322 1395 2368 et
1417 2312 1632 2368 excussi
1663 2311 1808 2367 hunc
1828 2311 2099 2378 codicem,

513 2427 674 2484 quem
698 2409 992 2466 nominabo
1020 2407 1360 2479 Angelicum,
1396 2408 1512 2464 sive
1536 2408 1667 2479 Aug.
1694 2408 1768 2463 De
1789 2406 1899 2462 alio
1915 2406 2102 2463 codice

513 2506 867 2562 bibliotheca:
897 2503 1175 2576 Angelicae
1212 2503 1532 2574 antiquiori,
1565 2503 1656 2574 qui
1708 2501 1884 2557 solum
1939 2501 2099 2556 nobis

512 2599 734 2655 exhibet
762 2614 982 2655 carmen
1015 2594 1353 2653 Romulidum
1382 2597 1592 2665 ductor,
1622 2604 1755 2664 etc.,
1789 2595 1954 2652 verba
1994 2595 2099 2652 ieci

509 2707 661 2747 num.
711 2692 800 2746 57.

584 2787 673 2841 80.
720 2784 905 2840 Alium
966 2783 1208 2840 codicem
1251 2784 1600 2840 chartaceum
1643 2783 1846 2840 Sedulii
1875 2783 2053 2840 habeo
2079 2826 2094 2852 ,

509 2895 671 2947 quem
714 2878 846 2934 mihi
880 2895 990 2935 non
1019 2879 1208 2934 multis
1239 2889 1365 2934 ante
1412 2880 1569 2934 annis
1625 2879 1957 2950 comparavi,
1989 2893 2095 2934 sas.

508 2974 635 3030 culo
663 2989 734 3028 xv
757 2973 984 3029 ineunte
1005 2974 1287 3043 scriptum.
1313 2971 1578 3027 Praecedit
1605 2972 1658 3027 in
1684 2971 1789 3028 hoc
1820 2971 2095 3029 volumine

507 3068 752 3135 Ovidius,
779 3068 842 3123 de
870 3067 1116 3121 Remedio
1137 3066 1350 3133 amoris,
1383 3082 1506 3121 cum
1534 3067 1767 3137 glossis;
1801 3066 2095 3122 Batracho-

2207 1839 2424 1911 genitor.
2455 1837 2676 1894 Addidit
2707 1839 2850 1896 idem
2883 1840 3224 1897 Burmannus
3259 1841 3552 1898 editionem
3585 1842 3810 1915 Georgii

2205 1929 2484 1998 Fabricii,
2536 1933 2692 2003 cujus
2743 1933 2979 2005 margini
3025 1931 3254 1990 Carolus
3281 1933 3528 1991 Andreas
3558 1933 3811 1991 Dukerus

2207 2025 2477 2081 variantes
2508 2024 2772 2082 lectiones
2800 2040 2870 2082 ex
2894 2026 3137 2082 editione
3164 2026 3473 2104 Parrhasii,
3503 2035 3562 2083 et
3586 2027 3813 2084 schedis

2205 2116 2518 2186 Pulmanni,
2555 2117 2672 2174 sive
2701 2117 3042 2185 Poelmanni,
3075 2120 3438 2190 ascripserat:
3470 2135 3592 2191 qua:
3617 2119 3814 2177 Fabri-

2203 2210 2277 2264 cii
2303 2209 2471 2266 editio
2499 2212 2553 2266 in
2598 2210 2854 2282 Catalogo
2897 2210 3246 2270 bibliothecae
3278 2211 3602 2270 Dukeriana:
3638 2212 3809 2279 in-L",

2203 2317 2354 2358 num.
2399 2301 2499 2359 571
2527 2345 2543 2370 ,
2596 2315 2955 2362 memoratur.
3005 2304 3295 2363 Lectiones
3337 2309 3502 2364 varias
3546 2309 3602 2364 in
3647 2307 3809 2366 Poel-

2203 2396 2388 2452 manni
2429 2396 2648 2454 schedis
2697 2397 2996 2456 Arntzenio
3020 2399 3280 2456 videntur
3308 2416 3377 2457 ex
3420 2416 3526 2458 ms.
3552 2400 3810 2473 deprom-

2201 2499 2347 2559 ptae:
2380 2505 2504 2546 nam
2529 2490 2822 2562 aliquando
2853 2493 2906 2548 id
2929 2493 3134 2550 indicat
3159 2495 3279 2564 ipse
3309 2494 3695 2563 Poelmannus,
3746 2508 3804 2553 ut

2201 2581 2268 2638 ad
2294 2597 2347 2636 v.
2369 2583 2495 2650 276,
2525 2583 2564 2639 l.
2593 2600 2646 2640 v.
2677 2585 2957 2651 Daumius,
2983 2586 3075 2658 qui
3101 2593 3158 2643 et
3178 2587 3295 2658 ipse
3314 2586 3650 2644 christianos
3669 2605 3800 2661 poe-

2201 2682 2284 2731 tas
2312 2673 2476 2732 edere
2505 2677 2696 2746 voluit,
2729 2676 2786 2734 in
2817 2679 2977 2735 codd.
3020 2681 3074 2735 in
3100 2679 3346 2748 Sedulio,
3369 2680 3621 2749 Aratore,
3647 2685 3799 2742 aliis-

2199 2782 2309 2838 que
2339 2784 2560 2824 manum
2591 2768 2909 2828 Poelmanni
2950 2771 3158 2839 habuit,
3198 2782 3257 2830 ut
3297 2784 3527 2832 testatur
3553 2777 3608 2832 in
3633 2781 3795 2851 epist.

2199 2859 2268 2915 ad
2300 2860 2581 2918 Heinsium
2611 2862 2739 2929 220,
2788 2875 2922 2920 tom.
2955 2882 2988 2921 v
3036 2865 3241 2938 Syllog.
3273 2869 3567 2926 Burmann.
3609 2871 3801 2930 Fabri-

2198 2954 2315 3010 cius
2355 2969 2590 3026 quoque,
2644 2955 2951 3014 Comment.
2998 2958 3054 3014 in
3075 2971 3224 3031 poet.
3283 2960 3496 3032 christ.,
3549 2979 3671 3036 pag.
3704 2966 3798 3035 24,

2198 3047 2414 3106 codices
2440 3066 2469 3104 a
2493 3050 2827 3108 Poelmanno
2848 3052 3079 3110 collatos
3109 3067 3401 3125 memorat,
3430 3072 3660 3129 quorum
3689 3061 3801 3134 52

507 3133 848 3232 myomachia
866 3158 1084 3213 llomeri
1101 3157 1311 3212 Latinis
1333 3133 1577 3212 versibus
1597 3157 1831 3224 reddita,
1859 3174 1977 3226 qua:
2010 3159 2088 3212 in-

2200 3151 2378 3200 tamen
2408 3143 2666 3202 lectiones
2693 3146 2930 3202 diversae
2956 3159 3082 3203 sunt
3101 3149 3172 3206 ab
3196 3151 3324 3220 illis,
3353 3168 3474 3224 quae
3497 3155 3548 3210 in
3575 3133 3798 3213 schedis

507 3252 657 3322 cipit,
676 3249 968 3320 Bonarum,
984 3266 1290 3319 murumque
1311 3250 1469 3304 simul
1492 3249 1724 3304 crudelia
1737 3250 1891 3304 bella.
1911 3251 2096 3322 Sequi-

504 3355 594 3402 tur
613 3345 888 3410 Sedulius,
921 3343 1016 3399 setl
1045 3342 1198 3399 deest
1222 3343 1434 3398 initium
1467 3357 1638 3414 usque
1659 3342 1726 3396 ad
1759 3358 1908 3398 vers.
1928 3343 1999 3398 45
2025 3343 2091 3399 Ιί-

506 3442 593 3497 bri
621 3458 637 3496 ι
664 3459 676 3494 :
709 3439 1042 3494 Labruscam.
1073 3437 1305 3508 Margini
1331 3437 1605 3494 adduntur
1637 3437 1775 3494 tituli
1801 3438 1971 3494 minio
1997 3453 2094 3493 no-

504 3537 605 3592 tati
627 3553 640 3591 :
665 3535 922 3591 carminis
953 3533 1223 3604 paschalis
1240 3533 1440 3589 divisio
1466 3543 1550 3589 est
1566 3534 1619 3589 in
1636 3546 1867 3606 quatuor
1892 3534 2086 3602 libros,

503 3637 564 3686 ut
594 3631 647 3686 in
679 3629 802 3685 aliis
827 3629 1225 3685 recentioribus
1253 3628 1554 3693 codicibus,
1583 3631 1634 3682 in
1664 3629 1858 3700 quibus
1887 3645 1955 3686 ex
1981 3639 2090 3685 ter-

503 3725 582 3782 tio
604 3734 660 3780 et
685 3735 882 3796 quarto
908 3724 1050 3779 libro
1068 3722 1128 3778 iit
1157 3739 1300 3779 unus
1324 3733 1553 3778 tantum.
1570 3720 1812 3780 Carmini
1842 3721 2086 3794 paschali

501 3817 744 3874 succedit
762 3817 1082 3888 elegia,qu:e
1110 3817 1308 3871 dicitur
1335 3815 1654 3890 epigramma
1675 3816 1932 3870 distichon
1950 3815 2087 3883 eius-

498 3913 616 3967 dem
647 3910 878 3969 Sedulii.
907 3909 1114 3966 Deinde
1170 3910 1402 3982 hymnus
1433 3908 1676 3979 ejusdem
1703 3918 1900 3979 poetae,
1929 3909 1973 3963 Α
2001 3925 2086 3963 so-

495 4009 560 4064 lis
583 4016 725 4063 ortus
755 4004 988 4069 cardine,
1005 4014 1061 4058 et
1077 4004 1131 4058 in
1159 4002 1269 4059 ﬁne
1299 4011 1446 4068 nota,
1468 4003 1712 4058 Sedulius
1735 4013 1908 4076 poeta,
1932 4019 2077 4058 num.

495 4102 564 4159 10
594 4101 785 4157 relata.
819 4097 1103 4156 Accedunt
1132 4097 1482 4153 miscellanea
1532 4097 1635 4152 alia
1667 4111 1848 4166 sacra,
1871 4107 1926 4153 et
1952 4112 2082 4169 pro-

493 4196 641 4263 fana,
678 4197 729 4248 in
759 4193 959 4264 quibus
985 4193 1233 4263 quaedam
1258 4191 1439 4262 Statii,
1469 4189 1809 4262 Calphurnii,
1841 4191 2080 4264 Proper-

496 4292 556 4349 tii
581 4300 635 4345 et
660 4289 969 4352 Claudiani,
1003 4289 1093 4360 qui
1139 4287 1408 4360 ConOpeus
1432 4285 1767 4344 Florentinus
1798 4289 1922 4344 civis
1949 4288 2083 4345 dici-

491 4396 602 4444 tur.
627 4385 837 4442 Sedulii
862 4385 1104 4441 carmina
1127 4383 1482 4454 exscriptoris
1516 4383 1847 4456 negligentia
1887 4399 2080 4454 parum

490 4488 741 4540 correcta
762 4487 912 4546 sunt,
937 4479 1032 4534 sed
1052 4479 1235 4550 plures
1259 4489 1437 4533 tamen
1466 4489 1762 4535 occurrunt
1781 4479 1947 4533 varia
1969 4479 2077 4533 lec-

2197 3238 2572 3308 reperiuntur:
2595 3257 2721 3297 nam
2747 3240 2800 3296 in
2825 3241 3045 3299 schedis
3074 3259 3293 3302 carmen
3321 3247 3527 3305 Sedulii
3557 3249 3796 3306 divisum

2197 3342 2280 3388 est
2314 3334 2369 3388 in
2398 3335 2637 3406 quinque
2667 3335 2836 3391 libros
2867 3353 2882 3390 :
2929 3336 2983 3392 in
3025 3337 3123 3406 iis,
3169 3338 3239 3395 de
3266 3340 3462 3410 quibus
3487 3341 3796 3412 Fabricius,

2196 3435 2429 3496 quatuor
2449 3435 2655 3484 tantum
2685 3439 3060 3486 numerantur.
3089 3430 3208 3488 Non
3231 3432 3446 3490 viderat
3466 3433 3798 3493 Arntzenius

2195 3521 2489 3578 editionem
2540 3522 2884 3591 Poelmanni,
2932 3540 3095 3596 quam
3140 3542 3289 3583 num.
3320 3529 3424 3586 109
3469 3530 3794 3588 recensebo.

2195 3614 2561 3672 Poelmannus
2599 3617 2780 3686 igitur,
2825 3627 3112 3690 postquam
3145 3620 3425 3677 Sedulium
3465 3637 3587 3678 cum
3624 3625 3792 3682 variis

2193 3709 2357 3764 etiam
2399 3709 2721 3767 lectionibus
2744 3711 2934 3781 edidit,
2967 3713 3073 3768 alia
3103 3715 3438 3785 exemplaria
3467 3730 3592 3772 cum
3618 3717 3787 3784 edita,

2188 3809 2304 3858 tum
2332 3802 2559 3872 inedita,
2586 3805 2840 3871 contulit,
2872 3821 2939 3860 ex
2961 3806 3157 3877 quibus
3185 3809 3448 3866 lectiones
3491 3825 3521 3864 a
3549 3825 3648 3867 sua
3673 3813 3785 3868 edi-

2187 3897 2338 3954 tione
2364 3899 2638 3955 variantes
2685 3900 2989 3970 annotavit,
3021 3902 3092 3959 de
3121 3903 3318 3976 quibus
3351 3919 3499 3977 saepe
3518 3906 3781 3978 judicium

2187 4005 2344 4046 suum
2376 3993 2765 4062 pronuntiavit.

2259 4085 2348 4141 8'2.
2377 4084 2521 4140 Misit
2547 4095 2810 4156 praeterea
2834 4089 3130 4146 Arntzenio
3153 4091 3494 4149 Burmannus
3519 4093 3784 4166 Excerpta

2185 4179 2433 4250 quindam
2463 4195 2530 4237 ex
2554 4192 2786 4252 quatuor
2808 4183 3088 4241 codicibus
3119 4186 3466 4245 bibliothecae
3493 4189 3785 4262 Lugdunu-

2184 4273 2400 4330 Batavae
2425 4290 2454 4328 a
2483 4275 2706 4332 Nicolao
2747 4277 2973 4334 Heinsio
2995 4279 3315 4352 deprompta
3336 4323 3353 4352 ,
3391 4293 3553 4354 atque
3582 4285 3652 4341 ab
3677 4287 3786 4342 alio

2183 4366 2252 4420 ad
2280 4383 2430 4423 oram
2461 4368 2713 4426 editionis
2743 4369 3078 4428 Fabriciante
3103 4390 3174 4430 ex
3201 4374 3409 4432 Heinsii
3440 4377 3653 4434 schedis
3683 4379 3782 4435 de-

2182 4459 2404 4530 scripta.
2452 4460 2667 4516 Primus
2691 4461 2860 4519 codex
2887 4474 3003 4520 erat
3029 4478 3098 4520 ex
3124 4480 3247 4522 arca
3282 4465 3542 4535 Vulcanii,
3585 4467 3782 4542 reliqui

487 4577 666 4633 tiones
694 4584 884 4631 notata
907 4529 1104 4644 dignare,
1124 4572 1230 4644 51
1257 4587 1434 4641 neque
1455 4571 1583 4627 alibi
1616 4571 1773 4627 facile
1796 4571 2077 4642 reperien-

2195 4529 2306 4609 tres,
2323 4570 2389 4608 ex
2417 4569 2542 4610 area
2567 4555 2796 4620 Nansii;
2826 4558 2920 4614 sed
2945 4558 3088 4615 inter
3112 4575 3172 4617 se
3203 4561 3400 4618 litteris
3428 4565 3491 4630 Α,
3523 4561 3592 4632 Β,
3613 4562 3673 4634 C,
3705 4529 3778 4635 b,

487 4671 589 4726 dae.
617 4671 769 4724 Hunc
796 4668 961 4738 igitur
987 4665 1231 4721 codicem
1259 4664 1670 4735 intelligo,cum
1710 4680 1880 4719 meum
1931 4665 2076 4719 codi-

485 4780 595 4818 cem
617 4761 860 4816 nomino.
894 4759 1178 4830 Antiquior
1200 4766 1285 4813 est
1306 4756 1482 4813 codex
1509 4756 1960 4812 membranaceus
1990 4757 2072 4812 in-

487 4859 574 4925 8°,
604 4865 680 4924 et,
715 4861 773 4907 ut
799 4851 1032 4921 videtur,
1060 4850 1248 4906 saeculi
1276 4866 1392 4916 xm,
1428 4851 1484 4904 in
1514 4848 1843 4905 bibliotheca
1887 4850 2069 4911 excel-

481 4949 804 5008 lentissima:
830 4947 1027 5003 domus
1054 4944 1301 5001 Albaniae
1350 4943 1539 5000 Roma:
1582 4952 1919 5010 asservatus,
1963 4959 2071 5013 quo

480 5047 645 5104 etiam
667 5042 800 5098 mihi
826 5039 904 5095 uti
929 5039 1098 5095 licuit.
1131 5037 1344 5094 Titulus
1366 5036 1925 5108 simplex'ﬂSedulius,
1967 5036 2069 5093 sub

478 5156 586 5214 quo
615 5135 944 5195 describitur
971 5133 1229 5206 prologus
1257 5133 1515 5190 metricus
1549 5131 1852 5198 Paschales,
1891 5142 1946 5188 et
1969 5132 2064 5187 lib.

477 5250 520 5301 ι,
542 5248 664 5289 cum
691 5229 1043 5287 distinctione
1068 5236 1123 5284 et
1150 5225 1491 5298 argumentis
1514 5241 1696 5282 rerum
1717 5225 1984 5282 indicatis.
2007 5225 2064 5281 in

477 5326 585 5380 line
625 5325 748 5380 libri
773 5323 935 5395 primi
967 5321 1219 5378 rubrica:
1243 5320 1477 5391 Explicit
1495 5320 1624 5375 liber
1653 5321 1850 5392 primus
1883 5319 2065 5374 veteris

478 5416 818 5474 Testamenti.
851 5413 1046 5487 Incipit
1076 5413 1397 5470 Testamenti
1448 5413 1565 5468 novi
1610 5411 1738 5467 liber
1765 5411 1829 5467 de
1858 5409 2066 5484 Expul-

469 5515 618 5570 sione
647 5513 872 5568 hominis
903 5512 965 5569 de
993 5508 1562 5584 paradiso._Dividitur
1589 5522 1810 5564 carmen
1840 5506 1894 5562 in
1922 5519 2060 5578 qua-

472 5615 599 5660 tuor
619 5606 788 5663 libros
817 5624 831 5661 :
854 5617 1080 5676 quartus
1103 5605 1293 5676 incipit
1321 5620 1484 5661 versu
1507 5603 1630 5658 1am
1650 5603 1905 5674 placidas,
1927 5609 2057 5668 etc.,

473 5694 541 5749 ad
567 5694 729 5750 linem
759 5712 950 5767 usque.
979 5697 1115 5753 Tum
1140 5716 1152 5751 :
1185 5696 1415 5768 Explicit
1438 5697 1566 5752 liber
1585 5705 1796 5769 quartus
1817 5697 2055 5768 feliciter,

2184 4647 2673 4720 distinguebantur.
2704 4651 2944 4722 Epistola
2972 4662 3180 4710 tantum
3204 4655 3271 4712 ad
3298 4655 3692 4726 Macedoniam,
3723 4669 3779 4717 et

2183 4742 2378 4796 Asterii
2413 4742 2745 4814 epigramma
2789 4743 2872 4800 his
2915 4746 3204 4820 Excerptis
3239 4750 3780 4822 comprehendeban-

2184 4845 2292 4890 tur.
2347 4833 2403 4890 ln
2432 4834 2623 4892 codice
2653 4837 2693 4892 C
2737 4840 3032 4910 ascriptum
3060 4852 3183 4898 erat
3225 4845 3518 4903 recentiori
3560 4861 3724 4904 manu
3756 4865 3770 4903 :

2181 4927 2552 4999 Argumentum
2573 4929 2628 4984 in
2659 4929 2847 4986 librum
2876 4931 3083 4989 Sedulii
3111 4951 3131 4990 :

2300 5088 2580 5160 Coptemnit
2595 5090 2760 5160 paleas
2781 5091 3014 5160 sedulius
3030 5128 3046 5156 ,
3071 5093 3217 5158 eligit
3240 5102 3378 5160 aptas

2362 5151 2463 5204 Res
2485 5151 2744 5219 Evangelii
2762 5151 3208 5210 sedulitate'meti'l.

2172 5320 2290 5378 Non
2313 5322 2476 5390 male,
2494 5321 2716 5395 utfputo,
2740 5333 2887 5381 esset
2906 5326 3050 5399 eligit
3073 5326 3226 5383 altas.
3251 5328 3404 5387 Dono
3425 5331 3592 5388 etiam
3617 5331 3765 5390 Petri

2171 5416 2466 5473 Burmanni
2495 5417 2732 5475 Secundi
2760 5418 2946 5476 habuit
2976 5422 3299 5481 Arntzenius
3336 5427 3632 5485 editionem
3659 5428 3761 5486 Se-

2168 5509 2302 5566 dulii
2347 5511 2734 5581 Cellarianam,
2787 5529 2892 5585 qua
2923 5530 3052 5572 usus
3082 5516 3258 5574 fuerat
3286 5519 3432 5577 Petri
3468 5521 3762 5581 Burmanni

2166 5604 2400 5662 Secundi
2434 5615 2657 5678 patruus
2688 5626 2701 5664 :
2735 5608 2891 5680 cujus
2939 5626 3129 5684 margo
3174 5615 3642 5688 complectebatur
3669 5635 3761 5678 va-

2163 5699 2275 5756 rias
2304 5699 2568 5758 lectiones
2593 5717 2698 5758 non
2727 5702 2902 5759 solum
2936 5720 3002 5762 ex
3031 5705 3170 5763 Aldu
3201 5718 3256 5765 et
3297 5710 3536 5769 editione
3565 5713 3754 5770 Edim-

461 5804 637 5846 nmen.
681 5785 946 5858 Incipiunt
977 5793 1208 5846 carmina
1256 5792 1492 5862 quadam
1518 5789 1750 5860 ejusdem
1781 5805 1799 5842 :
1845 5789 2055 5847 scilicet
2159 5795 2437 5867 burgensi,
2469 5797 2564 5855 sed
2591 5799 2756 5856 etiam
2786 5814 2855 5858 ex
2886 5800 3073 5859 codice
3104 5819 3210 5865 ms.
3236 5805 3580 5866 bibliotheca:
3609 5811 3752 5882 Lug-
