4096 6182
269 222 384 282 475

1650 217 2190 280 PROLEGOMENA.

3443 221 3550 284 474

269 335 687 404 dnuo-Batava).
731 335 822 409 qui
859 337 1135 409 reperitur
1161 345 1288 394 ante
1314 350 1477 409 opera
1507 335 1742 409 Virgilii,
1785 343 1862 404 et,
1889 337 1945 401 Α
1967 351 2073 394 nus
2118 338 2164 392 Δ
2202 335 2326 393 solis
2352 345 2496 395 ortus
2517 379 2532 406 ,
2563 335 2830 395 monitum
2862 336 2979 394 Hoc
3018 353 3149 409 opus
3189 337 3442 395 Sedulius
3462 347 3558 405 ,ut

269 443 329 491 ut
359 450 391 488 a
419 432 646 506 reliquis
688 444 942 505 quatuor,
981 434 1048 489 de
1072 433 1267 504 quibus
1293 432 1494 490 dictum
1521 443 1624 500 est,
1667 432 1860 489 distin-

264 539 506 603 guatur,
536 529 717 584 littera
744 526 794 582 Ε
841 527 1180 600 designatur.
1228 528 1472 585 Accessit
1514 527 1742 600 epistola
1781 526 1865 582 in-

267 623 420 679 edita
467 622 528 677 P.
573 622 865 678 Burmanni
895 622 963 677 ad
1001 621 1155 678 Gisb.
1186 619 1456 692 Cuperum
1479 663 1493 689 ,
1521 620 1610 676 die
1637 621 1708 676 98
1735 619 1865 678 Julii

267 716 415 774 1704
444 715 590 783 data,
623 715 676 772 in
702 731 807 787 qua
839 715 1020 786 plures
1041 727 1097 772 et
1117 715 1535 787 elegantissima:
1553 723 1708 770 erant
1733 713 1864 769 Bur-

268 809 458 868 manni
493 807 846 879 conjecturae.
892 808 1147 876 Quaedam
1179 808 1340 864 etiam
1371 809 1486 878 ipse
1508 807 1699 863 Petrus
1729 807 1865 862 Bur-

265 921 506 962 mannus
553 903 834 961 Secundus
881 903 1056 960 eidem
1105 917 1222 960 sua:
1271 903 1590 959 Cellarianac
1641 900 1863 958 editioni

261 1002 614 1074 ascripserat.
1213 982 1219 988 ’

339 1094 432 1150 83.
466 1093 769 1160 Grunerus,
797 1092 891 1165 qui
923 1093 1084 1164 paulo
1126 1102 1254 1148 ante
1279 1091 1554 1150 Sedulium
1594 1089 1860 1158 ediderat,

263 1187 451 1244 nullos
494 1186 731 1254 codices,
779 1186 896 1243 sive
924 1187 1254 1257 exemplaria
1296 1202 1426 1242 mss.
1476 1186 1590 1257 ipse
1632 1184 1858 1252 viderat,

262 1282 363 1339 sed
394 1296 523 1337 usus
550 1291 732 1337 tamen
760 1281 862 1336 fuit
889 1280 1131 1336 editione
1160 1279 1509 1336 Tornazsiana
1537 1279 1663 1332 anni
1697 1277 1858 1344 l565,

263 1391 393 1434 cum
424 1377 570 1432 notis
594 1391 727 1432 mss.
758 1375 902 1431 Erici
932 1375 1172 1432 Benzelii
1191 1417 1207 1442 ,
1235 1390 1302 1430 cx
1330 1389 1434 1430 ms.
1465 1372 1858 1438 Cantuariensi,

263 1472 460 1528 codice
480 1470 689 1539 Nansii,
721 1479 777 1526 et
801 1470 988 1527 codice
1016 1470 1260 1526 Vulcanii
1288 1488 1302 1525 :
1326 1485 1395 1525 ex
1425 1469 1508 1525 his
1528 1473 1706 1525 autem
1735 1467 1862 1523 duo-

264 1568 368 1625 bus
396 1569 451 1624 in
480 1567 596 1624 solo
619 1567 820 1638 primo,
849 1581 1025 1636 neque
1061 1565 1271 1636 integro
1299 1563 1456 1620 libro.
1502 1563 1578 1619 Ex
1618 1563 1702 1618 his
1728 1563 1859 1633 ipsis

265 1664 482 1730 duobus
523 1662 819 1732 codicibus,
863 1677 893 1716 a
931 1661 1050 1718 Nic.
1094 1660 1311 1716 Heinsio
1351 1659 1587 1725 collatis,
1629 1658 1858 1730 profecit

266 1759 430 1815 etiam
454 1756 803 1821 Arntzenius,
831 1755 922 1826 qui
952 1769 1048 1812 eos
1075 1763 1382 1825 opportune
1410 1752 1614 1808 laudat.

337 1849 552 1923 5384.
569 1849 832 1906 Cellarius
858 1847 926 1904 ad
946 1863 1100 1904 suam
1128 1847 1422 1904 editionem
1446 1845 1674 1913 Sedulii,
1697 1861 1858 1918 quam

269 1946 374 2002 hoc
417 1944 616 2001 saeculo
662 1943 886 2000 ineunte
931 1942 1283 2014 procuravit,
1324 1939 1572 1996 adhibuit
1614 1939 1858 1996 codicem

271 2053 372 2095 ms.
402 2036 645 2105 Sedulii,
670 2035 872 2108 oppido
920 2037 1234 2106 antiquum,
1258 2049 1327 2089 ex
1365 2033 1690 2092 bibliotheca
1721 2033 1862 2088 Pau-

269 2131 378 2189 lina
408 2129 708 2201 Lipsiensis
732 2128 1069 2196 Academias,
1101 2127 1298 2183 librum
1330 2126 1537 2184 Sedulii
1561 2142 1632 2182 ex
1664 2125 1858 2183 biblio-

269 2224 426 2281 theca
448 2221 745 2280 Christiani
773 2222 1009 2290 Daumii,
1032 2237 1196 2292 quem
1223 2219 1431 2291 Gaspar
1460 2220 1712 2277 Barthius
1733 2236 1855 2276 cum

269 2320 475 2390 scripto
499 2319 689 2375 codice
710 2327 1124 2391 composuerat,
1156 2316 1351 2373 deinde
1381 2316 1570 2382 alium,
1603 2317 1670 2372 ab
1697 2314 1857 2372 Erico

267 2413 531 2474 Benzelio
557 2412 916 2484 Cantabrigiae
937 2427 1058 2468 cum
1085 2413 1311 2467 vetustis
1339 2410 1670 2466 membranis
1690 2409 1857 2466 colla-

269 2516 385 2562 tum
408 2548 423 2573 ,
456 2517 510 2562 et
532 2505 751 2578 [iterum
773 2505 968 2572 alium,
1002 2519 1160 2576 quem
1192 2502 1308 2559 Nic.
1342 2502 1592 2559 Heinsius
1621 2517 1718 2572 per
1745 2511 1857 2556 tres

269 2601 485 2674 priores
524 2599 693 2656 libros
715 2599 786 2655 ad
811 2607 1081 2655 vetustum
1127 2597 1369 2654 codicem
1395 2605 1668 2666 exegerat.
1698 2592 1858 2650 Com-

271 2705 540 2754 memorat
578 2694 740 2752 etiam
767 2692 1029 2751 Cellarius
1060 2693 1405 2750 membranas
1438 2691 1660 2761 optima:
1688 2699 1853 2758 notae,
1893 2713 1902 2722 -

273 2805 410 2864 quas
435 2788 758 2848 Theodorus
806 2787 1102 2844 Jansonius
1152 2787 1220 2842 ab
1269 2785 1617 2842 Almeloveen
1667 2784 1855 2840 misit:

272 2887 471 2960 quibus
509 2887 675 2943 etiam
721 2899 850 2940 usus
876 2894 960 2941 est
989 2883 1338 2939 Arntzenius.
1368 2880 1740 2952 Cappusotus,
1763 2879 1854 2950 qui

272 2981 568 3040 editionem
599 2979 842 3046 Sedulii,
871 2993 1024 3034 num.
1053 2977 1122 3032 95
1147 2974 1535 3032 recensendam
1558 3017 1572 3040 ,
1600 2987 1858 3044 procura-

269 3074 377 3143 vit,
407 3073 559 3145 plura
579 3070 911 3143 exemplaria
936 3083 1066 3126 mss.
1099 3067 1355 3133 contulit,
1383 3065 1478 3123 sed
1503 3067 1699 3138 partim
1738 3081 1858 3120 mu.

269 3167 384 3232 tila,
413 3167 611 3238 partim
643 3165 854 3222 mendis
879 3177 1123 3236 aspersa.

337 3263 432 3318 85.
478 3261 668 3316 Plures
695 3261 785 3315 alii
813 3259 914 3314 viri
961 3257 1190 3323 eruditi,
1218 3257 1307 3328 qui
1353 3255 1558 3314 Sedulii
1604 3254 1851 3327 quaedam

268 3354 387 3412 loca
411 3355 787 3419 illustrarunt,
816 3352 1032 3408 codices
1065 3365 1197 3406 mss.
1221 3349 1462 3415 laudant,
1492 3358 1552 3404 ut
1575 3349 1851 3415 Barthius,

264 3450 358 3522 qui
390 3462 537 3519 saepe
563 3447 699 3503 duos
726 3446 916 3502 saltem
947 3445 1194 3510 codices,
1225 3445 1456 3500 alterum
1496 3443 1672 3499 altero
1715 3443 1855 3498 anti-

263 3547 510 3616 quiorem
536 3585 553 3610 ,
580 3542 650 3598 ad
679 3556 874 3598 versus
894 3549 1180 3610 corruptos
1206 3537 1577 3596 emendandos
1608 3536 1850 3607 profert;

264 3638 332 3696 G.
366 3637 682 3706 Fabricius,
710 3637 781 3692 de
810 3636 963 3707 cujus
990 3643 1226 3706 quatuor
1255 3648 1386 3688 mss.
1429 3632 1712 3687 codicibus
1731 3630 1855 3687 vide

265 3749 420 3790 num.
451 3733 550 3798 5'5;
579 3731 828 3788 Wassius
854 3731 905 3785 in
934 3745 1028 3785 sua
1062 3728 1305 3786 Sallustii
1351 3725 1621 3792 editione,
1655 3725 1724 3779 de
1745 3738 1855 3794 quo

266 3829 319 3886 in
347 3828 570 3884 scholiis
595 3825 662 3882 ad
685 3841 828 3882 vers.
857 3824 1151 3892 29,116,Ι.
1182 3839 1249 3888 n;
1279 3821 1551 3885 Davisius,
1571 3818 1665 3891 qui
1693 3832 1856 3890 quos'

264 3927 388 3985 dam
418 3941 550 3984 mss.
582 3925 802 3982 codices
829 3929 1254 3988 commemorat,
1285 3930 1341 3975 ut
1386 3917 1564 3973 dicam
1604 3916 1672 3971 ad
1719 3916 1755 3970 l.
1795 3930 1853 3980 ι,

263 4021 789 4171 ver“siuiijandinius
859 4113 912 4168 in
966 4109 1231 4181 Catalogo
1281 4104 1541 4164 Biblioth.
1592 4103 1851 4159 Laurent.

260 4209 508 4268 Florent.
541 4217 581 4264 t.
643 4222 742 4272 ιιι,
795 4221 917 4277 pag.
965 4204 1070 4261 722
1099 4219 1254 4275 seq.,
1308 4208 1560 4257 recenset
1610 4197 1854 4253 codicem

256 4305 739 4364 membranaceum
774 4300 957 4356 seculi
992 4315 1079 4365 xv,
1107 4313 1215 4370 quo
1259 4293 1621 4362 Prudentius,
1653 4291 1854 4348 luven-

253 4416 394 4466 eus,
424 4411 584 4470 atqne
613 4397 706 4454 alii
752 4406 928 4468 poeta:
967 4393 1250 4451 christiani
1296 4390 1663 4448 continentur.
1690 4387 1849 4444 Num.

254 4497 291 4553 8
317 4495 443 4565 ejus
470 4491 760 4550 voluminis
786 4502 870 4547 est
897 4491 1070 4547 Cento
1095 4489 1356 4544 Faltonia:
1386 4486 1599 4552 Probm,
1631 4482 1852 4538 mutilus

1966 431 2121 488 alibi.
2163 431 2400 489 Postea:
2431 430 2569 498 Deo,
2607 443 2655 488 et
2697 432 2922 488 Demino
2959 443 3134 490 nostro
3177 432 3312 490 Jesu
3353 432 3558 491 Christo

1967 525 2076 600 54
2089 526 2425 599 Redemptori
2437 527 2654 584 humani
2674 533 2874 603 generis
2893 529 2960 585 sit
2973 529 3181 599 inﬁnita
3204 530 3340 597 laus,
3363 531 3451 602 qui
3473 548 3556 588 me

1967 630 2285 690 peccatorem
2332 623 2583 692 famulum
2630 640 2780 677 suum
2830 623 3177 694 evangelicum
3226 623 3551 692 doctrinam,

1965 730 2121 786 quam
2160 714 2335 769 beatus
2363 715 2612 772 Sedulius
2633 733 2723 789 per
2749 733 2920 772 versus
2943 717 3200 772 ordinavit
3227 763 3240 784 ,
3269 719 3556 779 {scribendo

1966 807 2119 878 ﬁnire
2143 809 2414 880 permisit:
2437 811 2525 882 qui
2550 811 2668 864 vivit
2698 820 2744 865 et
2771 820 2950 883 regnat
2980 828 3096 866 cum
3117 811 3226 867 Deo
3248 810 3428 882 Patre,
3444 825 3554 871 etc.

1968 899 2326 972 Subjungitur
2347 902 2537 958 notitia
2567 902 2814 975 qumdam
2843 904 2910 960 de
2936 913 3160 960 auctore
3189 906 3477 974 poematis,
3499 917 3556 962 et

1879 1023 1884 1028 ο
1965 996 2034 1053 de
2063 998 2349 1055 occasione
2373 1013 2476 1069 qua
2500 998 2637 1055 illud
2662 1000 3003 1070 composuit:
3038 1001 3118 1056 sic
3142 1000 3347 1072 incipit,
3370 1000 3440 1057 In
3465 1018 3554 1056 ca-

1965 1095 2072 1164 pite
2116 1095 2524 1168 uniuscujusque
2577 1094 2724 1161 libri;
2770 1095 3012 1161 desinit,
3053 1095 3451 1164 manifestantur
3494 1113 3555 1153 ea

1963 1202 2078 1257 qua:
2102 1188 2156 1240 in
2185 1186 2330 1241 libris
2357 1187 2698 1242 continentur.
2730 1187 2934 1243 Deinde
2978 1187 3134 1244 adest
3161 1187 3407 1260 praefatio
3439 1204 3554 1246 me-

1964 1281 2099 1336 trica
2127 1280 2412 1336 Paschales
2431 1321 2447 1346 ,
2473 1290 2530 1336 et
2559 1296 2780 1338 carmen
2827 1281 3082 1351 paschale
3107 1323 3123 1349 ,
3147 1289 3380 1351 quatuor
3403 1282 3555 1338 libris

1963 1376 2437 1451 comprehensum,
2471 1388 2529 1432 ut
2559 1378 2610 1433 in
2633 1378 2906 1434 similibus
2933 1378 3172 1436 recentis
3201 1379 3379 1435 anatis
3401 1379 3553 1435 codi-

1961 1471 2138 1528 cibus.
2183 1472 2312 1528 Post
2359 1487 2577 1528 carmen
2637 1471 2925 1543 paschale,
2966 1475 3088 1529 sine
3141 1473 3326 1540 titulo,
3379 1474 3554 1546 elegia

1963 1564 2260 1623 Cantemus.
2279 1566 2448 1637 Hujus
2469 1565 2675 1622 codicis
2698 1566 2920 1622 memini
2948 1567 3112 1623 etiam
3129 1567 3183 1622 in
3206 1566 3555 1639 Prolegome-

1962 1663 2047 1718 nis
2095 1662 2164 1716 ad
2212 1660 2571 1717 Prudentium
2617 1670 2672 1716 et
2700 1659 3038 1717 Juvencum:
3072 1660 3167 1730 qui
3194 1660 3554 1718 nitidissimus

1888 1747 1934 1808 Β
1961 1756 2162 1814 dicitur
2184 1771 2212 1809 a
2242 1755 2513 1810 Bandinio
2532 1799 2545 1822 ,
2581 1770 2705 1811 cum
2731 1755 3028 1810 initialihus
3050 1752 3311 1810 librorum
3336 1754 3516 1810 aureis
3535 1796 3552 1820 ,

1959 1860 2016 1907 et
2042 1866 2108 1906 ex
2130 1849 2499 1905 vetustissimo
2525 1849 2850 1920 exemplari,
2873 1856 2935 1904 ut
2961 1847 3196 1914 videtur,
3221 1847 3550 1918 descriptus.

1958 1941 2119 2000 Juvat
2149 1941 2252 1999 hoc
2293 1943 2413 1998 loco
2439 1941 2756 2012 advertere,
2784 1941 2988 1997 sacculo
3016 1956 3108 2007 xv,
3131 1955 3254 1996 cum
3279 1939 3437 1995 bona:
3463 1939 3554 1995 lit-

1959 2048 2091 2096 tera:
2115 2038 2330 2095 restitui
2358 2047 2668 2108 coeperunt,
2699 2051 2896 2109 magno
2921 2037 2974 2092 in
3000 2035 3212 2092 honore
3238 2034 3404 2092 fuisse
3425 2050 3556 2106 poe-

1959 2142 2041 2190 tas
2067 2133 2396 2190 christianos
2425 2140 2640 2189 veteres
2665 2175 2681 2199 ,
2713 2133 2803 2203 qui
2834 2147 2900 2188 ex
2922 2129 3316 2200 antiquissimis
3342 2127 3552 2186 codici-

1957 2227 2060 2286 bus
2087 2227 2244 2284 avide
2263 2237 2318 2283 et
2344 2228 2626 2298 eleganter
2648 2224 3118 2282 describebantur.
3145 2223 3418 2280 Ambrosii
3446 2221 3552 2278 Ca-

1957 2322 2310 2379 maldulensis
2336 2321 2552 2378 celebre
2587 2331 2676 2377 est
2714 2335 2916 2377 nomen
2947 2321 3089 2376 inter
3114 2334 3232 2388 eos,
3263 2319 3359 2392 qui
3398 2329 3550 2376 vete-

1957 2431 2080 2472 rum
2137 2423 2492 2470 monumenta
2543 2427 2874 2469 conservare
2911 2422 2967 2469 et
2998 2413 3273 2470 illustrare
3324 2412 3550 2471 studue-

1958 2517 2122 2564 runt:
2151 2508 2216 2572 is,
2253 2507 2292 2561 l.
2322 2522 2380 2572 ιι,
2407 2506 2569 2576 epist.
2620 2506 2709 2571 14,
2743 2517 2874 2562 tom.
2924 2504 2993 2561 ΙΙΙ
3017 2505 3244 2563 Collect.
3274 2506 3503 2561 Marten.
3533 2547 3549 2574 ,

1959 2600 2026 2657 ad
2052 2599 2373 2657 Michaelem
2404 2599 2754 2666 monachum,
2791 2600 2882 2670 qui
2924 2599 3170 2656 codicum
3201 2600 3550 2670 antiquorum

1959 2695 2265 2766 exscriptor
2293 2701 2352 2750 et
2379 2703 2657 2750 corrector
2679 2704 2818 2759 erat,
2850 2693 2932 2749 sic
2959 2691 3267 2750 scribebat:
3293 2691 3552 2747 Cardina-

1959 2789 2025 2846 lis
2055 2799 2228 2846 noster
2258 2789 2528 2845 transcribi
2553 2789 2650 2843 sibi
2683 2787 3028 2842 Prudentium
3057 2786 3432 2859 Seduliumque
3459 2803 3553 2842 cu-

1959 2882 2069 2954 pit,
2117 2881 2457 2937 ornatissimis
2503 2889 2654 2951 atque
2709 2878 2916 2950 optimis
2963 2877 3147 2934 litteris
3190 2894 3208 2932 :
3260 2877 3549 2934 Iuvencum

1959 2975 2132 3031 adhuc
2157 2976 2439 3031 desiderat.

2030 3068 2120 3123 87.
2152 3067 2208 3123 ln
2259 3067 2587 3126 bibliotheca
2633 3067 2948 3124 Florentino
2997 3066 3055 3123 S.
3105 3066 3317 3136 Crucis,
3351 3067 3551 3123 Bandi-

1879 3143 1927 3208 Ο
1959 3162 2102 3230 nius,
2135 3170 2266 3218 tom.
2295 3178 2349 3225 iv
2369 3203 2383 3226 ,
2409 3177 2531 3234 pag.
2567 3163 2692 3228 178,
2721 3162 2856 3232 plut.
2888 3160 2992 3229 24,
3020 3161 3279 3217 describit
3303 3161 3547 3218 codicem

1956 3257 2044 3322 11,
2067 3273 2177 3328 quo
2201 3255 2429 3324 Sedulii,
2451 3255 2608 3313 Statii
2633 3267 2690 3312 et
2715 3255 3004 3311 Claudiani
3033 3255 3274 3311 carmina
3301 3255 3550 3328 quaedam

1927 3349 2330 3426 continentur.
2373 3349 2582 3406 Sedulii
2611 3349 2784 3406 nostri
2810 3350 3054 3406 carmina
3087 3349 3190 3405 hoc
3217 3349 3410 3406 ordine
3439 3351 3554 3406 col-

1953 3445 2204 3502 locantur
2247 3442 2371 3498 sine
2399 3443 2566 3499 certis
2594 3442 2800 3498 titulis:
2835 3443 3014 3513 primo
3051 3442 3295 3512 prmfatio
3326 3443 3549 3498 metrica

1955 3539 2277 3607 Paschales,
2317 3539 2560 3595 secundo
2606 3553 2826 3594 carmen
2859 3537 3147 3608 paschale,
3177 3539 3338 3592 tertio
3378 3537 3552 3608 elegia

1955 3631 2232 3688 Cantemus
2251 3675 2264 3700 ,
2289 3641 2485 3702 quarto
2508 3631 2847 3701 epigramma
2877 3629 3006 3686 Haec
3027 3640 3144 3694 tua,
3176 3631 3367 3700 quinto
3397 3629 3554 3700 hym-

1957 3741 2058 3784 nus
2108 3727 2152 3781 Α
2207 3725 2334 3780 solis
2374 3735 2557 3791 ortus,
2583 3733 2739 3781 sexto
2769 3721 2926 3777 Liber
2962 3722 3205 3787 Sedulii,
3237 3737 3328 3775 seu
3382 3722 3553 3793 potius

1955 3820 2185 3892 epistolm
2215 3822 2567 3893 fragmentum
2611 3815 2925 3888 fugientibus
2963 3815 3145 3870 litteris
3172 3823 3442 3869 exaratum
3483 3815 3552 3870 ad

1957 3913 2320 3971 Macedonium
2349 3910 2728 3984 presbyterum.
2755 3909 2844 3965 Sic
2875 3908 2951 3963 ait
2975 3899 3308 3976 Bandinius;
3339 3907 3460 3974 sed,
3494 3917 3553 3962 ut

1957 4008 2228 4080 colligitur
2265 4022 2332 4063 ex
2365 4005 2546 4062 verbis
2575 4005 2822 4075 epistolae
2850 4003 2921 4058 ab
2950 4018 3018 4060 eo
3045 4001 3293 4058 adductis
3314 4045 3329 4070 ,
3354 4011 3552 4072 prteter

1958 4099 2370 4172 inscriptionem
2423 4097 2671 4170 epistolae
2713 4099 2781 4151 ad
2831 4096 3205 4152 Macedonium
3241 4094 3372 4149 nihil
3401 4093 3551 4149 aliud

1957 4207 2043 4255 est
2087 4194 2334 4252 Sedulii:
2368 4209 2495 4249 nam
2535 4208 2658 4263 quae
2703 4191 3104 4262 subjiciuntur,
3136 4191 3204 4245 ad
3247 4189 3551 4245 recentiora

1959 4303 2208 4364 tempora
2261 4289 2566 4361 pertinent,
2614 4289 2682 4343 ab
2727 4287 3070 4359 ignarissimo
3112 4288 3293 4358 aliquo
3331 4286 3553 4342 librario

1957 4384 2267 4456 importune
2295 4381 2502 4436 addita.
2537 4379 2615 4436 lta
2637 4379 2838 4450 quippe
2863 4377 3060 4448 legitur
3084 4395 3096 4431 :
3130 4376 3356 4431 Domino
3376 4385 3554 4431 sancto

1957 4496 2069 4536 meo
2106 4479 2247 4548 patri
2294 4475 2602 4530 Macedonio
2632 4477 2930 4547 presbytero
2961 4470 3214 4528 Sedulius
3260 4471 3477 4526 salutem
3501 4469 3556 4523 in

251 4593 313 4649 in
351 4543 506 4656 aline,
552 4589 646 4646 sed
698 4587 855 4644 initio
900 4584 1162 4658 prmcedit
1204 4585 1538 4655 epigramma
1560 4543 1852 4646 ,vRomulei
1878 4543 1933 4604 Β
1960 4543 2206 4627 Domino.
2230 4565 2518 4623 Januenses
2546 4543 3100 4622 consulesiconsulibns
3124 4561 3552 4629 Terdonensium,

252 4686 472 4752 ductor,
504 4681 632 4736 clari
661 4682 755 4738 tua:
782 4679 946 4735 altera
984 4679 1108 4732 solis
1126 4718 1140 4743 ,
1165 4676 1307 4748 quod
1335 4674 1429 4730 alii
1461 4685 1732 4744 tamquam
1760 4671 1856 4726 de-

251 4780 592 4838 dicationem
637 4773 846 4834 Sedulii
889 4773 957 4830 ad
1001 4769 1368 4829 Theodosium
1409 4767 1726 4833 venditant,
1759 4766 1854 4822 sed

254 4891 366 4952 pro
399 4873 640 4930 Romulei
665 4872 856 4944 legunt
886 4867 1250 4924 Romulidum.
1283 4863 1344 4920 In
1375 4863 1478 4918 hoc
1504 4877 1636 4918 vero
1664 4861 1856 4917 codice

254 4982 350 5030 est
380 4970 635 5042 prologus
659 4965 726 5020 ad
753 4962 1050 5020 Centonem
1081 4959 1296 5016 Probae.
1326 4957 1461 5013 Post
1489 4970 1703 5012 versum
1721 4997 1736 5022 ,
1769 4954 1858 5009 Fit

256 5082 456 5125 sonus:
480 5063 676 5137 ingenti
693 5076 942 5118 concussa
966 5067 1040 5114 est
1069 5055 1293 5128 pondere
1317 5052 1468 5108 tellus
1485 5094 1501 5120 ,
1529 5045 1775 5123 quamvis
1805 5052 1858 5106 in

257 5160 391 5218 aliis
428 5155 832 5228 exemplaribus
865 5151 953 5207 alii
998 5163 1191 5206 versus
1220 5145 1510 5210 addantur,
1544 5142 1632 5198 hic
1652 5141 1856 5209 ascrip-

256 5266 383 5312 tum
423 5262 543 5308 est:
578 5248 807 5315 Explieit
838 5244 1069 5301 Centona
1109 5240 1284 5296 Proba
1332 5255 1396 5294 ea:
1442 5234 1750 5292 carminibus
1783 5231 1850 5286 P.

265 5346 485 5419 Virgilii
507 5362 526 5400 :
552 5344 632 5399 sic
658 5342 806 5398 enim
831 5339 1064 5395 Probam
1092 5350 1160 5392 ex
1193 5331 1450 5390 carminis
1477 5329 1694 5385 nomine
1721 5323 1856 5383 Cen-

263 5460 444 5506 tonem
482 5444 769 5502 vocabant.
813 5439 973 5496 Num.
1007 5437 1071 5505 9,
1105 5434 1296 5508 pagina
1331 5433 1430 5488 25f
1460 5448 1473 5484 :
1508 5426 1714 5485 Sedulii
1764 5440 1855 5479 ca-

266 5542 450 5601 tholici
474 5551 634 5614 poetae
665 5539 728 5593 de
753 5535 972 5609 singulis
999 5532 1265 5604 utriusque
1291 5523 1607 5582 Testamenti
1627 5521 1856 5575 miracu-

267 5637 337 5692 lis
363 5635 432 5690 ad
468 5631 835 5688 Macedonian:
866 5628 1216 5702 presbyterum
1245 5622 1363 5678 libri
1397 5636 1472 5687 1v,
1499 5617 1702 5673 heroico
1745 5631 1858 5669 car-

267 5728 424 5782 mine.
453 5726 604 5782 Hunc
631 5725 776 5782 enim
816 5721 1031 5778 titulum
1067 5718 1360 5775 Bandinius
1385 5711 1676 5784 expromit.
1713 5708 1856 5766 Ordo

269 5835 496 5891 operum
527 5821 616 5877 hic
645 5827 901 5876 notatur:
930 5814 1159 5888 epistola
1184 5813 1252 5869 ad
1282 5807 1674 5872 Macedoniam,
1704 5804 1857 5877 hym-

1962 4667 2070 4742 55
2093 4682 2292 4722 necnon
2314 4675 2361 4720 et
2389 4664 2528 4721 omni
2575 4663 2772 4734 papula
2811 4661 3000 4731 majori
3051 4672 3103 4714 et
3153 4659 3341 4713 minori
3376 4658 3558 4713 amici-

1961 4765 2112 4831 tiam,
2144 4762 2367 4818 salutem
2392 4760 2447 4814 in
2473 4757 2696 4814 Christo.
2723 4756 3012 4828 Rogamus,
3044 4763 3090 4807 et
3110 4753 3344 4826 rogando
3374 4753 3556 4824 depre-

1961 4871 2142 4911 camur
2167 4895 2182 4922 ,
2212 4866 2445 4924 utquam
2472 4851 2626 4906 citius
2650 4849 2860 4921 potestis
2876 4889 2892 4914 ,
2928 4845 3244 4900 conveniatis
3267 4843 3552 4900 nobiscum.

2035 4948 2124 5004 88.
2177 4942 2715 5014 Montfauconius,|in
2738 4939 3072 4996 Bibliotheca
3102 4937 3555 4995 bibliothecarum

1963 5057 2123 5108 mss.,
2153 5041 2376 5111 profert,
2424 5053 2542 5107 pag.
2588 5036 2714 5101 672,
2745 5035 2886 5090 inter
2934 5048 3064 5089 mss.
3109 5031 3330 5087 Latinos
3387 5027 3554 5084 lsaaci

1962 5135 2168 5201 Vossii,
2195 5132 2437 5188 Sedulius
2465 5131 2653 5186 Scotus
2679 5129 2732 5182 in
2757 5127 3086 5182 Priscianum
3107 5141 3127 5191 ;
3148 5125 3288 5180 inter
3309 5121 3550 5186 eosdem,

1962 5247 2085 5305 pag.
2117 5228 2245 5296 681,
2280 5225 2486 5282 Sedulii
2515 5223 2741 5295 episwpi
2786 5221 2840 5275 in
2881 5221 3101 5289 primam
3128 5217 3406 5272 editionem
3443 5212 3554 5268 Do-

1964 5327 2117 5382 nati:
2153 5322 2222 5378 de
2248 5320 2444 5392 quibus
2475 5333 2545 5374 ex
2583 5314 2818 5383 Oudino,
2863 5329 3046 5383 supra,
3091 5327 3237 5366 num.
3283 5309 3372 5375 45,
3417 5307 3548 5363 dixi.

1965 5417 2274 5479 Ceillierius
2305 5413 2490 5468 laudat
2520 5411 2764 5468 codicem
2808 5423 2912 5464 ms.
2955 5402 3548 5477 Lugdune-Batavum,

1967 5514 2283 5591 Eaplanatio
2313 5510 2535 5585 episcOpi
2565 5507 2773 5565 Sedulii
2803 5506 2852 5559 in
2882 5504 3104 5574 primam
3141 5500 3416 5556 editionem
3442 5496 3554 5552 Do-

1963 5613 2096 5678 nati,
2125 5625 2283 5680 quem
2321 5622 2427 5662 non
2453 5614 2585 5676 puto
2611 5601 2886 5658 diversum
2917 5599 2984 5654 ab
3017 5613 3086 5655 eo
3118 5612 3278 5671 quem
3311 5594 3552 5652 Londini

1962 5705 2195 5762 collocat
2219 5699 2466 5758 Oudinus
2489 5698 2595 5753 loc.
2622 5695 2718 5752 cit.
2745 5692 2874 5762 Sed,
2902 5701 2961 5749 ut
2988 5707 3136 5748 num.
3164 5688 3257 5746 cit.
3279 5689 3350 5746 45
3371 5690 3549 5745 anim-

1965 5803 2247 5860 adversum
2307 5805 2409 5865 est,
2443 5795 2560 5854 htcc
2599 5791 2821 5851 minime
2851 5799 2978 5850 sunt
3005 5803 3174 5863 opera
3227 5783 3552 5860 antiquioris
