4096 6182
512 222 617 284 479

1798 205 2083 282 eminus
2115 221 2473 285 sunuuus.

3688 224 3792 283 480

514 353 547 396 a
572 337 732 394 docta
761 350 926 393 manu
957 335 1242 394 invenerat
1269 337 1326 394 in
1353 335 1574 411 Georgii
1601 335 1836 394 Fabricii
1861 337 2100 396 editione
2125 339 2181 406 Α
2275 340 2384 414 62
2407 339 2591 398 Editio
2618 356 2746 411 xm,
2780 357 2926 399 anno
2967 344 3135 412 1516,
3175 344 3434 412 Taurini,
3459 343 3604 417 apud
3632 343 3797 402 Joan-

519 431 813 490 I‘oetarum
861 430 1311 488 christianorum.

593 526 716 584 101.
760 525 942 582 Editio
968 542 1071 597 vn,
1099 542 1242 582 anno
1274 526 1446 594 1501,
1476 527 1747 598 publicata
1770 543 1912 583 anno
1943 528 2101 584 1502.

519 621 792 688 Venetiis,
815 621 961 694 apud
992 621 1188 678 Aldum
1214 667 1228 693 ,
1257 637 1380 678 cum
1413 623 1533 678 aliis
1559 622 1734 694 poetis
1769 621 2103 679 christianis.

519 717 652 774 Eam
676 715 943 787 descripsi
976 716 1030 772 in
1063 717 1370 796 Prolegom.
1399 715 1466 770 ad
1492 716 1814 783 Juvencum,
1837 731 1986 770 num.
2015 714 2106 773 60.

518 811 576 868 In
609 810 852 868 secundo
895 811 1172 867 volumine
1214 821 1496 880 poetarum
1527 811 1948 867 christianorum
1976 855 1992 879 ,
2017 810 2109 866 Al-

523 905 626 962 dus
653 905 890 976 primum
924 905 1103 961 locum
1137 905 1364 960 Sedulio
1391 905 1545 960 dedit
1593 893 1697 961 hoc
1726 905 1922 961 titulo:
1965 903 2111 960 Caelii

523 999 734 1058 Sedulii
759 1000 1043 1073 presbyteri
1075 998 1130 1052 Μ
1134 999 1398 1054 irabilium
1421 1001 1715 1055 diuinorum
1741 1001 1869 1056 liber
1889 1002 2106 1074 primus.

522 1092 654 1148 Cum
678 1109 774 1148 sua
821 1091 1036 1165 gentiles
1061 1132 1078 1160 ,
1110 1102 1218 1149 etc.
1257 1095 1460 1150 Desunt
1507 1095 1737 1165 epistola
1765 1095 1834 1150 ad
1864 1095 2113 1152 Macedo-

523 1185 672 1241 nium
703 1193 758 1240 et
786 1185 1046 1256 prologus
1077 1185 1356 1242 metricus.
1402 1185 1588 1257 Capita
1613 1188 1813 1257 passim
1846 1187 1958 1243 suis
1981 1188 2111 1244 titu-

521 1281 587 1336 lis
612 1280 1041 1352 distinguuntur.
1095 1281 1308 1335 Primus
1344 1281 1484 1338 liber
1528 1283 1876 1339 continenter
1905 1293 2115 1351 protra-

523 1372 670 1430 hitur
694 1389 863 1443 usque
892 1374 960 1428 ad
993 1389 1211 1430 versum
1237 1372 1346 1428 Ora
1391 1374 1522 1447 lupi,
1557 1376 1649 1447 qui
1675 1376 1730 1430 in
1755 1375 1881 1431 aliis
1911 1377 2112 1432 editio-

523 1465 686 1522 nibus
714 1475 796 1522 est
839 1466 963 1522 linis
991 1466 1115 1522 libri
1150 1465 1399 1523 secundi.
1445 1467 1580 1522 Post
1608 1483 1829 1523 carmen
1859 1468 2116 1538 paschale

523 1571 610 1617 est
639 1561 813 1630 elegia
842 1560 1122 1626 Cantemus
1162 1577 1285 1618 cum
1318 1561 1710 1632 inscriptione,
1749 1562 1862 1616 Hoc
1889 1580 2111 1635 apuscu-

524 1655 660 1720 lum,
713 1665 822 1722 etc,
875 1654 944 1711 de
990 1670 1094 1726 qua
1122 1654 1302 1722 alibi,
1336 1662 1450 1710 tum
1495 1655 1698 1710 Sedulii
1747 1656 2066 1728 epigramma
2097 1698 2113 1724 ,

2209 449 2332 490 nem
2378 434 2645 506 Angelum
2695 447 2750 493 et
2787 437 3180 494 Bernardinum
3233 439 3301 495 de
3344 437 3527 506 Silva,
3575 447 3798 495 curante

2209 529 2418 585 Joanne
2453 530 2684 598 Brema,
2725 547 2884 601 quam
2927 531 3114 588 laudat
3141 531 3210 587 cl.
3253 530 3542 588 Zacharias
3581 530 3637 586 in
3676 545 3803 600 per-

2216 626 2437 696 egregio
2482 639 2580 680 suo
2621 640 2788 697 opere
2816 625 3292 682 StoriaPolemica
3323 626 3458 681 delle
3499 625 3804 697 proibizioni

2210 719 2287 771 de‘
2313 718 2470 787 libri,
2502 719 2567 773 ad
2591 734 2790 774 annum
2819 719 2954 786 496,
2986 737 3042 774 ιι.
3078 720 3165 785 10,
3192 735 3317 791 pag.
3349 721 3438 774 51.

2285 813 2406 867 105.
2436 813 2618 869 Editio
2638 830 2750 879 xxv,
2783 828 2924 868 anno
2953 815 3121 884 15:21,
3150 813 3447 883 Compluti,
3483 813 3646 879 in-4°,
3677 829 3800 870 cum

2213 907 2531 976 paraphrasi
2558 906 2965 980 Nebrissensis,
3000 916 3058 962 ut
3084 907 3252 963 refert
3293 906 3412 963 Nic.
3445 909 3714 964 Antonius
3749 908 3805 964 in

2213 998 2474 1055 Biblioth.
2529 1015 2673 1056 nova
2703 1001 2855 1072 Hisp.
2898 1001 3065 1058 verbo
3105 1002 3358 1056 Antonius
3397 1001 3651 1067 Lebriata,
3689 1003 3806 1057 sive

2215 1093 2449 1148 Nebrima
2467 1137 2480 1159 ,
2508 1093 2697 1148 Latine
2723 1093 3077 1149 Nebrissensis
3096 1136 3111 1160 ,
3144 1109 3308 1162 quem
3336 1091 3575 1149 edidisse
3594 1094 3672 1148 ait
3697 1111 3709 1147 :
3740 1093 3807 1148 In

2215 1186 2423 1242 Sedulii
2451 1204 2633 1260 poema
2654 1188 2718 1242 de
2747 1185 2942 1242 Christi
2971 1187 3236 1242 miraculis
3272 1187 3625 1257 paraphrasis.
3657 1186 3808 1240 Com-

2215 1280 2381 1353 pluti,
2416 1280 2584 1346 1524,
2631 1281 2796 1347 in-4°,
2828 1280 2930 1336 nisi
2975 1295 3131 1336 error
3167 1289 3254 1336 est
3293 1280 3348 1334 in
3395 1279 3637 1335 numeris
3669 1279 3808 1335 1521

2215 1389 2314 1446 pro
2361 1376 2530 1440 1511,
2581 1383 2639 1430 ιιι
2669 1374 2831 1430 modo
2876 1374 3143 1432 dicebam.
3199 1374 3408 1430 Recusa
3449 1374 3637 1442 paucis
3684 1382 3808 1430 ante

2217 1473 2374 1526 annis
2417 1481 2502 1528 est
2545 1471 2878 1528 Bibliotheca
2919 1479 3110 1538 vetus,
3160 1479 3216 1525 et
3253 1485 3395 1525 nova
3438 1468 3556 1524 Nic.
3590 1468 3810 1524 Antonii

2216 1564 2418 1620 Matriti
2461 1563 2882 1635 elegantissimis
2914 1567 3055 1637 typis
3085 1582 3099 1619 :
3140 1575 3195 1619 et
3218 1562 3570 1619 Bibliotheca:
3590 1562 3809 1634 quidem

2218 1661 2391 1717 veteri
2415 1661 2722 1717 notationes
2747 1675 2877 1716 suas
2902 1676 3014 1715 non
3034 1658 3254 1730 quidem
3277 1660 3348 1715 ita
3384 1658 3582 1713 multas
3605 1672 3707 1728 pro
3731 1657 3812 1713 rei

524 1749 669 1821 quod
721 1749 916 1821 incipit
943 1795 956 1818 ,
1017 1748 1147 1805 Ηιεο
1178 1759 1267 1804 tua
1293 1793 1307 1817 ,
1356 1759 1631 1821 postremo
1661 1751 1768 1824 61
1812 1748 1874 1805 C.
1909 1750 2117 1807 Sedulii
2147 1737 2196 1798 Β
2221 1754 2607 1824 amplitudine,
2649 1753 2750 1810 sed
2783 1753 3026 1809 eruditas
3067 1762 3245 1808 tamen
3273 1761 3326 1808 et
3356 1753 3586 1809 selectas
3615 1751 3815 1821 adjecit

524 1844 810 1915 presbyteri
839 1841 1062 1914 hymnus
1086 1842 1150 1896 de
1169 1841 1372 1898 Christo
1399 1844 1653 1898 succincte
1674 1845 1737 1897 ab
1762 1843 2119 1900 incarnatione

524 1953 686 2008 usque
735 1937 802 1992 ad
852 1938 1219 1993 ascensionem.
1253 1937 1472 2010 Baylius
1520 1938 1731 2008 priores
1762 1937 1895 1994 alias
1924 1937 2119 1993 editio-

527 2046 627 2088 nes
679 2032 990 2103 ignoravit,
1026 2033 1117 2102 qui
1147 2031 1202 2086 in
1226 2031 1428 2088 Lexico
1456 2032 1598 2088 hanc
1647 2034 1875 2103 primam
1921 2032 2119 2089 carmi-

526 2142 656 2183 num
680 2125 888 2182 Sedulii
925 2125 1220 2183 editionem
1265 2141 1392 2184 esse
1417 2126 1624 2183 docuit.

599 2222 720 2276 102.
745 2220 928 2276 Editio
953 2235 1047 2276 vm
1071 2265 1086 2289 ,
1119 2235 1264 2277 anno
1287 2221 1427 2280 1501
1449 2263 1465 2289 ,
1497 2220 1696 2291 Lipsiae
1713 2261 1729 2289 ,
1758 2221 1920 2277 in-4°.
1948 2220 2120 2292 Hujus

526 2314 706 2370 varias
730 2314 998 2370 lectiones
1019 2314 1301 2372 annotavit
1324 2313 1630 2371 Grunerus.

598 2409 725 2464 105.
757 2407 942 2462 Editio
967 2423 1052 2474 rx,
1079 2423 1227 2464 anno
1254 2409 1392 2466 1509
1415 2450 1430 2476 ,
1460 2409 1619 2479 cujus
1648 2408 1829 2464 varias
1856 2409 2122 2466 lectiones

528 2500 761 2572 margini
810 2500 1067 2556 editionis
1121 2500 1326 2559 Sedulii
1383 2501 1745 2557 Tornaesianae
1799 2505 1926 2557 anni
1985 2503 2120 2558 1566

519 2594 662 2649 ascri
669 2603 790 2664 ptas
818 2593 1042 2664 collegit
1059 2593 1411 2650 Arntzenius.
1439 2594 1721 2665 lgnoratur
1739 2595 1920 2662 locus;
1947 2610 2012 2650 ac
2027 2611 2119 2650 so-

529 2686 641 2742 lum
670 2685 883 2741 erudita
911 2700 1107 2741 manus
1133 2686 1198 2742 ad
1232 2687 1515 2756 prologum
1559 2703 1706 2744 vers.
1730 2689 1764 2742 4
1791 2698 2074 2744 notaverat
2103 2706 2118 2743 :

526 2780 800 2852 Nusquam
830 2781 1182 2855 diphthongus
1209 2799 1374 2854 neque
1410 2794 1649 2838 accentus
1678 2793 1898 2856 apparet
1927 2784 2121 2852 infodi-

528 2873 669 2929 tione
691 2882 867 2929 nostra
887 2875 1013 2929 anni
1040 2875 1199 2943 1509,
1230 2875 1298 2932 de
1321 2876 1475 2946 cujus
1498 2877 1782 2947 scripturae
1803 2877 2123 2946 antiquitate

528 2965 789 3023 disseruit
818 2966 1148 3033 Salmasius,
1175 2967 1244 3023 ad
1273 2947 1584 3026 Sarravium
1625 2971 1787 3040 epist,
1821 2971 1942 3026 185.
1973 2971 2123 3027 Hanc

2223 1848 2304 1903 vir
2339 1848 2517 1904 clarus
2555 1847 2882 1903 Franciscus
2919 1846 3090 1903 Perez
3136 1845 3334 1918 Bayer.
3377 1844 3433 1900 In
3478 1843 3817 1900 Bibliotheca

2224 1954 2360 1994 nova
2387 1939 2563 1993 solum
2590 1947 2858 2009 apparent
2885 1935 3192 1993 additiones
3222 1937 3525 2008 posthumae
3564 1937 3817 2008 ejusdem

2222 2033 2338 2090 Nic.
2391 2033 2636 2090 Antonii.
2687 2031 2907 2089 Utinam
2954 2031 3115 2087 simul
3167 2031 3495 2102 prodiisset,
3539 2043 3633 2086 aut
3675 2047 3819 2087 nunc

2222 2127 2452 2198 denique
2503 2127 2558 2182 in
2605 2126 2784 2182 lucem
2841 2125 3179 2182 emitteretur
3231 2124 3670 2195 supplementum
3729 2125 3821 2180 Bi-

2225 2221 2513 2277 bliotheca:
2537 2236 2694 2276 nova:
2714 2263 2730 2288 ,
2762 2220 2830 2276 de
2868 2234 2977 2292 quo
3005 2234 3185 2276 sermo
3214 2219 3273 2275 ﬁt
3308 2221 3365 2274 in
3403 2218 3726 2290 praefatione
3753 2220 3820 2275 ad

2225 2314 2366 2371 hanc
2393 2315 2688 2371 editionem
2729 2314 3119 2370 Matritensem.
3151 2312 3288 2369 Cum
3322 2313 3467 2369 enim
3499 2313 3603 2368 viri
3631 2313 3817 2383 docti,

2225 2411 2462 2468 Thomas
2493 2409 2762 2467 Antonius
2803 2408 3053 2466 Sanchez
3073 2451 3087 2477 ,
3130 2408 3369 2465 Joannes
3398 2408 3665 2464 Antonius
3697 2409 3822 2464 Pel-

2224 2507 2377 2574 licer,
2412 2513 2467 2561 et
2490 2503 2730 2575 Raphael
2754 2501 3060 2571 Casalbon,
3090 2500 3356 2572 augendae
3387 2510 3441 2557 et
3482 2501 3822 2571 corrigenda:

2227 2599 2576 2656 Bibliotheca:
2620 2613 2783 2653 novm
2830 2596 3054 2651 multam
3099 2610 3322 2666 operam
3367 2604 3422 2650 et
3450 2595 3694 2650 laborem
3733 2596 3820 2649 in-

2225 2697 2592 2764 sumpserim,
2631 2701 2690 2747 ut
2715 2706 2832 2746 eam
2865 2691 3036 2746 tutius
3073 2689 3256 2761 legere
3295 2688 3598 2758 possimus,
3627 2698 3823 2760 optan-

2226 2787 2354 2843 dum
2385 2784 2544 2841 valde
2571 2794 2655 2840 est
2675 2829 2690 2854 ,
2723 2783 2918 2838 saltem
2950 2783 3325 2838 correctiones
3356 2781 3409 2837 in
3441 2781 3711 2852 publicam
3740 2781 3826 2837 luo

2227 2897 2345 2938 cem
2388 2881 2602 2936 venire.

2304 2975 2425 3029 106.
2457 2972 2639 3029 Editio
2665 2989 2761 3042 xv,
2789 2987 2934 3028 anno
2962 2974 3123 3029 1528.
3168 2972 3305 3028 Huic
3344 2987 3488 3028 anno
3519 2973 3827 3031 editionem

530 3059 827 3116 editionem
873 3058 1200 3115 Arntzenius
1233 3061 1466 3116 Veterem
1506 3064 1540 3117 2
1569 3062 1831 3116 nominat.
1870 3062 2124 3119 Fortasse
2229 3065 2439 3122 Sedulii
2496 3065 2724 3120 Basilea:
2775 3064 2942 3128 in-8°,
2994 3081 3062 3120 ex
3115 3064 3497 3136 recognitione
3549 3065 3830 3122 Theodori

532 3169 640 3210 non
667 3161 754 3210 est
775 3153 991 3210 diversa
1020 3153 1090 3209 ab
1131 3169 1198 3209 ea
1227 3169 1347 3226 qua:
1375 3155 1428 3209 in
1474 3155 1733 3209 Biblioth.
1762 3155 1908 3210 med.
1938 3165 1994 3210 et
2025 3155 2121 3210 inf.
2151 3140 2196 3204 C
2230 3158 2551 3215 Poelmanni
2574 3201 2588 3218 .
2637 3160 2886 3229 assignat
2930 3157 3215 3213 Fabricius
3265 3159 3320 3214 in
3368 3159 3630 3216 Biblioth.
3687 3170 3828 3229 vet.,

533 3250 633 3304 aevi
683 3248 920 3306 Fabricii
963 3249 1070 3306 hoc
1107 3264 1251 3304 anno
1291 3251 1427 3306 1509
1457 3259 1674 3321 peracta
1701 3249 1899 3306 dicitur
1927 3249 2125 3320 Lipsiae

535 3357 635 3414 per
660 3342 926 3400 Jacobum
956 3342 1236 3410 Thanner,
1266 3341 1430 3398 in-4°.

606 3439 785 3496 Editio
836 3455 915 3509 κ,
974 3438 1152 3508 1509,
1208 3436 1494 3506 Coloniat,
1542 3455 1613 3496 ex
1663 3437 1924 3494 Biblioth.
1980 3437 2122 3494 med.

535 3536 700 3594 Fabr.

610 3629 792 3686 Editio
843 3646 930 3700 χι,
981 3631 1153 3698 1512,
1205 3629 1486 3701 Lugduni,
1542 3644 1664 3686 cum
1721 3632 2129 3688 commentariis

540 3724 948 3792 Nebrissensis,
994 3725 1160 3793 in-4°,
1209 3741 1276 3782 ex
1323 3725 1584 3781 Biblioth.
1622 3727 1766 3783 med.
1808 3727 1968 3784 Fabr.
1999 3728 2132 3784 For-

539 3831 682 3878 tasse
709 3820 997 3892 legendum
1026 3819 1280 3876 Lucronii
1307 3836 1406 3892 pro
1436 3820 1701 3895 Lugduni.
1730 3821 1868 3878 Vide
1897 3839 1954 3877 n.
1979 3838 2096 3894 seq.
2125 3835 2131 3842 '

617 3914 743 3969 101.
776 3912 956 3968 Editio
978 3929 1072 3983 xu,
1099 3929 1243 3969 anno
1276 3914 1436 3979 1515,
1471 3914 1640 3981 iit-1°,
1671 3914 2097 3984 Caesaraugusta:
2117 3957 2132 3982 ,

538 4023 662 4066 cum
687 4009 1007 4080 paraphrasi
1035 4008 1431 4065 Nebrissensis.
1462 4009 1590 4065 Haec
1617 4009 1943 4065 describitur
1967 4024 1996 4064 a
2025 4008 2136 4063 Ma-

535 4105 718 4178 jansio
763 4104 818 4160 in
871 4103 1032 4174 Spec.
1077 4119 1190 4158 sua:
1244 4101 1592 4159 bibliotheca:
1631 4120 1685 4174 p.
1714 4104 1805 4159 27.
1852 4103 1908 4157 ln
1954 4102 2136 4159 fronte

540 4199 878 4270 conspicitur
910 4197 1171 4255 Sedulius
1198 4197 1478 4269 explicans
1503 4197 1756 4253 volumen
1787 4213 1909 4254 cum
1937 4197 2039 4253 hoc
2071 4197 2139 4253 ti-

539 4291 655 4347 tulo
682 4309 696 4345 :
722 4291 868 4346 Ctelii
891 4291 1095 4346 Sedulii
1121 4290 1403 4363 presbyteri
1425 4290 1688 4347 Paschale
1711 4308 1876 4363 opus:
1898 4301 1955 4348 et
1975 4280 2150 4362 paulo.

542 4382 770 4441 inferius
813 4383 1012 4454 legitur
1056 4401 1068 4438 :
1120 4384 1324 4439 Sedulii
1367 4382 1651 4451 Paschale,
1698 4399 1816 4438 cum
1853 4392 2138 4438 commento

543 4477 756 4533 Antonii
788 4475 1122 4545 Nebrissen.;
1151 4487 1208 4533 et
1244 4476 1312 4532 ad
1342 4475 1506 4534 linem
1533 4479 1718 4549 operis
1761 4479 1833 4533 ita
1871 4495 1884 4530 :
1933 4477 2141 4533 Sedulii

545 4568 833 4636 Paschale,
862 4585 990 4624 'cum
1034 4569 1247 4642 reliquis
1290 4571 1582 4643 opusculis,
1621 4587 1736 4642 qua:
1779 4580 1979 4625 exstant
2013 4587 2132 4624 car-

546 4663 685 4717 mine
726 4664 1045 4736 conscripta,
1094 4665 1371 4734 ﬁniuntur.
1415 4663 1681 4736 Explicita
1731 4662 2137 4738 Caesaraugusta:

541 4756 830 4827 industria,
865 4768 912 4813 et
932 4760 1171 4826 expensis
1203 4759 1412 4833 Georgii
1441 4759 1585 4826 Caci,
1619 4775 1670 4814 Vt
1696 4757 1879 4813 Nonas
1902 4757 2138 4826 Septent-

549 4851 663 4905 bres
686 4892 701 4917 ,
728 4867 865 4905 anno
895 4853 1080 4908 salutis
1111 4852 1409 4908 christiana:
1435 4867 1608 4922 luxv,
1651 4861 1766 4923 post
1793 4852 2015 4925 primam
2045 4852 2144 4906 im-

546 4945 863 5018 pressionem
886 4987 901 5012 ,
941 4962 1095 5017 quam
1134 4948 1429 5020 castigavit,
1466 4947 1682 5017 punxit,
1725 4945 1993 5017 dispunxit
2015 4988 2029 5011 ,
2061 4946 2144 4999 in-

549 5038 915 5109 terpunan'tque
957 5041 1212 5094 Antonius
1259 5039 1597 5106 Nebrissen.,
1646 5039 1937 5110 adjecitque
1980 5054 2138 5109 para-

547 5131 764 5203 phrasin
803 5133 856 5187 in
896 5133 1024 5188 locis
1073 5134 1395 5189 obscuriores
1425 5134 1571 5208 (sic).
1606 5134 1968 5189 Praecesserat
2013 5146 2144 5203 ergo

547 5228 653 5284 alia
677 5229 875 5297 editio,
909 5245 973 5285 ac
1000 5228 1235 5286 fortasse
1271 5229 1546 5300 Cornpluti
1572 5229 1745 5296 1514,
1778 5244 1897 5300 qua:
1929 5242 2025 5296 per
2055 5241 2143 5280 cr-

546 5338 728 5380 rorem
766 5324 819 5380 in
859 5324 1114 5381 Biblioth.
1158 5325 1276 5381 Nic.
1323 5325 1543 5382 Antonii
1587 5324 1801 5396 alligata
1839 5323 2000 5381 fuerit
2043 5336 2140 5376 an-

551 5437 624 5479 no
649 5423 811 5491 1521,
842 5433 936 5480 aut
959 5421 1221 5481 Lucronii
1242 5464 1256 5489 ,
1293 5421 1376 5478 vel
1404 5421 1672 5493 Lugduni,
1707 5436 1774 5476 ex
1803 5418 1964 5475 dictis
1993 5430 2138 5470 num.

554 5517 789 5588 praeced.
827 5518 1176 5590 Dempsterus
1220 5517 1326 5585 ait,
1358 5531 1418 5573 se
1456 5531 1565 5572 non
1609 5514 1812 5571 vidisse
1843 5511 2018 5566 Vitam
2047 5509 2144 5586 se-

555 5610 708 5678 dulii,
737 5627 899 5681 quam
927 5628 957 5667 a
986 5611 1328 5671 Nebrissensi
1360 5609 1664 5668 confectam
1687 5613 1910 5663 narrant
1935 5603 2145 5661 Gesne-

551 5719 649 5761 rus
677 5715 730 5760 et
762 5705 1048 5763 Simlerus.
1083 5709 1188 5765 Sed
1213 5751 1228 5772 ,
1261 5718 1319 5763 ut
1347 5722 1449 5778 ego
1477 5715 1630 5776 puto,
1656 5699 2031 5780 Neblrissensis
2057 5714 2144 5754 so-

553 5799 666 5854 lum
697 5797 914 5867 scripsit
939 5799 1156 5855 brevem
1187 5801 1557 5868 praefationem
1589 5799 1640 5851 in
1671 5796 1932 5850 carmina.

2166 4539 2220 4600 D

2227 3268 2349 3310 cum
2371 3253 2438 3309 de
2467 3253 2691 3309 Sedulio
2720 3253 2864 3324 agit;
2909 3268 3071 3326 quam
3110 3255 3398 3325 repetitam
3432 3255 3610 3310 innuit
3648 3257 3825 3324 1551,

2230 3350 2388 3415 1557,
2433 3356 2489 3404 et
2515 3347 2694 3402 Calari
2736 3347 2892 3402 1575.
2938 3346 3202 3418 Loquitur
3230 3347 3298 3402 de
3337 3347 3576 3403 editione
3614 3347 3830 3405 Sedulii

2229 3439 2392 3495 simul
2440 3455 2562 3495 cum
2605 3438 2884 3508 Juvenco,
2937 3441 3207 3506 Aratore,
3257 3451 3311 3496 et
3353 3439 3569 3496 duobus
3608 3439 3829 3513 hymnis

2237 3533 2486 3590 Venantii
2529 3532 2815 3588 Fortunati
2861 3525 3156 3604 integritati
3191 3547 3304 3588 sua:
3347 3547 3445 3604 per
3471 3533 3536 3590 (ἓ.
3588 3533 3828 3589 Cassan-

2231 3628 2386 3684 drum
2415 3627 2705 3682 restitutis.
2738 3627 2808 3681 At
2836 3627 2955 3696 ipse
2976 3625 3261 3681 Fabricius
3291 3625 3421 3680 dum
3449 3625 3680 3681 Iuvenci
3708 3625 3828 3682 edi-

2231 3728 2412 3781 tiones
2435 3731 2743 3790 enumerat,
2769 3722 2947 3776 solum
2974 3719 3145 3776 refert
3170 3721 3464 3776 editionem
3489 3736 3554 3776 ex
3575 3721 3827 3791 recogni-

2234 3820 2384 3876 tione
2407 3817 2727 3874 Poelmanni
2759 3816 2986 3871 Basileae
3027 3815 3150 3870 sine
3174 3815 3303 3869 anni
3343 3823 3466 3869 nota
3487 3859 3501 3881 ,
3544 3816 3829 3884 praemissa

2235 3915 2465 3984 epistola
2501 3912 2836 3978 Hadamarii,
2866 3927 2983 3981 quae
3006 3911 3239 3981 repetita
3266 3909 3430 3966 fuerit
3457 3909 3656 3966 Calari.
3687 3912 3830 3967 Con-

2235 4007 2321 4063 fer
2351 4023 2499 4062 num.
2533 4006 2653 4062 109.
2685 4004 2997 4060 Ceillierius
3023 4019 3239 4075 quoque
3277 4014 3671 4060 commemorat
3709 4005 3832 4060 edi-

2237 4103 2442 4158 tionem
2472 4102 2840 4158 Basileensem
2863 4099 3075 4156 Sedulii
3104 4099 3235 4155 anni
3265 4099 3422 4168 1528,
3451 4099 3545 4156 sed
3566 4143 3582 4168 ,
3617 4110 3676 4156 ut
3705 4113 3829 4158 con-

2234 4194 2404 4266 jiccre
2436 4197 2594 4262 licet,
2629 4210 2696 4251 ex
2726 4194 2999 4250 Fabricio.

2313 4290 2436 4346 107.
2471 4289 2652 4344 Editio
2683 4305 2804 4356 xvi,
2839 4304 2980 4343 anno
3012 4289 3187 4357 1551,
3219 4288 3448 4345 Basileae
3485 4287 3648 4354 in-8",
3679 4297 3738 4344 ut
3763 4305 3838 4346 ex

2239 4381 2492 4438 Fabricio
2522 4397 2695 4452 nuper
2716 4381 2846 4437 dixi.
2878 4381 3134 4446 Adhaeret
3154 4383 3483 4440 Ceillierius.

2316 4477 2439 4533 108.
2473 4475 2652 4531 Editio
2678 4492 2785 4532 xvrt
2809 4520 2823 4544 ,
2858 4491 3004 4530 anno
3057 4477 3218 4545 1557,
3255 4476 3404 4530 iit-8°
3438 4494 3452 4530 ε
3484 4473 3695 4530 Iuvenci
3728 4475 3844 4532 Hi-

2242 4571 2393 4644 spani
2422 4579 2470 4624 et
2499 4569 3124 4643 Sedulii63$cotigenaz
3148 4571 3554 4642 presbyterorum
3576 4580 3626 4625 et
3654 4583 3846 4644 poeta-

2239 4683 2353 4723 rum
2381 4666 2930 4720 christianissimorum
2964 4664 3195 4720 historia:
3241 4667 3574 4737 evangelicae,
3606 4667 3846 4723 versibus

2244 4760 2464 4815 heroicis
2492 4759 2560 4813 ad
2596 4759 2841 4813 amussim
2885 4774 3146 4826 expressae
3173 4775 3192 4813 :
3223 4760 3339 4830 jam
3379 4761 3651 4828 tersiores,
3684 4768 3726 4814 et
3769 4779 3846 4816 ea:

2243 4862 2465 4908 veterum
2489 4852 2688 4924 aliquot
2715 4850 2962 4906 librorum
2993 4851 3268 4907 collatione
3289 4852 3453 4907 multo
3475 4853 3846 4925 castigatiores

2246 4949 2300 5002 in
2330 4946 2496 5001 lucem
2527 4947 2764 5018 prolatae.
2796 4944 3027 5000 Coloniae
3046 4991 3060 5015 ,
3093 4945 3236 5012 apud
3269 4944 3588 5000 Eucharium
3619 4946 3843 5016 (Cervi-

2245 5043 2516 5109 cornum).
2554 5037 2848 5094 Recensuit
2875 5037 3215 5093 Beinhardus
3253 5038 3536 5094 Lorichius
3567 5039 3851 5094 Hadama-

2246 5134 2377 5189 rius.
2413 5132 2565 5187 Haric
2591 5131 2884 5186 editionem
2907 5131 3146 5200 explicui
3175 5131 3336 5186 etiam
3371 5131 3427 5186 in
3452 5131 3844 5202 Prolegontcn.

2246 5228 2314 5282 ad
2339 5227 2636 5283 Juvencum
2669 5241 2819 5280 num.
2853 5224 2943 5280 69.
2977 5225 3107 5280 Post
3139 5225 3435 5280 Juvencum
3466 5235 3552 5281 est
3581 5225 3850 5284 Sedulius

2246 5335 2367 5377 cum
2415 5320 2642 5391 epistola
2681 5318 2748 5373 ad
2791 5317 3162 5373 Macedonium
3209 5329 3264 5373 et
3312 5318 3542 5389 prologo
3586 5318 3844 5375 metrico.

2247 5415 2480 5472 Carmen
2501 5456 2515 5483 ,
2544 5422 2604 5468 ut
2632 5413 2687 5468 in
2720 5411 2882 5483 Aldo,
2918 5413 2973 5468 in
3002 5421 3236 5485 quatuor
3262 5411 3432 5467 libros
3463 5411 3694 5468 divisqu
3726 5423 3844 5469 est.

2245 5509 2439 5565 Postea
2471 5526 2483 5562 :
2517 5505 2710 5578 Incipit
2738 5505 2960 5578 hymnus
2995 5505 3262 5580 ejusdem,
3304 5514 3413 5560 etc.
3447 5503 3573 5560 Haec
3600 5513 3684 5560 est
3721 5503 3848 5560 ele-

2245 5606 2334 5677 gia
2357 5604 2650 5659 Cantemus.
2683 5600 2927 5673 Denique
2953 5614 3171 5656 carmen
3192 5597 3440 5669 Sedulii,
3468 5599 3581 5654 sive
3603 5597 3848 5672 hymnus

2247 5696 2648 5768 alphabeticus,
2677 5694 2718 5748 A
2745 5695 2868 5748 solis
2895 5701 3060 5750 ortus.

2322 5792 2443 5848 109.
2479 5790 2657 5846 Editio
2698 5805 2848 5868 svnt,
2898 5789 3021 5844 cod.
3071 5805 3156 5846 an.
3206 5792 3365 5850 1557,
3401 5790 3849 5848 in-8°!Juoenci
