4096 6182
255 260 358 321 681

1622 261 2154 327 PROLEGOMENA.

3434 270 3542 331 l8!

251 373 484 446 Hispani
516 373 821 446 evangelicrc
845 373 1076 431 historia:
1102 375 1217 430 libri
1242 387 1315 430 tv.
1344 373 1492 430 Caelii
1516 376 1717 432 Sedulii
1742 378 1844 433 Mi-
1871 385 1926 444 Α
2020 381 2198 438 Editio
2230 397 2371 448 χχιι,
2413 395 2557 438 anno
2583 381 2744 440 1545.
2780 381 3035 451 Basileae,
3078 381 3252 451 in-8°,
3284 398 3405 439 cum
3443 383 3545 439 Ju-

249 471 494 524 rabilium
540 473 852 537 divinorum,
896 473 999 527 sive
1032 470 1291 544 paschalis
1337 473 1585 527 carminis
1628 474 1745 528 libri
1772 489 1845 539 Iv,

247 581 358 619 una
391 583 508 620 cum
539 569 739 638 hymnis
780 567 996 642 aliquot.
1030 568 1262 623 Aratoris
1302 569 1357 622 in
1384 567 1516 622 Acta
1552 568 1851 641 Apostolica

245 655 375 712 libri
401 658 529 714 duo.
567 659 807 714 Venantii
839 660 1065 722 Honorii
1106 659 1384 716 Fortunati
1414 662 1592 734 hymni
1629 662 1732 717 duo
1760 679 1850 734 per

249 748 320 805 G.
373 750 723 806 Cassandrum
760 753 1045 824 integritati
1085 769 1194 809 sua:
1232 754 1473 809 restituti.
1520 752 1710 809 Omnia
1759 770 1851 826 per

245 840 587 899 Theodorum
612 843 999 900 Poelmannum
1029 845 1536 919 Cranenburgensem
1563 851 1846 919 recognita,

245 935 474 992 Basileaz
515 953 536 992 :
571 938 693 994 sine
733 947 884 994 certa
921 940 1050 994 anni
1090 950 1242 1007 nota,
1284 941 1567 1010 praemissa
1612 940 1848 1012 epistola

243 1026 563 1084 Hadamarii
585 1044 653 1084 ex
674 1029 913 1087 editione
933 1031 1242 1087 Coloniensi
1267 1031 1512 1104 ejusdem
1538 1033 1662 1088 anni
1685 1033 1845 1088 1557.

244 1117 305 1174 In
339 1120 755 1192 Prolegomenis
797 1123 865 1178 ad
889 1121 1191 1180 Iuvencum
1233 1141 1382 1179 num.
1418 1126 1489 1182 70
1517 1135 1573 1180 et
1603 1126 1689 1191 75,
1719 1139 1851 1180 con-

240 1212 534 1283 jiciebam,
567 1215 705 1271 hanc
731 1215 1030 1272 editionem
1076 1217 1432 1274 diﬁerendam
1476 1233 1601 1276 esse
1649 1218 1714 1274 ad
1754 1233 1851 1273 an-

245 1325 380 1364 num
416 1310 576 1376 1551,
602 1327 781 1381 neque
810 1327 954 1367 nunc
986 1312 1204 1381 quidem
1234 1313 1394 1369 aliter
1422 1315 1626 1379 sentio,
1660 1329 1851 1384 quam-

242 1408 328 1464 vis
361 1407 648 1466 Fabricius
670 1411 971 1466 editionem
1000 1411 1208 1469 Sedulii
1235 1420 1290 1467 et
1315 1411 1543 1468 Juvenci
1566 1429 1689 1468 cum
1709 1412 1848 1467 Ara-

245 1512 397 1571 tore,
433 1513 566 1571 etc.,
600 1505 973 1561 Basileensem
1004 1521 1149 1561 anno
1180 1506 1315 1560 1557
1354 1505 1577 1561 referat.
1608 1506 1851 1562 Accura-

243 1598 353 1654 tior
382 1599 529 1654 enim
557 1597 689 1653 mihi
706 1599 922 1654 videtur
940 1598 1247 1664 Fabricius,
1270 1614 1392 1654 cum
1417 1600 1558 1655 inter
1581 1598 1848 1655 editiones

245 1695 480 1751 Juvenci
512 1693 880 1751 Basileensem
911 1694 1052 1749 hanc
1083 1694 1397 1749 Poelmanni
1436 1695 1554 1748 sine
1585 1694 1849 1763 temporis

1954 491 2128 532 venco
2161 487 2215 533 et
2253 476 2504 543 Aratore,
2536 477 2732 532 collata
2756 492 2876 533 cum
2904 477 3095 533 codice
3125 476 3545 548 Rottendorphii

1951 580 2005 627 et
2043 571 2164 626 aliis
2216 571 2494 627 codicibus
2539 587 2699 640 mss.,
2732 587 2799 626 ex
2832 571 3082 627 Fabricio
3110 581 3166 627 et
3194 571 3466 628 Beuschio
3494 571 3546 626 in

1952 665 2198 737 catalogo
2236 664 2541 721 editionum
2587 663 2833 721 Juvenci.
2888 663 3144 721 Fortasse
3195 663 3410 720 diversa
3465 670 3551 720 est

1953 758 2120 816 editio
2149 760 2474 817 Basileensis
2506 759 2724 817 Sedulii
2754 759 2859 816 hoc
2899 775 3043 816 anno
3084 775 3206 816 cum
3249 768 3548 816 comment.

1951 851 2219 920 Nebriss.,
2253 869 2372 925 qua:
2404 853 2676 910 indicatur
2705 853 2759 909 in
2791 852 2930 913 Bibl.
2970 852 3120 910 med.
3157 852 3349 921 Fabr.,
3381 852 3550 910 verbo

1956 947 2226 1004 Sedulius.

2026 1043 2147 1098 115.
2174 1041 2358 1098 Editio
2380 1058 2532 1111 xxm,
2564 1058 2710 1100 anno
2741 1041 2904 1102 1548.
2937 1042 3189 1111 Basileae,
3223 1043 3396 1111 in-8°,
3423 1057 3546 1100 cum

1950 1137 2193 1195 Juvenco
2222 1147 2278 1194 et
2304 1140 2555 1209 Aratore,
2593 1156 2661 1195 ex
2693 1138 2948 1195 Fabricio
2982 1138 3128 1195 inter
3157 1137 3426 1194 editiones
3452 1136 3552 1194 Se-

1951 1232 2104 1288 dulii.
2163 1232 2384 1301 Vereor,
2433 1250 2502 1290 ne
2543 1234 2596 1289 in
2650 1242 2731 1288 tot
2776 1233 3107 1289 editionibus
3152 1231 3552 1288 Basileensibus

1952 1327 2134 1399 aliqua
2165 1327 2339 1383 subsit
2368 1327 2518 1383 fraus
2549 1325 2994 1399 bibliopolarum,
3024 1325 3114 1397 qui
3146 1341 3294 1396 saape
3320 1325 3551 1395 primam

1953 1420 2186 1477 frontem
2219 1420 2484 1475 librorum
2511 1420 2798 1492 recudunt,
2834 1429 2892 1475 ut
2923 1435 3058 1477 nova
3094 1420 3258 1477 editio
3278 1418 3549 1476 videatur.

1952 1512 2208 1569 Fortasse
2228 1515 2392 1569 etiam
2419 1528 2576 1569 error
2611 1522 2693 1570 est
2719 1514 2772 1569 in
2815 1513 3057 1570 numeris
3092 1512 3232 1569 1548
3258 1528 3358 1584 pro
3388 1512 3550 1570 1545.

2027 1607 2151 1661 111.
2197 1605 2375 1661 Editio
2400 1622 2546 1667 χχιιι,
2570 1622 2714 1662 anno
2745 1607 2902 1663 1551.
2932 1605 3180 1674 Basileae,
3215 1606 3386 1672 in-8",
3416 1619 3551 1661 cura

1955 1707 2008 1754 et
2037 1699 2219 1754 studio
2254 1699 2596 1767 Poelmanni,
2624 1707 2685 1753 ut
2709 1699 2818 1753 dixi
2848 1698 2914 1754 ad
2943 1713 3142 1754 annum
3173 1699 3334 1765 1557,
3365 1712 3432 1754 ex
3458 1711 3550 1753 ca-

249 1797 379 1844 nota
411 1787 546 1842 dicit
571 1802 695 1842 esse
729 1805 743 1840 :
773 1794 923 1842 errat
956 1795 1164 1852 tamen,
1195 1785 1336 1857 quod
1367 1794 1600 1857 quatuor
1627 1787 1855 1858 hymnos
1883 1779 1932 1841 B
1960 1792 2139 1862 talogo
2183 1791 2526 1848 bibliothecae
2554 1792 2664 1866 65
2699 1792 2864 1864 regiae
2904 1791 3247 1849 Parisiensis.
3291 1789 3552 1848 DubilaVi

250 1876 540 1935 Fortunati
573 1894 604 1933 a
629 1878 696 1936 G.
724 1878 1034 1936 Cassandro
1080 1879 1387 1950 integritati
1431 1894 1544 1935 suae
1574 1880 1852 1936 restitutos

249 1975 472 2030 asserit.
489 1972 544 2027 ln
558 1972 738 2043 elogio
760 1973 968 2028 Sedulii
989 1982 1133 2028 recte
1148 1973 1285 2028 duos
1306 1982 1514 2027 tantum
1529 1987 1854 2028 commemo-

252 2077 360 2123 rat.
388 2067 758 2123 Poelmannus
783 2066 1062 2122 Sedulium
1103 2075 1227 2138 post
1249 2065 1548 2123 Juvencum
1585 2067 1848 2122 collocat:

251 2161 831 2234 praemittitepistolam
845 2161 911 2218 ad
929 2162 1329 2230 Macedonium,
1346 2174 1457 2218 tum
1482 2163 1852 2235 praefationem

249 2259 558 2314 metricam.
588 2257 822 2317 Carmen
861 2258 1122 2330 paschale
1153 2259 1386 2314 divisum
1427 2268 1512 2315 est
1541 2259 1595 2314 in
1620 2269 1856 2328 quatuor

251 2351 428 2408 libros
462 2395 476 2419 ,
506 2352 580 2407 ita
612 2353 870 2408 nimirum
903 2362 964 2408 ut
994 2354 1190 2409 tertius
1216 2353 1492 2410 coalescat
1517 2370 1581 2410 ex
1611 2355 1772 2410 tertio
1802 2362 1859 2410 et

250 2455 450 2518 quarto
481 2456 680 2502 nostra;
707 2447 987 2503 editionis.
1021 2447 1152 2502 Post
1181 2463 1402 2504 carmen
1429 2490 1444 2516 ,
1473 2447 1620 2504 Caelii
1649 2449 1859 2505 Sedulii

250 2540 445 2613 elegia,
476 2539 791 2608 Camenas,
822 2549 930 2597 etc.
969 2541 1100 2596 Post
1149 2541 1380 2613 elegiam
1403 2584 1417 2609 ,
1467 2542 1615 2596 Caelii
1656 2540 1859 2596 Sedulii

255 2632 504 2706 hymnus,
534 2634 581 2690 A
609 2651 774 2701 scus,
815 2634 1086 2696 etc.,Post
1125 2635 1384 2708 hymnum
1417 2637 1749 2706 epigramma
1791 2634 1859 2691 de

255 2737 493 2800 quatuor
519 2728 912 2800 Evangelistis,
946 2727 1224 2784 Matthazus
1259 2729 1514 2796 instituit,
1552 2736 1684 2795 etc.,
1714 2727 1858 2799 quod

255 2825 317 2879 in
373 2833 552 2878 nostra
582 2823 821 2878 editione
864 2823 1114 2888 Juvenei,
1160 2838 1232 2878 ex
1265 2821 1638 2878 vetustissimo
1676 2836 1860 2878 exem-

253 2918 401 2990 plari
435 2917 674 2988 positum
705 2917 805 2972 fuit
832 2933 932 2989 pro
957 2917 1133 2988 prima
1174 2915 1497 2988 pratiatione
1524 2914 1771 2971 iuvenci.
1801 2914 1857 2968 In

254 3011 450 3066 codice
471 3009 784 3066 Poelmanni
805 3025 1001 3066 nomen
1020 3010 1257 3066 auctoris
1275 3011 1574 3080 ascriptum
1589 3025 1695 3066 non
1720 3018 1857 3065 erat.

253 3102 396 3162 Post
425 3104 753 3175 epigramma
777 3118 966 3160 versus
994 3102 1290 3159 acrostichi
1319 3102 1387 3157 de
1418 3101 1661 3169 Sedulio,
1693 3100 1862 3156 Seduo

1955 1886 2009 1942 in
2038 1886 2415 1958 Prolegomen.
2447 1885 2515 1941 ad
2544 1887 2868 1953 Juvencum,
2893 1900 3125 1941 numero
3153 1885 3241 1949 75,
3275 1892 3332 1940 et
3360 1883 3552 1940 dubito

1953 1979 2271 2048 etiamnum,
2299 1980 2441 2036 sitne
2467 1979 2585 2036 haec
2610 1979 2783 2050 prima
2807 1977 2974 2035 editio
3002 1976 3342 2044 Poelmanni,
3374 1992 3443 2034 an
3465 1991 3552 2043 ree-

1953 2075 2119 2144 petita
2131 2115 2143 2129 .

2027 2168 2152 2223 115.
2197 2167 2378 2223 Editio
2421 2184 2547 2236 xxv,
2601 2183 2745 2226 anno
2792 2166 2986 2225 eodem
3033 2167 3192 2224 1551.
3255 2165 3554 2231 Barthius,

1956 2260 2082 2316 libr.
2118 2277 2248 2316 xmx
2276 2261 2531 2328 Advers.,
2564 2277 2684 2334 cap;
2724 2264 2789 2330 5,
2838 2263 2970 2318 citat
3009 2261 3302 2318 editionem
3334 2259 3556 2332 Lugdu-

1957 2369 2184 2410 nensem
2231 2355 2395 2424 hujus
2434 2355 2597 2423 anni,
2637 2372 2759 2426 quae
2799 2356 3124 2421 Aratorem,
3175 2353 3458 2410 Sedulium
3501 2362 3557 2409 et

1957 2446 2254 2504 Juvencum
2276 2449 2343 2503 ad
2370 2448 2660 2505 lectionem
2685 2462 2816 2504 mss.
2848 2461 3072 2518 prorsus
3098 2455 3391 2503 renovatos
3411 2461 3554 2518 prae-

1959 2541 2151 2598 sefert.

2032 2636 2155 2690 116.
2200 2634 2386 2691 Editio
2414 2650 2545 2692 xxv:
2569 2678 2584 2703 ,
2614 2649 2758 2692 anno
2797 2635 2952 2694 1555.
2988 2634 3277 2708 Lugduni,
3309 2651 3431 2694 cum
3460 2635 3556 2694 Juc

1959 2743 2164 2798 venco,
2197 2728 2384 2796 ιιι-12,
2415 2745 2576 2800 quam
2603 2729 2861 2797 contulit,
2895 2737 2950 2786 et
2982 2728 3377 2786 Tornwsianam
3405 2731 3431 2787 1
3464 2747 3559 2800 ap-

1961 2821 2124 2893 pellat
2159 2821 2509 2880 Arntzenius.
2557 2822 2810 2880 Continet
2856 2825 3021 2880 etiam
3061 2826 3370 2882 Aratorem.
3423 2824 3556 2895 Ejus

1962 2915 2291 2970 mentionem
2324 2915 2423 2972 feci
2456 2916 2508 2971 in
2540 2915 2848 2988 Prolegom.
2891 2915 2960 2972 ad
2995 2915 3245 2985 Juvene.,
3281 2933 3429 2974 num.
3462 2917 3552 2973 76.

2036 3010 2158 3064 117.
2203 3007 2384 3064 Editio
2413 3024 2564 3065 xxvu
2588 3053 2604 3079 ,
2633 3025 2779 3065 anno
2811 3011 2969 3066 1551.
3017 3010 3266 3081 Basileae,
3323 3021 3382 3067 ut
3409 3010 3555 3069 Ceil-

1964 3101 2152 3158 lierius
2186 3111 2441 3160 testatur.

253 3197 368 3252 lius
412 3195 647 3268 Domini,
697 3195 807 3270 64
845 3206 900 3253 et
929 3196 1174 3252 Sedulius
1226 3194 1441 3263 Christi,
1491 3195 1860 3265 praetermisso
1887 3175 1935 3241 (ἶ
2038 3199 2160 3254 118.
2204 3198 2384 3254 Editio
2413 3215 2623 3270 xxvm,
2663 3214 2809 3256 anno
2836 3200 3006 3270 1564,
3037 3215 3160 3257 cum
3212 3202 3332 3260 aliis
3381 3202 3558 3274 poetis

250 3299 552 3346 auctorum
579 3292 816 3345 nomine.
843 3289 900 3344 In
922 3288 1030 3345 ﬁne
1054 3288 1346 3344 voluminis
1364 3327 1380 3353 ,
1407 3295 1533 3358 post
1559 3287 1741 3342 varias
1784 3285 1861 3342 le-

252 3387 483 3442 ctiones
514 3386 568 3441 in
592 3384 890 3442 iuvencum
940 3384 1137 3440 additae
1180 3393 1305 3439 sunt
1335 3383 1614 3439 nunnullae
1656 3382 1776 3437 alia:
1809 3383 1861 3437 in

250 3480 572 3548 Sedulium,
595 3495 717 3552 quae
741 3480 970 3552 margini
990 3479 1153 3535 etiam
1182 3482 1484 3534 carminum
1510 3477 1624 3533 suis
1651 3476 1704 3531 in
1728 3475 1863 3531 locis

252 3573 542 3647 apposita:
571 3583 856 3644 apparent.

344 3667 470 3722 110.
503 3666 682 3722 Editio
704 3683 812 3732 xxx,
842 3681 986 3721 anno
1193 3663 1473 3722 Grunerus
1498 3661 1730 3719 contulit
1751 3660 1868 3718 edi-

254 3762 476 3820 tionem
504 3759 710 3818 Sedulii
740 3759 1123 3816 Coloniensem
1157 3759 1317 3830 hujus
1357 3758 1483 3814 anni
1512 3759 1684 3814 in-8°.

349 3856 472 3912 111.
497 3855 681 3911 Editio
697 3871 948 3923 xx,anno
970 3855 1164 3912 eodem
1188 3854 1348 3921 1556,
1371 3852 1704 3924 Antuerpiae,
1724 3851 1870 3924 apud

260 3953 511 4010 Viduam
540 3953 750 4008 Martini
778 3951 1238 4024 CmsarisJin-S’,
1271 3967 1340 4006 ex
1369 3951 1510 4006 Bibl.
1544 3949 1686 4006 med.
1706 3949 1866 4004 Fabr.

354 4049 477 4104 119..
520 4047 701 4104 Editio
749 4065 869 4114 χιιι,
903 4065 993 4104 an.
1040 4046 1204 4114 1541,
1255 4046 1402 4102 in-8°
1432 4063 1446 4100 :
1481 4044 1627 4101 Cwlii
1667 4042 1872 4100 Sedulii

267 4142 558 4216 presbyteri
582 4159 698 4195 cum
720 4141 959 4214 piissimi,
985 4151 1095 4196 tum
1121 4139 1427 4206 doctissimi,
1458 4137 1700 4212 paschale
1723 4154 1870 4210 opus,

268 4253 371 4292 seu
416 4234 738 4289 Mirabilium
775 4235 1072 4289 divinorum
1108 4233 1225 4287 libri
1255 4234 1480 4303 quinque
1518 4249 1634 4287 cum
1664 4247 1876 4286 enarra-

272 4329 506 4384 tionibus
533 4325 954 4382 luculentissimis
978 4325 1112 4380 lii
1137 4325 1347 4380 Antonii
1371 4323 1740 4380 Nebrissensis.
1770 4323 1878 4377 Ad-

263 4425 548 4498 junximus
578 4423 732 4476 etiam
760 4418 977 4475 Iuvenci
1027 4417 1260 4492 Hispani
1302 4419 1585 4492 presbyteri
1615 4417 1877 4489 evangeli-

277 4534 402 4573 cam
429 4517 696 4572 historiam
719 4515 951 4587 ejusdem
1002 4515 1322 4586 argumenti,
1353 4511 1550 4566 additis
1580 4521 1626 4565 et
1653 4513 1709 4565 in
1736 4527 1877 4564 eam-

1963 3291 2313 3359 christianis,
2362 3303 2689 3350 recensente
2738 3293 2973 3366 Georgio
3004 3293 3275 3362 Fabricio,
3309 3305 3369 3351 ut
3397 3294 3562 3353 latius

1964 3387 2019 3442 in
2046 3387 2260 3460 Proleg.
2285 3387 2350 3444 ad
2380 3387 2665 3457 Prudent.,
2688 3387 2914 3445 Juvenc.
2938 3398 2992 3445 et
3013 3389 3269 3446 Dracont.
3312 3391 3560 3461 exposui.

1965 3482 2266 3539 Conﬁrmat
2311 3484 2639 3538 Arntzenius
2685 3483 2832 3555 quod
2897 3483 3004 3538 loc.
3051 3485 3146 3539 cit.
3197 3483 3264 3539 de
3311 3483 3566 3541 Fabricio

1966 3576 2077 3634 dixi
2107 3595 2121 3631 :
2153 3576 2400 3631 Permisit
2431 3577 2552 3644 sibi,
2580 3579 2676 3646 ait,
2706 3594 2810 3631 uno
2836 3587 2882 3630 et
2912 3578 3077 3632 altera
3108 3576 3254 3642 loco,
3285 3578 3422 3647 quod
3460 3593 3566 3632 non

1967 3671 2201 3737 debebat,
2213 3669 2394 3740 judice
2410 3669 2655 3736 Daumio,
2674 3671 2742 3722 ad
2759 3668 3032 3724 Heinsium
3055 3670 3208 3742 epist.
3230 3670 3360 3736 223,
3383 3678 3508 3725 tom.
3529 3683 3565 3724 ν

1971 3765 2107 3837 Syll.
2139 3762 2326 3819 Burm.
2359 3760 2509 3817 Idem
2535 3779 2740 3835 quoque
2763 3764 2866 3834 egit
2893 3764 2945 3816 in
2971 3761 3212 3830 Sedulio,
3242 3762 3567 3835 transpositis

1971 3858 2270 3931 plerumque.
2291 3855 2477 3919 verbis,
2517 3857 2563 3911 si
2606 3857 2754 3910 metri
2797 3856 2935 3927 leges
2971 3856 3170 3928 aliquid
3205 3856 3383 3910 damni
3418 3864 3566 3929 pate-

1971 3960 2170 4017 rentur,
2205 3966 2319 4022 quae
2359 3951 2527 4022 ipsius
2559 3950 3017 4023 transpositiones,
3057 3950 3173 4005 licet
3213 3951 3266 4005 in
3305 3950 3567 4005 codicibus

1975 4047 2270 4116 neutiquam
2297 4045 2548 4115 fundatae,
2583 4053 2754 4099 tamen
2784 4061 2818 4098 a
2852 4043 3225 4117 posterioribus
3262 4043 3412 4098 avide
3449 4051 3568 4098 sunt

1974 4139 2238 4194 interdum
2280 4125 2514 4210 receptae.
2569 4136 2776 4210 Sazpius
2817 4135 2954 4190 illud
2997 4138 3050 4190 in
3093 4137 3409 4209 transposita
3452 4151 3572 4192 voce

1975 4248 2114 4288 JUGIS
2155 4233 2510 4298 observavi,...
2545 4231 2661 4284 licet
2706 4231 2761 4284 in
2795 4229 3103 4302 quibusdam
3140 4227 3418 4286 Fabricius
3458 4245 3570 4285 cer-

1978 4327 2170 4379 tissime
2198 4323 2431 4377 habuerit
2462 4330 2772 4395 prazeuntes,
2802 4338 2928 4394 quos
2956 4330 3162 4376 secutus
3191 4330 3286 4378 est.

2053 4417 2178 4473 119.
2211 4415 2394 4472 Editio
2414 4431 2574 4483 XXIX,
2599 4431 2741 4472 anno
2768 4416 3076 4482 1566,’cum
3099 4417 3340 4472 Juvenco
3360 4425 3417 4475 et
3439 4425 3574 4474 Ara-

1982 4520 2120 4576 tore,
2152 4509 2324 4575 ιιι-12,
2353 4519 2444 4564 aut
2473 4509 2562 4578 16,
2587 4524 2748 4580 quam
2778 4507 3165 4564 Tornaesianam
3193 4509 3226 4564 2
3249 4510 3575 4566 Arntzenius

279 4614 408 4668 dem
433 4612 831 4668 commentariis.
869 4610 1056 4666 Omnia
1094 4609 1163 4665 ad
1191 4608 1533 4664 vetustissima
1564 4604 1880 4677 exemplaria
1903 4575 1959 4638 D
1985 4615 2165 4662 vocat.
2214 4604 2288 4660 Ea
2319 4605 2480 4660 etiam
2509 4618 2610 4676 ego
2638 4618 2766 4658 usus
2796 4617 2914 4658 sum
2942 4618 3011 4659 ex
3036 4601 3465 4673 locupletissima
3497 4603 3578 4659 bi-

280 4703 482 4764 collata
508 4715 554 4760 et
583 4705 855 4779 castigata.
888 4702 1130 4770 Basileae,
1163 4719 1300 4757 anno
1345 4717 1526 4757 nexu.
1560 4699 1730 4770 Hujus
1764 4697 1884 4755 edi-

282 4801 460 4857 tionis
498 4800 721 4858 memini
751 4815 966 4872 quoque
1007 4799 1063 4854 in
1105 4798 1413 4869 Prolegom.
1449 4797 1516 4850 ad
1561 4794 1882 4860 iuvencum,

285 4909 446 4950 num.
475 4893 562 4948 71.
587 4891 982 4964 Typographus
1009 4899 1095 4946 est
1117 4888 1551 4953 Westhemerus,
1580 4888 1670 4959 qui
1694 4885 1889 4958 praefa-

290 4987 499 5042 tionem
531 5001 747 5057 quoque
773 4985 992 5054 adjecit.
1023 4981 1401 5040 Ncbrissensis
1431 4981 1803 5038 enarrationes
1832 4979 1886 5034 in

294 5081 403 5137 hac
434 5092 638 5136 tantum
661 5080 900 5137 editione
919 5079 1029 5135 vidi
1058 5096 1073 5132 :
1098 5077 1267 5134 Arntz
1279 5077 1454 5143 anius,
1474 5075 1676 5147 aliique
1699 5091 1890 5132 recen-

295 5183 386 5230 tes
414 5174 652 5231 editores
679 5174 886 5231 Sedulii
908 5174 1128 5229 omnino
1151 5173 1235 5228 his
1255 5179 1567 5228 caruerant.
1598 5169 1730 5224 Post
1752 5185 1890 5241 prae-

297 5265 563 5324 fationem
591 5265 990 5333 Nebrissensis,
1021 5266 1390 5338 pratermissa
1417 5262 1650 5333 epistola
1681 5259 1747 5316 ad
1780 5260 1892 5316 Ma-

299 5360 632 5430 cedonium,
683 5361 872 5432 incipit
912 5361 1171 5432 prologus
1210 5358 1471 5415 metricus
1512 5355 1719 5414 Sedulii
1781 5353 1890 5409 Pa-

303 5457 504 5514 schales
533 5474 552 5513 :
580 5468 692 5514 tum
719 5472 938 5514 carmen
957 5457 1011 5512 in
1037 5455 1275 5528 quinque
1316 5455 1486 5511 libros
1509 5453 1892 5520 distributum;

308 5550 506 5606 deinde
534 5567 549 5605 :
580 5548 778 5622 Incipit
803 5547 1024 5621 hymnus
1046 5548 1298 5622 ejusdem,
1319 5557 1426 5604 etc.
1455 5547 1584 5602 Haec
1610 5554 1696 5602 est
1724 5546 1897 5616 elegia

310 5643 603 5701 Cantemus.
633 5643 921 5701 Postremo
950 5660 964 5696 :
994 5640 1196 5699 Sedulii
1221 5640 1505 5714 presbyteri
1524 5637 1743 5712 hymnus
1769 5639 1898 5693 iam-

315 5735 454 5792 bicus
493 5738 728 5808 dimeter,
772 5747 878 5795 etc.
923 5735 1312 5794 Enarrationes
1347 5733 1720 5792 Nebrissensis
1758 5733 1900 5790 inter

315 5844 507 5891 versus
544 5831 903 5892 collocantur.

1987 4700 2258 4756 bliotheca
2290 4698 2479 4770 optimi
2511 4697 2770 4769 principis
2791 4739 2806 4764 ,
2835 4696 3255 4754 eminentissimi
3282 4697 3578 4755 cardinalis

1989 4793 2234 4849 Valentis
2263 4792 2550 4866 Gonzagae.
2588 4789 2796 4849 Confer
2824 4792 3126 4864 prolegom.
3178 4792 3246 4848 ad
3276 4791 3577 4850 Iuvencum

1992 4904 2140 4945 num.
2172 4889 2262 4944 78.

2067 4982 2186 5038 1'20.
2229 4981 2408 5038 Editio
2431 4998 2563 5050 xxx,
2586 4997 2728 5040 anno
2756 4982 2910 5041 1568.
2937 4981 3164 5055 Ιιίρεῑαξ,
3195 4990 3253 5038 ιιι
3275 4982 3581 5040 Ceillierlus

1993 5075 2174 5140 refert,
2205 5075 2297 5144 qui
2326 5076 2557 5131 afﬁrmat
2588 5092 2710 5134 esse
2745 5078 2912 5142 in-8°,
2941 5092 3065 5133 cum
3089 5075 3213 5132 aliis
3242 5077 3419 5148 poetis
3439 5075 3585 5131 chri-

1994 5169 2564 5238 stianis,procuratam
2593 5185 2624 5225 a
2645 5168 2714 5226 G.
2742 5168 3016 5225 Fabricio.
3041 5169 3095 5225 ld
3128 5169 3266 5224 nihil
3290 5168 3433 5224 aliud
3462 5181 3584 5224 esse

1997 5277 2216 5329 censeo,
2251 5262 2353 5316 nisi
2378 5263 2520 5332 quod
2551 5260 2835 5319 Fabricius
2861 5262 2914 5317 in
2947 5261 3084 5319 Bibl.
3119 5261 3239 5317 Lat.
3271 5261 3309 5315 l.
3339 5275 3412 5325 tv,
3445 5275 3497 5316 c.
3525 5261 3584 5326 2,

1998 5355 2140 5411 inter
2168 5354 2436 5410 editiones
2463 5353 2747 5411 Prudentii
2776 5366 3171 5413 commemorat
3203 5373 3217 5410 :
3242 5351 3454 5427 Georgii
3480 5348 3590 5407 Fa-

2001 5451 2150 5506 bricii
2175 5451 2232 5504 in
2258 5448 2483 5504 Pteanas
2510 5459 2614 5505 tres
2638 5448 2940 5516 Prudentii,
2969 5447 3173 5506 Sedulii
3203 5456 3252 5503 et
3281 5445 3586 5516 Fortunati,

2001 5547 2066 5602 de
2096 5545 2216 5601 Vita
2240 5554 2288 5600 et
2318 5543 2488 5600 Morte
2516 5541 2732 5611 Christi,
2763 5553 2812 5599 et
2839 5544 2895 5597 in
2924 5543 3140 5614 hymnos
3171 5551 3274 5596 tres
3290 5539 3422 5597 alios
3451 5539 3592 5595 Pru-

2003 5639 2198 5710 dentii,
2241 5647 2291 5694 et
2324 5639 2381 5694 in
2424 5636 2717 5693 Romanum
2763 5644 3042 5709 martyrem
3087 5635 3358 5709 expositio.
3399 5633 3593 5708 Lipsiae

2005 5732 2170 5802 1568,
2187 5731 2352 5789 in-8°.
2377 5730 2667 5803 Subjuncta
2685 5729 2997 5806 adagiorum
3013 5739 3312 5786 notatorum
3333 5729 3590 5786 centuria.

2008 5824 2066 5882 In
2088 5823 2346 5885 Biblioth.
2371 5824 2518 5884 med.
2541 5824 2655 5899 66
2671 5821 2909 5884 Fabricii
2928 5821 3073 5883 inter
3092 5823 3367 5884 editiones
3387 5818 3595 5880 Sedulii
