4096 6182
523 248 628 313 485

1802 224 2085 301 (10111198
2101 227 2304 304 ,ὅπου
2312 225 2482 301 ιιυε.

3701 207 3809 267 18b

522 370 839 425 recensetur
877 360 1046 419 editio
1084 355 1414 421 Basileensis
1455 354 1626 421 iii-4°,
1658 364 1802 408 anno
1833 348 2006 417 1566,
2054 348 2110 402 in
2135 343 2564 411 APrudentium
2622 353 2772 403 num.
2836 335 2961 395 115.
3020 332 3207 425 Elegia
3265 326 3471 425 Sedulii
3526 340 3665 425 cum
3703 325 3807 398 hy-

523 459 695 531 poetis
725 456 1037 514 christianis
1064 453 1133 511 G.
1165 451 1397 511 Fabricii
1430 468 1444 505 :
1484 448 1581 506 sed
1615 448 1732 503 haec
1758 446 1971 503 diversa
2006 460 2110 503 non

522 562 604 609 est
634 552 701 608 ab
729 550 973 609 editione
998 561 1161 620 quam
1193 559 1337 601 anno
1370 543 1507 598 1564
1538 538 1865 613 adjudicavi.

595 643 721 700 121.
761 642 943 701 Editio
971 655 1123 707 xxxi,
1166 650 1311 693 anno
1356 633 1516 704 1573,
1547 631 1731 693 Calari
1778 627 2011 703 repetita
2047 642 2114 687 ex

523 739 768 797 editione
792 734 1150 802 Pcelmanni,
1174 739 1236 787 ut
1280 730 1503 788 uberius
1543 726 1657 787 dixi
1696 725 1751 785 in
1793 722 2007 793 Proleg.
2046 720 2114 776 ad

522 833 848 894 Iuvencum,
874 845 1027 889 num.
1063 828 1153 883 80.
1948 868 1958 878 ,

600 926 725 980 122.
768 922 953 979 Editio
984 934 1168 984 xxx“,
1204 915 1362 972 1575.
1397 913 1658 979 Parisiis,
1690 913 1746 967 in
1780 907 2117 967 Bibliotheca

524 1021 774 1085 Patrum,
806 1032 903 1087 per
927 1013 1290 1085 Margarinum
1321 1010 1391 1065 de
1415 1010 1463 1067 la
1493 1010 1692 1080 Bigne,
1718 1016 1877 1073 tom.,
1908 1019 2002 1058 vm
2026 1001 2120 1087 ubi

528 1121 747 1172 exstant
762 1084 990 1167 carmen
1017 1105 1296 1180 paschale,
1326 1104 1501 1174 elegia
1529 1112 1585 1161 et
1615 1102 1871 1173 hymnus.
1914 1097 1970 1152 ln
1999 1084 2123 1151 aliis

531 1204 893 1265 Bibliothecis
936 1202 1158 1259 Patrum
1210 1196 1416 1269 prodiit
1459 1186 1716 1253 Sedulius
1774 1208 1896 1256 cum
1943 1191 2122 1260 aliqua

530 1300 795 1355 varietate
827 1316 839 1351 :
870 1311 993 1356 nam
1022 1295 1075 1357 in
1105 1268 1345 1351 secunda
1386 1280 1629 1346 editione
1664 1286 1831 1353 1589,
1861 1268 2121 1349 Parisiis,

531 1404 587 1449 et
610 1393 664 1449 in
688 1390 1006 1464 Appendice
1027 1386 1095 1443 ad
1122 1385 1509 1447 Bibliothecam
1535 1379 1845 1453 Margarini,
1873 1375 2120 1445 Parisiis,

535 1489 693 1555 1624,
715 1486 939 1545 Sedulie
968 1484 1289 1541 tribuuntur
1318 1493 1537 1539 carmen
1567 1473 1845 1548 paschale,
1872 1470 2040 1543 elegia
2072 1476 2128 1535 et

534 1585 770 1657 hymnus
794 1579 1193 1645 abeceilarius,
1232 1584 1294 1632 et
1333 1572 1687 1632 nihilominus
1731 1583 1920 1628 rursus
1961 1580 2124 1622 excu-

533 1677 681 1735 ditur
708 1676 883 1749 elegia
914 1674 1022 1729 hoc
1051 1671 1210 1729 titulo
1241 1689 1252 1724 :
1285 1667 1444 1724 Turci
1471 1666 1596 1736 Ruﬁ
1626 1663 1847 1729 Asterii,
1874 1661 1971 1714 viri
2002 1675 2126 1712 con-

2214 451 2341 499 mno
2369 436 2512 493 edita
2543 433 2647 493 fuit
2695 433 2747 491 in
2799 427 3093 501 Hymnario
3137 424 3272 480 Ven.
3298 422 3579 479 Thomasii
3604 461 3620 489 ,
3653 419 3809 492 bym-

2214 547 2318 589 nus
2347 532 2511 593 etiam
2563 528 2615 593 in
2644 524 2851 583 Ofﬁciis
2899 538 2997 595 per
3029 520 3196 581 ferias
3224 517 3437 576 Alcuini
3462 560 3477 581 .
3528 527 3581 573 et
3612 512 3811 585 Lipsiae

2218 629 2390 693 1522,
2432 626 2604 691 in-80,
2638 637 2734 693 per
2776 621 2996 685 Petrum
3043 608 3398 679 Mosellanum
3444 620 3565 684 post
3613 604 3813 667 librum

2217 716 2649 779 Cathemerinon
2692 732 2760 773 ex
2802 703 3060 773 Biblioth.
3107 700 3251 775 med.
3284 719 3338 767 et
3364 706 3462 764 inf.
3493 705 3596 773 aevi
3627 702 3816 767 Fabrl~

2219 815 2322 883 cii,
2347 813 2518 887 verba
2539 809 2809 867 Sedulius.

2256 890 2261 895 ’
2289 884 2469 983 Editio
2495 916 2665 961 xxxvx
2686 943 2701 965 .
2730 913 2874 957 anno
2898 896 3061 965 1701,
3094 893 3411 962 Edimburgi
3436 935 3451 961 ,
3488 882 3665 979 iii-8°,
3689 904 3816 961 qum

2222 980 2469 1055 accurata
2501 995 2753 1059 habetur,
2785 1003 2841 1048 et
2861 990 3099 1047 refertur
3122 990 3176 1044 in
3201 988 3339 1051 Bibl.
3372 987 3526 1051 med.
3549 972 3714 1051 Fabr.
3745 1001 3813 1041 es

2221 1089 2457 1160 Georgio
2477 1086 2760 1143 Mackenie
2776 1078 2851 1141 De
2876 1082 3055 1143 Scotis
3072 1072 3301 1139 eruditis
3319 1080 3433 1139 vol.
3461 1068 3514 1145 1,
3539 1093 3660 1148 pag.
3687 1078 3814 1132 516.

2225 1183 2353 1249 Haec
2380 1222 2394 1247 ,
2437 1193 2497 1237 ut
2523 1179 2742 1253 opinor,
2776 1187 2860 1234 cst
2881 1217 2898 1245 ,
2927 1190 3089 1247 quam
3116 1174 3446 1237 Arntzenius
3474 1171 3687 1231 Scotum
3714 1213 3730 1239 ,
3758 1179 3816 1227 et

2225 1276 2714 1346 Edimburgensem
2739 1270 2997 1342 appellat.
3338 1344 3343 1349 Α

2301 1368 2423 1425 126.
2452 1367 2632 1423 Editio
2647 1378 2857 1429 xxxvn,
2878 1376 3023 1418 anno
3043 1356 3215 1431 170i,
3238 1346 3455 1413 Cellarii
3484 1370 3613 1412 cura
3641 1355 3812 1415 in-S".

2226 1462 2372 1519 Caelii
2416 1452 2619 1517 Sedulii
2650 1467 2811 1531 poeta:
2850 1457 2983 1511 inter
3009 1452 3334 1510 Christianos
3380 1460 3571 1506 veteres
3604 1448 3814 1521 elegan-

2227 1557 2413 1615 tissimi
2444 1550 2769 1610 Mirabilium
2790 1552 3084 1607 divinorum
3116 1548 3271 1615 libri,
3324 1538 3580 1601 Paschale
3610 1562 3820 1600 carmen

2228 1652 2392 1715 dicti,
2428 1660 2475 1705 et
2497 1649 2676 1721 hymni
2707 1647 2832 1701 duo.
2868 1644 3271 1716 ChristOpltorus
3309 1639 3567 1697 Cellarius
3603 1657 3665 1696 ex
3696 1658 3822 1694 mss.

531 1770 759 1838 satiaris,
797 1731 989 1824 ‘ueteris
1034 1776 1081 1822 et
1124 1764 1241 1819 noui
1291 1731 1607 1821 Testamenti
1653 1758 1862 1815 collatio
1907 1750 2118 1810 Sedulic

2232 1744 2387 1799 codd.
2416 1746 2701 1810 recensuit,
2754 1751 2801 1797 et
2845 1732 3264 1799 annotationibus
3310 1732 3614 1801 illustrauit.
3671 1731 3825 1788 Halm

533 1864 783 1921 hactenus
806 1862 1058 1929 ascripta.
1083 1856 1316 1915 Notatur
1345 1850 1621 1915 Asterium
1654 1848 1816 1907 fuisse
1846 1842 2127 1909 consulem

534 1969 656 2011 cum
678 1950 865 2009 Flavio
888 1948 1173 2007 Przesidio.
1201 1945 1431 2002 Additur
1451 1959 1513 2000 ex
1539 1940 1869 2011 CuSpiniano
1893 1947 1947 1993 et
1966 1934 2128 2004 Aldo,

533 2038 754 2105 carmen
784 2046 889 2101 hoc
918 2043 1125 2100 editum
1152 2041 1224 2095 ab
1250 2038 1494 2104 Asterie,
1526 2035 1847 2104 inscriptum
1876 2030 2128 2099 Sedulio;

532 2156 599 2196 ex
630 2139 915 2205 Panvinio,
947 2135 1146 2193 Turcio
1172 2133 1495 2201 inscriptum
1524 2138 1579 2184 et
1610 2128 1839 2191 missum
1867 2142 1882 2193 ;
1914 2134 2130 2180 exstare

535 2248 671 2290 mss.
700 2231 960 2296 codices,
995 2229 1084 2300 qui
1133 2212 1423 2285 Claudiani
1464 2222 1711 2281 Mamerti
1759 2235 1882 2279 esse
1921 2218 2128 2273 dicant.

536 2330 613 2386 Ita
645 2331 808 2385 etiam
835 2326 1017 2384 editur
1052 2324 1245 2395 elegia,
1282 2332 1345 2376 et
1368 2320 1493 2387 ,hoc
1537 2321 1710 2391 ipsum
1750 2323 2047 2375 annotatur
2076 2315 2129 2373 in

536 2422 876 2481 Bibliotheca
911 2419 1134 2475 Patrum
1183 2415 1424 2473 Colonia:
1458 2413 1629 2478 1618,
1662 2412 1755 2467 sed
1794 2410 1935 2469 inter
1967 2423 2132 2479 opera

532 2502 743 2573 Sedulii
776 2513 830 2568 in
870 2512 974 2567 hac
1003 2506 1342 2565 Bibliotheca
1383 2504 1561 2575 elegia
1596 2518 1700 2557 non
1730 2501 1984 2557 refertur.
2031 2499 2130 2558 Cn.

536 2611 827 2686 Spinianus
858 2623 958 2677 pro
989 2603 1371 2678 Cuspinianus,
1414 2608 1466 2656 et
1506 2596 1803 2653 Panninius
1839 2610 1937 2667 pro
1984 2593 2130 2649 Pan-

533 2703 728 2767 uinius,
761 2698 955 2757 menda
979 2707 1105 2755 sunt
1131 2696 1184 2750 in
1215 2693 1299 2750 his
1324 2688 1685 2749 Bibliothecis
1709 2687 1963 2760 repetita.
1994 2686 2131 2744 Tota

533 2797 654 2868 ipsa
682 2793 929 2850 narratio
954 2791 1094 2847 falsa
1123 2795 1229 2857 est,
1261 2796 1323 2842 ut
1356 2786 1530 2856 liquet
1555 2800 1621 2839 ex
1651 2800 1799 2845 unm.
1825 2784 1896 2839 16
1921 2792 1977 2838 et
2011 2783 2128 2839 162.

536 2886 763 2944 Sedulio
812 2884 867 2943 in
920 2884 1005 2943 his
1058 2868 1411 2937 Bibliothecis
1477 2877 1718 2949 adiuncti
1768 2885 1896 2931 sunt
1944 2889 2132 2931 versus

533 2980 822 3066 aerosticbi
849 2976 1057 3034 Liberii
1074 2984 1137 3031 et
1161 2959 1415 3030 Belisarii
1436 2971 1505 3028 de
1527 2986 1622 3036 eo;
1647 2970 1776 3031 etin
1800 2969 2128 3025 Bibliotheca

2235 1838 2652 1912 Magdeburgica:
2683 1855 2701 1890 :
2730 1835 3019 1905 sumptibus
3049 1829 3524 1904 Orphanotrophei.
3558 1827 3827 1886 Accurata

2233 1944 2312 2003 est
2346 1932 2462 1987 haec
2483 1931 2685 2005 editio,
2717 1940 2771 1987 et
2798 1927 3109 1991 scholarum
3141 1924 3260 1981 usui
3299 1912 3739 1980 accommodata.

2306 2026 2428 2081 127.
2463 2022 2644 2081 Editio
2665 2037 2865 2085 xxxviii
2883 2062 2898 2088 ,
2919 2019 3246 2085 ann01759,
3272 2015 3575 2081 Ccllariana
3605 2015 3658 2072 in
3688 2012 3824 2077 Ger-

2235 2121 2414 2183 mania
2445 2119 2672 2188 repetita
2695 2159 2710 2182 ,
2744 2132 2811 2173 ex
2840 2113 3177 2178 Arntzenio,
3209 2111 3301 2187 qui
3332 2111 3480 2167 vitiis
3504 2102 3675 2183 priori
3711 2120 3831 2166 tur-

2235 2212 2357 2284 pius
2380 2200 2829 2266 commaculatam
2871 2209 2967 2263 ait.

2313 2305 2437 2360 128.
2482 2304 2662 2359 Editio
2692 2319 2846 2358 XXXIX
2868 2344 2882 2369 ,
2912 2317 3002 2357 an.
3038 2290 3201 2367 1747,
3232 2288 3411 2355 in-8°.
3444 2290 3593 2354 Caelii
3625 2290 3833 2354 Sedulii

2238 2388 2560 2453 Mirabilium
2587 2395 2880 2449 divinorum
2907 2384 3026 2448 libri
3054 2394 3274 2466 quinque
3294 2434 3309 2460 ,
3343 2392 3443 2445 sive
3488 2407 3695 2445 carmen
3738 2408 3834 2459 pa-

2238 2490 2432 2546 schale.
2463 2488 2597 2545 Item
2619 2489 2796 2560 hymni
2818 2482 2922 2541 duo
2951 2488 3017 2540 ad
3047 2487 3280 2543 codicum
3312 2503 3434 2540 mss.
3460 2494 3507 2538 et
3536 2483 3834 2543 editionum

2237 2596 2460 2640 veterum
2486 2584 2643 2657 ﬁdem
2686 2581 2976 2652 recensuit,
3013 2578 3255 2641 lectiones
3284 2579 3476 2645 uarias,
3510 2577 3829 2634 observatio-

2237 2698 2345 2748 nes,
2379 2689 2425 2734 et
2455 2679 2652 2734 indices
2689 2677 3003 2731 necessarios
3042 2675 3232 2748 adjecit
3258 2660 3491 2728 Joannes
3523 2660 3824 2728 θήλει-ἰωὰ

2235 2766 2457 2828 Gruner.
2491 2762 2684 2841 Lipsiae
2706 2766 2847 2836 apud
2871 2764 3129 2822 Joannem
3164 2762 3517 2821 Wendlerum.
3547 2762 3833 2821 Grunerus

2234 2867 2287 2921 in
2319 2863 2655 2920 variantibus
2680 2862 3002 2919 lectionibus
3024 2858 3350 2915 annotandis
3381 2854 3609 2930 diligens
3638 2864 3756 2925 est,
3779 2862 3835 2913 et

2232 2961 2520 3031 copiosus,
2572 2954 2770 3012 breves
2803 2954 3072 3011 interdum
3100 2996 3113 3016 ,
3147 2962 3201 3008 et
3229 2948 3475 3009 eruditas
3507 2962 3672 3010 notas
3704 2946 3836 3006 sub-

533 3057 845 3133 Coloniensi
883 3072 1010 3127 anni
1046 3065 1471 3135 1618,carmini
1521 3063 1761 3134 paschali
1801 3061 2130 3133 praeponitur
2167 3129 2200 3135 μ
2229 3052 2370 3122 jiCit.
2424 3050 2759 3105 Arnlzeuius
2801 3040 3069 3103 :iccrbiori
3262 3043 3475 3135 calamo
3521 3036 3836 3101 Grunerum

535 3170 789 3244 praalatio
838 3166 906 3223 ad
958 3162 1331 3221 Theodosium
1383 3124 1682 3231 Augustum
1722 3199 1737 3229 ,
1790 3124 2126 3213 lium-alidum
2155 3129 2203 3195 (ἶ
2234 3162 2388 3201 usum
2440 3144 2629 3214 objicit
2675 3140 2728 3197 in
2785 3132 3107 3197 cnarrandis
3154 3124 3386 3199 Voncltii
3438 3135 3831 3208 conjecturis:

534 3242 743 3334 ductor,
779 3275 940 3332 quam
990 3242 1199 3317 Sedulii
1241 3267 1367 3311 esse
1410 3242 1747 3323 negavimus.
1794 3250 1926 3305 Post
1962 3264 2127 3316 acro-

530 3329 817 3417 stichidem
847 3351 1093 3410 Belisarii
1135 3356 1218 3405 est
1253 3361 1392 3416 epos
1420 3345 1678 3416 paschale
1718 3342 1961 3407 Sedulii,
2011 3329 2127 3398 sive

532 3463 738 3523 prosa;
770 3457 887 3503 tum
917 3443 1326 3500 Collectaneum
1354 3440 1409 3494 in
1444 3430 1714 3509 Epistolas
1756 3422 1907 3491 Pauli
1937 3477 1950 3500 ,
1983 3434 2126 3505 quod

529 3543 755 3599 alterius
783 3549 867 3597 est
891 3535 1123 3594 Sedulii.
1150 3535 1211 3590 1n
1243 3532 1368 3589 aliis
1390 3530 1601 3603 pariter
1630 3524 1985 3586 Bibliothecis
2025 3529 2128 3584 Pa-

530 3644 672 3695 trum
719 3633 861 3705 typis
906 3641 1200 3700 expressus
1245 3614 1346 3682 fuit
1372 3610 1668 3693 Sedulius,
1716 3621 2019 3693 praesertim
2070 3620 2126 3676 in

529 3716 883 3801 Lugdunensi
926 3708 1088 3783 1677.

604 3798 728 3877 125.
773 3808 956 3875 Editio
998 3828 1207 3882 χχχιιι,
1241 3822 1387 3867 anno
1422 3800 1592 3877 15-88,
1625 3806 1902 3881 Lugduni,
1932 3798 2121 3875 ἱιιο12,

528 3915 614 3972 vel
638 3904 725 3981 16,
750 3912 819 3967 de
840 3923 945 3981 qua
972 3894 1096 3963 vide
1120 3920 1274 3960 num.
1291 3903 1358 3957 82
1381 3901 1691 3973 Prolegom.
1722 3901 1774 3954 in
1802 3894 2119 3956 Juvencum.

425 3996 431 4001 i
528 4010 682 4066 [lane
730 4004 1031 4064 editionem
1082 3998 1276 4054 habuit
1325 3997 1411 4053 Jo.
1440 3994 1564 4052 Alb.
1607 3992 1886 4051 Fabricius
1931 4009 1960 4048 a
2000 3993 2117 4049 Nic.

524 4104 746 4163 Heinsio
771 4116 895 4156 cum
924 4111 1054 4153 mss.
1077 4094 1329 4151 collatam
1358 4109 1372 4145 :
1399 4089 1647 4146 eamdem
1673 4082 2066 4143 Tormesiunam
2088 4087 2122 4141 5

523 4198 856 4257 Arntzenius
883 4191 1160 4257 nominat,
1187 4187 1276 4259 qni
1306 4183 1727 4251 animadvertit,
1758 4181 1973 4239 easdem
2005 4172 2121 4238 fere

523 4293 786 4349 lectiones
829 4286 1034 4345 servari
1073 4283 1127 4343 in
1162 4281 1261 4339 hac
1291 4280 1538 4337 editione
1565 4279 1608 4335 Τ
1614 4280 1917 4334 ornzesiana
1957 4280 2025 4346 5,
2065 4287 2120 4334 et

520 4385 574 4442 in
606 4380 936 4439 Bibliotheca
966 4375 1200 4431 Maxima
1231 4373 1453 4429 Patrum
1484 4364 1862 4449 Lugdunensi.

587 4475 715 4552 67.
756 4472 879 4532 124.
919 4470 1095 4527 Editio
1125 4485 1325 4535 xxxiv,
1378 4454 1705 4533 111111111605,
1755 4464 1807 4520 in
1860 4451 2115 4535 Corpore

514 4570 827 4629 Latinorum
863 4577 1165 4638 poetarum,
1212 4561 1496 4641 Lugduni,
1550 4554 1728 4615 ln-b0.
1765 4556 1882 4613 Huc
1908 4574 2109 4614 revoco

515 4652 650 4722 alias
672 4662 936 4719 editiones
963 4657 1226 4728 Corporis
1252 4681 1269 4724 -,
1323 4663 1378 4710 et
1403 4646 1576 4709 Chori
1606 4652 1930 4707 Latinorum
1980 4667 2117 4722 poe-

512 4766 689 4816 tarum
710 4755 1005 4812 recensitas
1026 4752 1081 4807 in
1105 4734 1422 4820 Prolegom.
1452 4746 1520 4803 ad
1550 4737 1801 4812 Juvenc.,
1830 4760 1985 4801 num.
2018 4746 2111 4805 83.

517 4851 703 4921 Neque
730 4838 1012 4903 dissimilia
1045 4850 1173 4898 sunt
1201 4834 1310 4896 alia
1358 4854 1550 4911 opera,
1596 4836 1794 4908 quibus
1828 4837 1982 4907 plura
2007 4837 2109 4893 Se-

516 4943 647 5003 dulii
685 4939 1030 4999 continentur
1056 4983 1070 5006 ,
1120 4944 1183 4993 ut
1214 4933 1402 4991 Flores
1433 4941 1720 5003 poetarum
1748 4977 1763 5002 ,
1817 4931 2107 5004 Margarita

514 5042 727 5117 poetica
754 5034 964 5097 Διὶ)θηί
992 5020 1130 5105 Eyb.
1164 5027 1320 5085 Addo
1362 5012 1680 5100 Hieronymi
1727 5020 1952 5098 Freyeri
1996 5021 2105 5080 Fa-

510 5118 1083 5203 sciculumpaematum
1111 5117 1452 5189 Latinorum,
1487 5120 1541 5175 in
1588 5133 1694 5190 quo
1746 5117 1949 5172 selecta
1985 5131 2103 5171 car-

510 5229 655 5285 mina
687 5234 812 5281 sunt
834 5202 1067 5277 Ausonii
1089 5260 1104 5285 ,
1131 5208 1411 5273 Prudentii
1441 5259 1455 5283 ,
1483 5209 1769 5268 Claudiani
1795 5252 1811 5277 ,
1845 5204 2053 5265 Sedulii
2082 5254 2095 5278 ,

509 5310 704 5384 Boetii,
729 5326 784 5373 et
808 5296 1154 5380 Cdlumbani,
1186 5310 1387 5383 prmler
1409 5292 1547 5361 alios
1579 5306 1793 5361 veteres
1822 5302 1877 5359 e't
1901 5304 2099 5358 'recen-

513 5423 594 5470 tes
624 5419 815 5484 poetas
840 5450 855 5475 ,
890 5400 1043 5462 Halm
1065 5386 1343 5460 Saxonum
1378 5388 1540 5457 1713.

582 5480 705 5562 125.
738 5492 919 5559 Editio
952 5515 1112 5567 xxxv,
1162 5513 1305 5559 anno
1334 5486 1495 5550 1610.
1529 5480 1764 5553 Collatia
1815 5492 2014 5548 veteris
2040 5502 2094 5548 et

506 5588 986 5658 novi'l‘estamenti
1014 5582 1251 5660 Sedulii,
1286 5590 1400 5645 sive
1429 5586 1601 5661 elegia
1625 5570 1924 5652 Cantemus,
1956 5596 2089 5653 etc.,

506 5694 566 5748 in
591 5689 820 5745 blanuali
849 5686 1047 5744 biblico
1083 5668 1435 5745 'bramcorurti
1476 5678 1641 5748 1610,
1670 5684 1797 5754 ‘pag.
1828 5666 2090 5738 13.“Edi-

506 5780 712 5840 tionem
766 5778 932 5855 hujus
996 5766 1256 5857 “annalis
1300 5766 1572 5849 descripsi
1638 5775 1691 5829 in
1732 5762 1958 5844 Pro’leg.‘
2016 5770 2085 5829 ad

2229 3237 2476 3311 qumdam
2540 3234 2706 3293 etlam
2764 3243 2945 3289 errata
3005 3230 3407 3306 typotbetamm
3464 3231 3521 3285 in
3582 3228 3833 3286 carmine

2230 3330 2592 3389 exscribendo
2631 3322 3055 3395 animadvertit,
3113 3342 3238 3398 qua:
3293 3332 3443 3381 certe
3492 3340 3604 3385 non
3658 3323 3831 3381 multa

2228 3436 2374 3484 511111.
3710 3426 3719 3431 ”

2300 3524 2425 3581 129.
2459 3522 2645 3579 Editio
2676 3539 2743 3577 XL
2766 3564 2779 3587 ,
2813 3537 2959 3577 anno
2991 3508 3148 3585 1761,
3202 3518 3374 3574 ili—8°.
3424 3518 3569 3575 Caelii
3618 3510 3829 3575 Sedulii

2228 3615 2482 3671 Carminis
2511 3615 2769 3688 paschalis
2815 3613 2933 3667 libri
2977 3613 3228 3681 quinque,
3278 3611 3541 3682 ctijzymni
3572 3610 3678 3666 duo
3708 3620 3829 3667 cum

2227 3709 2362 3763 notis
2390 3708 2631 3781 Casparis
2655 3696 2890 3771 Barthii,
2923 3704 3282 3775 Chrislophori
3313 3696 3524 3761 Cellarii
3545 3745 3563 3774 ,
3593 3702 3828 3760 Cornelii

2235 3801 2430 3858 Valerii
2464 3800 2680 3857 Vonckii
2696 3843 2712 3869 ,
2746 3799 2968 3856 Joannis
2993 3792 3255 3855 Friderici
3281 3797 3534 3867 Cruneri,
3565 3798 3830 3857 aliorum-

2224 3913 2317 3969 que
2356 3914 2375 3952 :
2404 3896 2587 3967 quibus
2616 3895 2865 3953 accedunt
2896 3888 3124 3959 Thema:
3169 3890 3468 3967 Wopkensii
3506 3888 3827 3949 Adversaria

2224 3989 2573 4044 emendatiora
2601 3980 2827 4042 niaxima
2854 4002 2917 4041 ea:
2954 3995 3097 4058 parte
3134 3983 3309 4039 adhuc
3348 3985 3559 4039 inedita.
3594 3980 3827 4041 Curante

2224 4082 2454 4138 Henrico
2477 4076 2681 4137 Joanne
2702 4080 3001 4148 Arntzenio,
3030 4076 3082 4132 I.
3115 4074 3211 4145 F.,
3245 4079 3333 4149 qui
3356 4079 3743 4144 annotationes,
3771 4064 3851 4132 et.

2222 4176 2629 4231 obseruationum
2651 4174 2903 4244 specimen
2921 4171 3136 4245 adjecit.
3161 4168 3462 4225 Leovardia:
3482 4166 3626 4244 apud
3648 4162 3724 4231 Η.
3746 4170 3820 4226 Α.

2221 4269 2283 4323 de
2313 4266 2571 4324 Chalmot.
2606 4266 2836 4324 Multum
2878 4263 3040 4325 debet
3064 4258 3357 4321 Arnlzenio
3384 4262 3644 4320 Sedulius
3664 4305 3681 4330 ,
3724 4254 3822 4336 qui

2219 4362 2571 4421 selectissima
2622 4376 2851 4437 qumque
2903 4376 2972 4415 ex
3042 4358 3171 4415 aliis
3245 4354 3502 4435 collegit,
3582 4356 3821 4427 plurima

2216 4461 2375 4516 etiam
2407 4474 2439 4514 e
2469 4474 2562 4513 sua
2592 4470 2738 4527 penu
2770 4454 2971 4526 adjecit
3001 4469 3165 4525 supra
3200 4454 3417 4510 aetatem
3451 4451 3643 4507 doctus
3666 4496 3680 4518 ,
3710 4440 3819 4507 sed

2220 4554 2291 4609 ita
2325 4561 2410 4619 ut,
2454 4550 2663 4606 etiamsi
2688 4550 2806 4619 ipse
2838 4547 3139 4605 identidem
3164 4542 3220 4607 id
3262 4558 3370 4602 non
3397 4546 3666 4619 jactarel,
3722 4544 3820 4601 ἰε-

2220 4663 2343 4703 men
2373 4644 2808 4713 nimisjnvenem
2830 4658 2952 4697 eum
2978 4643 3100 4698 cisse
3117 4630 3282 4697 facile
3304 4646 3649 4711 agnosceres.
3670 4632 3821 4710 Spe-

2217 4742 2394 4796 cimen
2442 4734 2882 4793 Observationum
2915 4724 2983 4789 1‘5
3011 4732 3280 4805 ‘capi'tib'us
3317 4733 3773 4805 comprehensum
3794 4780 3811 4803 ,

2214 4834 2359 4909 quod
2389 4822 2627 4900 addidit,
2659 4831 2793 4887 nihil
2818 4822 2989 4888 habet.
3038 4834 3328 4889 cetmnune
3369 4844 3492 4887 cum
3536 4820 3765 4893 Sedulii)
3789 4875 3805 4899 ,

2216 4937 2446 4999 excepto
2476 4942 2607 4997 uno,
2642 4937 2696 4981 et
2727 4912 2901 4979 altero
2928 4923 3133 4994 capite.

2289 5020 2412 5077 150.
2454 5010 2638 5076 Editio
2673 5034 2793 5087 xu,
2846 5032 2988 5071 anno
3018 5006 3198 5082 1775,
3231 5018 3361 5071 cura
3384 5022 3440 5075 et
3469 5014 3649 5071 studio
3670 5000 3805 5073 Eat-

2212 5102 2378 5171 landii
2413 5116 2464 5169 in
2492 5106 2825 5170 Bibliotheca
2846 5106 3068 5167 Patrum
3093 5097 3351 5185 tom.,lX,
3388 5120 3507 5182 pag.
3538 5100 3664 5167 533.
3701 5109 3805 5166 Se-

2209 5208 2342 5264 dulii
2368 5198 2651 5283 presbyteri
2667 5207 2785 5262 libri
2807 5207 3029 5279 quinque
3045 5204 3286 5280 paschale
3305 5221 3510 5283 carmen
3539 5204 3804 5275 inscripti,

2206 5317 2254 5361 et
2282 5306 2463 5379 hymni
2501 5305 2604 5358 duo
2642 5320 2708 5359 ex
2734 5300 2958 5357 editione
2989 5286 3353 5370 Christopbori
3380 5282 3594 5354 Cellarii
3614 5342 3630 5364 ,
3661 5316 3803 5354 nunc

2207 5400 2379 5457 denuo
2407 5398 2689 5466 recensita,
2736 5406 2784 5454 et
2814 5415 2929 5451 cum
2976 5412 3102 5454 mss.
3150 5395 3329 5451 codice
3365 5386 3688 5452 bibliotbeae
3715 5414 3800 5455 re-

2198 5493 2296 5566 gia:
2328 5488 2657 5547 Taurinensis
2688 5491 2906 5559 collata,
2940 5504 3137 5545 necnon
3170 5491 3395 5545 carmine
3424 5478 3503 5544 De
3530 5486 3689 5545 Verbi
3714 5491 3800 5544 in-

2197 5587 2499 5640 carnatione
2519 5586 2761 5640 adaucta.
2792 5586 3130 5639 Accesserant
3161 5576 3280 5639 libri
3304 5582 3532 5655 quinque
3555 5582 3792 5639 Pascha-

2196 5679 2261 5733 lis
2284 5678 2451 5750 uperis
2480 5672 2655 5732 stadio
2685 5668 2952 5735 Francisci
2980 5668 3153 5731 Jureti
3178 5658 3407 5748 primum
3433 5672 3589 5741 editi,
3620 5686 3668 5731 et
3696 5692 3792 5730 no-

2194 5772 2257 5828 tis
2288 5770 2533 5827 illustrati
2552 5812 2568 5841 ,
2620 5787 2754 5825 nunc
2782 5786 2900 5828 vero
2927 5771 3109 5826 iterum
3136 5766 3401 5842 ret-agniti,
3436 5768 3484 5825 et
3514 5768 3785 5825 emendati.
