4086 6184
273 194 385 257 489

1665 196 2205 258 PROLEGOMENA.

3476 200 3584 258 490

346 309 471 367 140.
514 286 890 368 Βθιὶηοθιιιιιέ
904 319 1085 369 tamen
1114 319 1298 369 notam
1322 312 1699 385 epigrammati
1722 314 1882 371 Aste-

2062 315 2185 371 l42.
2228 315 2427 371 Asterii
2454 314 2607 372 multi
2625 323 2921 373 occurrunt
2964 316 3110 373 inter
3141 315 3411 383 ethnicos,
3444 316 3588 372 inter

272 403 341 461 rii
368 404 732 474 praemissam.
771 404 835 462 In
860 420 926 462 ea
955 406 1317 464 exscribenda
1346 406 1565 464 codices
1615 422 1750 464 mss.
1799 409 1885 464 in-

282 506 368 553 ter
392 512 453 554 se
476 497 810 570 discrepant.
842 500 1034 557 Verius
1062 510 1217 574 puto,
1249 502 1394 573 quod
1435 501 1571 574 Reg.
1602 503 1647 558 ’1
1682 500 1880 559 eﬂ‘ert:

275 589 395 646 Hoc
412 607 542 663 opus
566 591 817 648 Sedulius
843 594 897 648 in
918 603 1086 650 certas
1135 595 1403 649 chartulas
1432 595 1727 667 dispersum
1764 595 1888 650 rcli-

274 686 409 756 quit,
436 701 534 757 pro
580 702 690 758 quo
717 689 927 756 caeteri,
960 689 1096 744 inter
1126 688 1414 745 chartulas.
1465 688 1887 760 Conscripserat

277 793 411 850 ergo
438 777 695 835 Sedulius
726 779 958 836 Carmen
1012 780 1281 838 Paschale
1309 797 1418 836 non
1452 797 1561 836 uno
1610 780 1887 837 volumine

275 872 620 939 conclusum,
647 872 744 930 sed
768 874 823 930 in
855 886 1034 932 certas
1056 876 1333 932 chartulas
1363 876 1695 948 dispersum.
1721 874 1884 944 Quod

275 963 420 1020 enim
451 964 581 1020 alibi
604 965 804 1037 legitur
819 966 955 1022 inter
974 966 1245 1023 chartulas
1267 968 1580 1039 dispersum,
1610 970 1885 1037 innueret,

252 1052 499 1116 carmen
559 1059 705 1116 inter
763 1060 947 1131 plures
972 1061 1109 1116 alias
1135 1060 1411 1117 chartulas
1435 1060 1648 1119 Sedulii
1677 1061 1891 1131 disper-

274 1165 398 1207 sum
422 1151 730 1220 delituisse,
763 1153 905 1225 quod
929 1155 1109 1211 minus
1132 1170 1320 1211 verum
1354 1165 1504 1225 puto.
1558 1155 1747 1227 Pergit
1791 1170 1891 1210 ne-

272 1252 389 1300 slet'
415 1244 589 1301 codex
614 1242 751 1317 Reg.
780 1247 832 1309 l,
851 1247 995 1318 quod
1016 1247 1369 1317 recollectam,
1397 1248 1715 1319 adunatum,
1735 1256 1890 1321 atque

273 1335 345 1391 ad
374 1352 581 1392 omnem
610 1337 919 1411 elegantiam
944 1339 1270 1412 divulgatum
1298 1350 1392 1395 est.
1419 1339 1526 1395 Alii
1558 1356 1658 1412 pro
1688 1340 1890 1396 aduna-

274 1440 384 1486 tum
403 1432 610 1488 habent
626 1431 936 1487 adornatum
957 1450 976 1500 ,°
998 1433 1094 1489 sed
1121 1433 1316 1490 melius
1331 1434 1547 1489 videtur
1561 1433 1851 1488 adunatum
1867 1449 1888 1490 :

275 1538 399 1580 eum
417 1526 563 1581 enim
578 1539 800 1603 carmen
817 1526 869 1581 in
899 1534 1080 1582 certas
1100 1527 1377 1582 chartulas
1390 1535 1537 1582 esset
1559 1526 1889 1596 dispersum,

275 1618 530 1676 Asterius
544 1618 673 1675 illud
689 1618 976 1694 recollegit,
991 1620 1261 1687 adunarit,
1290 1629 1397 1676 etc.
1428 1620 1686 1688 Quamvis
1708 1629 1890 1675 autem

1984 408 2351 478 Christianos,
2404 410 2547 466 inter
2592 421 2833 479 sanctos,
2881 411 3023 468 inter
3073 411 3385 481 episcenos,
3443 411 3588 466 inter

1984 504 2206 575 quosvis
2222 505 2357 561 alios
2389 505 2534 561 vires
2562 504 2825 577 insignes.
2858 504 2965 564 Sed
2993 520 3024 560 a
3050 505 3207 562 nobis
3235 505 3414 560 solum
3443 520 3588 574 qua:-

1986 597 2187 654 rendus
2212 608 2295 654 est
2323 596 2597 667 Asterius,
2628 602 2720 669 qui
2750 606 2874 670 post
2899 598 3180 656 Sedulium
3229 597 3447 664 vixerit,
3494 596 3590 668 qui

1987 690 2179 747 consul
2234 691 2417 759 fuerit,
2471 691 2564 763 qui
2618 707 2814 749 nomen
2864 691 3119 748 habuerit
3141 690 3358 745 Turcius
3399 689 3590 759 Ruﬁus

1988 785 2243 841 Asterius.
2274 784 2395 841 Duo
2420 786 2623 842 saeculo
2649 802 2679 840 v
2707 785 2913 842 Asterii
2938 785 3193 841 consules
3245 785 3488 849 luerunt,
3520 784 3594 839 al.

1992 886 2075 934 ter
2120 894 2264 934 anno
2311 879 2416 936 449
2467 894 2590 937 cum
2640 879 2966 951 Protogene,
2995 878 3136 936 alter
3163 893 3311 934 anno
3331 876 3439 934 494
3466 892 3591 932 cum

1990 971 2273 1029 Praesidio.
2324 972 2567 1029 Priorem
2613 972 2892 1030 Asterium
2948 972 3143 1039 fuisse,
3201 973 3292 1043 qui
3345 973 3589 1028 carmina

1989 1062 2197 1121 Sedulii
2228 1065 2471 1136 collegit,
2505 1073 2694 1122 tenent
2721 1065 3044 1122 Sirmendus
3075 1067 3128 1120 in
3156 1074 3270 1120 not.
3303 1064 3370 1120 ad
3406 1064 3591 1120 Enno-

1991 1156 2140 1212 dium
2170 1157 2209 1212 l.
2234 1172 2272 1223 ι,
2306 1160 2471 1229 epist.
2500 1159 2595 1224 24,
2619 1156 2890 1214 Cellarius
2916 1173 3039 1229 pag.
3073 1158 3142 1213 l0
3167 1156 3426 1211 editionis
3452 1170 3589 1223 sum,

1990 1248 2319 1307 Arntzenius
2340 1267 2462 1323 cap.
2509 1250 2578 1307 l0
2628 1250 2870 1323 Specim.
2925 1251 3227 1315 observat.,
3276 1250 3367 1320 qui
3409 1247 3597 1303 multis

1993 1341 2133 1398 hanc
2162 1344 2474 1413 opinionem
2505 1342 2811 1399 conﬁrmat.
2847 1343 3007 1399 Ratio
3059 1341 3337 1399 Sirmendi
3380 1341 3594 1396 videtur

1993 1433 2112 1492 haec
2159 1435 2351 1505 fuisse,
2402 1437 2546 1508 quod
2595 1436 2865 1506 Asterius,
2914 1436 3008 1506 qui
3035 1434 3242 1491 Sedulii
3263 1435 3510 1490 carmina
3539 1433 3595 1490 in

1996 1544 2160 1584 unum
2213 1544 2411 1602 corpus
2467 1530 2698 1586 collecta
2724 1529 2915 1594 edidit,
2944 1528 3011 1584 ad
3043 1528 3293 1584 eumdem
3340 1527 3595 1583 Macedo-

1997 1623 2171 1690 nium,
2206 1624 2292 1678 cui
2316 1623 2571 1679 Sedulius
2601 1638 2820 1678 carmen
2849 1622 3150 1689 dicaverat,
3183 1622 3295 1693 76
3335 1636 3398 1677 ea
3431 1622 3596 1675 mise-

277 1716 463 1788 legere
493 1716 632 1774 velis
659 1716 958 1783 adornavit,
993 1726 1170 1772 tamen
1203 1717 1307 1772 hoc
1322 1715 1570 1783 verbum,
1601 1714 1680 1769 uti
1720 1722 1777 1769 et
1802 1729 1893 1771 se-
1922 1706 1967 1767 B
1996 1715 2088 1783 rit,
2118 1724 2213 1772 aut
2241 1716 2534 1773 direxerit.
2583 1714 2672 1770 Ad
2715 1722 2937 1771 aetatem
2987 1726 3169 1770 autem
3219 1713 3454 1780 Sedulii,
3503 1713 3599 1784 qui

276 1810 499 1881 quentia
531 1811 604 1863 ad
622 1826 822 1864 omnem
837 1809 1146 1881 elegantiam
1164 1808 1516 1879 intelligenda
1540 1817 1666 1862 sunt
1695 1805 1763 1861 de
1792 1822 1885 1862 0r-

277 1912 411 1960 natu
465 1913 523 1960 et
551 1905 823 1976 elegantia
864 1904 1068 1959 codicis
1123 1913 1216 1959 aut
1243 1903 1558 1970 voluminis,
1594 1917 1700 1957 non
1744 1902 1887 1972 quod

273 1994 531 2053 Asterius
562 1996 616 2051 in
648 1996 856 2053 Sedulii
885 1995 1067 2051 verbis
1113 1994 1409 2063 mutandis,
1463 1993 1668 2064 aliquid
1697 1994 1801 2049 sibi
1832 1993 1889 2050 li-

275 2104 407 2146 cere
440 2089 865 2146 existimaverit.
899 2088 1021 2158 Ipse
1046 2089 1192 2144 enim
1220 2089 1271 2141 in
1305 2086 1697 2157 epigrammate
1732 2085 1800 2141 de
1828 2101 1889 2142 sc
1952 2106 1959 2111 ί

274 2184 458 2240 solum
486 2182 561 2239 ait
588 2202 602 2237 :
632 2182 797 2258 Cujus
823 2200 921 2253 epe
952 2192 1001 2237 et
1023 2199 1151 2237 cura
1172 2183 1313 2236 edita
1345 2189 1465 2237 sunt
1506 2179 1737 2250 pepulis.
1766 2177 1892 2236 Cel-

274 2278 481 2334 lectum
513 2278 676 2349 igitur
709 2278 945 2333 Carmen
976 2275 1239 2331 Paschale
1270 2290 1338 2331 ex
1371 2273 1558 2329 multis
1606 2271 1887 2344 chartulis,

275 2373 418 2430 etin
445 2387 616 2428 unum
661 2386 862 2443 corpus
920 2371 1223 2438 redactum,
1276 2366 1893 2439 atqueeleganterde—

274 2467 566 2537 scriptum,
593 2465 665 2521 ab
684 2465 904 2522 Asterie
924 2464 1131 2520 editum
1160 2462 1261 2517 fuit
1292 2460 1529 2539 pupulis,
1576 2463 1690 2516 sive
1713 2458 1888 2514 divul-

274 2568 487 2630 gatum.
512 2558 655 2615 Cura
680 2556 846 2615 etiam
873 2557 1078 2613 Asterii
1113 2554 1331 2612 videtur
1357 2552 1524 2609 fuisse
1542 2594 1558 2621 ,
1592 2563 1650 2607 ut
1674 2566 1892 2607 carmen

278 2662 598 2710 correctum
626 2652 904 2709 ederetur.

356 2746 482 2801 141.
522 2745 581 2801 In
612 2746 923 2801 nominibus
965 2744 1085 2816 ejus
1128 2742 1508 2815 exprimendis
1552 2742 1891 2813 exemplaria

277 2847 472 2895 vetera
508 2856 616 2895 non
647 2841 780 2895 satis
810 2839 1164 2895 conveniunt.
1189 2838 1453 2895 Videntur
1468 2839 1583 2894 haec
1612 2853 1735 2894 esse
1756 2852 1894 2909 pra:-

279 2932 537 3003 ferenda,
570 2932 795 2989 Turcius
819 2934 1009 3003 Ruﬁus
1031 2933 1305 2989 Asterius:
1336 2950 1432 3000 pro
1450 2932 1669 2987 Turcius
1691 2932 1781 2987 alii
1808 2932 1900 2985 ha-

277 3025 416 3082 bent
446 3024 680 3090 Turtius,
704 3039 798 3081 aut
833 3025 1036 3082 Tertius
1062 3042 1080 3080 :
1105 3043 1200 3098 pro
1232 3025 1418 3094 Ruﬁus
1439 3025 1529 3080 alii
1558 3023 1768 3094 Ret/fus,
1801 3032 1895 3079 aut

1994 1807 2178 1865 ﬂoruit
2198 1825 2342 1865 anno
2370 1811 2589 1866 circiter
2608 1809 2735 1878 450,
2758 1810 2929 1879 magis
2951 1809 3165 1864 accedit
3185 1806 3440 1864 Asterius
3462 1822 3598 1863 cen-

1994 1904 2075 1957 sul
2108 1918 2230 1958 cum
2262 1901 2569 1974 Protogene
2589 1918 2735 1958 anno
2759 1902 2888 1969 449,
2918 1918 3076 1973 quam
3109 1902 3359 1958 Asterius
3406 1901 3600 1958 consul

1994 2011 2117 2052 cum
2157 1996 2419 2052 Praesidio
2448 2011 2593 2052 anno
2637 1995 2767 2053 494.

2067 2091 2191 2147 145.
2237 2092 2690 2147 Arntzeniuslioc
2729 2092 2904 2162 ipsum
2960 2099 3339 2164 argumentum
3382 2105 3601 2162 prome-

1994 2191 2103 2250 vet,
2147 2183 2271 2254 quia
2294 2183 2541 2240 Asterius
2564 2183 2779 2240 videtur
2830 2183 3151 2254 conjunctus
3183 2184 3441 2239 amicitia:
3472 2185 3595 2254 vin-

1995 2276 2121 2332 culo
2150 2276 2321 2333 fuisse
2352 2277 2599 2343 Sedulie,
2627 2287 2682 2333 et
2702 2276 3020 2332 Macedonio
3046 2294 3059 2330 :
3092 2277 3217 2332 huic
3270 2288 3419 2332 certe
3472 2278 3603 2331 ami-

1996 2384 2090 2425 cus
2120 2378 2264 2436 erat,
2297 2378 2355 2424 ut
2384 2370 2617 2439 probant
2644 2370 2808 2425 verba
2848 2369 3258 2439 epigrammatis
3310 2369 3598 2438 Asteriique

1999 2462 2095 2526 tui,
2119 2470 2222 2517 etc.
2249 2460 2394 2516 Fieri
2425 2470 2603 2517 autem
2635 2475 2742 2516 non
2776 2471 2978 2531 potest,
3009 2469 3102 2515 aut
3145 2462 3229 2514 vix
3254 2461 3467 2531 quidem
3498 2474 3599 2531 po-

2000 2564 2124 2620 test,
2151 2556 2552 2623 Macedmiium,
2586 2572 2746 2627 quem
2773 2566 3006 2635 patrem,
3033 2567 3087 2611 et
3107 2557 3430 2627 magistrum
3460 2557 3601 2610 ntul—

2000 2661 2178 2707 torum
2206 2651 2447 2724 appellat
2477 2650 2753 2719 Sedulius,
2780 2651 2846 2705 ad
2878 2667 3076 2706 annum
3109 2650 3217 2706 494
3256 2651 3595 2721 pervenisse,

1999 2762 2107 2818 quo
2133 2746 2271 2803 alter
2292 2746 2542 2802 Asterius
2569 2745 2761 2802 consul
2819 2746 2936 2800 fuit.
2984 2745 3254 2801 Praeterea
3304 2743 3599 2802 tenendum

1999 2850 2105 2910 est,
2139 2840 2391 2897 eumdem
2422 2856 2547 2897 esse
2591 2842 2883 2907 Asterium,
2947 2842 3037 2912 qui
3094 2842 3303 2912 Virgilii
3355 2843 3599 2898 codicem

2000 2935 2330 3003 emendavit,
2364 2945 2420 2992 et
2462 2935 2529 2991 de
2558 2934 2659 2990 hac
2706 2950 2800 2990 sua
2839 2934 3225 2991 emendatione
3263 2938 3600 3005 epigramma

2001 3029 2256 3096 confecit,
2288 3039 2343 3085 et
2372 3029 2677 3096 Asterium,
2707 3029 2797 3099 qui
2829 3027 2993 3082 simili
3038 3028 3432 3098 epigrammate
3484 3028 3601 3082 edi-

279 3117 481 3189 Rufus,
515 3128 609 3173 aut
635 3117 875 3174 Russius.
911 3118 967 3173 lu
998 3135 1133 3173 mss.
1165 3118 1449 3174 codicibus
1500 3117 1608 3190 75
1658 3116 1889 3185 Sedulii,
1920 3101 1967 3165 (ἶ
2005 3123 2209 3180 tionem
2242 3138 2395 3178 suam
2445 3121 2655 3179 Sedulii
2687 3122 2973 3176 adornavit
3003 3135 3017 3174 :
3048 3124 3352 3190 praesertim
3384 3121 3509 3191 quia
3541 3120 3597 3177 in

280 3215 363 3268 uti
392 3213 447 3269 in
483 3213 606 3285 ipso
627 3218 1019 3285 epigrammate
1044 3222 1360 3269 constanter
1393 3214 1590 3284 legitur
1638 3211 1896 3278 Asterius,

280 3316 520 3378 excepto
550 3307 742 3363 codice
768 3306 1117 3363 bibliotheca:
1149 3305 1431 3372 Medieem,
1480 3305 1534 3360 in
1566 3320 1675 3376 quo
1703 3303 1898 3360 titulus

292 3400 525 3455 exhibet
569 3400 810 3455 Austerio
840 3416 858 3453 :
888 3400 941 3454 in
1011 3399 1134 3453 aliis
1194 3398 1542 3454 documentis
1607 3396 1902 3467 aliquando

281 3493 578 3557 Austerius,
602 3493 893 3562 aliquando
923 3492 1183 3556 Asterius,
1212 3490 1508 3562 aliquando
1529 3489 1758 3555 Aterius,
1800 3491 1901 3544 ali-

281 3588 509 3663 quando
520 3588 823 3656 Austurius,
837 3586 1127 3659 aliquando
1152 3586 1414 3653 Asturius,
1432 3584 1725 3655 aliquando
1738 3585 1901 3656 Asty-

282 3683 425 3748 rius,
474 3681 768 3753 aliquando
821 3679 1115 3746 Hasterius,
1163 3679 1267 3735 nisi
1306 3679 1521 3734 diversa
1546 3676 1665 3732 haec
1700 3690 1902 3746 cogno-

282 3778 437 3833 mina
466 3786 794 3843 statuamus,
837 3773 982 3846 quod
1014 3772 1257 3829 nonnulli
1311 3770 1517 3826 volunt.
1569 3768 1891 3823 Turcierum

284 3868 495 3927 nomen
522 3870 733 3926 clarum
767 3868 899 3924 olim
932 3865 1056 3935 luit,
1083 3876 1142 3921 ut
1164 3881 1232 3922 cx
1264 3863 1547 3920 veteribus
1579 3860 1892 3931 inscriptio-

286 3965 476 4032 nibus,
500 3964 735 4036 aliisque
756 3962 1121 4018 menumentis
1151 3967 1303 4031 patet
1330 3977 1341 4013 :
1370 3974 1466 4029 pro
1496 3972 1603 4028 quo
1631 3970 1902 4011 nonnum-

285 4073 453 4129 quam
477 4055 741 4113 scribitur
789 4054 1017 4126 Turgius
1043 4070 1109 4110 eo
1142 4067 1356 4120 errore,
1385 4066 1492 4122 quo
1520 4064 1667 4120 saepe
1698 4046 1738 4101 C
1772 4049 1823 4102 in
1855 4043 1901 4101 G

288 4158 557 4218 mutatur;
575 4148 720 4221 apud
735 4148 868 4205 alios
881 4148 1127 4204 invenias
1144 4144 1415 4212 Turcicus,
1432 4153 1487 4201 et
1500 4141 1711 4199 Curtius
1729 4141 1901 4213 Rufus

286 4247 631 4318 Apronianus
650 4285 666 4312 ,
694 4242 822 4316 quia
851 4242 1063 4300 scilicet
1115 4239 1507 4310 inscriptiones
1536 4236 1733 4308 aliqua:
1756 4234 1898 4290 male

285 4339 579 4409 descripta:
600 4346 749 4393 sunt.
776 4334 1075 4393 Panuinius
1098 4333 1139 4388 l.
1167 4347 1227 4388 ιιι
1250 4330 1401 4387 Fast.
1424 4329 1491 4385 ad
1510 4344 1642 4384 ann.
1664 4327 1772 4382 494
1804 4340 1902 4380 ne-

288 4434 467 4490 minat
494 4429 742 4486 Turcium
770 4427 1072 4486 Secundum
1095 4426 1355 4481 Asterium
1379 4440 1398 4478 :
1420 4422 1515 4478 sed
1533 4437 1629 4492 per
1648 4434 1899 4476 errorem

2002 3220 2397 3291 epigrammate
2418 3216 2486 3271 ad
2514 3214 2864 3271 emendatum
2886 3214 3130 3271 codicem
3160 3214 3371 3287 Virgilii
3410 3215 3484 3271 ait
3513 3230 3527 3269 :

2096 3332 2448 3396 Asteriumque
2467 3343 2613 3382 suum
2637 3329 2781 3379 vivax
2810 3327 3099 3379 transmittit
3119 3325 3167 3375 iu
3194 3340 3352 3379 sevum
3377 3340 3389 3375 :

2002 3442 2093 3513 qui
2118 3455 2313 3498 versus
2365 3436 2551 3510 prodit
2585 3443 2868 3491 auctorem
2921 3433 3329 3505 epigrammatis
3381 3432 3604 3490 Sedulie

2003 3549 2274 3608 praemissi
2303 3550 2317 3587 :

2162 3647 2450 3711 Asteriique
2468 3644 2544 3696 tui
2564 3656 2765 3707 semper
2796 3643 3083 3693 meminisse
3099 3641 3292 3705 jubeto.

2003 3753 2157 3823 Quod
2187 3761 2368 3809 autem
2400 3751 2673 3815 Asterius,
2707 3745 2800 3818 qui
2830 3746 3107 3803 recensuit
3136 3746 3382 3804 codicem
3430 3746 3608 3818 Virgi—

2006 3848 2066 3904 lii
2091 3846 2342 3912 Medicei,
2376 3843 2538 3899 fuerit
2569 3842 2722 3913 prior
2772 3840 3047 3907 Asterius,
3080 3842 3271 3897 consul
3303 3857 3450 3896 anno
3476 3841 3607 3907 449,

2002 3941 2200 4013 probat
2253 3935 2585 3994 Arntzenius
2633 3934 2963 3990 auctoritate
3004 3932 3214 3988 Heinsii
3244 3933 3296 3987 in
3324 3934 3485 4002 epist.
3541 3933 3608 3987 ad

2004 4031 2344 4105 Papebrech.
2368 4030 2474 4087 495
2498 4038 2633 4085 tom.
2663 4028 2710 4085 ll
2731 4028 2937 4102 Syllog.
2967 4027 3183 4093 Burm.,
3216 4038 3269 4083 et
3297 4027 3364 4081 ad
3406 4027 3611 4082 Reine-

2002 4127 2143 4183 sium
2177 4135 2312 4180 tem.
2356 4122 2487 4193 V.p.
2524 4122 2621 4177 191
2657 4128 2713 4177 et
2747 4121 2945 4186 l97,et
2977 4117 3299 4174 Reinesiiad
3322 4117 3607 4174 lleinsium

2006 4230 2141 4277 tem.
2199 4218 2323 4275 eod.
2380 4231 2471 4288 ep.
2510 4215 2635 4271 178.
2660 4213 2907 4284 Denique
2928 4213 2983 4267 in
3012 4211 3289 4282 plerisque
3322 4211 3605 4268 codicibus

2005 4331 2139 4373 mss.
2166 4316 2417 4370 Asterius
2444 4309 2647 4366 Sedulii
2673 4307 2855 4365 editor
2881 4306 3080 4362 dicitur
3126 4305 3392 4361 exconsul.
3448 4308 3609 4362 Aste-

2003 4410 2119 4467 rius
2142 4422 2281 4464 vero
2307 4402 2582 4461 secundus
2607 4400 2798 4457 consul
2826 4398 2928 4454 luit
2967 4413 3112 4453 anno
3145 4399 3274 4464 494,
3311 4414 3423 4468 que
3464 4413 3609 4453 anno

292 4487 530 4583 Secundi
569 4538 767 4579 nomen
805 4519 1046 4576 intrusit.
1073 4518 1150 4574 De
1173 4525 1338 4587 gente
1362 4487 1560 4572 Turcia
1588 4512 1903 4585 Aproniana
1935 4504 1981 4565 υ
2009 4499 2209 4572 Prom“
2228 4496 2508 4554 decretum
2536 4491 2744 4587 cenis“
2774 4490 2844 4547 de
2863 4488 3039 4587 libris
3066 4487 3397 4587 Γθθίνίίῗίδάξδ
3418 4499 3473 4587 9}
3496 4504 3607 4587 “_°“

290 4615 509 4675 Asteria
527 4609 1318 4681 disseritNorisiusCenetaph.
1337 4608 1495 4663 Pisan
1508 4652 1519 4664 .
1534 4605 1753 4662 dissert.
1770 4605 1824 4673 4,
1846 4612 1902 4661 et

290 4710 618 4768 Muratorius
631 4709 854 4765 dissert.
882 4708 908 4762 1
938 4706 1005 4761 ad
1028 4703 1241 4760 Paulin.
1261 4717 1433 4758 carm.
1453 4702 1763 4772 Cegnemen
1776 4694 1902 4767 Ruﬁ

292 4804 352 4861 in
379 4802 567 4859 multis
594 4800 813 4857 familiis
831 4797 1077 4855 romanis
1090 4793 1394 4867 reperitur:
1420 4792 1490 4848 de
1510 4805 1617 4863 quo
1642 4791 1718 4846 ita
1734 4789 1902 4859 Quin-

296 4898 535 4953 tilianus.
551 4896 589 4952 l.
614 4910 652 4962 ι,
676 4910 727 4950 c.
752 4895 807 4963 4,
836 4893 989 4948 al.7:
1016 4888 1347 4947 Scrutabitur
1363 4887 1587 4959 origines
1609 4885 1898 4953 nominum,

294 5002 356 5049 ut
374 5008 493 5065 qua
515 5007 583 5047 ea:
603 4989 782 5044 habitu
802 4988 1034 5061 corporis
1056 4984 1346 5054 Cicerones,
1371 4979 1541 5053 Rufos
1556 5021 1572 5045 ,
1594 4977 1901 5049 Longosque

293 5084 546 5156 fecerunt.
568 5081 709 5139 Hine
727 5089 919 5138 contra
947 5077 1389 5151 orthographiam
1415 5074 1635 5130 videtur
1659 5072 1901 5128 scribere

294 5172 515 5245 Rat/fus.
544 5175 627 5231 Ex
652 5173 985 5239 nominibus,
1010 5168 1463 5242 praenominibus,
1513 5176 1570 5222 et
1627 5160 1905 5235 cognomi-

297 5270 466 5326 nibus
490 5269 640 5341 plura
660 5268 930 5341 gentilitia
961 5266 1183 5323 nomina
1207 5272 1501 5335 propagata
1533 5268 1681 5329 sunt,
1708 5267 1767 5315 ut
1795 5259 1901 5314 Dc-

297 5363 473 5431 cimii,
504 5362 697 5429 Sextii,
721 5362 908 5430 Tullii,
940 5358 1201 5429 Quinctii.
1237 5358 1371 5413 llinc
1395 5356 1577 5429 potius
1610 5355 1906 5427 praeferen-

299 5456 434 5514 dum
456 5469 540 5514 est
568 5457 712 5529 Ruﬁi
733 5473 930 5513 nentcn
970 5470 1092 5511 cum
1149 5451 1337 5508 multis
1384 5449 1688 5516 codicibus,
1743 5465 1905 5522 quam

301 5549 570 5621 Ruﬁcum
597 5551 741 5606 aliis.
776 5549 834 5605 ln
859 5547 1219 5620 inscriptione
1247 5543 1537 5615 Virgiliani
1565 5541 1775 5598 codicis
1796 5541 1909 5599 Me-

304 5643 474 5713 dicei,
508 5658 633 5699 mox
661 5658 814 5699 num.
841 5641 947 5698 145
978 5635 1491 5712 proferenda,clara
1514 5643 1644 5693 sunt
1664 5634 1780 5692 haec
1806 5635 1907 5692 tria

305 5737 529 5794 nomina
552 5735 773 5792 Turcius
800 5735 988 5807 Ruﬁus
1008 5732 1361 5803 Apronianus.
1723 5727 1727 5730 ’
1775 5724 1783 5728 ’

676 5830 954 5892 Ρηιιοι..
1001 5825 1177 5891 XIX.

2008 4591 2360 4666 recipiendis,
2386 4588 2479 4645 ubi
2506 4585 2787 4652 Sedulius,
2827 4582 3055 4655 ejusque
3084 4597 3222 4653 opus
3259 4580 3459 4653 insigni
3492 4582 3608 4639 elo—

2008 4691 2098 4762 gie
2127 4676 2567 4745 commendatur.

2082 4782 2205 4838 144.
2248 4779 2377 4835 Haec
2402 4776 2517 4833 fere
2545 4782 2671 4831 sunt
2715 4779 3037 4842 argumenta
3069 4783 3179 4826 non
3209 4768 3609 4826 contemnenda

2007 4891 2108 4948 pro
2133 4873 2392 4945 epinione
2418 4866 2720 4928 Sirmendi.
2744 4865 3034 4921 Contraria
3059 4872 3241 4919 tamen
3271 4863 3403 4919 mihi
3438 4863 3611 4933 magis

2009 4970 2206 5042 placet,
2254 4979 2416 5038 quam
2472 4963 2645 5019 tenuit
2693 4961 2857 5016 etiam
2906 4956 3190 5013 Fabricius
3240 4955 3294 5011 in
3347 4955 3606 5011 Biblioth.

2009 5056 2513 5129 Lat.,Fontaninus
2539 5053 2609 5110 de
2632 5050 2926 5122 Antiquit.,
2952 5049 3109 5104 Hert.
3143 5048 3181 5103 l.
3212 5062 3273 5117 ιι,
3298 5063 3349 5103 c.
3374 5048 3429 5113 '5,
3453 5045 3611 5100 Nori—

2008 5155 2121 5212 sius
2151 5153 2219 5209 de
2244 5148 2550 5217 Cenetaph.
2583 5145 2699 5202 Pis.
2722 5143 2947 5200 dissert.
2977 5143 3035 5207 4,
3068 5140 3268 5212 Pagius
3296 5140 3367 5195 ad
3405 5141 3605 5194 Baron.

2010 5262 2154 5305 anno
2180 5245 2307 5311 494,
2340 5249 2395 5298 ct
2422 5238 2541 5295 alii.
2589 5236 2647 5292 In
2688 5236 2832 5292 netis
2861 5234 2928 5289 ad
2958 5233 3159 5288 Baron.
3184 5246 3329 5286 anno
3357 5229 3465 5285 449
3494 5229 3612 5286 edi-

2011 5342 2179 5400 tionis
2223 5335 2490 5395 Lucensis
2536 5331 2728 5389 consul
2770 5329 2932 5401 hujus
2976 5328 3103 5383 anni
3129 5326 3378 5383 Asterius
3407 5342 3474 5383 ex
3502 5325 3610 5382 Re-

2014 5436 2195 5501 lande,
2215 5441 2272 5491 et
2295 5428 2606 5488 Marcelline
2626 5428 2704 5481 ita
2727 5425 2847 5482 sine
2872 5423 2980 5477 alio
3006 5420 3228 5476 nomine
3248 5420 3448 5476 dicitur
3466 5421 3611 5475 Aste-

2011 5535 2166 5589 rius:
2198 5544 2264 5584 ex
2295 5523 2473 5581 Fastis
2529 5536 2661 5577 vero
2710 5515 2896 5583 ldacii,
2928 5525 2986 5571 et
3014 5514 3267 5581 Victoris,
3300 5523 3357 5571 et
3382 5516 3615 5586 epistola

2015 5627 2073 5686 S.
2098 5622 2299 5683 Leonis
2329 5631 2482 5691 papa:
2508 5614 2575 5670 ad
2600 5610 2920 5668 Flavianum
2973 5607 3030 5663 in
3078 5608 3309 5663 vetustis
3338 5608 3618 5666 codicibus

2017 5715 2280 5779 Ecclesiae
2309 5704 2642 5770 Veronensis
2667 5702 2931 5770 Asturius,
2954 5715 3021 5758 ex
3046 5714 3150 5757 ms.
3177 5698 3444 5759 Vaticano
3475 5700 3613 5759 Pre-

3052 5795 3128 5857 16
