4086 6184
540 173 645 231 491

1869 146 2158 213 C(ELIUS
2196 140 2556 205 SEDULIUS.

3746 137 3842 194 ιθξ

527 288 673 358 speri
734 285 992 356 Astyrius,
1047 296 1115 337 ex
1172 278 1450 335 nonnullis
1510 273 1828 332 recentibus
1864 271 2103 327 fastorun

2205 280 2393 339 .c1vs
2436 279 2527 336 ET
2575 276 2845 335 lZONSVL
2899 260 3115 334 oauiiv
3169 269 3462 356 Ltaclgr
3511 270 3842 330 msruvcxr

524 374 1011 435 concinnatoribus
1042 372 1146 445 ’17
1174 369 1268 427 Fl.
1326 369 1597 435 Asturius,
1634 382 1703 423 ex
1732 365 1855 422 aliis
1882 363 2137 418 Turcicus
2241 371 2539 429 contum
2594 370 2895 427 plu-nus
2951 365 3287 425 “Aenum
3339 366 3427 423 vc
3462 367 3495 402 κ
3532 366 3670 421 NON
3732 366 3846 421 ME]

526 469 799 529 Secundus
826 468 1079 524 Asterius.
1104 466 1161 520 lu
1196 464 1374 521 Fastis
1402 461 1612 519 Graecis
1644 457 1883 515 Hei-aelii
1911 464 2138 512 vocatur
2241 463 2520 520 moveut
2557 463 2688 519 SET
2728 462 2882 519 EIVS
2920 462 3033 518 ενι
3075 460 3138 518 s|
3180 459 3267 516 ΕΤ
3306 459 3402 514 AD
3454 458 3672 515 οΜΝιΑ
3710 457 3844 515 sm

521 564 800 637 Astyrius:
832 578 862 616 a
891 561 1118 619 Sidonio
1149 560 1312 632 epist.
1337 558 1369 614 6
1398 557 1436 613 l.
1467 572 1583 623 νιιι,
1606 555 1862 610 Asterius.
1912 552 1967 607 In
1996 549 2132 607 Cod.

519 657 722 718 Justin.
753 657 851 711 lib.
886 671 944 723 v,
978 656 1061 709 tit.
1092 655 1183 721 l‘i,
1216 652 1284 708 de
1307 649 1530 721 repud.,
1559 650 1667 720 leg.
1699 647 1755 711 8,
1798 644 2135 712 subscriptio
2238 644 2282 704 Ρ

517 748 640 807 haec
668 759 794 807 est:
818 746 944 803 Dat.
968 763 999 800 v
1024 744 1262 801 ld.Jan.
1293 743 1585 815 Protagene
1605 751 1654 796 et
1704 740 1906 795 Asterio
1956 753 2127 791 conss.

516 845 626 902 Alii
679 844 880 900 habent
923 840 1118 906 Astori,
1172 840 1256 895 vel
1312 838 1542 903 Astorio,
1597 836 1674 891 uti
1719 833 1861 904 apud
1914 831 2128 888 Ferret.

514 935 658 993 Mus.
685 934 852 1006 lapid.
888 936 954 1000 3,
990 934 1080 990 14.

671 1079 871 1132 Asterio
888 1079 1115 1131 meritam
1133 1075 1265 1127 dicat
1285 1075 1414 1125 hanc
1434 1073 1670 1125 Octavius
1690 1085 1844 1135 aram,

2238 556 2564 647 nevorvs
2604 554 2935 613 AltBlTRIO
2972 554 3043 611 x1
3084 553 3244 611 KtL-
3287 534 3423 610 Μ’Ᾰῑ
3452 552 3718 647 nonac.

2920 645 3203 703 VERGILI
3544 641 3846 702 MARONIS

2239 741 2502 798 Distincxi
2529 742 2844 797 emendans.
2876 750 3089 815 gratum
3124 737 3253 793 mihi
3277 754 3466 793 munus
3491 737 3653 792 amici
3689 738 3848 793 susci-

2307 832 2485 908 piens.
2518 837 2663 906 operi
2690 834 2906 891 sedulus
2937 833 3167 888 incubui.

2224 925 2648 985 ‘BUCOLICON'
2951 924 3161 981 LIBER
3523 921 3845 980 EXPLICI‘I‘

2233 1020 2492 1091 Tempore
2510 1038 2614 1092 quo
2641 1037 2859 1091 penaccs
2881 1020 3020 1074 circo
3044 1017 3468 1073 subiuncximus.
3495 1024 3617 1089 atq;
3640 1032 3848 1071 scenam

2301 1114 2486 1183 euripo
2518 1114 2796 1167 extulimus
2826 1111 3075 1166 subitam.

509 1223 615 1281 pro
658 1207 863 1264 Asterio
908 1205 1076 1278 aliqui
1119 1204 1310 1275 legunt
1360 1202 1590 1257 Astorio.
1650 1198 1728 1255 De
1782 1198 2129 1270 prmnnmilte
2243 1204 2307 1260 Vt
2337 1206 2524 1261 ludos.
2556 1221 2777 1274 currusq
2805 1205 2965 1259 simul
2993 1203 3259 1274 variumq.
3288 1202 3522 1274 ferarum
3550 1209 3844 1258 certamen.

508 1300 691 1357 Flavii
724 1300 859 1356 nihil
884 1299 1029 1355 aliud
1065 1298 1344 1369 profertur
1394 1312 1459 1351 ex
1503 1292 1741 1364 antiquis
1798 1304 2124 1346 monumen-

507 1397 602 1461 tis,
644 1396 750 1451 nisi
798 1393 1116 1466 diptychun:
1174 1390 1486 1448 Leodiense
1532 1390 1585 1443 in
1647 1388 1893 1442 eburneo
1946 1385 2124 1439 Evan-

1219 1484 1325 1541 FL.
1397 1480 1739 1540 ASTYRIVS
1795 1478 1857 1535 V.
1920 1477 1982 1534 C.
2037 1474 2124 1531 ΕΤ

504 1579 642 1638 INL.
674 1581 839 1637 COM.
876 1580 964 1636 ΕΤ
997 1578 1161 1636 MAG.
1189 1576 1516 1644 VTRIVSQ.
1543 1573 1683 1631 MlL.
1716 1569 1913 1628 CONS.
1958 1566 2122 1626 ΟΜ).

504 1490 776 1561 geliorum
831 1487 1092 1559 operculo
1145 1505 1158 1540 :

2301 1297 2518 1353 iunctim
2552 1296 2718 1351 Roma
2748 1304 2939 1351 teneret
2969 1311 3156 1350 ouans.

2228 1390 2461 1447 Ternum
2499 1394 2694 1463 quippe
2714 1398 2856 1461 solos
2885 1391 3048 1445 merui
3071 1432 3084 1445 .
3130 1398 3279 1444 terna
3307 1388 3519 1462 agmina
3547 1386 3693 1460 vulgi
3714 1427 3726 1441 .
3758 1404 3847 1457 per

2282 1500 2488 1539 .caueas
2520 1486 2739 1554 plausus
2772 1485 3080 1538 concinuere
3106 1499 3271 1538 meos.

2233 1573 2299 1630 In
2350 1587 2625 1643 quaestum
2673 1579 2885 1649 (avitae.
2936 1592 3118 1630 census
3159 1575 3364 1630 iactura
3409 1576 3663 1631 cucurrit.
3702 1575 3846 1631 Nam

510 1674 627 1731 Hoc
691 1675 1009 1747 diptychum
1060 1671 1360 1727 illustravit
1411 1668 1762 1725 Wilthcmius
1794 1686 1806 1722 :
1844 1682 1909 1722 ac
1944 1664 2013 1720 dc
2060 1680 2126 1717 co
2157 1657 2205 1717 B
2302 1667 2475 1724 laudis
2505 1670 2731 1740 fructum
2757 1668 2887 1722 talia
2908 1668 3100 1722 danma
3128 1677 3332 1723 serunt.

513 1777 680 1838 agunt
695 1766 965 1832 Norisius,
981 1764 1327 1825 Sirmondus.
1345 1766 1435 1833 qui
1461 1761 1655 1817 scribit
1669 1759 1935 1826 Asturius,
1955 1768 2009 1813 et
2026 1756 2126 1812 Pa-

511 1862 659 1933 gius,
691 1862 779 1931 qui
814 1861 979 1917 habet
1010 1858 1251 1930 Astyrius
1272 1872 1396 1913 cum
1435 1854 1779 1919 Wiltbcmio,
1810 1863 1865 1907 et
1888 1850 2120 1906 Norisio.

2232 1761 2322 1817 Sic
2363 1770 2436 1815 tot
2484 1773 2817 1835 consumptas
2858 1771 3075 1818 seruant
3117 1761 3419 1835 spectacula
3458 1780 3641 1836 gazas.
3676 1766 3843 1837 [esto-

2298 1870 2491 1926 rumq;
2522 1856 2704 1909 trium.
2738 1864 3002 1924 permanet
3033 1872 3132 1910 una
3159 1854 3294 1912 dies.
3316 1866 3336 1921 3-

577 1951 704 2008 M5.
739 1952 1058 2021 Discrepant
1078 1960 1257 2005 autem
1289 1949 1430 2003 inter
1447 1963 1505 2002 se
1534 1946 1589 2001 hi
1611 1955 1863 2000 auctores
1888 1963 1899 1996 :
1923 1957 2045 1997 nam
2071 1946 2121 1998 in
2227 1947 2543 2018 Asteriumq.
2571 1964 2743 2003 suum.
2770 1948 2929 2003 uiuae:
2957 1950 3272 2003 transmittit
3295 1949 3348 2004 in
3372 1965 3583 2005 aeuum.
3606 1951 3698 2022 qui
3720 1968 3845 2023 por-

500 2043 693 2101 eodem
724 2042 983 2114 diptycho
1007 2040 1299 2097 Leodiensi
1324 2038 1601 2107 Norisius,
1633 2045 1691 2092 et
1716 2036 1912 2107 Pagius
1957 2048 2123 2104 agno-

501 2150 663 2197 scunt
696 2138 972 2195 Asterium
1007 2136 1273 2208 collegam
1300 2134 1621 2205 Protogenis
1650 2132 1929 2188 consulem
1978 2145 2122 2185 anno
2227 2132 2475 2190 INCIPIT

499 2234 631 2301 449,
671 2248 736 2288 ac
764 2243 1054 2305 propterea
1099 2230 1273 2287 Flavii
1321 2242 1636 2298 prmnomen
1689 2226 1767 2280 illi
1817 2232 2115 2296 apponunt.

493 2325 848 2384 Wilthemius
880 2326 1027 2382 hunc
1055 2325 1233 2394 ipsum
1266 2322 1542 2380 Asterium
1583 2318 1864 2375 consulem
1896 2333 1986 2373 an.
2013 2315 2119 2373 M9

2298 2055 2385 2094 cas
2415 2040 2627 2094 trabeis.
2664 2051 2769 2095 tam
2791 2041 2916 2095 bene
2939 2041 3100 2096 donat
3127 2058 3273 2112 opes.

2621 2133 3015 2191 GEORGICON
3161 2135 3295 2192 LIB'
3338 2137 3357 2193 Ι
3468 2136 3843 2195 FELICITER

2228 2226 2409 2298 Quisq.
2448 2226 2597 2301 legis.
2622 2229 2819 2301 relegas
2848 2230 2994 2300 felix.
3023 2247 3277 2303 parcasq;
3300 2231 3537 2304 benigne.
3571 2234 3721 2304 siqua
3746 2236 3843 2289 mi-

2295 2337 2393 2374 nus
2423 2337 2617 2376 vacuus
2644 2323 2905 2390 praeteriit
2935 2323 3161 2378 animus.

492 2418 790 2491 intelligit.
825 2417 924 2475 sed
952 2417 1207 2474 eumdem
1239 2415 1408 2470 fuisse
1437 2414 1713 2469 existimat
1736 2409 1821 2466 Fl.
1854 2407 2115 2465 Turcium
2224 2411 2307 2467 Ad
2333 2429 2383 2466 ν.
2423 2412 2491 2467 In
2522 2424 2774 2484 qutestum
2813 2424 3035 2469 notatur
3063 2415 3233 2472 veluti
3277 2417 3429 2473 varia
3469 2418 3745 2490 scriptura
3774 2418 3840 2475 In

493 2510 713 2567 Ruﬁutn
744 2510 1047 2578 Asterium,
1081 2510 1172 2580 qui
1195 2516 1428 2579 quatuor
1454 2508 1569 2561 inec
1591 2506 1810 2560 nomina
1845 2504 2111 2559 habuerit.

497 2602 823 2660 Sirmontlus
855 2601 943 2674 agi
979 2609 1132 2670 putat
1162 2600 1231 2656 de
1259 2600 1476 2656 Asterio
1507 2597 1736 2655 consule
1763 2611 1886 2651 cum
1912 2592 2113 2651 Praesi-

490 2697 582 2753 dio
610 2713 676 2751 an
713 2695 840 2752 494.
886 2694 1052 2751 Addit
1093 2694 1371 2748 Asturlum
1420 2692 1684 2762 collegam
1737 2689 1981 2744 Przcsidii
2036 2689 2112 2743 vi-

496 2788 617 2845 deri
649 2788 922 2843 diversum
958 2787 1029 2840 ab
1054 2784 1300 2851 Asturio,
1344 2785 1431 2840 cui
1474 2781 1754 2839 Ennodius
1798 2781 1946 2835 misit
1999 2781 2112 2851 epi-

493 2880 690 2938 stolam
722 2878 795 2935 24
826 2879 953 2936 libri
982 2896 1022 2935 ι.
1058 2878 1285 2934 Difﬁcile
1316 2888 1399 2933 est
1423 2877 1563 2933 hanc
1591 2872 1947 2948 quaestionem
1980 2874 2113 2928 deli-

493 2975 614 3031 nire
645 2975 747 3031 nisi
792 2990 891 3047 per
932 2972 1298 3042 conjecturas.
1328 2968 1441 3025 Iloc
1472 2967 1603 3024 mihi
1639 2967 1796 3023 valde
1827 2965 2110 3037 probibilc

2221 2506 2477 2575 pretium,
2512 2523 2674 2576 supra
2698 2506 2923 2578 benigne
2953 2508 3224 2565 indicatur
3253 2512 3529 2567 correctio
3554 2513 3835 2585 benignus.

2221 2598 2286 2653 Hi
2308 2613 2501 2654 versus
2531 2617 2557 2651 ει
2590 2599 2910 2655 Mabillonio
2951 2599 3028 2656 De
3070 2616 3130 2657 re
3152 2595 3415 2674 diplom.,
3440 2620 3470 2658 a
3500 2603 3746 2671 Norisio,
3782 2615 3841 2662 ct

2218 2693 2287 2746 ab
2312 2693 2432 2747 aliis
2460 2708 2655 2763 magna
2697 2710 2764 2749 ex
2804 2704 2961 2764 parte
3002 2697 3246 2768 corrupti
3276 2697 3629 2754 exhibentur.
3659 2696 3833 2755 Stella

2217 2787 2431 2857 appicta
2463 2787 2684 2842 initium
2719 2802 2874 2843 novae
2900 2785 3061 2843 lineae
3092 2788 3317 2846 iudicat.

2293 2878 2415 2934 M7.
2449 2876 2679 2950 Egregie
2723 2880 2790 2936 de
2823 2882 2926 2936 hoc
2950 2881 3173 2949 codice,
3207 2883 3437 2956 ejusque
3468 2885 3831 2955 antiquitate,

2215 2986 2280 3026 ac
2312 2975 2625 3042 praestantia
2667 2973 2912 3029 Norisius
2936 2975 3041 3031 loc.
3073 2977 3171 3032 cit.
3204 2977 3429 3034 disserit
3464 2998 3475 3033 :
3509 2980 3599 3050 qui
3630 2980 3832 3038 obser-

491 3077 608 3135 est,
643 3065 893 3122 Flavium
936 3063 1213 3119 Asterium
1240 3060 1515 3116 laudatum
1556 3064 1606 3115 in
1634 3059 1895 3132 diptycho
1921 3059 2106 3114 diver-
2136 3076 2182 3142 ο
2214 3074 2338 3134 vat,
2392 3064 2658 3137 scriptum
2703 3067 2879 3124 videri
2919 3084 2986 3125 ex
3046 3073 3319 3127 sententia
3364 3073 3634 3129 Holstenii
3678 3075 3831 3132 circa

492 3171 614 3213 sum
637 3172 759 3212 esse
787 3172 818 3211 a
843 3155 1042 3211 Turcio
1072 3155 1229 3231 Rullo
1260 3154 1571 3224 Aproniano
1605 3153 1839 3219 Asteria,
1863 3153 1954 3222 qui
1980 3146 2100 3205 Vir-

492 3251 608 3324 gilii
643 3251 885 3307 codicem
910 3248 1154 3306 correxit
1185 3266 1197 3300 :
1231 3263 1352 3303 cum
1381 3247 1525 3303 enim
1550 3247 1595 3302 is
1618 3246 1734 3302 haec
1761 3256 1990 3316 quatuor
2009 3260 2104 3302 sua

492 3344 717 3401 nomina
747 3342 1003 3401 distincte
1035 3342 1298 3416 posaerit,
1324 3355 1429 3398 nOn
1455 3342 1728 3398 omisisset
1757 3354 1957 3397 nomen
1980 3340 2106 3397 Fla-

489 3438 562 3494 vii
589 3484 603 3509 ,
635 3439 778 3510 quod
811 3440 993 3495 solum
1026 3453 1152 3493 cum
1185 3436 1405 3493 nomine
1435 3428 1639 3492 Astcrii
1664 3437 1717 3491 in
1736 3435 1997 3508 diptyclto
2026 3437 2101 3492 le-

488 3534 656 3605 gitur,
689 3532 734 3587 si
765 3534 834 3588 ita
880 3533 995 3603 ipse
1023 3539 1244 3588 vocatus
1274 3531 1483 3588 fuisset.
1518 3529 1659 3586 Addi
1687 3532 1849 3585 etiam
1888 3539 2099 3601 potest,

490 3629 635 3700 quod
665 3628 887 3683 Flavius
918 3629 1101 3699 potius
1122 3627 1335 3681 videtur
1369 3642 1494 3682 esse
1532 3640 1731 3681 nomen
1768 3628 1949 3695 gentis
1980 3624 2103 3679 Fla-

485 3724 621 3791 viae,
674 3722 924 3793 adeoque
969 3720 1081 3777 duo
1115 3719 1349 3776 diversa:
1395 3720 1579 3791 gentis
1614 3719 1812 3775 Asterii
1857 3727 1982 3774 sunt
2012 3717 2098 3774 Fl.

486 3813 773 3878 Asterius,
820 3824 876 3870 et
919 3812 1150 3869 Turcius
1204 3812 1392 3868 Rullus
1442 3812 1789 3883 Apronianus
1832 3805 2096 3868 Asterius.

487 3906 734 3962 Norisius
782 3908 919 3962 satis
960 3906 1255 3977 prudenter
1300 3905 1559 3976 coniicit,
1609 3904 1917 3969 Asterium,
1978 3906 2099 3961 sive

486 4000 669 4068 potius
712 3997 996 4053 Asturium
1028 3998 1312 4053 consulem
1357 4010 1499 4051 anno
1521 3997 1628 4052 H9
1660 4010 1786 4052 esse
1819 3999 2095 4052 Asturium

483 4092 640 4147 illum
668 4136 683 4161 ,
725 4090 884 4163 cujus
921 4091 1170 4147 meminit
1196 4090 1412 4147 [deeius
1442 4091 1508 4145 ad
1541 4106 1740 4145 annum
1770 4090 1877 4147 “5
1905 4109 1916 4145 :
1944 4093 2093 4147 Astu-

440 4194 447 4201 ‘
484 4187 564 4239 rio
597 4186 849 4257 magistro
890 4187 1158 4254 utriusque
1202 4186 1405 4241 militias
1438 4192 1595 4259 gener
1629 4185 1794 4256 ipsius
1829 4200 2095 4240 successor

482 4277 586 4350 ipsi
606 4278 830 4332 mittitur
850 4278 930 4349 (in
962 4279 1267 4351 Hispanias)
1291 4278 1648 4334 Merobaudis.
1682 4276 1949 4346 Asterius,
1974 4280 2094 4334 sive

486 4374 739 4445 AStyrius
770 4372 1020 4429 laudatus
1068 4374 1119 4429 in
1153 4373 1414 4445 diptycho
1453 4372 1775 4442 Leodiensi,
1812 4389 1935 4428 cum
1963 4389 2094 4429 con-

2214 3152 2496 3223 Valcntis,
2532 3172 2625 3213 aut
2653 3160 2946 3217 Theodosii
2978 3171 3228 3234 tempora
3250 3208 3264 3232 ,
3307 3177 3494 3235 postea
3526 3182 3557 3221 a
3589 3166 3833 3228 Macario

2211 3246 2276 3305 V.
2306 3249 2369 3306 C.
2410 3250 2555 3307 dono
2603 3251 2787 3307 datum
2822 3254 3046 3312 Asterio
3077 3258 3275 3323 amico,
3309 3257 3406 3330 qui
3436 3256 3539 3315 hac
3556 3260 3631 3318 de
3659 3278 3830 3319 causa

2208 3345 2501 3402 Macarium
2535 3348 2768 3418 primum
2816 3352 3072 3419 fratrem,
3125 3361 3237 3407 tum
3283 3352 3512 3409 emicant
3553 3356 3825 3425 appellat.

2206 3437 2331 3493 Fuit
2357 3438 2402 3493 is
2427 3439 2599 3495 codex
2629 3439 2924 3511 aliquando
2944 3444 3247 3499 cardiualis
3274 3443 3549 3516 Rodulphi
3575 3444 3827 3519 Carpeno

2203 3529 2310 3592 sis;
2340 3529 2542 3586 deinde
2563 3532 2862 3587 cardinalis
2889 3531 2958 3588 de
2992 3531 3206 3605 Monte,
3239 3534 3333 3605 qui
3360 3528 3553 3607 postea
3587 3536 3687 3594 l‘uit
3719 3539 3822 3597 Ju-

2204 3622 2308 3676 lius
2336 3617 2429 3687 Ill,
2463 3633 2521 3678 ut
2551 3639 2622 3680 ex
2651 3622 2844 3681 litteris
2868 3623 3053 3684 Cosmi
3081 3624 3138 3695 I,
3174 3630 3354 3700 magni
3379 3628 3614 3688 Etruriae
3639 3632 3820 3701 ducis,

2205 3713 2270 3770 ad
2295 3729 2420 3770 eum
2451 3731 2601 3771 anno
2644 3716 2783 3773 1567
2815 3718 2957 3773 datis
2986 3719 3263 3791 colligitur
3291 3720 3437 3793 apud
3480 3720 3821 3783 Biscionium

2203 3805 2379 3865 Catal.
2412 3807 2602 3866 Codic.
2626 3808 2837 3868 Orient.
2865 3811 3120 3869 biblioth.
3154 3814 3823 3877 Mediceo-Laurentianie

2205 3902 2416 3973 pr:el'at.
2449 3902 2561 3977 79
2590 3920 2714 3976 pag.
2759 3904 2849 3969 59,
2899 3917 2955 3962 et
3002 3905 3328 3964 Bandinium
3378 3919 3508 3965 tom.
3546 3910 3598 3967 ll
3635 3910 3817 3969 Catal.

2202 3993 2381 4063 ejusd.
2417 3993 2548 4055 bibl.
2582 4010 2705 4067 pag.
2742 3996 2850 4051 282
2888 4012 3009 4067 seq.
3043 3998 3199 4054 Multi
3235 4011 3520 4069 asserunt,
3555 4004 3816 4061 eumdem

2203 4082 2454 4142 codicem
2502 4087 2569 4143 ad
2616 4084 2885 4145 Achillem
2936 4089 3213 4161 Statium,
3270 4094 3428 4163 cujus
3477 4094 3817 4166 epigramma

2199 4178 2357 4235 initio
2397 4182 2616 4253 legitur,
2651 4193 2706 4239 et
2742 4182 2815 4239 ad
2845 4183 3238 4242 bibliothecam
3275 4176 3591 4245 Vaticanum
3637 4193 3815 4262 perti-

2199 4278 2429 4332 nuisse?
2460 4277 2553 4347 Qui
2588 4288 2767 4333 tamen
2809 4293 2999 4333 errore
3035 4277 3251 4350 decepti
3282 4280 3563 4339 videntur.
3604 4281 3675 4340 Et
3693 4288 3816 4357 epi-

2198 4384 2442 4439 gramma
2471 4369 2691 4438 quidem
2728 4368 2957 4427 Achillis
2994 4370 3150 4427 Statii
3174 4374 3389 4444 arguit,
3419 4378 3668 4432 codicem
3696 4395 3814 4434 non

482 4466 571 4521 sul
597 4466 729 4531 fuit,
768 4468 882 4538 jam
914 4467 1090 4524 trierat
1128 4470 1392 4540 magister
1428 4470 1710 4539 utriusque
1752 4468 1996 4536 militiie,
2027 4483 2092 4524 ac
2123 4532 2162 4543 Α
2196 4463 2351 4532 ejus,
2382 4461 2477 4518 sed
2511 4463 2807 4518 cardiualis
2836 4463 3107 4535 Rodulplti
3153 4464 3233 4522 Pii
3268 4478 3399 4523 tunc
3446 4468 3637 4526 fuisse.
3673 4471 3810 4543 Epi-

482 4568 772 4628 propterea
802 4560 1014 4616 dicitur
1042 4562 1372 4633 esmagister
1395 4563 1682 4631 utriusque
1714 4561 1943 4617 militiai.

555 4652 666 4724 78
694 4653 819 4708 “6.
852 4653 1134 4722 Asterius,
1171 4656 1260 4720 qui
1298 4656 1504 4726 Virgilii
1532 4655 1776 4711 codicem
1805 4656 2087 4726 distinxit,

479 4755 536 4803 et
562 4747 905 4814 emendavit,
940 4752 1129 4819 plures
1156 4751 1294 4805 alios
1326 4751 1510 4804 titulos
1540 4750 1644 4805 sibi
1676 4751 1792 4820 ipse
1821 4751 2044 4807 ascribit
2070 4796 2085 4821 ,

482 4854 591 4897 non
619 4857 749 4897 vero
781 4841 994 4897 titulum
1043 4843 1291 4914 magistri
1324 4843 1608 4912 utriusque
1637 4842 1867 4898 militia).
1902 4841 2089 4915 Neque

473 4936 656 4992 simile
686 4950 817 4990 vero
854 4945 972 4999 est,
1021 4935 1073 4990 in
1112 4936 1372 5009 diptycho
1420 4935 1708 4993 Leodiensi
1754 4937 2087 4993 omittendos

470 5026 644 5084 fuisse
676 5028 862 5084 titulos
891 5028 1071 5083 Turcii
1099 5027 1243 5084 RuIii
1267 5029 1566 5098 Aproniani
1592 5027 1815 5094 Asterii,
1846 5044 2083 5098 praeser-

474 5124 568 5179 tim
600 5123 817 5177 titulum
847 5125 1150 5194 exprcfecti
1180 5124 1329 5190 urbi,
1358 5134 1415 5178 et
1438 5124 1683 5197 patricii,
1728 5124 1823 5193 qui
1850 5124 2080 5179 nobilis-

469 5216 591 5270 simi
621 5227 800 5283 erant,
828 5218 871 5272 si
898 5234 1025 5273 vero
1053 5218 1098 5271 ίς
1130 5221 1378 5275 Asterius
1406 5218 1462 5274 in
1485 5232 1553 5275 eo
1582 5216 1842 5290 diptycho
1868 5217 2077 5274 descri-

470 5313 709 5368 lueretur.
744 5315 826 5369 En
854 5314 1351 5385 subscriptimem,
1382 5328 1505 5385 qua:
1532 5321 1710 5370 exstat
1730 5314 1788 5367 iu
1820 5315 2073 5370 vetustis-

470 5406 609 5463 simo
640 5406 846 5478 Virgilii
867 5408 1057 5465 codice
1076 5406 1321 5464 Medicae
1347 5426 1361 5462 :

2121 4532 2169 4595 D
2196 4555 2337 4610 stola
2359 4563 2541 4610 autem
2581 4556 2764 4611 Cosmi
2788 4554 2811 4612 I
2841 4573 2987 4614 attito
3016 4532 3154 4616 I567
3182 4575 3290 4614 non
3324 4561 3499 4632 potuit
3525 4579 3650 4620 esse
3674 4532 3803 4621 data

2194 4649 2260 4703 ad
2290 4647 2623 4705 cardinalem
2659 4650 2729 4706 de
2754 4650 2971 4720 Monte,
3002 4650 3095 4720 qui
3123 4651 3325 4709 deinde
3352 4652 3454 4710 fuit
3479 4655 3657 4712 Julius
3698 4657 3800 4726 Ill.

2193 4748 2254 4797 ut
2299 4741 2535 4797 afﬁrmat
2581 4738 2919 4810 Biscionius,
2971 4760 3094 4800 cum
3143 4744 3321 4802 Julius
3366 4745 3435 4802 Ill
3483 4749 3645 4821 longe
3674 4763 3807 4808 ante

2194 4834 2426 4903 obier’it;
2481 4837 2648 4893 immo
2694 4839 2799 4909 ipsi
2843 4844 3330 4918 superstesluerit
3366 4844 3666 4902 cardiualis
3692 4845 3807 4903 Ro-

2192 4934 2432 5005 dulphus
2456 4977 2471 5002 ,
2496 4934 2593 5008 qui
2624 4933 2678 4989 in
2702 4949 2766 4990 ea
2798 4936 3029 5006 epistola
3046 4937 3161 5007 jam
3193 4940 3303 4993 vita
3331 4936 3551 4995 functus
3576 4940 3796 4997 dicitur.

2192 5027 2376 5099 Neque
2404 5044 2470 5085 ea
2507 5030 2739 5100 epistola
2770 5029 2863 5103 (ad
2913 5031 3077 5087 alium
3123 5033 3461 5092 cardinalem
3500 5034 3570 5091 de
3613 5036 3799 5094 Monte

2188 5121 2333 5179 forte
2360 5124 2586 5197 scripta)
2612 5136 2987 5196 argumentum
3020 5130 3246 5184 omnino
3272 5128 3464 5186 clticax
3497 5142 3583 5187 est
3602 5146 3796 5191 contra

2188 5216 2517 5284 Manutium,
2566 5217 2659 5288 qui
2691 5232 2758 5273 eo
2805 5218 2996 5276 codice
3037 5236 3167 5277 usus
3205 5219 3412 5289 fuerat,
3458 5232 3512 5279 et
3553 5224 3650 5281 illo
3676 5225 3793 5297 ipso

2183 5319 2428 5382 tempore
2489 5312 2541 5366 in
2582 5311 2947 5385 Orthograph.
2983 5316 3154 5372 verbo
3184 5318 3440 5373 wtltereus
3484 5318 3787 5385 referebat,

2179 5421 2207 5459 a
2262 5405 2550 5476 Rodulpho
2609 5403 2851 5463 codicem
2909 5408 3263 5467 bibliotheca:
3330 5414 3595 5470 vaticanaa
3624 5426 3789 5471 testa-

2177 5510 2363 5555 mt-nto
2394 5500 2629 5572 legatum
2665 5500 2834 5557 fuisse
2865 5519 2878 5555 :
2908 5500 2972 5556 Et
3009 5506 3217 5574 Opinor,
3261 5506 3451 5574 addit,
3498 5510 3563 5562 ab
3615 5508 3789 5579 aliqua

466 5576 766 5641 TVRCIVS
808 5587 1057 5644 RVFIVS
1105 5588 1552 5646 APliONIANVS
1592 5574 2064 5647 ASTERIVSW
2172 5597 2313 5668 furto
2354 5604 2666 5666 surreptam.
2716 5595 2959 5652 Excusus
3016 5597 3311 5656 Florentiae
3367 5601 3507 5673 typis
3564 5611 3654 5658 est
3697 5574 3778 5656 to-

465 5672 724 5765 _INL-
770 5679 873 5765 EX
918 5681 1178 5765 CUMIIE
1228 5680 1531 5765 ΒΟΜΕΞΓ·
1586 5680 1924 5736 PROTECT'
1966 5680 2063 5737 InX
2172 5697 2259 5744 tus
2325 5689 2619 5744 simillimis
2672 5686 3053 5747 characterum
3096 5690 3284 5748 formis
3331 5672 3644 5765 expressis,
3686 5694 3775 5748 iis-

386 5800 391 5805 .
468 5748 614 5824 eoi
646 5753 822 5827 οριυῖ
868 5757 1125 5833 Latiari
1160 5776 1195 5813 ἰ
1231 5756 1579 5836 exeni'nr.
1622 5770 1784 5830 vum
1821 5770 2059 5831 PATRI-

2166 5778 2292 5839 detn
2336 5785 2561 5840 omnino
2629 5781 3106 5854 distinctionibus,
3178 5792 3234 5845 et
3300 5785 3767 5854 correctionibus,
