4086 6184
359 214 458 268 493

1740 215 2115 277 ιίιοιιςςοιι
2123 214 2280 273 ENA.

3546 224 3654 283 434

352 344 485 402 quas
516 331 763 387 Asterius
789 331 1091 402 adjecerat,
1122 346 1447 392 recensente
1469 338 1634 393 Petro
1655 336 1947 394 Fraaeisco
1980 344 2026 406 Α
2053 329 2207 386 libus.
2237 330 2319 387 Ad
2346 332 2649 404 marginem
2677 346 2745 389 ex
2777 335 3152 411 vetustissimo
3183 339 3375 397 codice
3403 358 3418 395 :
3448 342 3654 400 Notitia

347 423 633 496 Fogginio,
665 425 760 496 qui
790 425 845 481 in
879 428 1198 497 pra-{mione
1242 430 1531 499 pollicetur
1557 445 1698 501 opus
1725 444 1949 501 separa-

346 527 494 584 tum,
526 519 586 573 in
625 534 735 588 quo
770 534 937 591 agere
986 521 1265 592 cogitabat
1312 522 1382 579 de
1421 523 1644 591 codice,
1683 524 1752 579 de
1790 527 1946 579 Aste-

344 611 450 678 rio,
481 620 593 666 etc.
625 610 912 682 Specimen
933 615 1272 671 cbaraeteris
1292 632 1324 671 a
1351 616 1618 688 Fogginio
1639 617 1942 674 exhibitqu

345 720 453 761 non
486 721 679 776 parum
718 706 906 764 ditiert
932 708 1006 765 ab
1032 724 1101 766 eo
1130 709 1274 781 quod
1300 710 1649 768 Habilionius
1672 712 1781 769 tab.
1815 712 1849 769 6
1875 712 1944 770 de

343 795 424 853 Re
445 798 802 866 Diplontatica
830 801 1079 870 protulit.

412 889 540 945 148.
555 890 865 946 Cunstituta
883 893 998 962 jam
1019 893 1369 952 distinctione
1392 895 1537 951 inter
1554 895 1639 953 ΕΙ.
1665 898 1939 952 Asterium

334 984 623 1040 consulem
652 985 929 1041 laudatum
961 986 1018 1042 in
1062 987 1322 1061 diptyeho
1362 988 1684 1054 Lcodiensi,
1716 998 1770 1045 et
1801 990 1942 1045 Tur-

334 1080 479 1135 ciem
512 1078 726 1135 Ruﬁum
774 1082 1152 1151 Apronianum
1198 1084 1471 1139 Asterium
1504 1085 1784 1141 consulem
1812 1102 1936 1141 cur-

332 1182 611 1228 rectorem
652 1173 866 1230 codicis
916 1174 1229 1247 Virgiliani,
1278 1177 1438 1233 facile
1484 1191 1571 1233 est
1611 1179 1934 1247 ostendere,

336 1262 607 1320 editorem
637 1264 846 1321 Sedulii
880 1281 987 1322 non
1016 1266 1100 1322 Fl.
1132 1266 1412 1325 Asterium
1445 1268 1641 1335 fuisse,
1674 1269 1770 1326 sed
1800 1270 1939 1326 Tur-

330 1359 481 1414 cium
511 1356 1148 1431 Ruﬁum-Aproniattutn
1195 1361 1470 1418 Asterium
1502 1379 1626 1419 cum
1671 1379 1739 1419 ex
1768 1363 1933 1419 simili

328 1451 474 1522 stylo
522 1452 939 1522 epigrammatis
990 1455 1260 1523 prmmissi
1310 1454 1484 1512 Codici
1513 1454 1833 1527 Virgiliano,
1880 1468 1935 1512 et

324 1548 562 1603 carmini
609 1547 856 1613 Sedulii,
890 1558 1002 1605 tum
1030 1564 1102 1607 ex
1134 1550 1309 1608 tribus
1346 1552 1661 1608 nominibus
1703 1552 1933 1608 editoris

324 1633 569 1707 Sedulii,
613 1640 812 1697 Turcio
852 1642 1009 1697 Ruﬁo
1045 1642 1267 1700 Asterie
1301 1664 1314 1700 :
1350 1659 1471 1699 nam
1513 1660 1714 1701 nomen
1763 1644 1933 1713 Apro-

2052 440 2322 480 sacrarnm
2357 425 2786 499 Scripturarum,
2827 446 2916 484 seu
2958 429 3211 487 librarum
3248 438 3648 509 canonicorum,

2049 535 2165 573 cum
2206 519 2583 595 descriptione,
2633 521 2712 577 vel
2753 527 3088 583 cunctatione
3127 526 3324 585 Gelasii
3365 550 3536 605 papae.
3586 536 3650 591 Et

2049 622 2173 681 post
2206 611 2377 668 libros
2421 616 2627 670 veteris
2660 615 2898 688 novique
2936 617 3270 677 Testameuti
3300 627 3606 684 recensitos
3634 648 3650 683 :

2047 701 2245 759 Gelasii
2272 721 2423 777 papa:
2462 714 2727 762 decretum
2756 726 2875 764 cum
2915 727 3015 767 ιιι
3038 714 3295 786 episcopis
3325 717 3558 774 habitant
3587 722 3652 778 de

2045 797 2360 870 apocryphis
2388 800 2701 874 Scripturis.
2733 802 3066 863 Pearsonius
3116 809 3168 863 in
3201 809 3465 870 Vindiciis
3495 815 3651 887 lgna-

2044 889 2209 946 tianis
2237 893 2516 962 opinatur,
2550 893 2653 949 hoc
2687 895 2972 954 decretum
3015 902 3293 958 conditum
3334 904 3503 963 fuisse
3528 918 3653 978 post

2043 981 2313 1051 synodum
2347 999 2375 1037 ν
2408 999 2554 1039 anno
2593 985 2700 1043 553
2725 989 3079 1049 celebratam.
3113 994 3231 1051 Huc
3260 995 3495 1055 fortasse
3525 1016 3650 1070 per-

2044 1074 2181 1130 tinet
2202 1117 2217 1141 ,
2250 1077 2394 1145 quod
2419 1078 2718 1137 Damianus
2746 1082 2925 1139 Grana
2959 1086 3013 1140 in
3044 1087 3367 1157 praefatione
3405 1092 3473 1149 ad
3500 1094 3648 1151 Geti-

2040 1175 2226 1224 tonem
2254 1170 2445 1227 Prubm
2466 1172 2654 1230 Roma:
2684 1176 2823 1233 1588
2843 1178 3123 1236 decretum
3148 1182 3355 1257 Pelagii
3374 1189 3646 1260 appellat:

2039 1264 2137 1318 sed
2169 1265 2405 1321 similius
2432 1282 2564 1324 vero
2596 1281 2715 1336 est,
2767 1270 2969 1329 Grante
2997 1277 3269 1335 excidisse
3297 1278 3505 1352 Pelagii
3545 1301 3648 1339 nu.

2040 1368 2164 1409 men
2196 1370 2296 1424 pro
2324 1356 2562 1415 Gelasio.
2596 1360 2849 1417 Balnzius
2878 1364 3123 1421 codicem
3153 1384 3257 1423 ms.
3291 1370 3647 1431 Collectionis

2042 1446 2285 1522 Dionysii
2320 1452 2513 1522 Esigui
2548 1455 2719 1523 vidit,
2754 1456 2808 1511 in
2837 1474 2944 1528 quo
2972 1458 3077 1516 hoc
3106 1460 3388 1521 decretum
3414 1467 3646 1525 Damaso

2037 1542 2401 1611 tribuebatur,
2436 1558 2491 1602 et
2531 1549 2828 1605 cardinalis
2875 1551 3145 1610 Baronius
3174 1572 3320 1614 anno
3361 1560 3453 1627 69,
3493 1578 3550 1617 ιι.
3574 1562 3643 1629 4,

2035 1634 2200 1691 refert
2222 1676 2237 1699 ,
2268 1636 2696 1696 Cresconianam
2716 1641 3109 1703 Golleetionem
3147 1652 3431 1708 continere
3456 1656 3643 1711 conci-

320 1733 512 1788 nianita
543 1735 822 1805 proprium
848 1746 933 1793 est
958 1737 1179 1804 lautitia
1203 1738 1416 1794 Turciae
1436 1739 1627 1795 Ruﬁze.
1660 1739 1911 1794 Praetere;

2037 1725 2165 1782 lium
2209 1727 2513 1786 Romanum
2545 1733 2648 1789 sub
2687 1734 2941 1805 Damaso,
2976 1738 3028 1792 in
3070 1755 3179 1811 quo
3230 1743 3301 1797 de
3324 1743 3476 1800 libris
3505 1761 3640 1816 apo-

318 1824 599 1883 bonorutn
625 1828 762 1884 tituli
783 1870 800 1893 ,
833 1829 1032 1899 quibus
1056 1830 1234 1887 editor
1261 1831 1496 1899 Sedulii,
1522 1841 1578 1888 et
1605 1831 1930 1889 emendator

314 1922 531 1980 codicis
564 1922 844 1995 Virgiliani
867 1925 1224 1993 decorentur,
1250 1927 1423 1998 magis
1447 1927 1592 1982 inter
1611 1942 1672 1982 se
1696 1941 1927 1982 censen.

319 2015 464 2069 tiunt
483 2055 499 2080 ,
528 2031 655 2071 cum
693 2027 928 2087 uterque
955 2018 1122 2073 fuerit
1152 2019 1416 2089 patricius
1436 2061 1451 2087 ,
1486 2033 1681 2077 neuter
1709 2019 1928 2076 dicatur

314 2109 581 2179 magister
607 2110 892 2180 utriusque
920 2112 1151 2168 militite.
1822 2179 1830 2188 η

391 2199 519 2256 449.
548 2200 801 2258 Nondum
844 2212 1028 2260 tamen
1067 2205 1247 2262 soluta
1276 2206 1508 2276 quaestio
1536 2214 1662 2263 est:
1702 2206 1800 2263 sed
1842 2206 1926 2261 in-

315 2295 694 2368 vestigandum
724 2309 997 2370 superest,
1028 2298 1357 2356 Flauviusne
1388 2301 1658 2364 Asterius,
1688 2317 1757 2354 an
1785 2300 1921 2356 Tur-

312 2392 433 2447 cius
454 2391 645 2447 Rullus
670 2392 923 2450 Asterius
950 2394 1117 2450 fuerit
1135 2397 1326 2452 consul
1353 2408 1498 2450 anno
1520 2395 1648 2451 449.
1672 2395 1921 2451 Norisius

312 2492 375 2542 et
399 2485 600 2556 Pagina
628 2486 751 2542 sine
782 2488 893 2542 ulla
914 2487 1260 2544 dubitatione
1286 2490 1643 2557 restiondent,
1670 2488 1917 2544 Flavium

312 2579 592 2636 Asterium
622 2583 901 2638 consulem
926 2583 1093 2639 fuisse
1109 2600 1254 2638 anno
1275 2584 1404 2650 449,
1429 2583 1683 2640 Turcium
1699 2583 1918 2638 Rullum

312 2671 592 2730 Asterium
641 2690 788 2731 anno
835 2674 963 2733 494.
996 2675 1104 2734 Sed
1132 2678 1327 2734 vellem
1353 2719 1369 2745 ,
1400 2678 1573 2733 veteri
1622 2677 1672 2733 id
1720 2692 1919 2733 monu-

313 2776 501 2822 mento
549 2768 731 2839 aliquo
773 2769 1186 2826 conﬁrmarent.
1229 2770 1368 2827 Nam
1400 2772 1522 2827 fasti
1558 2781 1774 2827 veteres
1819 2786 1917 2826 nu-

313 2854 445 2912 dum
490 2873 687 2916 tiomeu
717 2861 918 2917 Asterii
951 2873 1185 2932 utroque
1225 2878 1371 2918 anno
1416 2862 1737 2933 proferunt:
1771 2862 1915 2934 quod

311 2960 496 3005 autent
538 2951 826 3020 Asterius,
859 2954 953 3025 qui
980 2955 1176 3011 consul
1208 2955 1306 3010 fuit
1344 2973 1489 3011 anno
1514 2957 1644 3024 449,
1676 2957 1914 3029 Astyriua

312 3049 370 3096 et
395 3042 641 3099 Asterius
682 3045 882 3105 alicubi
930 3047 1166 3115 dicatur,
1194 3065 1302 3104 non
1354 3050 1487 3105 tanti
1533 3050 1792 3120 ponderis
1828 3060 1913 3108 est

2035 1823 2257 1895 cryphis
2282 1827 2500 1896 agitur:
2532 1827 2628 1883 sed
2659 1830 2856 1885 melius
2879 1831 3142 1899 dixisset,
3188 1837 3255 1890 de
3278 1839 3447 1893 sacris
3491 1839 3642 1896 Scri-

2031 1916 2219 1986 pturis.
2253 1915 2386 1972 Nam
2416 1916 2721 1975 COttcilitttn
2751 1920 3063 1979 Romanum
3090 1926 3192 1981 sub
3211 1926 3469 1996 Damaso,
3493 1932 3638 2002 quod

2030 2008 2367 2082 descriptum
2408 2012 2585 2070 habeo
2610 2030 2680 2071 ex
2705 2016 2899 2073 codice
2932 2017 3078 2088 Vat.,
3120 2035 3386 2080 canonem
3415 2024 3642 2083 exhibet

2029 2100 2294 2158 librorum
2327 2106 2531 2161 veteris
2561 2120 2615 2161 et
2645 2109 2773 2164 novi
2819 2109 3190 2182 Testainenti,
3236 2115 3335 2172 sed
3374 2117 3443 2175 de
3485 2118 3640 2176 libris

2027 2196 2361 2267 apocryphis
2400 2199 2627 2277 omnino
2656 2201 2824 2257 silet:
2862 2218 2927 2259 ae
2956 2219 3181 2277 censeo,
3224 2222 3490 2267 canor-eiu
3535 2213 3640 2268 Da-

2026 2292 2163 2342 masi
2207 2288 2263 2342 in
2310 2274 2597 2345 decretum
2641 2292 2711 2347 de
2757 2292 2913 2349 libris
2954 2274 3289 2369 apocryphis
3330 2302 3634 2358 immissum

2027 2381 2216 2437 fuisse.
2260 2381 2517 2439 Baluzius
2550 2392 2804 2453 testatur,
2830 2390 2884 2443 in
2912 2391 3299 2460 antiquissimo
3331 2394 3639 2466 Urgellensi

2024 2471 2215 2527 codice
2242 2472 2553 2531 Hormisdre
2584 2476 2727 2534 idem
2754 2478 3035 2536 decretum
3058 2483 3169 2555 ει
3193 2486 3413 2543 ascribi.
3440 2487 3636 2544 Petrus

2022 2562 2353 2620 Franciscus
2383 2564 2691 2624 Cbiflietius
2728 2570 2902 2626 edidit
2941 2588 3006 2628 ex
3039 2574 3230 2631 codice
3277 2575 3502 2634 Jureusi
3532 2580 3632 2635 dc-

2021 2665 2229 2712 cretum
2275 2658 2452 2729 ipsum
2485 2660 2567 2716 sic
2607 2662 2937 2733 inscriptum
2974 2682 2989 2719 :
3038 2665 3237 2735 Incipit
3275 2669 3532 2727 deCl‘l’lﬂle
3580 2679 3634 2728 tn

2020 2750 2146 2806 urbe
2178 2749 2347 2806 Roma
2379 2754 2443 2807 ab
2476 2752 2762 2810 Hormisda
2792 2774 2931 2827 papa
2962 2759 3179 2815 editum.
3213 2760 3270 2816 In
3302 2764 3495 2819 codice
3525 2764 3627 2820 Va-

2021 2845 2202 2901 ticano
2237 2847 2409 2914 1341,
2450 2849 2637 2905 saeculi
2664 2850 2897 2907 fortasse
2924 2869 2959 2907 ι
2982 2896 2996 2920 ,
3026 2865 3106 2909 est
3134 2855 3408 2913 Collectis
3454 2874 3627 2917 cano-

2016 2955 2145 2996 num
2177 2941 2497 3012 llispanica,
2528 2944 2747 3015 qualem
2773 2944 3058 3003 Batlleriuii
3087 2949 3405 3007 describunt
3438 2952 3493 3009 in
3516 2954 3630 3011 dis-

2015 3042 2151 3089 sert.
2180 3034 2249 3090 de
2277 3032 2713 3092 Collectionibus
2742 3054 3037 3095 canonum.
3072 3040 3241 3097 index
3265 3043 3625 3102 decretaliutn

311 3131 433 3191 [me
460 3137 625 3204 tam,
670 3145 729 3193 αι
774 3141 1083 3197 musam,
1123 3153 1405 3199 ιοηεωηυε
1448 3141 1534 3198 ῃ,
1594 3145 1905 3209 Asterium,
1937 3126 1984 3192 C
2015 3124 2387 3183 Rutnannrnm
2450 3129 2769 3200 pontiﬁcum
2831 3133 3010 3187 solum
3089 3135 3317 3192 exhibet
3378 3139 3629 3197 sinceras

310 3231 395 3286 vel
434 3231 745 3305 Astyrium,
795 3237 878 3291 vel
922 3237 1203 3292 Asturium
1240 3238 1524 3294 consulem
1546 3239 1716 3294 fuisse
1766 3253 1911 3293 anno

306 3330 437 3396 449.
464 3331 721 3388 Turciutn
751 3349 885 3389 vero
924 3333 1137 3390 Rullum
1179 3337 1458 3391 Asterium
1482 3350 1632 3391 anno
1669 3335 1796 3390 494.
1842 3333 1911 3390 Ut

305 3436 492 3481 autem
520 3427 792 3494 dicamus,
824 3427 1082 3484 Turcium
1114 3428 1328 3484 Rullum
1351 3429 1659 3493 Asterium,
1689 3429 1780 3499 qui
1809 3428 1908 3484 Se-

305 3518 437 3576 dtilii
486 3522 732 3576 carmina
776 3522 1054 3593 vulgavit,
1095 3523 1440 3579 consulatum
1480 3524 1720 3593 gessisse
1763 3536 1907 3576 anno

304 3611 435 3674 449.
484 3623 683 3682 urgent
730 3614 974 3670 rationes
1016 3628 1081 3670 ex
1128 3614 1458 3681 Sirmondo,
1508 3623 1564 3670 et
1609 3612 1907 3668 Armaenio

304 3718 454 3761 num.
483 3705 590 3762 Mi
617 3718 736 3778 seq.
769 3708 1016 3778 prolatae.
1045 3707 1241 3763 Earum
1277 3708 1383 3762 vim
1409 3708 1580 3762 sensit
1601 3707 1764 3761 etiam
1793 3703 1903 3759 Nu-

301 3795 500 3861 ri-ius,
531 3798 626 3868 Qui
650 3806 939 3869 propterea
963 3798 1248 3868 probabile
1268 3813 1392 3855 esse
1422 3798 1589 3867 dicit,
1620 3797 1902 3853 Sedulium

299 3888 447 3945 circa
473 3903 676 3945 annum
701 3889 839 3956 494,
864 3891 978 3964 ﬁo
1001 3892 1084 3947 vel
1120 3891 1307 3959 pineis
1331 3897 1461 3946 ante
1497 3890 1658 3946 antiis
1683 3901 1736 3945 et
1765 3891 1902 3946 scri-

300 3980 503 4049 bendi,
528 3989 585 4039 et
604 3984 825 4040 vivendi
857 3985 1018 4041 ﬁnem
1049 3984 1266 4042 fecisse.
1298 3985 1453 4053 Quod
1481 3985 1628 4041 enim
1647 3984 1898 4042 Sirmon-

297 4075 403 4131 dus
449 4076 560 4143 ait,
606 4076 662 4133 in
713 4076 941 4146 integris
988 4077 1255 4135 Gennadii
1296 4078 1707 4149 exemplaribus
1763 4092 1894 4133 mss.

301 4167 443 4239 legi,
472 4168 751 4225 Sedulium
778 4170 1088 4228 Theodosio
1106 4171 1326 4242 iuniore
1347 4173 1454 4226 vita
1475 4171 1813 4237 defunctum,
1844 4171 1895 4226 id

296 4257 547 4315 Norisius
570 4272 763 4318 censet
802 4277 912 4316 non
952 4277 1130 4319 essen
1156 4262 1423 4318 Gennadii
1472 4278 1667 4329 manu,
1700 4260 1797 4317 sed
1829 4261 1897 4314 ab

296 4353 474 4410 aliena
514 4353 799 4423 additum,
838 4367 898 4412 ut
940 4356 1201 4412 nonnulla
1243 4356 1350 4411 alia
1390 4356 1570 4424 capita
1610 4354 1895 4412 Geanadio

281 4449 508 4520 pdiecta
532 4465 656 4507 esse
675 4450 832 4508 dicit.
856 4451 1056 4507 Verum
1078 4460 1298 4507 aetatem
1322 4450 1530 4507 Sedulii
1552 4449 1759 4505 tamdiu
1787 4448 1892 4504 dif-

2011 3220 2311 3291 epistulas,
2369 3229 2426 3276 et
2464 3231 2591 3292 post
2636 3224 2898 3293 epistolas
2942 3226 3001 3281 S.
3040 3225 3289 3297 Gregorii
3337 3229 3513 3302 Magni
3557 3232 3627 3287 ad

2013 3314 2070 3371 S.
2115 3315 2428 3371 Leandrum
2461 3317 2838 3384 llispalensem
2867 3320 3170 3376 antistitem
3210 3331 3431 3378 notatur
3465 3342 3476 3379 τ
3520 3322 3627 3380 De-

2008 3421 2150 3463 creta
2180 3408 2434 3464 Romanae
2455 3410 2594 3464 sedis
2630 3411 2693 3465 de
2718 3413 3030 3484 recipiendis
3048 3454 3064 3480 ,
3093 3425 3267 3469 etnon
3288 3418 3617 3489 recipiendis.

2007 3501 2155 3559 Nihil
2194 3503 2345 3559 aliud
2385 3503 2627 3572 additur,
2675 3520 2855 3573 neque
2901 3504 3019 3560 htrc
3048 3505 3269 3563 decreta
3303 3510 3357 3563 in
3387 3526 3620 3581 corpore

2008 3594 2213 3650 inserta
2240 3605 2368 3650 sunt
2397 3613 2410 3649 :
2458 3595 2555 3651 sed
2579 3595 2853 3651 indicatur
2876 3607 3029 3653 certe
3053 3598 3334 3655 decretum
3376 3603 3443 3657 de
3481 3604 3622 3659 reci-

2005 3687 2218 3757 piendis
2237 3732 2250 3756 ,
2280 3696 2338 3743 et
2381 3703 2489 3743 non
2518 3687 2846 3757 recipiendis
2871 3688 3063 3758 libris,
3096 3691 3241 3761 quod
3282 3692 3336 3747 in
3368 3691 3455 3748 bis
3484 3692 3612 3751 Col-

2006 3780 2338 3837 lectionibus
2379 3780 2621 3852 antiquis
2656 3780 2970 3852 Hispanicis
3016 3783 3264 3840 ultimum
3306 3795 3426 3842 erat
3471 3786 3616 3845 inter

2004 3872 2311 3929 decretales
2344 3874 2607 3943 epistolas
2640 3872 3010 3929 Romanorum
3046 3877 3401 3946 pontiﬁcum,
3428 3891 3491 3935 ut
3515 3896 3613 3950 ap-

2004 3974 2158 4036 paret
2186 3983 2293 4022 non
2324 3967 2499 4022 solum
2534 3967 2586 4022 in
2618 3966 2800 4023 indice
2828 3968 2989 4038 hujus
3015 3971 3363 4028 collectionis
3386 4012 3403 4041 ,
3429 3975 3526 4031 sed
3554 3978 3606 4031 in

1999 4056 2181 4115 indice
2227 4059 2390 4115 etiam
2440 4059 2676 4115 aliarum
2716 4061 3116 4119 Goliectionum
3156 4064 3505 4137 uberiorem,
3553 4070 3604 4126 in

2000 4156 2198 4226 quibus
2225 4165 2385 4209 vetus
2415 4155 2575 4209 index
2618 4162 2867 4211 retentus
2887 4165 2994 4212 est.
3031 4156 3440 4216 Contemnenda
3483 4177 3611 4233 pro-

2000 4256 2186 4318 pterea
2218 4257 2299 4303 est
2330 4246 2693 4319 quorumdam
2725 4247 3109 4306 bzereticorum
3141 4252 3349 4324 opinio,
3377 4256 3469 4327 qui
3501 4256 3600 4313 de-

1997 4356 2210 4399 cretum
2256 4342 2325 4397 tle
2366 4342 2521 4398 libris
2564 4342 2897 4414 apocrypbis
2935 4343 3232 4401 conﬁctam
3280 4359 3505 4418 putant,
3548 4361 3606 4407 et

1998 4438 2275 4493 mercibus
2305 4435 2502 4491 lsidori
2528 4435 2852 4491 Mercatoris
2880 4448 3268 4494 annumerant.
3302 4440 3473 4496 Immo
3510 4457 3602 4497 ca-

291 4513 425 4600 Ῐειῖτί
478 4559 585 4600 ,οη
614 4560 777 4616 Posse
800 4584 815 4610 ν
857 4560 929 4601 ex
954 4545 1141 4602 mum,
1179 4545 1460 4602 θοαίαηηιε
1501 4558 1632 4599 mss,
1666 4541 1890 4598 deum"-
1919 4513 1974 4575 Ῑ)
1998 4547 2107 4588 non
2151 4546 2429 4588 sacrarum
2481 4530 2922 4600 Scripturarum,
2975 4532 3071 4604 qui
3110 4546 3212 4589 eos
3255 4534 3594 4604 potissimum

290 4638 591 4696 stravimus
618 4654 769 4695 num.
798 4641 873 4696 23
898 4655 1017 4711 seq.

367 4729 494 4788 150.
520 4730 683 4787 Aliud
708 4740 1091 4803 argumentum
1120 4746 1188 4788 ex
1216 4731 1440 4787 decreto
1480 4729 1687 4787 Gelasii
1723 4727 1794 4784 de
1818 4729 1887 4785 li-

289 4822 405 4881 bris
431 4824 782 4896 recipiendis,
816 4828 902 4882 vel
931 4842 1039 4883 non
1072 4827 1401 4896 recipiendis
1430 4826 1658 4895 petitum
1691 4825 1762 4879 ita
1791 4838 1887 4879 ex-

290 4916 498 4987 plicant
526 4917 785 4976 Usserius
809 4961 825 4985 ,
853 4919 1205 4985 Pearsonius,
1237 4919 1487 4976 Norisius
1507 4961 1521 4987 ,
1565 4927 1622 4973 et
1655 4916 1844 4986 Pagius
1865 4950 1884 4981 ,

288 5018 349 5065 ut
373 5020 606 5082 negent,
637 5010 904 5084 ejusmodi
943 5012 1225 5069 decretum
1258 5011 1528 5083 prodiisse
1564 5009 1800 5075 Asterie,
1832 5016 1889 5063 et

286 5100 552 5159 Praesidio
578 5106 896 5162 consulibus
915 5147 931 5170 ,
962 5106 1080 5162 sive
1123 5121 1265 5161 anno
1295 5103 1434 5173 494,
1467 5114 1523 5159 ιιι
1564 5102 1791 5175 praefert
1822 5100 1887 5157 ti-

288 5196 436 5251 talus
466 5197 520 5252 in
547 5197 874 5255 collectione
900 5198 1291 5255 Conciliorum.
1327 5198 1538 5264 Variae,
1578 5212 1643 5253 ac
1680 5197 1887 5251 discre-

286 5296 485 5359 parites
513 5287 659 5346 inter
680 5306 739 5347 se
764 5301 890 5347 sunt
915 5291 1203 5350 doctorum
1234 5293 1476 5348 virorum
1504 5289 1796 5359 Opiniones
1817 5289 1888 5344 de

284 5380 623 5451 ejuscemodi
648 5382 891 5441 decreto.
920 5383 975 5440 Ιιι
1007 5385 1335 5441 collectione
1357 5383 1720 5440 Cunciliorum
1746 5380 1883 5436 Lab-

282 5473 371 5531 bei
418 5483 557 5529 tom.
598 5474 692 5540 iV,
721 5477 830 5531 col.
869 5477 1024 5546 meo,
1059 5479 1174 5534 haec
1205 5487 1293 5533 est
1318 5475 1606 5546 inscriptio
1641 5492 1654 5527 :
1700 5473 1887 5529 Conci-

283 5567 415 5622 lium
449 5568 737 5625 Romanum
762 5572 1021 5643 primum,
1053 5589 1155 5643 quo
1178 5590 1211 5627 α
1242 5588 1345 5628 va
1371 5570 1627 5642 episcOpis
1649 5568 1771 5623 libri
1801 5586 1886 5623 sa-

280 5661 360 5715 cri
375 5702 392 5728 ,
419 5670 467 5717 et
496 5662 783 5719 axtltentici
801 5664 868 5719 ab
890 5666 1205 5738 apocryphis
1228 5676 1349 5720 sunt
1377 5663 1588 5719 discreti
1612 5703 1625 5726 ,
1656 5664 1752 5717 sub
1782 5661 1886 5717 Ge-

279 5754 415 5811 lasio
443 5771 585 5813 om
615 5754 827 5814 Domini
850 5755 984 5828 494,
1005 5758 1209 5815 Asterie
1228 5768 1382 5833 atque
1414 5756 1672 5814 Prmidio
1699 5771 1885 5811 consu-

1996 4640 2189 4699 vexat,
2223 4631 2323 4686 sub
2365 4629 2597 4685 Damaso
2627 4627 2912 4686 confectus
2953 4628 3083 4694 fuit,
3118 4637 3175 4685 ut
3201 4629 3353 4698 dixi,
3392 4648 3461 4688 ex
3488 4647 3598 4705 quo

1993 4722 2274 4791 Gelasius,
2304 4721 2424 4779 sive
2452 4721 2594 4779 alius
2618 4722 2863 4793 pontifex
2888 4721 3117 4791 prirnum
3149 4732 3358 4793 partem
3383 4725 3597 4783 Decreti

1991 4819 2062 4875 de
2103 4820 2257 4875 libris
2288 4816 2654 4891 apocryphis,
2696 4819 2813 4873 sive
2858 4816 2930 4873 de
2972 4816 3122 4872 libris
3161 4820 3497 4887 recipiendis
3543 4832 3600 4877 et

1992 4924 2101 4966 non
2132 4910 2463 4981 recipiendis
2489 4908 2862 4965 concinnavit.
2893 4909 3008 4976 Qua
3036 4909 3091 4965 in
3119 4913 3489 4968 controversia
3513 4912 3597 4967 di-

1991 5002 2355 5075 ligentissime
2411 5014 2660 5058 versatur
2711 5004 2782 5057 cl.
2838 5000 3134 5059 Zacharias
3184 5004 3235 5059 in
3285 5020 3450 5075 opere
3493 5018 3595 5059 suo

1990 5100 2199 5170 optimo
2224 5098 2295 5153 de
2317 5097 2697 5153 Prohibilione
2724 5096 2992 5153 librorum
3024 5098 3090 5154 ad
3123 5112 3212 5154 an.
3246 5100 3351 5156 579
3380 5109 3435 5155 et
3459 5099 3588 5157 496.

2068 5191 2191 5247 151.
2235 5189 2386 5261 Pagii
2430 5189 2778 5260 aliorumque
2822 5191 3097 5247 sententia
3143 5200 3251 5259 est,
3302 5191 3585 5249 decretum

1994 5284 2271 5340 Gelasium
2305 5281 2565 5338 habuisse
2592 5289 2872 5338 auctorem
2909 5301 2921 5336 :
2954 5282 3052 5338 sed
3083 5285 3154 5336 ita
3182 5291 3243 5337 nt
3266 5282 3590 5341 Horinisdas

1995 5378 2161 5434 latius
2210 5375 2548 5446 promulgari
2593 5376 2890 5431 curaverit.
2941 5375 3314 5445 Luitprandus
3362 5378 3414 5431 in
3455 5378 3591 5434 Vitis

1994 5467 2318 5524 Pontiﬁcum
2350 5480 2471 5536 cap.
2503 5466 2593 5534 5|,
2624 5464 2695 5521 de
2719 5464 2943 5521 Gelasio
2970 5464 3199 5533 ejusque
3231 5466 3476 5533 decreto,
3512 5472 3593 5528 sic

1992 5564 2072 5618 ait
2110 5581 2124 5617 :
2163 5560 2298 5616 [tetu
2328 5558 2500 5615 Oroaii
2531 5557 2807 5612 historiam
2833 5557 3036 5625 laudat,
3065 5568 3113 5612 et
3145 5576 3276 5631 opus
3308 5562 3514 5621 Sedulii
3543 5578 3592 5623 ct

1991 5656 2231 5711 Juvenci.
2280 5652 2540 5710 Nicotaus
2571 5650 2591 5705 l
2623 5649 2863 5722 pontifex
2884 5690 2900 5718 ,
2951 5651 3138 5724 Lupus
3179 5653 3367 5715 Abbas
3396 5658 3592 5716 Feria.

1982 5750 2213 5818 ‘rlcnsis,
2244 5747 2518 5806 llariulfns
2543 5746 2848 5804 mortechua
2873 5747 2931 5804 8ο
2959 5747 3203 5808 Richarll
3236 5752 3291 5809 in
3316 5753 3589 5814 Chronico
