4086 6184
463 245 569 305 495

1785 239 2074 300 COELIUS
2112 237 2468 299 SEDULIUS.

3661 233 3771 294 ‘96

461 361 781 420 Centulensi
810 359 1019 417 saeculo
1052 372 1108 415 xt
1134 357 1282 430 apud
1323 356 1728 426 Duchesnium,
1757 359 2056 417 Gratianus
2092 361 2149 427 Α
2176 365 2393 417 :et‘atem
2435 355 2621 415 Caroli
2653 355 2809 414 Calvi
2856 369 2965 413 non
3006 367 3289 428 superare.
3337 354 3640 412 Character
3669 357 3777 412 De-

462 455 817 512 Burchardus
844 453 1302 522 Wormatiensis,
1351 453 1511 510 multi
1557 454 1775 510 codices
1821 470 1979 523 mss.,
2014 464 2068 512 et

465 567 660 609 omnes
686 551 944 624 impressi
964 549 1244 606 Gelasium
1276 548 1486 606 decreti
1511 559 1792 606 auctorem
1820 549 2066 605 laudant.

467 645 529 701 In
566 643 849 700 Chronico
890 643 1300 700 Fontanellensi
1334 653 1466 698 tom.
1505 642 1576 698 lll
1603 641 1797 714 Spicil.
1831 642 2066 699 Dacber.

464 755 521 812 p.
572 739 704 809 240,
753 739 898 795 inter
939 737 1163 795 codices
1218 739 1474 795 cmuobio
1519 736 1920 792 Flaviniacensi
1968 737 2070 792 sub

467 833 749 891 Ludovico
780 834 878 889 Pio
909 833 975 889 ab
1005 831 1274 904 Angesiso
1317 832 1515 888 abbate
1565 833 1830 899 donatos,
1881 847 2074 887 recen-

467 933 661 983 sentur
711 925 936 981 Decreta
968 924 1162 980 Gelasii
1190 942 1343 998 papa:
1389 925 1454 980 de
1481 925 1626 980 libris
1670 925 1982 998 recipiendis
2028 931 2074 977 et

470 1037 577 1076 non
601 1020 934 1091 recipiendis.
969 1020 1304 1076 Pearsonius
1347 1019 1596 1075 codicem
1631 1019 2072 1090 antiquissimum

472 1130 504 1172 a
536 1114 870 1171 Lantfranco
919 1129 988 1170 ex
1032 1114 1296 1170 Beccensi
1338 1114 1676 1170 monasterio
1728 1114 1780 1167 in
1824 1112 2075 1184 Angliam

473 1207 716 1263 delatum
743 1209 854 1279 82
886 1207 1042 1278 legit,
1075 1208 1127 1262 in
1160 1222 1269 1278 quo
1300 1205 1388 1262 hic
1418 1214 1538 1262 erat
1566 1207 1755 1262 titulus
1793 1223 1806 1260 :
1858 1205 2080 1260 Decreta

475 1297 675 1355 Gelasii
703 1315 856 1372 papa:
881 1299 946 1353 de
972 1299 1304 1368 recipiendis,
1335 1308 1382 1352 et
1413 1316 1516 1353 non
1563 1298 1873 1370 recipiendis
1911 1297 2078 1363 libris,

477 1406 593 1462 quae
622 1391 816 1461 scripta
843 1400 964 1446 sunt
996 1390 1060 1445 ab
1097 1406 1154 1445 eo
1185 1407 1303 1444 cum
1337 1407 1442 1447 Lxx
1476 1390 1842 1444 eruditissimis
1883 1392 2082 1462 episco-

478 1487 580 1558 pis.
627 1484 767 1540 Huic
796 1484 1018 1540 omnino
1047 1493 1321 1540 consonat
1363 1486 1538 1539 codex
1567 1482 1786 1538 Justelli
1813 1484 1871 1538 in
1911 1483 2084 1540 colle-

477 1579 666 1635 ctione
713 1577 1001 1634 Labbeana
1053 1575 1429 1633 Conciliorum
1483 1575 1550 1631 ad
1609 1591 1783 1647 marg.
1843 1574 2082 1632 Decreti.

479 1670 732 1727 Similem
785 1669 1205 1740 inscriptionem
1254 1669 1440 1724 inveni
1487 1683 1589 1738 ego
1616 1667 1670 1722 in
1711 1667 1906 1724 codice
1939 1666 2087 1722 Vati-

2171 453 2306 510 creti
2336 450 2614 509 Gelasiani
2640 451 2919 508 recentior
2940 449 3158 505 videtur
3183 449 3507 506 charactere
3537 449 3775 505 missalis

2170 546 2367 602 litteris
2398 543 2714 616 maiusculis
2759 542 3006 610 exarati,
3050 549 3109 600 et
3147 557 3176 596 a
3223 541 3530 598 Blanchino
3575 541 3775 598 dicitur

2172 642 2452 712 pertinere
2483 640 2548 695 ad
2578 641 2842 696 saeculum
2889 655 2942 694 ix
2993 637 3234 695 circiter.
3284 638 3416 694 Mihi
3446 645 3596 694 totus
3637 640 3778 695 liber

2173 735 2392 791 videtur
2437 735 2674 804 scriptus
2723 733 2927 790 smculo
2954 749 2986 788 x
3015 739 3111 788 aut
3146 748 3227 799 xl,
3257 748 3382 788 cum
3409 731 3610 788 divites
3639 747 3778 788 non-

2175 827 2314 882 nulli
2344 827 2570 883 abbates
2598 827 2820 883 codices
2852 826 3160 896 praesertim
3193 839 3382 882 sacros
3409 825 3623 897 magnis
3673 827 3778 880 im-

2175 920 2384 992 pensis,
2418 927 2475 976 et
2502 919 2633 975 luxu
2661 921 2728 975 ad
2764 920 3128 976 imitationem
3158 920 3526 990 antiquiorum
3559 920 3778 976 exarari

2173 1013 2465 1083 iubebant.
2506 1013 2754 1084 Denique
2782 1013 3022 1070 Iacobus
3054 1014 3264 1070 Petitus
3301 1014 3356 1069 in
3405 1023 3521 1070 not.
3558 1014 3630 1070 ad
3661 1015 3781 1072 Ρω·

2180 1109 2457 1165 nitential.
2506 1108 2783 1166 Theodori
2832 1109 3249 1165 Cantuariensis
3289 1109 3586 1177 observat,
3639 1109 3777 1165 idem

2181 1202 2462 1259 decretum
2495 1202 2716 1259 Gelasio
2745 1203 3013 1273 assignari
3047 1218 3076 1257 a
3105 1202 3429 1274 Theodoro,
3465 1213 3522 1261 et
3571 1205 3626 1261 in
3657 1204 3778 1261 aliis

2182 1311 2316 1352 mss.
2346 1297 2652 1365 codicibus,
2686 1311 2827 1367 quos
2851 1307 3158 1352 enumerat.
3472 1372 3490 1376 Α
3535 1372 3586 1381 η
3655 1374 3658 1375 ν
3711 1370 3745 1381 ψ

2258 1391 2383 1448 152.
2427 1391 2746 1448 Statuamus
2796 1392 2983 1463 igitur,
3028 1408 3057 1446 a
3088 1393 3310 1450 Gelasio
3355 1372 3784 1450 editumml'uisse

2184 1484 2468 1540 decretum
2513 1485 2581 1541 de
2627 1483 2787 1540 libris
2829 1485 3162 1556 recipiendis
3190 1495 3382 1544 etnon
3414 1488 3780 1558 recipiendis;

2185 1591 2251 1632 ac
2277 1576 2681 1642 difficultatem,
2716 1591 2840 1648 qua:
2870 1592 2936 1633 ex
2962 1577 3148 1634 verbis
3176 1578 3297 1649 ejus
3324 1579 3396 1635 de
3420 1579 3649 1637 Sedulio
3675 1582 3787 1637 ori—

2189 1679 2297 1739 tur,
2331 1671 2440 1726 alio
2483 1672 2648 1726 modo
2671 1713 2686 1740 ,
2719 1671 2764 1726 si
2799 1670 2918 1727 ﬁeri
2945 1672 3157 1742 possit,
3186 1673 3553 1744 explicemus.
3588 1673 3646 1729 In
3675 1674 3787 1731 col—

478 1778 621 1820 cano
648 1762 816 1830 5791,
846 1763 899 1817 in
927 1760 1024 1816 fol.
1050 1776 1220 1832 parvo
1243 1761 1552 1817 membran.
1576 1761 1764 1816 saeculi
1787 1777 1820 1815 x
1839 1759 2082 1815 circiter.
2115 1755 2165 1816 B
2191 1765 2430 1822 lectione
2457 1765 2749 1822 Labbeana
2779 1764 3162 1822 Conciliorum
3185 1767 3268 1823 sic
3307 1767 3589 1826 decretum
3624 1769 3789 1826 habet

479 1855 702 1911 Initium
746 1853 954 1909 codicis
984 1861 1070 1908 est
1103 1871 1114 1906 :
1150 1851 1285 1906 Item
1308 1853 1566 1922 incipiunt
1595 1855 1825 1924 capitula
1849 1852 2083 1906 decreta-

481 1949 612 2001 lium
663 1946 1080 2015 Apostolicorum
1119 1955 1313 1999 sanctae
1354 1945 1607 2000 Romana:
1647 1946 1782 2000 sedis
1817 1944 2084 2000 Ecclesiaa.

481 2040 614 2096 Post
662 2036 866 2092 Felicis
915 2036 1213 2108 epistolam
1263 2036 1330 2090 ad
1371 2035 1648 2092 Zenonem
1699 2036 2086 2106 Hispalensem

483 2131 806 2203 episcopum
838 2130 1043 2201 legitur
1086 2146 1099 2183 :
1143 2127 1213 2183 In
1257 2129 1450 2183 Christi
1479 2130 1686 2184 nomine
1712 2131 1970 2200 incipiunt
1994 2129 2090 2184 de-

484 2233 626 2278 creta
647 2221 711 2278 de
731 2221 1044 2294 recipiendis
1071 2229 1118 2275 et
1150 2236 1254 2275 non
1284 2219 1593 2290 recipiendis
1625 2219 1792 2286 libris,
1824 2237 1940 2292 qua:
1959 2221 2091 2275 scri-

484 2326 578 2389 pta
607 2326 731 2371 sunt
765 2332 796 2370 a
830 2313 1042 2370 Gelasio
1083 2331 1220 2387 papa
1260 2331 1379 2369 cum
1405 2329 1514 2369 Lxx
1559 2313 1923 2368 eruditissimis
1964 2313 2092 2368 uiris

484 2410 743 2482 episcopis
771 2409 825 2463 in
855 2408 975 2464 sede
999 2408 1291 2481 apostolica
1329 2408 1472 2463 urbis
1500 2407 1701 2463 Romw.
1735 2407 1794 2462 ln
1825 2407 1935 2462 alio
1962 2405 2087 2464 cod.

483 2501 609 2558 Vat.
657 2501 796 2574 Reg.
846 2500 1012 2570 6018,
1044 2501 1230 2556 saeculi
1262 2499 1489 2556 circiter
1527 2515 1584 2567 x,
1629 2499 1912 2556 decretum
1945 2498 2091 2555 idem

482 2593 558 2650 ita
601 2593 932 2666 inscriptum
976 2593 1155 2664 reperi
1192 2609 1207 2650 :
1244 2590 1440 2663 Incipit
1472 2591 1868 2662 conﬁrmatione
1897 2591 2096 2646 domini

487 2687 688 2744 Gelasii
719 2703 867 2760 papa:
905 2687 968 2741 de
1008 2687 1152 2741 libris
1179 2687 1364 2741 veteris
1407 2701 1468 2740 ac
1496 2686 1615 2740 nobi
1649 2684 1996 2740 Testamenti:
2025 2682 2095 2738 In

483 2785 745 2858 principio
766 2784 1003 2838 videlicet
1033 2785 1259 2855 quinque
1279 2783 1399 2839 libri
1426 2784 1620 2856 Moysi,
1653 2793 1759 2840 etc.
1792 2784 1911 2840 Alia
1937 2785 2092 2840 simi-

486 2878 559 2932 lia
591 2875 786 2933 menda
818 2885 1143 2933 occurrunt.
1175 2875 1331 2933 Alius
1361 2884 1449 2933 est
1485 2877 2092 2949 codexVat.Reg.199,

485 2967 544 3024 in
574 2984 680 3039 quo
711 2976 835 3039 post
861 2968 1059 3024 librum
1091 2977 1312 3024 auctum
1344 2967 1545 3024 lsidori
1586 2968 1654 3024 de
1686 2969 1837 3025 obitu
1866 2968 2092 3024 Patrum

487 3072 570 3118 est
615 3060 890 3133 quoddam
920 3076 1060 3131 opus
1109 3076 1441 3132 anonymum
1473 3063 1541 3118 de
1591 3062 1855 3118 numeris.
1890 3064 2097 3118 Auctor

488 3153 783 3208 occasione
831 3151 1031 3207 binarii
1079 3153 1293 3207 numeri
1353 3153 1464 3223 agit
1514 3151 1582 3209 de
1637 3153 1852 3208 duobus
1898 3152 2096 3221 modis,
2126 3149 2172 3214 C
2202 3160 2390 3229 rimus,
2423 3162 2684 3218 secundis
2728 3165 2875 3221 curis
2922 3167 3248 3237 prceferimus

491 3247 688 3319 quibus
734 3254 849 3301 tota
897 3243 1174 3316 scriptura
1225 3245 1584 3316 intelligenda
1625 3255 1750 3313 est,
1800 3255 1857 3302 et
1902 3246 2097 3302 inserit

489 3351 667 3397 totum
715 3340 1005 3396 decretum
1057 3338 1264 3396 Gelasii
1325 3339 1498 3394 libere
1545 3355 1577 3395 a
1629 3354 1691 3396 se
1737 3339 2093 3411 descriptum.

492 3433 792 3491 Przemittit
831 3440 1012 3488 autem
1061 3450 1074 3487 :
1124 3431 1270 3487 Ordo
1299 3434 1470 3504 itaque
1499 3432 1791 3488 divinorum
1821 3432 2095 3502 librorum,

490 3547 618 3600 quos
649 3528 886 3585 Ecclesia
910 3526 1170 3582 catholica
1193 3526 1439 3593 scribere,
1471 3529 1660 3600 legere,
1690 3528 1918 3599 recipere
1951 3528 2097 3583 debet

491 3623 775 3680 secundum
803 3620 1138 3676 traditionem
1164 3631 1466 3676 sanctorum
1485 3623 1737 3690 uirorum,
1768 3630 1815 3677 et
1846 3621 2098 3677 orthodo-

492 3732 680 3771 xorum
707 3713 954 3782 Patrunt,
986 3713 1083 3767 hoc
1111 3721 1209 3782 est,
1241 3711 1440 3769 Gelasii
1462 3730 1614 3784 papa:
1641 3731 1756 3767 cum
1781 3730 1886 3769 Lxx
1911 3715 2103 3786 episco-

495 3809 575 3881 pis
599 3807 963 3864 eruditissimis
991 3806 1116 3860 viris
1150 3807 1206 3858 in
1234 3807 1355 3861 sede
1383 3808 1670 3879 apostolica
1710 3807 1852 3862 urbis
1895 3807 2097 3878 Romaz,

493 3913 541 3956 et
570 3900 856 3956 secundum
878 3898 1209 3952 traditionem
1237 3898 1299 3954 S.
1331 3900 1601 3954 Athanasii
1628 3901 1856 3973 episcopi
1874 3900 2102 3957 Alexan-

494 3996 625 4050 driae
664 3994 903 4049 civitatis.
938 3991 1220 4048 Laudatur
1247 4007 1466 4064 quoque
1493 3993 1763 4049 Decretale
1801 3993 1998 4049 Gelasii
2039 3995 2103 4049 de

496 4087 648 4144 libris
680 4086 1017 4156 recipiendis,
1052 4095 1188 4154 etc.,
1222 4084 1382 4142 initio
1411 4085 1617 4142 codicis
1647 4085 1771 4142 Vat.
1800 4086 1938 4158 Reg.
1969 4087 2101 4144 551.

493 4180 705 4256 Ioseph
732 4179 1064 4236 Blanchinus
1095 4179 1148 4233 in
1175 4178 1396 4248 Proleg.
1425 4177 1492 4234 ad
1522 4189 1559 4236 t.
1593 4178 1662 4234 ιν
1689 4183 1879 4236 Anast.
1909 4195 2098 4252 opusc.

497 4275 553 4342 5,
605 4289 673 4329 cx
703 4271 1086 4342 antiquissimo
1115 4270 1307 4327 codice
1342 4269 1667 4327 Florentino
1715 4272 1927 4329 titulum
1969 4289 2102 4346 pro-

493 4367 604 4423 fert
649 4385 661 4421 :
711 4364 907 4437 Incipit
948 4364 1213 4419 decretum
1259 4365 1323 4419 de
1367 4364 1681 4436 recipiendis
1713 4377 1759 4422 et
1795 4367 2103 4440 abjiciendis

498 4461 664 4531 libris,
696 4457 835 4532 quod
855 4458 1106 4531 scriptum
1132 4465 1205 4511 est
1231 4475 1264 4512 a
1291 4454 1499 4512 Gelasio
1534 4475 1673 4529 papa
1701 4475 1815 4513 cum
1843 4475 1952 4514 Lxx
1986 4476 2104 4514 eru-

2190 1857 2259 1913 de
2301 1856 2529 1913 Sedulio
2577 1874 2591 1911 :
2640 1856 2775 1912 Item
2805 1859 3114 1913 venerabilis
3155 1859 3254 1914 uiri
3284 1859 3490 1916 Sedulii
3533 1859 3790 1916 Paschale

2193 1951 2362 2022 Opus,
2393 1951 2532 2022 quod
2569 1952 2790 2006 heroicis
2818 1952 3095 2023 descripsit
3121 1953 3371 2020 uersibus,
3413 1955 3608 2027 insigni
3637 1954 3790 2010 laude

2190 2046 2540 2118 prwferimus.
2583 2045 2675 2102 Sic
2717 2047 2882 2102 etiam
2934 2045 3232 2104 Gratianus
3279 2048 3530 2105 distinct.
3567 2051 3662 2118 15,
3695 2049 3788 2106 scd

2192 2139 2507 2212 proferimus
2546 2155 2647 2210 pro
2691 2141 3019 2212 praeferimus
3057 2158 3075 2195 :
3120 2157 3220 2213 pro
3252 2141 3474 2202 diversa
3519 2146 3792 2216 scriptura

2193 2241 2418 2288 notatur
2466 2235 2798 2305 preferimus.
2845 2233 3032 2290 Codex
3073 2233 3424 2293 Florentinus
3453 2237 3596 2309 apud
3629 2237 3794 2293 Blan-

2192 2326 2415 2382 chinum
2442 2371 2455 2392 ,
2491 2335 2548 2383 et
2576 2326 2828 2384 Jurensis
2874 2326 3017 2398 apud
3049 2325 3384 2386 Chifﬂetium
3424 2331 3793 2403 praeferimus:

2194 2419 2491 2477 Vaticanus
2537 2437 2692 2476 num.
2724 2419 2856 2478 1541
2893 2421 3000 2478 hoc
3044 2423 3248 2494 ipsum,
3277 2426 3525 2495 quamvis
3557 2425 3614 2480 in
3647 2439 3796 2481 com-

2195 2511 2398 2583 pendio
2429 2513 2760 2580 litterarum,
2791 2515 2937 2585 quod
2966 2513 3128 2571 facile
3152 2516 3221 2572 ab
3245 2516 3480 2573 incautis
3507 2516 3649 2573 trahi
3675 2533 3799 2589 pos-

2195 2606 2268 2662 sit
2309 2606 2378 2662 ad
2420 2607 2758 2679 proferimus.
2788 2607 2976 2664 Codex
3006 2607 3128 2664 Vat.
3162 2608 3298 2682 Reg.
3331 2610 3475 2666 6018
3499 2611 3655 2668 clare
3682 2630 3796 2684 pre-

2198 2698 2436 2770 ferimus.
2487 2698 2698 2754 Auctor
2740 2700 2927 2770 Operis
2971 2699 3040 2756 de
3074 2700 3330 2757 Numeris
3380 2704 3434 2758 in
3477 2701 3616 2761 Cod.
3671 2704 3792 2759 Vat.

2197 2791 2334 2862 Reg.
2383 2792 2487 2848 199
2519 2793 2707 2863 paucis
2737 2793 3042 2849 immutatis
3067 2810 3080 2848 :
3106 2792 3241 2850 Item
3266 2797 3548 2852 uenerandi
3575 2799 3676 2853 uiri
3704 2798 3798 2855 Sc-

2198 2882 2334 2938 dulii
2367 2885 2597 2957 episwpi
2627 2883 2884 2946 Paschale
2917 2886 3080 2960 Opus,
3112 2905 3262 2958 quem
3293 2889 3435 2961 (lege
3457 2890 3623 2963 quod)
3657 2893 3798 2947 theoo

2197 2976 2320 3030 ricis
2367 2977 2596 3032 versibus
2643 2978 2946 3051 descripsit,
2997 2981 3193 3054 insigni
3241 2982 3396 3038 laude
3447 2986 3792 3057 praeferimus.

2199 3067 2380 3124 Codex
2419 3068 2594 3124 Vatic.
2625 3069 2797 3127 Palat.
2827 3073 2970 3142 apud
2995 3073 3358 3132 Blanchinum
3387 3076 3442 3131 in
3476 3085 3631 3132 textu
3663 3081 3796 3150 refe-

3290 3185 3308 3223 :
3357 3169 3502 3225 idem
3537 3170 3710 3227 codex
3741 3173 3794 3228 in

2202 3261 2357 3309 textu
2403 3255 2644 3327 Sedulii,
2676 3271 2788 3314 sec.
2823 3273 2942 3314 cur.
2974 3260 3219 3332 Sgdulii,
3265 3261 3320 3317 in
3361 3271 3514 3319 textu
3561 3265 3792 3333 erroicis,

2200 3360 2316 3402 sec.
2369 3362 2490 3404 cur.
2539 3350 2796 3420 eruditis,
2848 3352 2995 3423 quod
3026 3355 3312 3426 amplexus
3349 3368 3432 3413 est
3463 3358 3795 3415 Blanchinus

2203 3455 2303 3512 pro
2331 3441 2577 3499 heroicis.
2613 3444 2810 3516 Pagina
2851 3457 3134 3519 postrema
3177 3451 3342 3508 verba
3392 3453 3475 3510 sic
3518 3454 3690 3510 refert
3719 3455 3798 3508 in-

2203 3532 2349 3605 signe
2392 3533 2549 3590 laude
2591 3537 2920 3608 prce/erimus
2951 3555 2968 3593 :
2999 3549 3163 3613 atque
3191 3543 3264 3598 ita
3293 3558 3484 3602 revera
3511 3546 3715 3618 legitur
3743 3546 3795 3602 in

2203 3625 2395 3682 codice
2423 3627 2790 3699 Vatic.15i1,
2819 3631 2955 3699 sed,
3003 3641 3064 3689 ut
3107 3637 3325 3706 opinor,
3373 3638 3564 3695 eodem
3609 3655 3795 3705 sensu,

2205 3735 2314 3777 non
2358 3729 2420 3777 ut
2459 3721 2672 3779 dicatur
2720 3741 2850 3798 opus
2881 3728 3104 3798 insigne,
3135 3729 3232 3786 sed
3278 3731 3435 3788 laude
3461 3734 3685 3808 insigne,
3711 3735 3799 3790 vel

2206 3815 2420 3889 insigni.
2455 3815 2574 3872 Alia
2602 3817 2972 3891 discrepantia
3002 3832 3086 3877 est
3117 3824 3170 3878 in
3200 3823 3305 3880 hoc
3331 3825 3523 3882 codice
3541 3827 3799 3884 Vaticano

2207 3910 2716 3984 1511,descripserit
2737 3912 2849 3986 84
2871 3930 2970 3985 pro
2996 3916 3290 3990 descripsit,
3309 3929 3366 3974 ut
3395 3921 3583 3977 caeteri
3609 3937 3798 3979 omnes

2205 4001 2507 4060 exhibent:
2537 4005 2684 4074 quod
2712 4009 3077 4065 omittendum
3115 4026 3146 4066 a
3181 4011 3344 4068 nobis
3374 4028 3484 4070 non
3513 4013 3649 4083 fuit;
3677 4031 3798 4072 nam

2207 4094 2336 4152 inde
2364 4095 2603 4154 fortasse
2639 4098 2854 4157 diversa
2899 4103 3150 4174 quaedam
3179 4104 3389 4162 decreti
3419 4105 3799 4179 interpretatio

2208 4189 2326 4245 erui
2355 4193 2583 4261 poterit,
2613 4203 2673 4249 ut
2695 4210 2841 4252 nunc
2866 4197 3069 4254 dicam.

2282 4284 2405 4341 155.
2449 4287 2905 4347 Animadversum
2929 4291 3042 4364 jam
3074 4292 3178 4349 fuit
3205 4311 3356 4351 num.
3388 4297 3481 4364 54,
3511 4275 3799 4355 δεάυιίιῖἶῖι

2207 4391 2401 4449 poema
2433 4394 2590 4438 suum
2628 4385 2870 4442 voluisse
2898 4388 3085 4443 vocari
3109 4385 3330 4446 Carmen
3361 4389 3642 4462 Paschale,
3678 4409 3803 4465 pro-

2207 4485 2324 4526 sam
2350 4477 2641 4542 vero,sive
2664 4477 3173 4550 interpretationem
3205 4494 3396 4553 postea
3425 4484 3631 4541 editam
3659 4485 3800 4560 Opus

498 4553 767 4652 {dissilit-i8
786 4551 910 4605 υἱνὶδ
933 4549 1187 4652 eti-{3091953
1207 4549 1263 4602 ενι
1277 4549 1414 4652 ’ςεβϐ
1434 4552 1745 4652 ξιροδιοιὶςςέ
1763 4551 1887 4652 urb}
1906 4549 2096 4652 [itit-na-
2126 4554 2179 4615 D
2206 4563 2485 4623 Paschale.
2517 4568 2742 4628 Juretus
2761 4613 2776 4639 ,
2821 4574 2912 4645 qui
2945 4576 3154 4646 primus
3181 4549 3424 4634 omnium
3455 4594 3676 4652 prosam
3707 4549 3804 4638 Se-

502 4643 585 4698 Ex
611 4642 803 4699 codice
829 4655 962 4698 vero
983 4640 1249 4697 Vaticano
1277 4641 1528 4697 Palatino
1558 4659 1615 4698 n.
1642 4643 1770 4710 495,
1788 4642 1882 4699 fol.
1919 4645 2044 4711 101,
2074 4660 2105 4700 a

497 4737 656 4794 Justo
685 4734 995 4792 Fontanino
1037 4735 1168 4791 olim
1191 4776 1207 4802 ,
1254 4745 1308 4791 et
1337 4745 1526 4806 postea
1553 4736 1621 4792 ab
1653 4737 1772 4806 ipso
1802 4737 2102 4796 Blanchino

493 4831 814 4904 diligentius
841 4830 1046 4886 collato
1073 4849 1086 4883 :
1115 4829 1317 4900 Incipit
1346 4831 1651 4885 decretalem
1683 4829 1704 4902 (
1733 4831 1812 4886 sic
1841 4832 2104 4890 mendose

489 4943 595 5001 pro
625 4924 916 4996 decretalc)
949 4924 1115 4978 sancti
1143 4921 1345 4978 Gelasii
1391 4939 1542 4994 papa:
1594 4924 1732 4980 urbis
1761 4925 1963 4983 Romw.
1996 4927 2107 4984 Va-

495 5023 606 5078 rias
639 5019 905 5075 lectiones
935 5031 1004 5071 ex
1033 5015 1116 5072 his
1149 5015 1361 5071 duobus
1387 5014 1690 5082 codicibus,
1727 5026 1782 5073 et
1810 5033 1878 5074 ex
1909 5019 2104 5076 codice

494 5110 717 5170 .lurensi
759 5105 1055 5172 Chiflletii,
1100 5107 1191 5178 qui
1244 5120 1395 5177 saepe
1424 5103 1682 5162 Furensis
1721 5124 1910 5165 errore
1943 5119 2101 5183 typo-

494 5203 780 5277 graphico,
813 5207 873 5256 ut
902 5208 1055 5270 puto,
1088 5197 1145 5254 in
1175 5198 1258 5255 eis
1286 5199 1501 5270 Proleg.
1530 5209 1780 5272 vocatur,
1809 5201 2104 5275 diligenter

493 5301 604 5373 83
633 5295 916 5355 annotavit
941 5293 1315 5366 Blanchinus.
1349 5292 1473 5348 Vidi
1501 5309 1604 5366 ego
1641 5295 1806 5352 etiam
1851 5298 2098 5355 codicem

494 5395 620 5452 Vat.
655 5393 831 5450 Palat.
887 5406 1040 5447 num.
1068 5388 1200 5454 495,
1248 5402 1356 5458 quo
1400 5397 1530 5443 ante
1574 5389 1864 5446 Decretum
1896 5391 2102 5448 Gelasii

496 5492 810 5544 continetur
837 5483 1058 5540 Missale
1087 5479 1422 5536 Gallicanum
1465 5492 1609 5538 vetus
1637 5497 1666 5537 a
1695 5482 1832 5540 Ven.
1865 5485 2108 5543 Thoma-

504 5584 586 5637 sio
635 5580 880 5644 dictum,
932 5577 1095 5648 cujus
1163 5575 1548 5645 antiquitatem
1610 5575 1999 5650 Mabillonius,
2055 5593 2111 5638 et

511 5672 844 5729 'l‘homasius
868 5670 1226 5726 vehementer
1255 5676 1616 5741 exaggerant.
1651 5671 1761 5728 Sed
1800 5673 2026 5731 Leslcus
2054 5677 2110 5733 in

513 5767 727 5842 pruriat.
774 5759 844 5816 ad
887 5761 1103 5820 Missale
1151 5761 1447 5820 Gothicum
1499 5778 1648 5820 num.
1707 5764 1815 5823 290
1868 5770 2112 5842 conjicitl

2210 4657 2344 4714 dulii
2396 4661 2660 4733 vulgavit,
2709 4665 3027 4736 expendens
3058 4668 3222 4725 verba
3253 4668 3482 4739 Gelasii,
3517 4674 3612 4743 qui
3661 4672 3801 4746 Opus

2210 4750 2504 4825 Paschale,
2555 4765 2611 4812 et
2653 4773 2844 4816 versus
2893 4761 3179 4831 heroicos,
3229 4763 3428 4836 quibus
3466 4764 3803 4836 descriptum

2211 4846 2332 4916 luit,
2370 4851 2637 4921 nominat,
2669 4853 2970 4923 concludit,
3002 4855 3175 4912 videri
3203 4857 3483 4914 Gelasium
3511 4869 3805 4930 utrumque

2210 4953 2350 5011 Opus
2379 4945 2856 5015 comprehendere
2889 4949 3152 5006 voluisse.
3183 4951 3327 5007 Sane
3365 4953 3672 5024 prepositio
3701 4951 3806 5009 Ge-

2209 5033 2330 5090 lasii
2377 5037 2774 5107 aliquantulum
2826 5040 3061 5098 obscura
3109 5052 3226 5113 est,
3271 5053 3435 5116 atque
3481 5043 3621 5101 adeo
3653 5045 3808 5102 locus

2206 5129 2537 5199 conjiciendi
2585 5147 2708 5189 esse
2757 5141 2966 5204 potest,
3015 5151 3084 5190 an
3117 5145 3371 5207 oporteat
3418 5138 3605 5208 legere
3661 5138 3808 5210 Opus

2206 5220 2502 5291 Paschale,
2548 5235 2598 5280 et
2625 5227 2765 5298 quod
2803 5227 3034 5284 heroicis
3077 5230 3348 5303 descripsit
3377 5231 3628 5287 versibus.
3675 5231 3807 5288 Cum

2208 5327 2394 5374 autem
2445 5319 2498 5374 in
2548 5321 2779 5391 epistola
2809 5323 2875 5379 ad
2921 5323 3296 5381 Macedoniam
3330 5328 3612 5397 praemissa
3643 5326 3809 5398 Operi

2210 5409 2486 5481 Paschali,
2521 5415 2635 5471 sive
2665 5431 2866 5487 prosae,
2899 5416 3155 5476 Sedulius
3183 5421 3361 5490 dicat,
3401 5437 3461 5477 se
3491 5422 3636 5480 idem
3673 5438 3808 5495 opus

2212 5513 2374 5560 antea
2405 5521 2570 5563 versu
2601 5508 2927 5581 digessisse,
2960 5511 3211 5570 dubitare
3244 5515 3440 5571 merito
3472 5516 3676 5585 aliquis
3718 5533 3810 5588 po-

2214 5598 2375 5665 terit,
2427 5617 2554 5656 num
2607 5612 2821 5659 retenta
2871 5605 3140 5676 scriptura
3185 5607 3394 5664 codicis
3420 5607 3598 5664 Vatic.
3650 5609 3806 5676 1511,

2216 5691 2356 5762 quod
2379 5691 2602 5750 heroicis
2624 5695 2952 5770 descripserit
2976 5701 3224 5772 rersibus,
3245 5715 3404 5758 mens
3418 5702 3622 5760 Gelasii
3645 5702 3809 5760 fuerit

2220 5780 2445 5842 laudare
2477 5787 2626 5859 Opus
2651 5787 2936 5861 Paschale,
2968 5794 3112 5866 quod
3163 5811 3231 5853 ex
3278 5795 3598 5868 praefatione
3646 5796 3811 5856 intel-

3683 5951 3728 6022 ,ί
