4086 6184
415 241 523 300 497

1810 259 2333 325 PROLEGOMENA
2345 310 2353 323 .

3611 283 3720 341 498

410 363 626 468 lexerat
646 362 902 476 versibtts
929 368 1101 474 fuisse
1124 373 1484 446 descriptum,
1508 381 1758 450 quamvis
1780 380 2013 441 Carmen
2037 381 2099 447 Δ
2117 383 2364 443 Ermoldi
2395 387 2587 461 Nigelli
2621 408 2718 464 pro
2755 393 3037 453 Ludovico
3071 397 3406 468 imperatore
3433 401 3578 476 apud
3603 401 3720 458 Mu-

409 455 592 528 ipsum
623 473 734 514 non
767 458 992 530 viderit.

486 549 612 605 154.
654 550 770 606 Iloc
820 562 981 621 pacto
1018 554 1176 614 facile
1207 559 1349 616 solvi
1382 573 1568 633 posset
1595 565 1913 638 difﬁcultas,
1947 585 2014 626 ex

412 652 694 716 tempore,
746 662 858 716 quo
909 647 1193 707 decretum
1225 653 1430 712 Gelasii
1479 661 1725 730 prodiit,
1765 678 1793 716 a
1824 663 2016 719 multis

413 739 647 808 objecta.
682 741 898 797 Dicitur
941 743 1087 800 enim
1128 747 1414 806 decretum
1448 751 1678 821 editum,
1713 757 1932 812 Asterio
1959 765 2017 814 et

413 831 684 887 Praesidio
729 835 1051 892 consulibus
1096 856 1109 892 :
1153 849 1210 895 et
1250 841 1484 898 Turcius
1534 844 1724 902 Rullus
1765 847 2016 904 Asterius

408 924 619 981 Sedulii
666 941 891 984 carmen
939 945 1049 985 non
1095 932 1352 1006 collegit,
1403 947 1456 992 ct
1499 937 1691 1008 edidit,
1742 942 1848 996 nisi
1892 952 2017 1012 post

406 1019 756 1075 consulatum
782 1039 796 1075 :
824 1037 948 1078 nam
975 1026 1081 1080 etsi
1105 1025 1157 1081 in
1189 1030 1473 1086 nonnullis
1504 1033 1787 1089 codicibus
1813 1035 2016 1090 dicitur

408 1111 628 1166 consule
670 1113 974 1182 ordinario,
1027 1117 1082 1172 in
1131 1118 1412 1189 plerisque
1456 1134 1638 1180 tamen
1689 1141 2013 1196 expressum

409 1213 494 1260 est
530 1208 806 1262 exconsule
839 1209 1130 1268 ordinario.
1181 1213 1354 1270 Nemo
1402 1215 1646 1287 dubitat,
1690 1221 1821 1290 quin
1865 1219 2014 1292 Opus

413 1297 718 1368 Paschale,
747 1301 863 1359 sive
893 1318 1058 1375 prosa
1090 1306 1296 1365 Sedulii
1322 1311 1445 1368 sine
1475 1328 1581 1383 ope
1609 1322 1665 1369 et
1693 1329 1826 1371 cura
1858 1319 2014 1373 Aste-

408 1392 484 1448 rii
531 1393 820 1464 prodierit.
853 1396 1040 1455 Potuit
1082 1416 1216 1473 ergo
1262 1403 1514 1461 Gelasius
1551 1405 1700 1477 Opus
1746 1409 2012 1466 Paschale

405 1488 834 1558 commendare,
882 1495 1134 1563 quamvis
1185 1496 1238 1552 in
1268 1498 1463 1569 vulgus
1510 1501 1718 1556 editum
1768 1502 2010 1558 nondum

404 1579 599 1638 fuisset
644 1583 880 1642 Carmen
926 1586 1213 1646 Paschale.
1261 1591 1629 1649 Nihilominus
1671 1596 2010 1665 probabilius

402 1691 630 1746 censeo,
666 1678 944 1737 Gelasium
975 1684 1062 1739 vel
1111 1695 1404 1758 utrumque
1457 1703 1615 1759 opus,
1667 1689 1756 1745 vel
1790 1691 2012 1760 potissi-

401 1786 552 1826 mum
581 1771 818 1828 Carmen
847 1774 1112 1832 Paschale
1142 1778 1340 1850 insigni
1368 1780 1462 1835 illa
1495 1796 1595 1836 sua
1623 1781 1783 1837 laude
1817 1799 2010 1853 prose-
2038 1775 2088 1837 B

399 1872 590 1919 cutum
639 1864 810 1922 fuisse
873 1887 884 1922 :
946 1869 1218 1942 siquidem
1268 1871 1573 1929 iuvencum
1622 1890 1744 1931 cum
1788 1876 2011 1933 Sedulio

400 1957 744 2030 coniungens
767 2001 781 2026 ,
813 1960 964 2017 illico
993 1963 1205 2020 addidit
1229 1984 1242 2020 :
1270 1964 1403 2021 Item
1431 1967 1651 2022 Juvenci
1672 1969 2009 2027 nihilominus

400 2050 722 2107 laboriosum
757 2070 887 2124 Opus
930 2073 1034 2112 non
1065 2060 1386 2130 spernimus,
1420 2063 1510 2116 sed
1541 2062 1794 2116 miramur
1835 2081 1856 2119 :
1904 2080 2010 2136 quo

400 2143 603 2214 innuit,
631 2144 858 2204 Juvenci
889 2165 1115 2207 carmen
1147 2168 1249 2209 nec
1279 2154 1462 2211 minus
1492 2153 1855 2224 laboriosum,
1904 2173 2009 2216 nec

398 2236 584 2293 minus
613 2240 771 2296 laude
799 2241 1028 2313 dignum
1059 2259 1206 2301 esse.

476 2330 606 2386 155.
649 2331 848 2404 Pagius
895 2350 1024 2406 ergo
1064 2352 1189 2393 cum
1247 2339 1368 2394 aliis
1401 2339 1528 2397 hinc
1568 2343 1779 2414 colligit
1819 2344 2009 2401 decre-

403 2428 520 2477 tum
549 2421 751 2480 Gelasii
790 2435 914 2496 post
953 2429 1302 2486 consulatum
1331 2430 1537 2488 Asterii
1569 2434 1777 2490 editum
1813 2435 2008 2493 fuisse.

401 2514 686 2582 TeStatur,
717 2533 777 2572 se
807 2519 1013 2577 vidisse
1053 2523 1301 2579 codicem
1329 2541 1432 2580 ms.
1464 2528 1854 2600 antiquissimo
1881 2529 2014 2586 cha-

402 2617 618 2666 ractere
669 2620 953 2668 exaratum
997 2616 1049 2670 in
1099 2617 1426 2677 bibliotheca
1480 2622 1648 2695 Regia
1689 2625 1801 2699 85
1844 2625 2005 2682 Pari-

403 2715 574 2772 siensi
600 2761 614 2786 ,
633 2717 911 2789 aliumque
935 2720 986 2775 in
1006 2719 1338 2778 bibliotheca
1357 2724 1652 2782 Parisiensi
1671 2728 1728 2783 S.
1745 2727 2007 2800 Victoris,

405 2827 436 2865 a
469 2810 668 2881 quibus
694 2813 886 2870 aberat
914 2823 1043 2870 nota
1077 2816 1167 2872 illa
1188 2820 1476 2888 temporis,
1508 2819 1715 2876 Asteria
1741 2833 1788 2876 et
1816 2823 2013 2878 Prwsi-

407 2905 498 2959 dio
540 2905 859 2976 consulibus,
904 2924 1068 2979 quam
1099 2909 1368 2968 Baronius
1412 2915 1867 2971 ctConciliorum
1897 2917 2013 2972 col-

408 3001 647 3056 lectores
678 3001 907 3058 decreto
935 3001 1142 3059 Gelasii
1190 3007 1584 3076 ascripserunt.
1633 3009 1749 3064 Duo
1779 3009 2011 3065 Codices

409 3094 656 3150 Vativani
703 3105 758 3151 et
787 3095 959 3152 codex
989 3097 1346 3156 Florentinus
1377 3115 1543 3171 supra
1589 3104 2007 3158 commemorati

411 3188 620 3258 pariter
649 3189 904 3258 ignorant
931 3191 1200 3260 ejusmodi
1229 3202 1410 3247 notam
1444 3193 1833 3264 temporariam
1864 3213 1876 3249 :
1911 3211 2006 3252 ne-

410 3299 518 3355 que
547 3283 737 3350 video,
768 3298 891 3338 eam
919 3285 990 3340 ab
1021 3285 1202 3356 aliquo
1250 3301 1317 3341 ex
1364 3286 1654 3357 designato
1697 3288 1871 3344 veteri
1903 3304 2007 3344 ms.

413 3385 666 3458 produci.
699 3385 1065 3454 Quamobrem
1104 3385 1304 3456 Pagius
1337 3387 1540 3457 arguit,
1579 3387 1810 3457 primam
1841 3403 2010 3459 syno-

413 3481 540 3536 dum
573 3480 873 3535 Romanam
903 3479 1006 3534 sub
1041 3479 1263 3536 Gelasio
1290 3478 1627 3535 celebratam
1659 3480 1830 3538 fuisse
1863 3496 2010 3536 anno

414 3573 546 3642 495,
579 3573 743 3630 tertio
768 3572 889 3628 idus
912 3572 1110 3639 Martii,
1142 3572 1194 3628 in
1225 3587 1330 3643 qua
1354 3573 1596 3628 Misenus
1624 3572 2012 3628 reconciliatus

413 3677 498 3724 est
527 3684 652 3725 cum
683 3667 956 3733 Ecclesia,
989 3667 1260 3739 synodum
1292 3667 1588 3722 secundam
1619 3668 1701 3722 vel
1747 3677 2012 3724 autumno

417 3764 666 3836 ejusdem
708 3763 859 3829 anni,
890 3762 974 3816 vel
1010 3763 1188 3832 potius
1233 3777 1376 3816 anno
1413 3761 1687 3832 sequenti,
1723 3762 1778 3816 in
1811 3778 1918 3831 qua
1945 3763 2015 3819 de

415 3860 576 3917 libris
602 3857 930 3930 apocryphis
951 3865 1154 3913 actum.
1185 3856 1362 3912 Priori
1388 3857 1748 3912 interfuerunt
1770 3856 2014 3927 episcopi

417 3972 504 4020 ιν,
538 3954 830 4025 posteriori
879 3969 1052 4019 Lxsn,
1086 3953 1192 4016 vel,
1241 3960 1301 4006 ut
1351 3951 1600 4021 plerique
1644 3951 1738 4006 alii
1787 3951 2012 4018 habent,

414 4064 541 4103 uit.
584 4047 642 4102 ln
673 4045 1105 4102 Collectionibus
1131 4044 1506 4100 Conciliorutn
1540 4045 1624 4099 lia:
1662 4045 1858 4116 synodi
1884 4059 2017 4100 con—

417 4145 646 4201 trarium
680 4143 932 4197 ordinem
965 4151 1208 4196 servant.

488 4238 614 4294 156.
659 4237 740 4292 Ex
762 4237 846 4291 bis
877 4236 1070 4290 idonea
1094 4235 1308 4290 eruitur
1337 4235 1494 4301 ratio,
1518 4249 1613 4289 cur
1635 4233 1884 4290 Gclasius
1908 4244 2016 4291 tam

416 4333 684 4405 praeclaro
709 4330 890 4401 elogio
919 4328 1198 4384 Sedulium
1233 4329 1556 4384 mactaverit
1589 4346 1601 4382 :
1629 4344 1752 4382 nam
1783 4327 2017 4384 fortasse

417 4441 533 4480 rem
579 4431 786 4493 gratam
835 4420 1015 4475 facere
1055 4420 1228 4474 voluit
1274 4419 1482 4474 recenti
1541 4416 1742 4474 editori
1783 4417 2016 4482 Sedulii,

415 4519 535 4575 viro
574 4516 804 4585 patricio
831 4525 885 4569 et
915 4512 1191 4568 consulari
1221 4512 1460 4567 Asterio.
1495 4509 1654 4567 Subit
1695 4511 1859 4566 etiam
1901 4512 2015 4566 ani-

414 4628 564 4669 mum
593 4609 887 4681 suspicari,
930 4624 997 4662 an
1030 4608 1280 4664 Asterius
1330 4622 1525 4662 novam
1566 4606 1771 4664 Sedulii
1818 4606 2020 4663 editio-

414 4722 543 4763 nem
575 4703 793 4760 Gelasio
825 4701 1088 4757 dicaverit
1121 4719 1133 4754 :
1174 4717 1298 4756 nam
1329 4702 1582 4758 Asterius
1611 4700 1821 4769 Romae,
1856 4711 1914 4754 ut
1941 4701 2020 4756 vi-

416 4799 603 4864 detur,
636 4795 972 4866 epigramma
993 4809 1150 4848 suum
1179 4793 1420 4863 scripsit,
1451 4802 1504 4848 et
1528 4809 1818 4862 quemnam
1845 4793 2014 4847 alium

415 4889 767 4947 Sacerdotem
801 4888 869 4941 ab
909 4902 975 4942 eo
1013 4886 1276 4956 appellari
1320 4885 1701 4955 conjiciemus,
1736 4886 1839 4942 nisi
1870 4901 2018 4940 sum-

417 4997 570 5038 mum
599 4979 910 5052 pontificem
941 4977 1264 5036 Gelasium?
1290 4978 1347 5033 ln
1372 4979 1548 5048 primo
1575 4993 1741 5034 versu
1771 4979 2016 5050 plerique

419 5075 646 5140 habent,

545 5189 716 5250 Sume,
741 5201 884 5239 sacer
904 5188 1115 5250 meritis,
1141 5187 1332 5238 veracis
1352 5187 1483 5238 dicta
1503 5195 1664 5250 poetae
1698 5199 1711 5235 :

416 5293 748 5352 Sirmondus
777 5309 808 5348 e
838 5308 938 5348 suo
977 5292 1167 5348 codice
1215 5292 1441 5362 protulit
1481 5293 1710 5358 veracia,
1746 5298 1802 5346 et
1831 5288 2015 5346 Cella-

420 5390 539 5445 rius
564 5404 594 5443 e
627 5388 749 5442 cod.
783 5387 946 5443 Cant.
984 5396 1131 5456 pater
1165 5401 1262 5456 pro
1291 5402 1456 5441 sacer.
1487 5385 1544 5441 ln
1574 5382 1712 5439 Cod.
1752 5384 2016 5440 Vaticano

423 5483 560 5554 Reg.
597 5482 623 5536 1
661 5497 762 5552 pro
814 5481 976 5536 Sume
1021 5482 1222 5551 legitur
1269 5480 1505 5535 Summe.
1552 5478 1669 5536 Non
1721 5479 2018 5535 absurdum

420 5583 572 5630 esset
604 5583 776 5628 totum
810 5590 1030 5628 versum
1072 5575 1153 5630 sic
1192 5573 1515 5640 reformare,

549 5688 750 5736 Summe
777 5699 918 5737 sacer
941 5687 1152 5747 meritis,
1171 5687 1275 5737 veri
1295 5685 1461 5750 accipe
1480 5683 1610 5734 dicta
1635 5690 1814 5748 poetae.

424 5795 525 5853 Vel
556 5795 770 5852 Summe
793 5804 960 5863 pater,
991 5803 1098 5848 etc.
1133 5792 1335 5848 Verius
1354 5801 1538 5848 tamen
1561 5799 1694 5862 puto
1723 5805 1871 5845 sacer
1896 5788 2027 5846 sub-

426 5891 670 5945 stantivo
702 5889 866 5945 modo
896 5905 996 5960 pro
1018 5886 1282 5944 sacerdos.
1316 5886 1408 5944 Sic
1431 5887 1485 5942 in
1509 5885 1754 5942 carmine
1784 5873 2029 5953 elegiaco

2117 481 2383 536 ratorium
2408 490 2544 538 tom.
2569 485 2635 554 Il,
2664 496 2806 558 part.
2833 504 2894 554 rt,
2921 490 3028 544 col.
3054 491 3108 558 5,
3136 489 3254 546 Hoc
3275 510 3426 550 sacer
3446 497 3725 569 aspiciens,

2118 581 2250 637 etc.,
2273 583 2329 628 et
2355 574 2708 645 Parrhasius,
2733 580 2890 651 cujus
2919 583 3084 639 verba
3109 600 3261 639 num.
3294 587 3397 644 190
3421 587 3721 658 exhibebo,

2119 663 2299 722 simile
2346 668 2607 738 quiddam
2644 671 2698 727 in
2727 673 3038 730 Prudentia
3079 677 3490 747 animadvertit,
3535 697 3730 750 quam-

2117 758 2198 813 vis
2225 759 2316 815 alii
2348 761 2401 816 in
2436 762 2720 821 Prudentii
2761 782 2919 823 versu
2944 785 3091 824 sacer
3119 770 3396 841 adjectivo
3427 774 3590 829 modo
3620 790 3721 831 su-

2119 863 2292 920 mant,
2341 865 2401 910 ut
2447 855 2558 911 dixi
2601 859 2670 914 ad
2723 860 2913 932 ltymn.
2958 862 3155 919 Perist.
3209 880 3354 921 vers.
3404 866 3459 922 2.
3515 867 3722 926 Verum

2118 948 2339 1006 etiamsi
2371 953 2673 1010 retineatur
2700 972 2916 1026 versus,
2936 967 3013 1013 ut
3044 958 3098 1014 in
3131 959 3415 1032 plerisque
3443 977 3578 1018 mss.
3625 980 3724 1020 ex-

2117 1051 2247 1112 stat,
2281 1052 2461 1102 tamen
2492 1048 2792 1118 probabilis
2824 1051 3276 1124 estconjectura,
3310 1054 3590 1112 Asterium
3611 1056 3724 1115 Ge-

2119 1136 2255 1193 lasio
2279 1140 2527 1196 carmina
2569 1142 2783 1198 Sedulii
2809 1143 3102 1203 obtulisse.

2192 1251 2316 1308 157.
2357 1253 2701 1312 Fontaninus
2746 1258 2816 1314 de
2865 1260 3055 1332 Antiq.
3098 1261 3259 1318 Hort.
3318 1263 3358 1318 l.
3403 1281 3467 1333 It,
3508 1280 3631 1336 cap.
3664 1266 3719 1334 5,

2115 1354 2330 1413 censet,
2362 1346 2647 1404 Sedulium
2677 1351 2791 1422 86
2823 1366 2983 1408 suum
3026 1367 3250 1411 carmen
3280 1356 3536 1427 vulgasse
3573 1361 3726 1414 circa

2115 1451 2317 1492 annum
2342 1437 2468 1507 454,
2497 1443 2641 1512 quod
2667 1452 2862 1512 postea
2895 1447 3158 1502 Asterius
3186 1463 3253 1503 ex
3280 1448 3505 1506 schedis
3532 1461 3725 1508 aucto-

2115 1529 2194 1583 ris
2225 1531 2588 1602 recognitum,
2619 1543 2674 1589 et
2714 1537 3064 1592 emendatum
3105 1539 3302 1610 edidit,
3351 1544 3711 1613 quemadmo‘

2113 1619 2243 1676 dum
2271 1622 2478 1679 fecerat
2505 1625 2684 1681 adhuc
2713 1630 2912 1684 consul
2942 1630 3009 1684 de
3051 1633 3277 1703 scriptis
3317 1633 3560 1706 Virgilii.
3592 1635 3721 1692 Cel-

2115 1713 2282 1770 larius
2307 1716 2419 1787 jam
2444 1718 2766 1775 observarat
2793 1722 2960 1777 verba
2981 1723 3158 1794 ipsius
3178 1724 3392 1781 Sedulii
3416 1727 3468 1782 in
3491 1728 3728 1798 epistola

2113 1811 2182 1866 ad
2212 1811 2588 1868 Macedonium
2635 1816 2921 1885 praemissa
2954 1832 3132 1886 prosae
3159 1836 3173 1872 :
3204 1818 3480 1875 Paschalis
3514 1819 3728 1886 Carmi-g

2115 1905 2195 1957 nis
2232 1913 2450 1970 textum,
2495 1907 2636 1977 quod
2678 1909 2858 1979 ofﬁcio
2904 1925 3054 1979 pura:
3092 1911 3378 1966 devotionis
3419 1913 3724 1984 simpliciter

2114 2004 2356 2050 executus
2385 1997 2526 2056 vobis
2574 1998 2736 2053 obtuli
2764 2000 3160 2073 perlegendum.
3199 2001 3342 2069 Quid
3388 2017 3523 2074 ergo
3551 2003 3724 2062 colle-

2113 2101 2268 2146 ctore
2295 2091 2623 2148 schedarum
2657 2109 2796 2164 Opus
2830 2095 2973 2150 fuit?
2995 2096 3216 2166 reponit
3246 2095 3548 2155 Cellarius.
3575 2099 3720 2156 Gru-

2112 2200 2283 2242 nerus
2327 2189 2650 2258 respondet,
2699 2190 2886 2247 verbis
2928 2191 3178 2248 codicum
3231 2209 3393 2260 mss.,
3424 2195 3717 2268 dispersum

2112 2281 2345 2352 reliquit,
2381 2297 2490 2336 non
2519 2282 2683 2338 nimis
2713 2298 2838 2339 esse
2871 2285 3227 2342 tribuendum
3256 2304 3270 2342 :
3309 2302 3434 2343 nam
3462 2288 3720 2345 Sedulius

2115 2373 2391 2444 integrum
2429 2389 2658 2431 carmen
2693 2375 3018 2432 Macedonio
3057 2378 3254 2434 obtulit
3300 2379 3716 2450 perlegendum,

2113 2466 2212 2523 sed
2242 2483 2352 2522 non
2383 2467 2557 2524 edidit
2582 2468 2636 2523 in
2672 2469 2978 2539 publicum.
3003 2470 3131 2526 Haec
3159 2485 3292 2541 ergo
3319 2486 3452 2527 cura
3476 2471 3576 2527 fuit
3617 2475 3721 2529 As-

2114 2558 2260 2627 terii,
2310 2569 2372 2614 ut
2419 2560 2659 2616 Carmen
2702 2561 2972 2617 Paschale
3003 2563 3342 2634 vulgaretur.
3385 2566 3720 2622 Arntzenius

2113 2653 2370 2719 advertit,
2404 2655 2617 2711 Sedulii
2648 2672 2873 2712 carmen
2915 2672 3025 2713 non
3056 2657 3236 2713 solum
3264 2659 3581 2725 collectum,
3611 2659 3710 2716 sed

2114 2750 2441 2805 adornatum
2473 2750 2542 2806 ab
2572 2751 2790 2806 Asterio
2811 2749 3005 2820 fuisse,
3041 2761 3098 2808 ut
3126 2752 3413 2824 inscriptio
3435 2753 3711 2823 epigram-

2113 2843 2276 2897 matis
2299 2841 2539 2912 przefert.
2573 2842 2709 2898 Cum
2734 2843 2885 2898 enim
2914 2843 3173 2900 Sedulius
3200 2860 3426 2900 carmen
3459 2845 3713 2902 Macedo-

2112 2936 2206 2991 nio
2228 2935 2541 3000 obtulisset,
2568 2946 2625 2992 et
2643 2935 2732 2992 hic
2753 2937 3039 3004 voluisset,
3067 2938 3120 2992 in
3148 2938 3384 2992 solutum
3408 2953 3726 2995 sermonem

2115 3030 2423 3098 transferri,
2454 3029 2678 3087 Sedulio
2701 3039 2866 3086 enata
2894 3040 2984 3086 est
3006 3031 3273 3102 suSpicio,
3298 3046 3523 3088 carmen
3548 3033 3726 3102 ipsum

2114 3122 2437 3179 Macedonio
2468 3139 2579 3178 non
2610 3123 2903 3194 placuisse,
2928 3123 3175 3193 adeoque
3203 3124 3443 3195 neglexit
3469 3140 3717 3192 carmen,

2111 3219 2267 3289 cujus
2289 3217 2522 3290 proinde
2550 3217 2799 3274 membra
2831 3218 2886 3274 in
2911 3219 3092 3274 varias
3131 3229 3318 3289 partes
3345 3219 3593 3291 dispersa
3628 3221 3718 3292 ja-

2111 3324 2363 3373 cuerunt.
2387 3315 2638 3372 Asterius
2666 3317 2829 3386 igitur
2850 3315 3116 3386 abiectas,
3142 3317 3536 3388 neglectasque
3561 3315 3721 3372 char-

2114 3421 2197 3467 tas
2224 3411 2469 3481 collegit,
2502 3418 2668 3480 atque
2698 3409 2956 3479 vulgavit.

2189 3548 2314 3603 158.
2357 3546 2435 3600 lta
2475 3544 2834 3600 ratiocinatur
2881 3544 3240 3614 Arntzenius,
3293 3545 3422 3615 quia
3465 3544 3720 3603 Sedulius

2114 3639 2491 3697 Macedoniam
2539 3637 2822 3707 alloquens
2855 3637 2910 3691 in
2950 3637 3182 3706 epistola
3212 3651 3389 3707 prosa;
3416 3638 3729 3706 praemissa,

2115 3737 2186 3792 de
2212 3733 2466 3790 Carmine
2493 3731 2745 3787 Paschali
2774 3731 2851 3784 ait
2883 3749 2896 3785 :
2928 3730 3082 3797 Quod
3110 3741 3282 3784 utrum
3312 3732 3588 3804 placuerit,
3608 3731 3725 3787 ideo

2117 3827 2370 3903 geminari
2395 3825 2642 3889 volueris,
2674 3840 2744 3877 an
2770 3823 2908 3892 quod
2946 3822 3245 3890 oﬂ'enderit,
3280 3833 3335 3877 ut
3361 3823 3533 3896 potius
3569 3823 3719 3878 arbi-

2119 3933 2248 3986 tror,
2273 3921 2409 3992 stylo
2431 3919 2690 3974 censueris
2715 3917 2952 3972 liberiore
2979 3915 3221 3984 describi,
3254 3915 3348 3970 sub
3370 3916 3527 3971 dubio
3548 3915 3726 3972 videor

2117 4013 2612 4086 ﬂuctuarejudicio.
2646 4011 2772 4067 lltec
2801 4023 2980 4066 tamen
3003 4010 3140 4066 satis
3163 4025 3269 4064 non
3295 4025 3420 4066 esse
3441 4009 3720 4079 videntur,

2116 4116 2179 4162 ut
2206 4122 2397 4162 revera
2434 4121 2654 4161 carmen
2682 4122 2712 4161 a
2740 4105 2966 4161 Sedulio
2992 4104 3201 4160 editum
3231 4118 3338 4158 non
3394 4104 3564 4158 fuisse
3595 4117 3722 4159 cre-
3776 4164 3778 4166 τ

2118 4202 2312 4258 damus
2340 4219 2353 4256 :
2382 4215 2508 4256 nam
2539 4200 2720 4270 potius
2745 4199 3003 4256 Sedulius
3034 4198 3235 4262 innuit,
3268 4211 3491 4253 carmen
3522 4212 3551 4251 a
3583 4197 3723 4253 sein

2120 4296 2396 4366 publicum
2441 4295 2726 4360 emissum,
2780 4309 2903 4348 cum
2951 4291 3083 4347 illud
3110 4292 3439 4349 Macedonio
3466 4291 3670 4347 obtulit
3703 4308 3718 4346 :

2119 4398 2176 4445 et
2206 4389 2330 4459 quia
2366 4388 2579 4459 priores
2607 4386 2736 4442 libri
2769 4386 2981 4440 titulum
3017 4385 3289 4446 habebant
3314 4384 3589 4442 Carminis
3626 4385 3731 4442 Pa-

2117 4481 2338 4547 schalis,
2394 4481 2600 4536 idcirco
2646 4494 2864 4550 prosam
2898 4479 3180 4547 inscripsit
3210 4477 3374 4552 'Opus
3417 4477 3700 4533 Paschale.

2043 4562 2232 4630 DCur
2279 4589 2410 4643 ergo
2463 4588 2572 4628 non
2621 4580 2930 4639 teneamus,
2964 4570 3178 4626 editum
3234 4571 3459 4627 fuissea
3498 4569 3726 4627 Sedulio

2119 4667 2354 4724 Carmen
2401 4666 2688 4732 Paschale,
2722 4665 2821 4721 sed
2871 4666 2925 4720 in
2966 4673 3149 4720 certas
3182 4663 3468 4720 chartulas
3511 4664 3730 4735 disper-

2119 4765 2280 4820 sum?
2326 4762 2617 4833 Inscriptio
2679 4761 3093 4831 epigrammatis
3143 4759 3349 4814 Asterii
3394 4775 3502 4815 non
3573 4758 3727 4815 aliud

2117 4858 2324 4913 evincit
2361 4874 2373 4911 :
2404 4855 2520 4911 Hoc
2551 4874 2679 4929 opus
2718 4855 2971 4912 Sedulius
3016 4856 3070 4908 iu
3119 4865 3286 4910 certas
3337 4855 3603 4911 carthulas
3644 4854 3727 4910 di-

2119 4967 2352 5022 spersum
2383 4951 2604 5021 reliquit,
2646 4959 2778 5015 etc.,
2807 4959 2863 5004 ιιι
2903 4964 3052 5004 num.
3089 4948 3194 5004 156
3241 4950 3607 5005 OStendimus.
3649 4947 3732 5003 Ex

2125 5059 2233 5114 quo
2263 5043 2449 5114 colligi
2483 5051 2686 5114 potest,
2720 5043 3098 5100 necessarium
3146 5059 3257 5099 non
3288 5059 3414 5100 esse
3442 5044 3728 5099 decretum

2125 5136 2328 5194 Gelasii
2360 5135 2429 5190 de
2475 5135 2634 5191 libris
2677 5136 3009 5209 apocryphis
3059 5145 3183 5206 post
3210 5152 3410 5192 annum
3448 5134 3578 5202 494,
3611 5135 3732 5193 sive

2127 5237 2251 5300 post
2279 5227 2622 5284 consulatum
2653 5227 2860 5284 Asterii
2889 5227 3130 5285 differre.
3156 5228 3274 5284 Etsi
3302 5228 3446 5284 enim
3477 5226 3732 5285 Asterius

2126 5323 2180 5379 in
2230 5323 2627 5392 epigrammate
2675 5321 2988 5393 profitetur,
3031 5338 3130 5378 sua
3161 5337 3286 5392 ope,
3335 5331 3392 5377 et
3417 5337 3552 5378 cura
3581 5321 3730 5378 dicta

2126 5415 2336 5471 Sedulii
2364 5414 2536 5470 fuisse
2567 5415 2786 5485 populis
2817 5416 2978 5481 edita,
3008 5425 3190 5470 tamen
3218 5414 3273 5470 id
3305 5413 3728 5485 intelligendum

2125 5509 2234 5580 87
2267 5516 2352 5564 est
2377 5507 2445 5562 de
2465 5506 2710 5564 editione
2731 5507 3054 5578 elegantiori
3074 5507 3321 5562 omnium
3344 5509 3584 5578 partium
3609 5523 3731 5565 car-

2126 5603 2313 5667 minis,
2337 5617 2459 5674 qua:
2482 5609 2643 5658 antea
2672 5602 2727 5656 in
2755 5611 2935 5656 certas
2955 5601 3237 5658 chartulas
3256 5601 3523 5674 dispersa:
3551 5611 3731 5660 erant.

2128 5696 2208 5753 Ac
2238 5696 2475 5754 fortasse
2505 5695 2646 5768 quod
2671 5697 2742 5751 ita
2768 5697 3004 5767 primum
3029 5711 3252 5753 carmen
3281 5697 3492 5756 Sedulii
3519 5698 3733 5770 disper-

2128 5807 2248 5849 sum
2282 5791 2480 5860 fuerat,
2515 5806 2676 5848 causa
2706 5801 2814 5861 est,
2852 5804 2951 5846 cur
2983 5800 3130 5847 tanta
3158 5791 3229 5848 sit
3268 5792 3638 5863 discrepantia
3673 5778 3732 5845 in

2132 5885 2292 5942 libris
2341 5885 2763 5958 distinguendis,
2805 5894 2861 5942 et
2910 5887 3285 5956 numerandis,
3321 5895 3380 5943 ut
3420 5893 3635 5944 constat
3661 5899 3732 5941 ex
