4086 6184
488 269 593 326 499

487 491 687 550 prosm.

559 570 683 627 159.
722 566 948 624 Certum
985 561 1207 636 quidem
1239 567 1343 628 est,
1378 556 1509 613 olim
1551 555 1742 627 plures
1773 551 1987 619 doctos,
2022 563 2086 604 ac

487 661 713 718 nobiles
731 659 878 714 viros
905 655 1164 727 cperibus
1184 662 1432 709 veterum
1458 648 1813 718 scriptorum,
1840 659 1960 715 qtae
1972 641 2083 712 jam

486 756 635 827 vulgi
669 750 922 809 manibus
953 748 1291 814 terebantur,
1325 759 1527 800 novum
1581 742 1765 796 lumen
1806 735 2083 802 attulisse,

489 845 897 918 exemplaribus
921 845 1103 900 denuo
1127 841 1308 908 editis,
1342 837 1654 903 recensitis,
1679 842 1735 890 ct
1754 830 2084 889 emendatis.

489 942 744 1000 Asterius
782 940 925 1011 ipse,
956 939 1025 994 de
1051 952 1161 1008 quo
1188 934 1484 1006 loquimur,
1515 928 1793 993 distinxit,
1823 937 1875 983 et
1898 938 2087 981 corre—

488 1037 569 1092 xit
596 1034 847 1090 codicem
879 1030 1121 1101 Virgilii,
1166 1036 1224 1083 ut
1249 1025 1504 1081 vidimus.
1555 1022 1633 1076 En
1673 1034 1822 1074 eum.
1856 1017 1925 1071 6‘2
1954 1030 2088 1070 eon—

489 1136 621 1193 stat,
653 1125 1061 1182 Abundantium
1091 1120 1383 1193 quemdam
1406 1114 1711 1173 contulisse
1728 1112 1971 1167 codicem
1995 1125 2088 1163 ve-

394 1281 404 1291 ,
490 1220 853 1277 tustissimum
887 1214 1118 1280 Sedulii,
1168 1213 1257 1282 qui
1302 1211 1355 1266 in
1387 1207 1723 1267 bibliotheca
1764 1200 2085 1263 Taurinensi

487 1323 827 1370 asservattsr.
901 1308 1135 1365 Concilii
1202 1301 1677 1365 Chalcedonensis
1746 1293 2087 1367 exemplaria

490 1406 746 1474 contulit,
770 1415 829 1461 et
854 1401 1167 1461 emendavit
1195 1399 1451 1455 Rusticus
1477 1395 1744 1453 diaconus
1773 1390 1979 1451 sarculo
2007 1402 2084 1453 Vl,

488 1502 643 1567 cujus
672 1495 840 1553 verba
861 1510 930 1550 ex
970 1507 1102 1549 mss.
1133 1491 1300 1547 refert
1323 1487 1575 1545 Labbeus
1601 1496 1733 1543 tom.
1766 1481 1831 1541 iV
1869 1479 2085 1537 Concil.

487 1590 594 1645 col.
628 1587 759 1657 509,
792 1597 919 1657 post
946 1585 1180 1656 primam
1205 1581 1482 1638 actionem
1516 1596 1531 1634 ε
1558 1577 1803 1635 Baeticus
1830 1589 1923 1646 per
1961 1586 2085 1644 gra—

489 1686 617 1739 tiam
646 1681 743 1741 Dei
783 1680 1037 1737 diaconus
1074 1684 1272 1735 sanctae
1305 1672 1555 1731 Ecclesiae
1584 1670 1836 1733 Romana:
1867 1662 2082 1728 contuli,

1786 243 2073 305 οοειιυθ
2094 239 2462 303 εεῡυωυς.

478 401 633 442 num.
685 382 750 438 5i
808 391 927 449 seq.
982 374 1220 432 Consule
1270 380 1383 429 not.
1446 369 1514 426 η
1562 368 1627 424 ad
1680 366 2083 423 dedicationem
2113 363 2162 423 Α

2315 382 2380 433 Ut
2402 381 2599 444 quidam
2621 374 2835 444 artifices
2854 378 3021 444 nostro
3039 367 3223 442 faciunt
3240 363 3448 444 saeculo,

2319 434 2651 505 Qui'pretium
2669 440 2903 505 operibus
2926 434 3081 505 maius
3106 434 3389 505 inveniunt,
3409 437 3538 478 novo

2312 492 2614 561 S‘imarmori
2634 492 2968 562 ascripserunt
2987 492 3293 547 Praxitelem
3310 503 3423 550 suo,

2311 568 2508 619 Detrito
2532 566 2780 630 Myronem
2806 563 3035 623 argento.

2262 672 2388 729 160.
2430 666 2750 740 Exemplum
2800 666 2958 735 hujus
3011 661 3219 718 fraudis
3271 658 3403 714 satis
3450 656 3691 722 clarum,
3741 661 3798 711 ut

2192 775 2347 841 puto,
2382 779 2559 833 nuper
2588 761 2791 817 inveni.
2827 759 2882 814 in
2905 756 3094 815 codice
3123 753 3389 809 Vaticano
3420 746 3799 807 Alexandrino

2194 876 2344 915 num.
2392 856 2533 914 1598
2571 862 2751 913 exstat
2787 850 3072 921 catalogus
3101 848 3372 903 librorum
3408 841 3792 911 bibliothecte,

2190 949 2303 1006 sive
2335 945 2579 1005 Arcltivii
2607 943 2852 999 basilicae
2888 939 3189 1005 Vaticana,
3221 950 3368 991 anno
3397 933 3627 990 circiter
3659 931 3800 988 i620

2189 1039 2452 1111 scriptus.
2481 1038 2539 1094 In
2590 1051 2656 1092 eo
2692 1034 2964 1103 catalogo,
3013 1044 3138 1101 pag.
3170 1026 3274 1097 16,
3309 1027 3390 1082 sic
3434 1025 3800 1082 enuntiatur:

2191 1132 2362 1189 Persii
2389 1130 2571 1186 Flacci
2599 1139 2790 1201 satyro:
2809 1136 2934 1181 ante
2970 1122 3111 1179 1200
3137 1136 3306 1175 annos
3333 1119 3567 1191 scriptas,
3598 1125 3648 1172 et
3672 1113 3803 1170 Bar-

2191 1226 2407 1280 cetlonat
2455 1220 2744 1277 emendata:
2772 1237 2803 1273 a
2848 1215 3040 1272 Flavio
3083 1212 3234 1268 Iulio
3280 1210 3530 1267 Trebatio
3574 1207 3800 1263 nominis

2194 1317 2380 1373 Sabini
2410 1330 2548 1368 anno
2580 1310 2776 1368 Christi
2815 1308 2941 1365 M6.
2976 1306 3182 1363 Auctor
3209 1303 3439 1373 catalogi
3470 1301 3527 1358 id
3574 1300 3793 1370 probat,

2192 1412 2316 1481 quia
2347 1407 2440 1463 fol.
2464 1404 2770 1463 65'codicis
2802 1403 2918 1457 haec
2950 1397 3234 1469 inscriptio
3264 1397 3467 1468 legitur
3497 1412 3510 1449 :
3538 1390 3639 1447 Ft'
3675 1391 3791 1447 Iut'

2192 1500 2320 1557 Tres
2353 1506 2448 1554 nn’
2476 1496 2659 1554 Sabini
2676 1505 2731 1550 ut
2756 1502 3009 1564 protector
3032 1490 3341 1545 domesticus
3364 1486 3611 1559 ternptatn'
3630 1501 3798 1540 emen-

2195 1594 2322 1648 dare
2347 1591 2459 1646 sine
2479 1587 2794 1663 antigrapho
2825 1601 2960 1647 meo,
2981 1593 3029 1638 et
3052 1581 3299 1638 annotavi
3327 1578 3656 1634 Barcettona?
3676 1576 3797 1633 Cass

2197 1686 2315 1741 DD.
2354 1683 2486 1739 NN.
2515 1682 2760 1747 Arcadio,
2793 1691 2841 1737 et
2871 1678 3112 1733 Honorio
3147 1677 3242 1744 ρι.
3269 1675 3589 1748 Sequuntur
3619 1672 3792 1741 in‘eo-

488 1775 763 1841 annotavi,
807 1771 1049 1829 distinxi.
1085 1769 1200 1824 Deo
1235 1767 1450 1837 gratias.
1497 1760 1844 1828 biabiilmtius
1885 1756 2084 1818 Annal.

2196 1779 2321 1835 dem
2352 1775 2547 1832 codice
2578 1789 2754 1827 versus
2785 1769 3055 1826 Prisciani
3102 1767 3168 1821 de
3206 1781 3325 1830 es'r,
3360 1774 3407 1820 et
3436 1779 3561 1831 non,
3614 1761 3796 1818 Sermo

492 1865 769 1923 Benedict.
817 1864 856 1919 ι.
891 1877 992 1925 ιιι,
1021 1860 1090 1917 ad
1117 1874 1244 1915 anu.
1279 1857 1409 1920 721,
1459 1870 1583 1929 pag.
1620 1854 1749 1919 15d,
1798 1865 1947 1909 num.
1985 1846 2088 1927 ‘56,

485 1965 757 2013 metueret
783 1951 1255 2013 Commentariun]
1284 1947 1560 2009 Ambrosii
1608 1945 1663 2001 in
1692 1943 1896 2003 Lucam
1941 1943 2087 1997 scri-

486 2058 637 2119 ptum
662 2050 822 2117 jussu
846 2044 1178 2111 Leutebarii,
1209 2044 1325 2099 sive
1350 2037 1672 2109 Leodegarii
1701 2034 1917 2100 abbatis
1943 2049 2090 2089 anno

490 2141 619 2207 75,2,
645 2156 809 2219 quem.
836 2149 1026 2212 postea
1052 2137 1353 2199 Radbertus
1384 2149 1545 2193 manu
1578 2130 1799 2202 propria
1830 2127 2091 2189 emenda-

490 2237 592 2295 vit.
645 2236 707 2295 in
738 2249 875 2295 mss.
906 2231 1193 2293 codicibus
1219 2229 1470 2289 Terentii
1493 2241 1641 2296 stepc
1686 2224 1930 2283 occurrit
1955 2221 2089 2286 sub-

492 2328 721 2398 scriptio
765 2326 886 2385 haec
916 2323 1213 2393 GalliOpius
1254 2321 1489 2381 recensui
1528 2336 1544 2373 :
1589 2319 1734 2379 hunc
1761 2315 2088 2386 Calliopium

487 2419 669 2479 fuisse
716 2418 1008 2477 Alcuinttm
1057 2414 1245 2477 Caroli
1291 2412 1473 2485 Magni
1522 2408 1845 2480 magistrum
1900 2405 2089 2461 multis

482 2517 681 2582 probat
715 2513 971 2573 Barthius
995 2509 1239 2571 Advers.
1272 2506 1309 2563 l.
1352 2521 1429 2571 vt.
1459 2519 1585 2575 eap.
1614 2501 1708 2565 9.0.
1757 2502 1838 2559 Ex
1869 2497 2089 2555 schedis

490 2621 626 2662 mss.
659 2605 722 2659 ν.
773 2602 837 2660 C.
880 2600 1232 2662 Giovettaui't
1276 2599 1331 2655 in
1377 2602 1671 2657 comment.
1703 2592 1779 2649 aid
1821 2590 2087 2649 Prudent.

491 2700 525 2751 Ι.
559 2713 595 2759 tt
625 2705 819 2756 contra
846 2695 1059 2766 Syrum.
1090 2709 1239 2749 vers.
1266 2689 1393 2755 909,
1425 2686 1629 2757 protuli
1655 2683 2087 2755 subseriptioncs

487 2787 807 2847 Nicomachi
837 2785 1056 2852 Dextri,
1080 2784 1173 2856 qui
1201 2782 1451 2845 codicem
1477 2779 1588 2841 Titi
1614 2777 1747 2834 Livii
1775 2774 2090 2833 emendavit

488 2887 558 2941 ad
582 2885 903 2953 exemplum
932 2880 1295 2939 Clementiani
1323 2876 1573 2948 parentis
1597 2875 1708 2942 Sui,
1741 2873 1969 2929 alterius
1996 2869 2087 2927 Ni-

484 2977 761 3044 comachi,
788 2976 885 3047 qui
904 2974 1048 3043 apud
1075 2974 1320 3037 thlttlnul
1346 2969 1591 3031 codicem
1615 2967 1787 3029 etiam
1810 2964 1919 3023 Titi
1942 2962 2086 3023 Livii

482 3078 822 3142 emendavit,
849 3091 913 3131 ac
947 3074 1242 3130 Victoriam
1266 3061 1331 3130 l7.
1354 3073 1444 3135 (3.,
1460 3070 1551 3140 qui
1575 3068 1812 3129 dominis
1835 3054 2087 3138 Symtnal-

2195 1888 2349 1945 super
2373 1870 2557 1933 verbis,
2590 1865 2703 1922 Fili
2725 1865 2977 1927 hominis,
3006 1877 3089 1917 sta
3130 1879 3289 1930 super
3316 1860 3494 1934 pedes,
3517 1869 3628 1914 etc.
3658 1856 3797 1911 Prte-

2196 1977 2340 2034 cepta
2369 1966 2496 2018 artis
2524 1960 2798 2015 rhetorith
2822 1975 2855 2012 a
2882 1955 3032 2011 latio
3064 1954 3350 2010 Sevetiano
3390 1949 3633 2006 collecta.
3670 1948 3797 2005 Haec

2196 2062 2438 2126 diverso,
2470 2064 2523 2112 et
2555 2051 2850 2110 recentiori
2880 2049 3203 2106 charactere
3232 2045 3337 2100 sint
3381 2046 3610 2113 scripta,
3635 2057 3797 2114 opor-

2197 2164 2276 2209 tet
2306 2170 2318 2205 :
2347 2167 2451 2207 non
2483 2150 2631 2206 enim
2662 2146 2935 2217 attingere
2960 2150 3183 2213 possunt
3210 2139 3597 2211 antiquitatem
3625 2137 3792 2203 illaut,

2194 2262 2317 2317 (tua:
2345 2242 2547 2317 satyris
2581 2242 2755 2297 Persii
2789 2237 3071 2294 tribuitur.
3106 2232 3360 2291 Profecto
3391 2231 3480 2287 ltic
3518 2234 3719 2298 codex,
3750 2229 3795 2286 si

2194 2353 2320 2393 vera
2372 2343 2521 2391 esset
2547 2331 2901 2401 subscriptio,
2952 2328 3285 2398 antiquitate
3314 2325 3608 2381 excederet
3656 2323 3796 2378 cele-

2194 2433 2497 2487 berrimum
2545 2427 2786 2484 codicem
2837 2423 3052 2494 Virgilii
3102 2421 3406 2477 Mediccum
3460 2417 3528 2473 ab
3574 2416 3792 2473 Asterio

2193 2542 2339 2582 anno
2361 2524 2467 2581 494
2491 2522 2842 2579 emendatum
2872 2537 2884 2573 :
2915 2533 3038 2572 nam
3070 2512 3383 2571 emendatio
3406 2510 3651 2567 Trebatii
3678 2523 3795 2580 per-

2194 2622 2331 2677 tinet
2358 2635 2471 2675 non
2497 2620 2564 2674 ad
2597 2632 2800 2673 annum
2832 2612 2963 2679 416,
2995 2620 3055 2667 ut
3083 2612 3162 2666 ait
3183 2618 3377 2665 auctor
3402 2607 3659 2676 catalogi,
3691 2603 3790 2660 sed

2192 2715 2260 2768 ad
2297 2728 2500 2768 annum
2545 2711 2671 2777 402,
2701 2724 2812 2780 quo
2838 2706 3095 2763 consules
3127 2703 3346 2757 fuerunt
3374 2699 3644 2757 Arcadius
3674 2713 3706 2752 ν
3738 2704 3792 2752 et

2190 2808 2468 2877 Honorius
2499 2823 2552 2871 v,
2588 2805 2691 2860 hoc
2719 2807 2864 2859 enim
2916 2800 3055 2866 vult,
3101 2810 3155 2853 ιιι
3187 2798 3540 2867 interpretor,
3577 2802 3705 2849 nota
3737 2794 3787 2847 in

2187 2901 2302 2973 89
2325 2900 2433 2954 line
2462 2898 2558 2966 ρο.
2603 2898 2761 2952 llunc
2792 2895 3139 2951 consulatum
3188 2889 3429 2952 Arcadii,
3474 2893 3532 2941 ct
3559 2883 3786 2941 Honorii

2191 2995 2246 3049 itt
2292 2992 2568 3047 nonnullis
2624 2989 2911 3045 codicibus
2966 2986 3163 3051 Persii,
3204 2993 3255 3039 et
3308 2981 3468 3038 Nanii
3514 2979 3788 3051 designari

2189 3085 2579 3143 animadvertit
2622 3085 2814 3139 Petrus
2852 3079 3130 3136 Rclandus
3167 3077 3239 3132 de
3269 3075 3414 3131 ll‘ast.
3455 3074 3785 3138 Consular.,

483 3171 608 3229 θυῖε
631 3168 943 3236 θ¹θ¹¹Ψ¹¹⁵¹¹³
977 3167 1189 3236 93m"
1205 3163 1313 3223 Tm
1337 3162 1480 3225 ,δίνίί
1499 3160 1833 3223 emendum
1864 3159 2082 3219 (λθίδηω
2110 3152 2158 3216 C
2191 3182 2443 3236 nimirum
2489 3179 2554 3233 ad
2603 3178 2765 3231 tinem
2814 3174 3019 3229 codicis
3049 3188 3153 3227 ms.
3190 3169 3360 3227 Persii
3392 3185 3406 3222 :
3447 3166 3625 3222 Flavii
3665 3162 3784 3219 lui.

481 3261 934 3326 Constantinum,
982 3263 1159 3319 virum
1210 3259 1600 3321 clarissimum,
1650 3253 2084 3313 conmentarios

482 3358 720 3414 Caesaris
751 3356 1067 3411 correxisse
1110 3370 1181 3409 ex
1233 3369 1364 3411 mss.
1403 3351 1667 3413 Puteanis
1695 3356 1863 3420 patet.
1916 3346 1975 3409 In
2005 3347 2085 3403 bi—

486 3448 764 3506 bliotheca
793 3448 1052 3504 Vaticana
1085 3454 1267 3501 exstat
1296 3442 1592 3500 Terentius
1625 3455 1755 3504 ms.,
1785 3454 1945 3515 quem
1968 3453 2084 3494 aevo

482 3543 667 3598 Caroli
719 3542 896 3612 Magni
965 3537 1300 3610 Hrodgarius
1356 3534 1614 3605 scripsit,
1673 3545 1725 3589 et
1762 3532 2083 3599 >Calli0pius

485 3635 863 3692 Scholasticus
887 3630 1187 3688 recensuit.
1216 3628 1416 3686 Paulus
1441 3624 2083 3693 Constantitmpolitantts

481 3732 766 3801 exemplar
796 3743 899 3785 ms.
942 3725 1148 3783 Lucani
1193 3725 1382 3781 eadem
1437 3722 1653 3778 ratione
1697 3702 1965 3776 correxit.
2004 3718 2083 3772 De

478 3823 585 3880 hoc
616 3823 789 3881 veteri
821 3836 974 3876 more
1020 3818 1193 3875 videri
1227 3826 1459 3888 possunt
1505 3814 1789 3871 Walcltius
1818 3814 1980 3868 diatr.
2012 3812 2081 3868 de

480 3915 604 3969 Art.
638 3914 762 3970 crit.
796 3922 906 3967 vet.
952 3910 1182 3965 Roman.
1219 3907 1500 3976 num.‘~_26,
1548 3905 1886 3961 Pbilibertus
1935 3903 2005 3958 de
2029 3902 2078 3958 la

477 4007 666 4062 Marne
694 4020 784 4077 cp.
815 4004 883 4059 ad
915 4001 1193 4058 lieinsium
1219 3998 1323 4055 595
1351 4009 1483 4055 tom.
1517 3997 1560 4053 V
1586 3997 1725 4070 Syll.
1753 3997 2077 4061 Burtnann.,

478 4110 535 4158 et
571 4098 912 4155 Fontaninus
956 4096 1014 4151 in
1042 4093 1256 4149 Vindic.
1283 4092 1398 4166 88
1423 4090 1706 4160 diplomat.
1759 4089 1934 4157 antiq.
1968 4088 2006 4142 Ι.
2036 4102 2075 4156 ι,

452 4207 602 4263 ,οημ
630 4192 684 4258 5,
717 4190 810 4260 qui
835 4197 1008 4259 putat,
1035 4185 1389 4256 CalliOpium,
1412 4191 1781 4240 correctorem
1811 4180 2076 4247 Terentii,

477 4301 549 4342 ex
578 4282 847 4356 dignitate
874 4280 1249 4337 ecclesiastica
1279 4278 1615 4350 appellatum
1670 4275 1867 4331 fuisse'
1892 4275 2069 4331 Scito-

474 4374 730 4432 iasticum
765 4391 779 4429 :
813 4374 1042 4429 nimium
1091 4383 1273 4429 tamen
1314 4377 1635 4440 exaggerat,
1677 4383 1807 4423 cum
1842 4368 1940 4434 ait,
1973 4381 2078 4420 sm-

472 4471 601 4526 culo
630 4484 663 4523 v
702 4482 908 4546 morem
938 4463 1129 4533 fuisse,
1154 4472 1213 4519 ut
1233 4464 1527 4518 illustrium
1558 4462 1801 4515 virorum
1825 4459 2075 4514 lucubra-

472 4565 657 4620 tiones
701 4578 798 4634 pcr
830 4538 1105 4617 librarios
1151 4573 1260 4614 non
1305 4557 1620 4622 ederentur,
1654 4555 1755 4610 nisi
1799 4569 1829 4607 a
1855 4553 1988 4609 viris
2022 4553 2076 4608 in
2103 4526 2160 4589 D

474 4656 747 4726 dignitate
789 4654 1104 4710 constitutis
1134 4662 1265 4707 ante
1293 4649 1612 4721 recognitio,
1651 4659 1708 4703 et
1746 4647 2074 4702 emendatae.

472 4750 885 4807 Advertendum
913 4749 1080 4805 etiam
1110 4757 1214 4814 est,
1239 4759 1389 4817 srepe
1416 4743 1691 4809 accidere,
1720 4754 1778 4797 ut
1803 4741 2073 4812 ejusmodi

470 4843 907 4913 subscriptiones
936 4850 1316 4897 correctorum
1360 4854 1468 4894 non
1513 4837 1623 4893 sint
1671 4833 2069 4905 autOgrapbte:

472 4955 601 4994 nam
633 4937 1007 5007 exscriptores
1029 4935 1306 5001 codicum,
1336 4948 1459 4989 cum
1484 4946 1617 4987 mss.
1640 4930 1861 5002 aliquod
1888 4944 2072 4984 exem-

470 5037 591 5109 plar
614 5033 1021 5100 describebant,
1075 5032 1260 5087 omnia
1301 5043 1425 5101 qua:
1469 5027 1521 5083 in
1577 5043 1644 5083 eo
1693 5025 2068 5096 reperiebant,

470 5144 637 5204 atque
675 5129 815 5186 adeo
863 5128 1011 5199 ipsas
1056 5126 1356 5197 primorum
1407 5131 1778 5180 correctorum
1827 5119 2072 5177 subseri-

472 5227 694 5295 ptiones
747 5221 985 5279 ﬁdeliter
1035 5219 1354 5275 exarabant.
1404 5216 1680 5273 Praeterea
1724 5229 1943 5281 vereor,
2000 5228 2072 5270 ne

470 5318 747 5374 interdum
799 5313 948 5371 fraus
1002 5313 1168 5370 etiam
1223 5309 1568 5367 librariorum
1616 5306 1922 5379 lrrepserit,
1980 5307 2072 5377 qui

473 5409 938 5480 subscriptionem
969 5404 1207 5476 alicujus
1231 5403 1332 5459 viri
1375 5403 1630 5474 insignis,
1660 5415 1726 5457 ac
1763 5399 1964 5456 veteris
1994 5396 2074 5453 cf-

470 5504 752 5564 ilnxerint,
784 5510 846 5556 ut
884 5500 954 5556 ita
984 5514 1058 5557 ex
1090 5497 1415 5570 antiquitate
1459 5505 1516 5553 et
1544 5494 1891 5561 correctione
1937 5508 2065 5564 pre-

470 5596 607 5653 tium
638 5594 847 5650 codicis
876 5604 1186 5666 augeretur.
1217 5592 1340 5662 Quo
1368 5595 1621 5663 Spectattt
1652 5588 1865 5645 Phaedri
1896 5587 2064 5643 verba

466 5686 506 5745 l.
543 5705 575 5745 ν
604 5689 713 5743 tab.
746 5687 824 5742 1:

2193 3274 2267 3328 Ν.
2297 3273 2369 3328 Ν.
2399 3272 2586 3329 Sabini
2620 3270 2698 3325 Vi.
2730 3276 2990 3341 protector
3014 3265 3327 3320 domesticus
3349 3262 3594 3335 temptavi
3620 3277 3788 3317 etne.-

2187 3368 2313 3421 dare
2356 3368 2469 3420 sine
2508 3364 2842 3435 antigraplto,
2890 3369 2940 3415 et
2983 3360 3228 3414 annotan
3276 3356 3607 3415 Burconem:
3649 3371 3782 3410 coss.

2186 3460 2311 3516 DD.
2348 3459 2481 3516 NN.
2520 3459 2716 3513 Arcad.
2749 3468 2796 3512 et
2820 3455 3064 3510 Honorio
3105 3453 3403 3526 quinquies.
3432 3450 3499 3506 Et
3525 3449 3593 3505 ad
3620 3449 3781 3505 ilum

2186 3556 2343 3611 Nonii
2391 3553 2629 3609 Marcelli
2662 3570 2673 3606 :
2703 3551 2833 3606 Jun.
2884 3548 3093 3620 Trifon.
3136 3547 3321 3604 Subiit.
3375 3545 3649 3601 Protectcr
3692 3544 3785 3598 do-

2186 3651 2360 3705 minio.
2398 3649 2525 3718 Legi
2555 3648 2621 3713 ρ.
2654 3663 2770 3701 cum
2791 3644 2911 3701 DD.
2949 3642 3081 3698 NN.
3108 3641 3301 3697 Arcad.
3324 3648 3375 3696 et
3399 3638 3605 3696 Hector.
3633 3639 3782 3707 quin-

2184 3746 2327 3817 quies
2354 3761 2483 3798 coss.
2514 3752 2667 3815 prout
2698 3741 2841 3814 potui
2866 3740 2977 3794 sine
3017 3738 3266 3810 magistro
3305 3736 3591 3792 emendatis
3616 3750 3759 3788 anno

2185 3838 2287 3889 tavi
2341 3851 2479 3890 anno
2524 3835 2693 3889 (etatis
2741 3848 2849 3887 xxx
2903 3839 2950 3886 et
2993 3830 3195 3895 militiae
3234 3837 3423 3900 quarto
3471 3829 3525 3882 in
3576 3827 3781 3882 civitate

2181 3924 2397 3981 Tolosa.
2428 3925 2575 3981 Idem
2616 3934 2901 3981 corrector
2929 3921 3141 3978 codicis
3169 3920 3370 3986 Persii,
3418 3933 3485 3975 ac
3510 3918 3671 3974 Nonii
3701 3918 3779 3976 vi-

2180 4020 2342 4075 detur
2371 4018 2623 4074 indicari.
2679 4016 2944 4087 Equidem
2976 4030 3076 4085 pro
3110 4024 3269 4071 certo
3299 4013 3496 4079 habeo,
3530 4011 3776 4068 subscri-

2184 4115 2424 4185 ptionem
2472 4111 2678 4169 codicis
2732 4110 2979 4167 basilicas
3031 4109 3308 4166 Vaticana:
3360 4106 3774 4177 supposititiata

2179 4224 2324 4265 esse.
2358 4210 2563 4264 Auctor
2593 4206 2825 4263 fortasse
2842 4220 2951 4260 non
2979 4205 3203 4275 scripsit
3234 4212 3312 4268 ut,
3344 4202 3430 4258 vel
3457 4200 3548 4264 Vi,
3575 4211 3633 4255 ut
3661 4200 3769 4258 cla-

2180 4303 2293 4357 rius
2322 4300 2486 4357 babet
2521 4298 2819 4364 Relandus,
2847 4296 2946 4352 sed
2980 4314 3030 4350 υ.
3072 4312 3119 4350 c.
3165 4309 3264 4366 pro
3301 4294 3377 4349 vir
3413 4292 3762 4348 clarissimas.

2178 4394 2408 4451 Omissis
2470 4403 2650 4448 autem
2696 4390 2818 4446 aliis
2867 4388 3265 4459 suppositionis
3320 4387 3489 4450 notis,
3541 4384 3764 4443 verbum

2184 4486 2506 4543 Barcetlonae
2542 4486 2704 4555 longe
2752 4493 2873 4555 post
2903 4496 3088 4538 natum
3132 4489 3217 4538 est
3249 4497 3263 4535 :
3296 4496 3422 4535 nam
3467 4480 3769 4550 scriptores

2181 4582 2298 4655 eius
2326 4578 2607 4649 temporis,
2638 4588 2697 4633 ut
2719 4577 3018 4642 Ausonius,
3046 4575 3395 4641 Prudentius,
3419 4583 3478 4628 et
3497 4572 3593 4628 alii
3624 4572 3773 4629 dice.

2179 4675 2309 4730 bant
2333 4672 2575 4738 Barcino,
2617 4670 2703 4727 vel
2732 4668 3015 4735 Barcitwn,
3046 4667 3381 4723 Ben-inanis.
3417 4665 3610 4738 Neque
3630 4665 3769 4722 anti-

2176 4763 2434 4838 graphum
2465 4777 2562 4834 pro
2591 4761 2866 4831 exemplo,
2907 4760 2994 4816 vel
3027 4758 3333 4831 exemplari
3369 4759 3519 4829 apud
3545 4756 3778 4828 scripto-

2176 4874 2267 4914 res
2294 4858 2414 4926 ejus
2443 4856 2626 4911 saeculi
2658 4854 2817 4911 facile
2838 4853 3107 4919 invenies,
3148 4868 3328 4923 neque
3354 4861 3538 4908 notam
3570 4850 3645 4918 Ωιι
3679 4863 3775 4923 pro

2180 4950 2247 5017 V,
2277 4950 2367 5006 vel
2398 4949 2649 5015 Quintum
2672 4948 2724 5004 in
2755 4947 2997 5018 antiquis
3021 4948 3394 5002 monumentis
3420 4946 3677 5015 reperire
3712 4942 3775 5000 li-

2173 5046 2284 5100 cet.
2317 5043 2493 5098 Minus
2536 5056 2666 5097 vero
2700 5040 2917 5112 probari
2948 5039 3113 5095 debet
3142 5040 3437 5111 quinquies,
3479 5046 3540 5093 ttt
3566 5036 3775 5095 Bolan-

2172 5138 2275 5193 dus
2297 5135 2510 5192 scribit.
2538 5135 2762 5197 Possem
2792 5133 2899 5192 hoc
2920 5133 3045 5191 loco
3072 5148 3239 5204 agere
3257 5133 3331 5191 de
3357 5131 3545 5190 codice
3574 5133 3639 5189 S.
3681 5131 3775 5186 lli-

2173 5230 2297 5289 larii
2337 5228 2583 5299 ejusdem
2623 5227 2862 5284 basilica:
2891 5225 3172 5282 Vaticana:
3201 5243 3214 5280 :
3239 5226 3334 5281 sed
3369 5225 3676 5297 pleniorem
3707 5222 3773 5280 de

2175 5336 2242 5380 eo
2273 5322 2659 5377 tractationem
2688 5317 2856 5390 capiti
2885 5318 2917 5371 7
2947 5332 3194 5374 reservo.

2248 5414 2372 5471 161.
2404 5412 2476 5470 Ut
2504 5413 2723 5471 redeam
2755 5411 2821 5469 ad
2853 5412 3152 5478 Asterium,
3192 5411 3633 5469 concludendum
3664 5419 3766 5479 est,

2176 5510 2248 5564 ita
2277 5522 2307 5561 a
2339 5506 2559 5564 Sedulio
2588 5503 2819 5561 Carmen
2852 5505 3116 5563 Pascltale
3145 5502 3320 5560 fuisse
3350 5506 3584 5571 editum,
3616 5512 3675 5560 ut
3703 5503 3769 5559 ab

2175 5601 2394 5657 Asterio
2423 5599 2718 5656 collectore
2760 5598 3108 5665 schedarum,
3138 5607 3193 5655 et
3223 5599 3457 5670 partium
3486 5598 3785 5664 carminis,

2174 5693 2265 5766 qui
2296 5690 2454 5748 simul
2482 5692 2781 5764 eleganter,
2813 5700 3023 5763 ornate,
3057 5700 3113 5750 et
3135 5691 3425 5749 emendate
3454 5699 3624 5747 totum
3649 5704 3765 5745 cor-

2175 5798 2278 5857 pus
2307 5784 2540 5842 describi
2565 5785 2797 5853 curavit,
2826 5799 2893 5842 ac
2919 5783 3155 5843 nutasse
3173 5783 3422 5858 adiunxit
3444 5783 3676 5855 elegiam
3714 5788 3766 5838 et
