  <div class='ocr_page' id='page_1' title='image "/cluster/home/n/w/nwhite01/storage/ocr_20150623/19/hvd.32044096580451/258.png"; bbox 0 0 4086 6184; ppageno 0'>
   <div class='ocr_carea' id='block_1_1' title="bbox 272 251 3661 317">
    <p class='ocr_par' dir='ltr' id='par_1_1' title="bbox 272 251 3661 317">
     <span class='ocr_line' id='line_1_1' title="bbox 272 251 3661 317; baseline -0.001 -4"><span class='ocrx_word' id='word_1_1' title='bbox 272 282 282 287; x_wconf 90' lang='grc'><strong>·</strong></span> <span class='ocrx_word' id='word_1_2' title='bbox 347 257 447 317; x_wconf 76' lang='lat'><strong>50!</strong></span> <span class='ocrx_word' id='word_1_3' title='bbox 1716 251 2089 312; x_wconf 74' lang='lat' dir='ltr'><strong>PROLEGOM</strong></span> <span class='ocrx_word' id='word_1_4' title='bbox 2099 253 2254 310; x_wconf 80' lang='lat' dir='ltr'><strong>ENA.</strong></span> <span class='ocrx_word' id='word_1_5' title='bbox 3554 252 3661 311; x_wconf 63' lang='lat'><strong>503</strong></span> 
     </span>
    </p>
   </div>
   <div class='ocr_carea' id='block_1_2' title="bbox 343 367 3659 446">
    <p class='ocr_par' dir='ltr' id='par_1_2' title="bbox 343 367 3659 446">
     <span class='ocr_line' id='line_1_2' title="bbox 343 367 3659 446; baseline 0 -22"><span class='ocrx_word' id='word_1_6' title='bbox 343 367 864 445; x_wconf 77' lang='lat' dir='ltr'><strong>bynmum,Sedulii</strong></span> <span class='ocrx_word' id='word_1_7' title='bbox 926 384 1125 426; x_wconf 88' lang='lat' dir='ltr'><strong>nomen</strong></span> <span class='ocrx_word' id='word_1_8' title='bbox 1163 370 1335 427; x_wconf 83' lang='lat' dir='ltr'><strong>multo</strong></span> <span class='ocrx_word' id='word_1_9' title='bbox 1385 370 1555 442; x_wconf 76' lang='lat' dir='ltr'><strong>magis</strong></span> <span class='ocrx_word' id='word_1_10' title='bbox 1608 370 1950 428; x_wconf 78' lang='lat' dir='ltr'><strong>inclamet-it.</strong></span> <span class='ocrx_word' id='word_1_11' title='bbox 1981 373 2361 439; x_wconf 72' lang='lat' dir='ltr'><strong>Aarbitratus,</strong></span> <span class='ocrx_word' id='word_1_12' title='bbox 2412 390 2568 445; x_wconf 86' lang='lat' dir='ltr'><strong>quam</strong></span> <span class='ocrx_word' id='word_1_13' title='bbox 2622 374 2959 446; x_wconf 72' lang='lat' dir='ltr'><strong>impietatem.</strong></span> <span class='ocrx_word' id='word_1_14' title='bbox 3013 371 3079 426; x_wconf 71' lang='lat' dir='ltr'><strong>Et</strong></span> <span class='ocrx_word' id='word_1_15' title='bbox 3119 372 3291 427; x_wconf 80' lang='lat' dir='ltr'><strong>adhuc</strong></span> <span class='ocrx_word' id='word_1_16' title='bbox 3346 370 3511 442; x_wconf 71' lang='lat' dir='ltr'><strong>aliqui</strong></span> <span class='ocrx_word' id='word_1_17' title='bbox 3554 387 3659 427; x_wconf 80' lang='lat' dir='ltr'><strong>non</strong></span> 
     </span>
    </p>
   </div>
   <div class='ocr_carea' id='block_1_3' title="bbox 336 462 3660 539">
    <p class='ocr_par' dir='ltr' id='par_1_3' title="bbox 336 462 3660 539">
     <span class='ocr_line' id='line_1_3' title="bbox 336 462 3660 539; baseline -0 -21"><span class='ocrx_word' id='word_1_18' title='bbox 336 463 527 533; x_wconf 83' lang='lat' dir='ltr'><strong>Itaque</strong></span> <span class='ocrx_word' id='word_1_19' title='bbox 554 463 672 517; x_wconf 90' lang='lat' dir='ltr'><strong>sive</strong></span> <span class='ocrx_word' id='word_1_20' title='bbox 706 462 819 532; x_wconf 89' lang='lat' dir='ltr'><strong>jam</strong></span> <span class='ocrx_word' id='word_1_21' title='bbox 857 463 1103 517; x_wconf 74' lang='lat' dir='ltr'><strong>Asterius</strong></span> <span class='ocrx_word' id='word_1_22' title='bbox 1155 478 1352 518; x_wconf 80' lang='lat' dir='ltr'><strong>novam</strong></span> <span class='ocrx_word' id='word_1_23' title='bbox 1386 463 1686 519; x_wconf 87' lang='lat' dir='ltr'><strong>editionem</strong></span> <span class='ocrx_word' id='word_1_24' title='bbox 1743 465 1947 519; x_wconf 74' lang='lat' dir='ltr'><strong>carmi-</strong></span> <span class='ocrx_word' id='word_1_25' title='bbox 2051 466 2178 520; x_wconf 83' lang='lat' dir='ltr'><strong>ntali</strong></span> <span class='ocrx_word' id='word_1_26' title='bbox 2199 466 2409 536; x_wconf 79' lang='lat' dir='ltr'><strong>quidem</strong></span> <span class='ocrx_word' id='word_1_27' title='bbox 2442 467 2696 539; x_wconf 74' lang='lat' dir='ltr'><strong>pra’sttlt’s</strong></span> <span class='ocrx_word' id='word_1_28' title='bbox 2739 468 3035 539; x_wconf 68' lang='lat' dir='ltr'><strong>depravata</strong></span> <span class='ocrx_word' id='word_1_29' title='bbox 3063 465 3208 519; x_wconf 74' lang='lat' dir='ltr'><strong>illius</strong></span> <span class='ocrx_word' id='word_1_30' title='bbox 3249 464 3471 519; x_wconf 82' lang='lat' dir='ltr'><strong>lectione</strong></span> <span class='ocrx_word' id='word_1_31' title='bbox 3506 463 3660 535; x_wconf 83' lang='lat' dir='ltr'><strong>(lego</strong></span> 
     </span>
    </p>
   </div>
   <div class='ocr_carea' id='block_1_4' title="bbox 336 554 3657 632">
    <p class='ocr_par' dir='ltr' id='par_1_4' title="bbox 336 554 3657 632">
     <span class='ocr_line' id='line_1_4' title="bbox 336 554 3657 632; baseline 0 -21"><span class='ocrx_word' id='word_1_32' title='bbox 336 558 423 611; x_wconf 90' lang='lat' dir='ltr'><strong>uis</strong></span> <span class='ocrx_word' id='word_1_33' title='bbox 446 554 728 631; x_wconf 83' lang='lat' dir='ltr'><strong>Seduliani</strong></span> <span class='ocrx_word' id='word_1_34' title='bbox 785 554 1109 625; x_wconf 81' lang='lat' dir='ltr'><strong>perfecerat,</strong></span> <span class='ocrx_word' id='word_1_35' title='bbox 1161 556 1278 612; x_wconf 84' lang='lat' dir='ltr'><strong>sive</strong></span> <span class='ocrx_word' id='word_1_36' title='bbox 1309 558 1363 611; x_wconf 89' lang='lat' dir='ltr'><strong>in</strong></span> <span class='ocrx_word' id='word_1_37' title='bbox 1392 557 1444 611; x_wconf 97' lang='lat' dir='ltr'><strong>id</strong></span> <span class='ocrx_word' id='word_1_38' title='bbox 1494 572 1631 627; x_wconf 91' lang='lat' dir='ltr'><strong>opus</strong></span> <span class='ocrx_word' id='word_1_39' title='bbox 1684 568 1813 612; x_wconf 87' lang='lat' dir='ltr'><strong>tunc</strong></span> <span class='ocrx_word' id='word_1_40' title='bbox 1858 556 1940 611; x_wconf 85' lang='lat' dir='ltr'><strong>in-</strong></span> <span class='ocrx_word' id='word_1_41' title='bbox 2048 558 2303 631; x_wconf 70' lang='lat' dir='ltr'><strong>lectionis)</strong></span> <span class='ocrx_word' id='word_1_42' title='bbox 2336 561 2765 627; x_wconf 82' lang='lat' dir='ltr'><strong>halluciuatione,</strong></span> <span class='ocrx_word' id='word_1_43' title='bbox 2798 570 2846 615; x_wconf 89' lang='lat' dir='ltr'><strong>et</strong></span> <span class='ocrx_word' id='word_1_44' title='bbox 2873 560 3090 614; x_wconf 87' lang='lat' dir='ltr'><strong>alterius</strong></span> <span class='ocrx_word' id='word_1_45' title='bbox 3112 558 3270 632; x_wconf 80' lang='lat' dir='ltr'><strong>hujus</strong></span> <span class='ocrx_word' id='word_1_46' title='bbox 3289 558 3359 614; x_wconf 81' lang='lat' dir='ltr'><strong>tle</strong></span> <span class='ocrx_word' id='word_1_47' title='bbox 3385 559 3657 614; x_wconf 76' lang='lat' dir='ltr'><strong>rasitontla</strong></span> 
     </span>
    </p>
   </div>
   <div class='ocr_carea' id='block_1_5' title="bbox 335 647 3655 723">
    <p class='ocr_par' dir='ltr' id='par_1_5' title="bbox 335 647 3655 723">
     <span class='ocr_line' id='line_1_5' title="bbox 335 647 3655 723; baseline 0 -18"><span class='ocrx_word' id='word_1_48' title='bbox 335 648 646 714; x_wconf 79' lang='lat' dir='ltr'><strong>eutnbebat,</strong></span> <span class='ocrx_word' id='word_1_49' title='bbox 678 647 857 704; x_wconf 86' lang='lat' dir='ltr'><strong>simile</strong></span> <span class='ocrx_word' id='word_1_50' title='bbox 885 660 1140 715; x_wconf 85' lang='lat' dir='ltr'><strong>veroesl,</strong></span> <span class='ocrx_word' id='word_1_51' title='bbox 1174 648 1448 706; x_wconf 78' lang='lat' dir='ltr'><strong>Gelasium</strong></span> <span class='ocrx_word' id='word_1_52' title='bbox 1473 649 1791 704; x_wconf 87' lang='lat' dir='ltr'><strong>Pontilicem</strong></span> <span class='ocrx_word' id='word_1_53' title='bbox 1815 648 1941 705; x_wconf 90' lang='lat' dir='ltr'><strong>inde</strong></span> <span class='ocrx_word' id='word_1_54' title='bbox 2045 649 2205 705; x_wconf 84' lang='lat' dir='ltr'><strong>barba</strong></span> <span class='ocrx_word' id='word_1_55' title='bbox 2256 668 2431 707; x_wconf 86' lang='lat' dir='ltr'><strong>errore</strong></span> <span class='ocrx_word' id='word_1_56' title='bbox 2474 652 2640 718; x_wconf 86' lang='lat' dir='ltr'><strong>ducti,</strong></span> <span class='ocrx_word' id='word_1_57' title='bbox 2684 654 2941 708; x_wconf 83' lang='lat' dir='ltr'><strong>nemiuem</strong></span> <span class='ocrx_word' id='word_1_58' title='bbox 2994 651 3288 706; x_wconf 84' lang='lat' dir='ltr'><strong>sacerdotio</strong></span> <span class='ocrx_word' id='word_1_59' title='bbox 3307 652 3525 721; x_wconf 78' lang='lat' dir='ltr'><strong>dignum</strong></span> <span class='ocrx_word' id='word_1_60' title='bbox 3553 666 3655 723; x_wconf 78' lang='lat' dir='ltr'><strong>pu-</strong></span> 
     </span>
    </p>
   </div>
   <div class='ocr_carea' id='block_1_6' title="bbox 335 738 3655 815">
    <p class='ocr_par' dir='ltr' id='par_1_6' title="bbox 335 738 3655 815">
     <span class='ocr_line' id='line_1_6' title="bbox 335 738 3655 815; baseline 0 -18"><span class='ocrx_word' id='word_1_61' title='bbox 335 750 645 813; x_wconf 91' lang='lat' dir='ltr'><strong>permotum</strong></span> <span class='ocrx_word' id='word_1_62' title='bbox 677 742 868 809; x_wconf 81' lang='lat' dir='ltr'><strong>fuisse,</strong></span> <span class='ocrx_word' id='word_1_63' title='bbox 896 750 955 796; x_wconf 87' lang='lat' dir='ltr'><strong>ut</strong></span> <span class='ocrx_word' id='word_1_64' title='bbox 981 742 1265 796; x_wconf 90' lang='lat' dir='ltr'><strong>Sedulium</strong></span> <span class='ocrx_word' id='word_1_65' title='bbox 1299 738 1578 813; x_wconf 72' lang='lat' dir='ltr'><strong>in&#39;paucis</strong></span> <span class='ocrx_word' id='word_1_66' title='bbox 1606 743 1934 809; x_wconf 74' lang='lat' dir='ltr'><strong>nominaret,</strong></span> <span class='ocrx_word' id='word_1_67' title='bbox 2042 751 2176 808; x_wconf 86' lang='lat' dir='ltr'><strong>tant,</strong></span> <span class='ocrx_word' id='word_1_68' title='bbox 2207 745 2299 815; x_wconf 88' lang='lat' dir='ltr'><strong>qui</strong></span> <span class='ocrx_word' id='word_1_69' title='bbox 2339 745 2417 799; x_wconf 76' lang='lat' dir='ltr'><strong>vel</strong></span> <span class='ocrx_word' id='word_1_70' title='bbox 2459 745 2676 799; x_wconf 80' lang='lat' dir='ltr'><strong>barbam</strong></span> <span class='ocrx_word' id='word_1_71' title='bbox 2702 744 2926 810; x_wconf 86' lang='lat' dir='ltr'><strong>nutriat,</strong></span> <span class='ocrx_word' id='word_1_72' title='bbox 2975 746 3053 797; x_wconf 83' lang='lat' dir='ltr'><strong>vel</strong></span> <span class='ocrx_word' id='word_1_73' title='bbox 3079 759 3256 799; x_wconf 81' lang='lat' dir='ltr'><strong>versus</strong></span> <span class='ocrx_word' id='word_1_74' title='bbox 3276 742 3440 813; x_wconf 79' lang='lat' dir='ltr'><strong>faciat</strong></span> <span class='ocrx_word' id='word_1_75' title='bbox 3472 758 3492 798; x_wconf 89' lang='lat'><strong><em>:</em></strong></span> <span class='ocrx_word' id='word_1_76' title='bbox 3519 743 3655 798; x_wconf 80' lang='lat' dir='ltr'><strong>tanti</strong></span> 
     </span>
    </p>
   </div>
   <div class='ocr_carea' id='block_1_7' title="bbox 329 834 3657 907">
    <p class='ocr_par' dir='ltr' id='par_1_7' title="bbox 329 834 3657 907">
     <span class='ocr_line' id='line_1_7' title="bbox 329 834 3657 907; baseline -0.001 -15"><span class='ocrx_word' id='word_1_77' title='bbox 329 836 579 892; x_wconf 80' lang='lat' dir='ltr'><strong>eteﬂ&#39;usa</strong></span> <span class='ocrx_word' id='word_1_78' title='bbox 625 835 786 892; x_wconf 81' lang='lat' dir='ltr'><strong><em>laude</em></strong></span> <span class='ocrx_word' id='word_1_79' title='bbox 834 836 1148 893; x_wconf 75' lang='lat' dir='ltr'><strong>extolleret.</strong></span> <span class='ocrx_word' id='word_1_80' title='bbox 1206 837 1391 893; x_wconf 87' lang='lat' dir='ltr'><strong>Monet</strong></span> <span class='ocrx_word' id='word_1_81' title='bbox 1435 852 1525 891; x_wconf 83' lang='lat' dir='ltr'><strong>nte</strong></span> <span class='ocrx_word' id='word_1_82' title='bbox 1556 836 1644 891; x_wconf 86' lang='lat' dir='ltr'><strong>hic</strong></span> <span class='ocrx_word' id='word_1_83' title='bbox 1671 836 1844 902; x_wconf 88' lang='lat' dir='ltr'><strong>locus,</strong></span> <span class='ocrx_word' id='word_1_84' title='bbox 1881 845 1938 891; x_wconf 90' lang='lat' dir='ltr'><strong>ut</strong></span> <span class='ocrx_word' id='word_1_85' title='bbox 2041 845 2117 890; x_wconf 85' lang='lat' dir='ltr'><strong>est</strong></span> <span class='ocrx_word' id='word_1_86' title='bbox 2142 851 2357 905; x_wconf 86' lang='lat' dir='ltr'><strong><em>pravam</em></strong></span> <span class='ocrx_word' id='word_1_87' title='bbox 2385 837 2547 892; x_wconf 82' lang='lat' dir='ltr'><strong>semel</strong></span> <span class='ocrx_word' id='word_1_88' title='bbox 2568 837 2868 907; x_wconf 84' lang='lat' dir='ltr'><strong>opinionem</strong></span> <span class='ocrx_word' id='word_1_89' title='bbox 2912 836 3199 891; x_wconf 79' lang='lat' dir='ltr'><strong>imbibisse.</strong></span> <span class='ocrx_word' id='word_1_90' title='bbox 3227 834 3360 891; x_wconf 67' lang='lat' dir='ltr'><strong>ﬂare</strong></span> <span class='ocrx_word' id='word_1_91' title='bbox 3389 837 3461 890; x_wconf 89' lang='lat' dir='ltr'><strong>ita</strong></span> <span class='ocrx_word' id='word_1_92' title='bbox 3490 849 3657 906; x_wconf 77' lang='lat' dir='ltr'><strong>exag-</strong></span> 
     </span>
    </p>
   </div>
   <div class='ocr_carea' id='block_1_8' title="bbox 324 927 3654 1003">
    <p class='ocr_par' dir='ltr' id='par_1_8' title="bbox 324 927 3654 1003">
     <span class='ocr_line' id='line_1_8' title="bbox 324 927 3654 1003; baseline -0 -17"><span class='ocrx_word' id='word_1_93' title='bbox 324 931 563 1003; x_wconf 89' lang='lat' dir='ltr'><strong>lepidam</strong></span> <span class='ocrx_word' id='word_1_94' title='bbox 612 930 867 987; x_wconf 78' lang='lat' dir='ltr'><strong>fabellam</strong></span> <span class='ocrx_word' id='word_1_95' title='bbox 920 931 1247 999; x_wconf 76' lang='lat' dir='ltr'><strong>discutiam,</strong></span> <span class='ocrx_word' id='word_1_96' title='bbox 1281 933 1333 987; x_wconf 82' lang='lat' dir='ltr'><strong>in</strong></span> <span class='ocrx_word' id='word_1_97' title='bbox 1377 947 1540 1003; x_wconf 90' lang='lat' dir='ltr'><strong>quam</strong></span> <span class='ocrx_word' id='word_1_98' title='bbox 1610 930 1932 987; x_wconf 80' lang='lat' dir='ltr'><strong>beterodoxi</strong></span> <span class='ocrx_word' id='word_1_99' title='bbox 2037 938 2224 1000; x_wconf 86' lang='lat' dir='ltr'><strong>gerata</strong></span> <span class='ocrx_word' id='word_1_100' title='bbox 2276 931 2425 986; x_wconf 86' lang='lat' dir='ltr'><strong><em>risus</em></strong></span> <span class='ocrx_word' id='word_1_101' title='bbox 2478 930 2764 987; x_wconf 77' lang='lat' dir='ltr'><strong>excitandi</strong></span> <span class='ocrx_word' id='word_1_102' title='bbox 2818 944 2983 987; x_wconf 85' lang='lat' dir='ltr'><strong>causa</strong></span> <span class='ocrx_word' id='word_1_103' title='bbox 3041 927 3283 1000; x_wconf 83' lang='lat' dir='ltr'><strong>conﬁngi</strong></span> <span class='ocrx_word' id='word_1_104' title='bbox 3346 928 3418 983; x_wconf 86' lang='lat' dir='ltr'><strong>ab</strong></span> <span class='ocrx_word' id='word_1_105' title='bbox 3466 928 3654 999; x_wconf 87' lang='lat' dir='ltr'><strong>aliquo</strong></span> 
     </span>
    </p>
   </div>
   <div class='ocr_carea' id='block_1_9' title="bbox 230 1020 3649 1097">
    <p class='ocr_par' dir='ltr' id='par_1_9' title="bbox 230 1020 3649 1097">
     <span class='ocr_line' id='line_1_9' title="bbox 230 1020 3649 1097; baseline -0.001 -16"><span class='ocrx_word' id='word_1_106' title='bbox 230 1048 235 1053; x_wconf 58' lang='grc' dir='ltr'><em>υ</em></span> <span class='ocrx_word' id='word_1_107' title='bbox 322 1027 616 1083; x_wconf 84' lang='lat' dir='ltr'><strong>occasione</strong></span> <span class='ocrx_word' id='word_1_108' title='bbox 646 1028 837 1097; x_wconf 86' lang='lat' dir='ltr'><strong>quavis</strong></span> <span class='ocrx_word' id='word_1_109' title='bbox 877 1025 1025 1091; x_wconf 87' lang='lat' dir='ltr'><strong>data,</strong></span> <span class='ocrx_word' id='word_1_110' title='bbox 1074 1026 1161 1081; x_wconf 82' lang='lat' dir='ltr'><strong>vel</strong></span> <span class='ocrx_word' id='word_1_111' title='bbox 1217 1035 1436 1096; x_wconf 86' lang='lat' dir='ltr'><strong>arrepta</strong></span> <span class='ocrx_word' id='word_1_112' title='bbox 1470 1026 1707 1082; x_wconf 77' lang='lat' dir='ltr'><strong>libenter</strong></span> <span class='ocrx_word' id='word_1_113' title='bbox 1736 1041 1931 1082; x_wconf 81' lang='lat' dir='ltr'><strong>excur-</strong></span> <span class='ocrx_word' id='word_1_114' title='bbox 2036 1034 2224 1077; x_wconf 82' lang='lat' dir='ltr'><strong>scurra</strong></span> <span class='ocrx_word' id='word_1_115' title='bbox 2268 1030 2593 1093; x_wconf 86' lang='lat' dir='ltr'><strong>potuerunt;</strong></span> <span class='ocrx_word' id='word_1_116' title='bbox 2643 1024 2794 1079; x_wconf 87' lang='lat' dir='ltr'><strong>credi</strong></span> <span class='ocrx_word' id='word_1_117' title='bbox 2846 1038 2876 1079; x_wconf 90' lang='lat' dir='ltr'><strong>a</strong></span> <span class='ocrx_word' id='word_1_118' title='bbox 2928 1024 3148 1079; x_wconf 89' lang='lat' dir='ltr'><strong>nemine</strong></span> <span class='ocrx_word' id='word_1_119' title='bbox 3203 1032 3364 1078; x_wconf 87' lang='lat' dir='ltr'><strong>certe</strong></span> <span class='ocrx_word' id='word_1_120' title='bbox 3424 1020 3649 1079; x_wconf 87' lang='lat' dir='ltr'><strong>debent.</strong></span> 
     </span>
    </p>
   </div>
   <div class='ocr_carea' id='block_1_10' title="bbox 324 1113 3642 1189">
    <p class='ocr_par' dir='ltr' id='par_1_10' title="bbox 324 1113 3642 1189">
     <span class='ocr_line' id='line_1_10' title="bbox 324 1113 3642 1189; baseline 0 -18"><span class='ocrx_word' id='word_1_121' title='bbox 324 1128 475 1172; x_wconf 91' lang='lat' dir='ltr'><strong>runt.</strong></span> <span class='ocrx_word' id='word_1_122' title='bbox 503 1117 761 1186; x_wconf 91' lang='lat' dir='ltr'><strong>Narrant,</strong></span> <span class='ocrx_word' id='word_1_123' title='bbox 782 1118 960 1174; x_wconf 90' lang='lat' dir='ltr'><strong>locum</strong></span> <span class='ocrx_word' id='word_1_124' title='bbox 987 1116 1189 1175; x_wconf 71' lang='lat' dir='ltr'><strong>Gelasii</strong></span> <span class='ocrx_word' id='word_1_125' title='bbox 1212 1132 1310 1189; x_wconf 90' lang='lat' dir='ltr'><strong>per</strong></span> <span class='ocrx_word' id='word_1_126' title='bbox 1332 1119 1586 1173; x_wconf 82' lang='lat' dir='ltr'><strong>librarios</strong></span> <span class='ocrx_word' id='word_1_127' title='bbox 1608 1126 1926 1189; x_wconf 81' lang='lat' dir='ltr'><strong>corruptum</strong></span> <span class='ocrx_word' id='word_1_128' title='bbox 2032 1113 2154 1183; x_wconf 86' lang='lat' dir='ltr'><strong>Quo</strong></span> <span class='ocrx_word' id='word_1_129' title='bbox 2179 1116 2351 1187; x_wconf 86' lang='lat' dir='ltr'><strong>magis</strong></span> <span class='ocrx_word' id='word_1_130' title='bbox 2393 1116 2586 1172; x_wconf 89' lang='lat' dir='ltr'><strong>mirari</strong></span> <span class='ocrx_word' id='word_1_131' title='bbox 2634 1117 2803 1182; x_wconf 81' lang='lat' dir='ltr'><strong>subit,</strong></span> <span class='ocrx_word' id='word_1_132' title='bbox 2834 1116 3106 1172; x_wconf 81' lang='lat' dir='ltr'><strong>Funcium</strong></span> <span class='ocrx_word' id='word_1_133' title='bbox 3129 1130 3252 1186; x_wconf 85' lang='lat' dir='ltr'><strong>cap.</strong></span> <span class='ocrx_word' id='word_1_134' title='bbox 3280 1115 3315 1170; x_wconf 82' lang='grc'>5</span> <span class='ocrx_word' id='word_1_135' title='bbox 3335 1114 3404 1171; x_wconf 90' lang='lat' dir='ltr'><strong>de</strong></span> <span class='ocrx_word' id='word_1_136' title='bbox 3450 1114 3642 1186; x_wconf 82' lang='lat' dir='ltr'><strong>Veget.</strong></span> 
     </span>
    </p>
   </div>
   <div class='ocr_carea' id='block_1_11' title="bbox 319 1205 3643 1285">
    <p class='ocr_par' dir='ltr' id='par_1_11' title="bbox 319 1205 3643 1285">
     <span class='ocr_line' id='line_1_11' title="bbox 319 1205 3643 1285; baseline -0 -21"><span class='ocrx_word' id='word_1_137' title='bbox 319 1212 617 1282; x_wconf 86' lang='lat' dir='ltr'><strong>aliquando</strong></span> <span class='ocrx_word' id='word_1_138' title='bbox 640 1213 830 1274; x_wconf 78' lang='lat' dir='ltr'><strong>fuisse,</strong></span> <span class='ocrx_word' id='word_1_139' title='bbox 853 1212 945 1285; x_wconf 87' lang='lat' dir='ltr'><strong>qui</strong></span> <span class='ocrx_word' id='word_1_140' title='bbox 978 1211 1381 1268; x_wconf 85' lang='lat' dir='ltr'><strong>substituerth</strong></span> <span class='ocrx_word' id='word_1_141' title='bbox 1408 1228 1421 1265; x_wconf 90' lang='lat'><strong>:</strong></span> <span class='ocrx_word' id='word_1_142' title='bbox 1460 1211 1605 1281; x_wconf 86' lang='lat' dir='ltr'><strong>Opus</strong></span> <span class='ocrx_word' id='word_1_143' title='bbox 1638 1210 1924 1278; x_wconf 85' lang='lat' dir='ltr'><strong>Paschale,</strong></span> <span class='ocrx_word' id='word_1_144' title='bbox 2030 1205 2150 1263; x_wconf 86' lang='lat' dir='ltr'><strong>Lat.</strong></span> <span class='ocrx_word' id='word_1_145' title='bbox 2174 1209 2306 1280; x_wconf 88' lang='lat' dir='ltr'><strong>ling.</strong></span> <span class='ocrx_word' id='word_1_146' title='bbox 2337 1220 2547 1265; x_wconf 89' lang='lat' dir='ltr'><strong>seneet.</strong></span> <span class='ocrx_word' id='word_1_147' title='bbox 2579 1226 2702 1264; x_wconf 88' lang='lat' dir='ltr'><strong>cum</strong></span> <span class='ocrx_word' id='word_1_148' title='bbox 2727 1210 2901 1265; x_wconf 78' lang='lat' dir='ltr'><strong>solum</strong></span> <span class='ocrx_word' id='word_1_149' title='bbox 2923 1210 3172 1281; x_wconf 86' lang='lat' dir='ltr'><strong>Baylium</strong></span> <span class='ocrx_word' id='word_1_150' title='bbox 3195 1218 3476 1265; x_wconf 84' lang='lat' dir='ltr'><strong>auctorem</strong></span> <span class='ocrx_word' id='word_1_151' title='bbox 3504 1207 3643 1263; x_wconf 84' lang='lat' dir='ltr'><strong>alle-</strong></span> 
     </span>
    </p>
   </div>
   <div class='ocr_carea' id='block_1_12' title="bbox 320 1303 3640 1375">
    <p class='ocr_par' dir='ltr' id='par_1_12' title="bbox 320 1303 3640 1375">
     <span class='ocr_line' id='line_1_12' title="bbox 320 1303 3640 1375; baseline 0 -17"><span class='ocrx_word' id='word_1_152' title='bbox 320 1304 460 1375; x_wconf 82' lang='lat' dir='ltr'><strong>quod</strong></span> <span class='ocrx_word' id='word_1_153' title='bbox 491 1304 750 1359; x_wconf 80' lang='lat' dir='ltr'><strong>htereticis</strong></span> <span class='ocrx_word' id='word_1_154' title='bbox 778 1305 1055 1374; x_wconf 78' lang='lat' dir='ltr'><strong>descripsit</strong></span> <span class='ocrx_word' id='word_1_155' title='bbox 1095 1303 1324 1359; x_wconf 81' lang='lat' dir='ltr'><strong>versibus</strong></span> <span class='ocrx_word' id='word_1_156' title='bbox 1367 1320 1467 1374; x_wconf 90' lang='lat' dir='ltr'><strong>pro</strong></span> <span class='ocrx_word' id='word_1_157' title='bbox 1490 1304 1709 1358; x_wconf 76' lang='lat' dir='ltr'><strong>heroicis</strong></span> <span class='ocrx_word' id='word_1_158' title='bbox 1734 1319 1754 1358; x_wconf 94' lang='lat'><strong><em>:</em></strong></span> <span class='ocrx_word' id='word_1_159' title='bbox 1778 1305 1924 1374; x_wconf 88' lang='lat' dir='ltr'><strong>quod</strong></span> <span class='ocrx_word' id='word_1_160' title='bbox 2026 1313 2138 1372; x_wconf 88' lang='lat' dir='ltr'><strong>get,</strong></span> <span class='ocrx_word' id='word_1_161' title='bbox 2163 1322 2172 1328; x_wconf 91' lang='grc'><strong>·</strong></span> <span class='ocrx_word' id='word_1_162' title='bbox 2196 1314 2380 1359; x_wconf 87' lang='lat' dir='ltr'><strong>tamen</strong></span> <span class='ocrx_word' id='word_1_163' title='bbox 2445 1305 2695 1361; x_wconf 89' lang='lat' dir='ltr'><strong>eamdem</strong></span> <span class='ocrx_word' id='word_1_164' title='bbox 2742 1305 3053 1371; x_wconf 86' lang='lat' dir='ltr'><strong>cratnbem,</strong></span> <span class='ocrx_word' id='word_1_165' title='bbox 3098 1315 3377 1375; x_wconf 88' lang='lat' dir='ltr'><strong>tamquam</strong></span> <span class='ocrx_word' id='word_1_166' title='bbox 3431 1312 3640 1361; x_wconf 82' lang='lat' dir='ltr'><strong>certam</strong></span> 
     </span>
    </p>
   </div>
   <div class='ocr_carea' id='block_1_13' title="bbox 320 1393 3644 1471">
    <p class='ocr_par' dir='ltr' id='par_1_13' title="bbox 320 1393 3644 1471">
     <span class='ocr_line' id='line_1_13' title="bbox 320 1393 3644 1471; baseline 0 -18"><span class='ocrx_word' id='word_1_167' title='bbox 320 1399 579 1455; x_wconf 82' lang='lat' dir='ltr'><strong>mendum</strong></span> <span class='ocrx_word' id='word_1_168' title='bbox 603 1399 827 1455; x_wconf 68' lang='lat' dir='ltr'><strong>Paulum</strong></span> <span class='ocrx_word' id='word_1_169' title='bbox 860 1399 903 1454; x_wconf 92' lang='lat' dir='ltr'><strong>ll</strong></span> <span class='ocrx_word' id='word_1_170' title='bbox 926 1400 992 1454; x_wconf 88' lang='lat' dir='ltr'><strong>ad</strong></span> <span class='ocrx_word' id='word_1_171' title='bbox 1024 1399 1259 1469; x_wconf 86' lang='lat' dir='ltr'><strong>capitale</strong></span> <span class='ocrx_word' id='word_1_172' title='bbox 1280 1407 1565 1471; x_wconf 89' lang='lat' dir='ltr'><strong>poetarum</strong></span> <span class='ocrx_word' id='word_1_173' title='bbox 1592 1398 1775 1453; x_wconf 90' lang='lat' dir='ltr'><strong>odium</strong></span> <span class='ocrx_word' id='word_1_174' title='bbox 1802 1414 1923 1468; x_wconf 86' lang='lat' dir='ltr'><strong>per-</strong></span> <span class='ocrx_word' id='word_1_175' title='bbox 2029 1393 2342 1466; x_wconf 88' lang='lat' dir='ltr'><strong>historiam,</strong></span> <span class='ocrx_word' id='word_1_176' title='bbox 2382 1412 2705 1469; x_wconf 86' lang='lat' dir='ltr'><strong>recoquere,</strong></span> <span class='ocrx_word' id='word_1_177' title='bbox 2744 1414 2809 1454; x_wconf 90' lang='lat' dir='ltr'><strong>ac</strong></span> <span class='ocrx_word' id='word_1_178' title='bbox 2840 1399 3056 1455; x_wconf 87' lang='lat' dir='ltr'><strong>diversa</strong></span> <span class='ocrx_word' id='word_1_179' title='bbox 3096 1407 3387 1454; x_wconf 85' lang='lat' dir='ltr'><strong>narrantes</strong></span> <span class='ocrx_word' id='word_1_180' title='bbox 3406 1398 3644 1469; x_wconf 90' lang='lat' dir='ltr'><strong>scripto-</strong></span> 
     </span>
    </p>
   </div>
   <div class='ocr_carea' id='block_1_14' title="bbox 318 1488 3641 1565">
    <p class='ocr_par' dir='ltr' id='par_1_14' title="bbox 318 1488 3641 1565">
     <span class='ocr_line' id='line_1_14' title="bbox 318 1488 3641 1565; baseline 0 -19"><span class='ocrx_word' id='word_1_181' title='bbox 318 1490 498 1561; x_wconf 77' lang='lat' dir='ltr'><strong>duxit,</strong></span> <span class='ocrx_word' id='word_1_182' title='bbox 551 1492 663 1565; x_wconf 81' lang='lat' dir='ltr'><strong>9o</strong></span> <span class='ocrx_word' id='word_1_183' title='bbox 706 1507 769 1547; x_wconf 89' lang='lat' dir='ltr'><strong>ac</strong></span> <span class='ocrx_word' id='word_1_184' title='bbox 816 1492 1063 1565; x_wconf 86' lang='lat' dir='ltr'><strong>pluribus</strong></span> <span class='ocrx_word' id='word_1_185' title='bbox 1111 1492 1233 1548; x_wconf 89' lang='lat' dir='ltr'><strong>aliis</strong></span> <span class='ocrx_word' id='word_1_186' title='bbox 1284 1492 1461 1563; x_wconf 89' lang='lat' dir='ltr'><strong>legum</strong></span> <span class='ocrx_word' id='word_1_187' title='bbox 1516 1490 1923 1563; x_wconf 69' lang='lat' dir='ltr'><strong>professmibus</strong></span> <span class='ocrx_word' id='word_1_188' title='bbox 2025 1503 2114 1544; x_wconf 88' lang='lat' dir='ltr'><strong>res</strong></span> <span class='ocrx_word' id='word_1_189' title='bbox 2161 1488 2234 1543; x_wconf 88' lang='lat' dir='ltr'><strong>ita</strong></span> <span class='ocrx_word' id='word_1_190' title='bbox 2283 1505 2638 1561; x_wconf 87' lang='lat' dir='ltr'><strong>componere,</strong></span> <span class='ocrx_word' id='word_1_191' title='bbox 2685 1499 2745 1546; x_wconf 92' lang='lat' dir='ltr'><strong>ut</strong></span> <span class='ocrx_word' id='word_1_192' title='bbox 2791 1492 3013 1561; x_wconf 85' lang='lat' dir='ltr'><strong>utrique</strong></span> <span class='ocrx_word' id='word_1_193' title='bbox 3070 1490 3346 1562; x_wconf 86' lang='lat' dir='ltr'><strong>pontiﬁci,</strong></span> <span class='ocrx_word' id='word_1_194' title='bbox 3397 1490 3641 1547; x_wconf 86' lang='lat' dir='ltr'><strong>Pauloll</strong></span> 
     </span>
    </p>
   </div>
   <div class='ocr_carea' id='block_1_15' title="bbox 311 1581 3632 1662">
    <p class='ocr_par' dir='ltr' id='par_1_15' title="bbox 311 1581 3632 1662">
     <span class='ocr_line' id='line_1_15' title="bbox 311 1581 3632 1662; baseline -0.001 -22"><span class='ocrx_word' id='word_1_195' title='bbox 311 1585 618 1656; x_wconf 88' lang='lat' dir='ltr'><strong>imposuit:</strong></span> <span class='ocrx_word' id='word_1_196' title='bbox 650 1588 782 1659; x_wconf 89' lang='lat' dir='ltr'><strong>quin</strong></span> <span class='ocrx_word' id='word_1_197' title='bbox 814 1587 1063 1643; x_wconf 89' lang='lat' dir='ltr'><strong>nonnulli</strong></span> <span class='ocrx_word' id='word_1_198' title='bbox 1096 1602 1287 1643; x_wconf 89' lang='lat' dir='ltr'><strong>eorum</strong></span> <span class='ocrx_word' id='word_1_199' title='bbox 1317 1587 1549 1662; x_wconf 83' lang='lat' dir='ltr'><strong>addunt,</strong></span> <span class='ocrx_word' id='word_1_200' title='bbox 1580 1602 1651 1644; x_wconf 80' lang='lat' dir='ltr'><strong>ex</strong></span> <span class='ocrx_word' id='word_1_201' title='bbox 1695 1588 1918 1642; x_wconf 88' lang='lat' dir='ltr'><strong>decreto</strong></span> <span class='ocrx_word' id='word_1_202' title='bbox 2027 1591 2083 1637; x_wconf 87' lang='lat' dir='ltr'><strong>et</strong></span> <span class='ocrx_word' id='word_1_203' title='bbox 2133 1581 2411 1639; x_wconf 86' lang='lat' dir='ltr'><strong>Hadriano</strong></span> <span class='ocrx_word' id='word_1_204' title='bbox 2482 1584 2547 1639; x_wconf 77' lang='lat' dir='ltr'><strong>Vl</strong></span> <span class='ocrx_word' id='word_1_205' title='bbox 2579 1626 2594 1651; x_wconf 93' lang='lat'><strong>,</strong></span> <span class='ocrx_word' id='word_1_206' title='bbox 2663 1592 2772 1640; x_wconf 86' lang='lat' dir='ltr'><strong>tam</strong></span> <span class='ocrx_word' id='word_1_207' title='bbox 2843 1582 3149 1641; x_wconf 89' lang='lat' dir='ltr'><strong>absurdum</strong></span> <span class='ocrx_word' id='word_1_208' title='bbox 3225 1597 3472 1640; x_wconf 90' lang='lat' dir='ltr'><strong>errorem</strong></span> <span class='ocrx_word' id='word_1_209' title='bbox 3524 1584 3632 1639; x_wconf 89' lang='lat' dir='ltr'><strong>im-</strong></span> 
     </span>
    </p>
   </div>
   <div class='ocr_carea' id='block_1_16' title="bbox 310 1676 2197 1751">
    <p class='ocr_par' dir='ltr' id='par_1_16' title="bbox 310 1676 2197 1751">
     <span class='ocr_line' id='line_1_16' title="bbox 310 1676 2197 1751; baseline -0.002 -18"><span class='ocrx_word' id='word_1_210' title='bbox 310 1676 516 1733; x_wconf 84' lang='lat' dir='ltr'><strong>Gelasii</strong></span> <span class='ocrx_word' id='word_1_211' title='bbox 546 1680 615 1734; x_wconf 86' lang='lat' dir='ltr'><strong>ita</strong></span> <span class='ocrx_word' id='word_1_212' title='bbox 643 1690 903 1751; x_wconf 90' lang='lat' dir='ltr'><strong>corrupto</strong></span> <span class='ocrx_word' id='word_1_213' title='bbox 930 1680 1000 1735; x_wconf 89' lang='lat' dir='ltr'><strong>ab</strong></span> <span class='ocrx_word' id='word_1_214' title='bbox 1031 1680 1276 1736; x_wconf 86' lang='lat' dir='ltr'><strong>Ecclesia</strong></span> <span class='ocrx_word' id='word_1_215' title='bbox 1303 1678 1575 1735; x_wconf 88' lang='lat' dir='ltr'><strong>catholica</strong></span> <span class='ocrx_word' id='word_1_216' title='bbox 1602 1689 1792 1750; x_wconf 86' lang='lat' dir='ltr'><strong>poetas</strong></span> <span class='ocrx_word' id='word_1_217' title='bbox 1817 1695 1918 1734; x_wconf 81' lang='lat' dir='ltr'><strong>ex-</strong></span> <span class='ocrx_word' id='word_1_218' title='bbox 2022 1686 2197 1747; x_wconf 83' lang='lat' dir='ltr'><strong>putet.</strong></span> 
     </span>
    </p>
   </div>
   <div class='ocr_carea' id='block_1_17' title="bbox 311 1765 3633 1845">
    <p class='ocr_par' dir='ltr' id='par_1_17' title="bbox 311 1765 3633 1845">
     <span class='ocr_line' id='line_1_17' title="bbox 311 1765 3633 1845; baseline 0.001 -19"><span class='ocrx_word' id='word_1_219' title='bbox 311 1772 498 1829; x_wconf 85' lang='lat' dir='ltr'><strong>sulare</strong></span> <span class='ocrx_word' id='word_1_220' title='bbox 521 1772 729 1842; x_wconf 90' lang='lat' dir='ltr'><strong>jussos,</strong></span> <span class='ocrx_word' id='word_1_221' title='bbox 773 1789 899 1829; x_wconf 89' lang='lat' dir='ltr'><strong>eum</strong></span> <span class='ocrx_word' id='word_1_222' title='bbox 930 1773 1085 1829; x_wconf 91' lang='lat' dir='ltr'><strong>multi</strong></span> <span class='ocrx_word' id='word_1_223' title='bbox 1115 1772 1425 1839; x_wconf 82' lang='lat' dir='ltr'><strong>crederent,</strong></span> <span class='ocrx_word' id='word_1_224' title='bbox 1469 1787 1663 1828; x_wconf 90' lang='lat' dir='ltr'><strong>omnes</strong></span> <span class='ocrx_word' id='word_1_225' title='bbox 1714 1781 1909 1842; x_wconf 88' lang='lat' dir='ltr'><strong>poetas</strong></span> <span class='ocrx_word' id='word_1_226' title='bbox 1942 1765 1989 1826; x_wconf 85' lang='grc' dir='ltr'><em>Β</em></span> <span class='ocrx_word' id='word_1_227' title='bbox 2089 1770 2215 1826; x_wconf 72' lang='grc'><strong>162.</strong></span> <span class='ocrx_word' id='word_1_228' title='bbox 2261 1772 2516 1829; x_wconf 83' lang='lat' dir='ltr'><strong>Breviter</strong></span> <span class='ocrx_word' id='word_1_229' title='bbox 2554 1773 2899 1845; x_wconf 82' lang='lat' dir='ltr'><strong>expedienda</strong></span> <span class='ocrx_word' id='word_1_230' title='bbox 2948 1790 3094 1829; x_wconf 89' lang='lat' dir='ltr'><strong>nunc</strong></span> <span class='ocrx_word' id='word_1_231' title='bbox 3137 1782 3224 1829; x_wconf 89' lang='lat' dir='ltr'><strong>est</strong></span> <span class='ocrx_word' id='word_1_232' title='bbox 3273 1771 3379 1828; x_wconf 89' lang='lat' dir='ltr'><strong>alia</strong></span> <span class='ocrx_word' id='word_1_233' title='bbox 3402 1772 3633 1843; x_wconf 66' lang='lat' dir='ltr'><strong>quaestio</strong></span> 
     </span>
    </p>
   </div>
   <div class='ocr_carea' id='block_1_18' title="bbox 306 1861 3623 1939">
    <p class='ocr_par' dir='ltr' id='par_1_18' title="bbox 306 1861 3623 1939">
     <span class='ocr_line' id='line_1_18' title="bbox 306 1861 3623 1939; baseline 0.002 -21"><span class='ocrx_word' id='word_1_234' title='bbox 306 1876 434 1918; x_wconf 87' lang='lat' dir='ltr'><strong>esse</strong></span> <span class='ocrx_word' id='word_1_235' title='bbox 455 1861 767 1920; x_wconf 68' lang='lat' dir='ltr'><strong>haereticos.</strong></span> <span class='ocrx_word' id='word_1_236' title='bbox 800 1864 1001 1921; x_wconf 83' lang='lat' dir='ltr'><strong>Verum</strong></span> <span class='ocrx_word' id='word_1_237' title='bbox 1026 1865 1150 1938; x_wconf 89' lang='lat' dir='ltr'><strong>quis</strong></span> <span class='ocrx_word' id='word_1_238' title='bbox 1174 1881 1279 1921; x_wconf 92' lang='lat' dir='ltr'><strong>non</strong></span> <span class='ocrx_word' id='word_1_239' title='bbox 1300 1866 1500 1933; x_wconf 81' lang='lat' dir='ltr'><strong>videat,</strong></span> <span class='ocrx_word' id='word_1_240' title='bbox 1534 1866 1737 1922; x_wconf 90' lang='lat' dir='ltr'><strong>nemini</strong></span> <span class='ocrx_word' id='word_1_241' title='bbox 1761 1879 1909 1921; x_wconf 63' lang='lat' dir='ltr'><strong>sana</strong></span> <span class='ocrx_word' id='word_1_242' title='bbox 2012 1863 2082 1921; x_wconf 89' lang='lat' dir='ltr'><strong>de</strong></span> <span class='ocrx_word' id='word_1_243' title='bbox 2105 1865 2344 1932; x_wconf 84' lang='lat' dir='ltr'><strong>Asterie,</strong></span> <span class='ocrx_word' id='word_1_244' title='bbox 2398 1867 2465 1922; x_wconf 90' lang='lat' dir='ltr'><strong>de</strong></span> <span class='ocrx_word' id='word_1_245' title='bbox 2495 1883 2601 1938; x_wconf 87' lang='lat' dir='ltr'><strong>qua</strong></span> <span class='ocrx_word' id='word_1_246' title='bbox 2628 1868 2880 1924; x_wconf 87' lang='lat' dir='ltr'><strong>nonnihil</strong></span> <span class='ocrx_word' id='word_1_247' title='bbox 2910 1882 3076 1939; x_wconf 87' lang='lat' dir='ltr'><strong>supra</strong></span> <span class='ocrx_word' id='word_1_248' title='bbox 3117 1883 3271 1922; x_wconf 89' lang='lat' dir='ltr'><strong>num.</strong></span> <span class='ocrx_word' id='word_1_249' title='bbox 3319 1865 3392 1922; x_wconf 68' lang='lat'><strong>46</strong></span> <span class='ocrx_word' id='word_1_250' title='bbox 3425 1876 3483 1923; x_wconf 86' lang='lat' dir='ltr'><strong>et</strong></span> <span class='ocrx_word' id='word_1_251' title='bbox 3516 1866 3623 1924; x_wconf 73' lang='grc'><strong>122</strong></span> 
     </span>
    </p>
   </div>
   <div class='ocr_carea' id='block_1_19' title="bbox 305 1956 3622 2035">
    <p class='ocr_par' dir='ltr' id='par_1_19' title="bbox 305 1956 3622 2035">
     <span class='ocr_line' id='line_1_19' title="bbox 305 1956 3622 2035; baseline 0.003 -26"><span class='ocrx_word' id='word_1_252' title='bbox 305 1956 508 2011; x_wconf 89' lang='lat' dir='ltr'><strong>mentis</strong></span> <span class='ocrx_word' id='word_1_253' title='bbox 530 1957 723 2013; x_wconf 85' lang='lat' dir='ltr'><strong>venire</strong></span> <span class='ocrx_word' id='word_1_254' title='bbox 769 1958 825 2012; x_wconf 92' lang='lat' dir='ltr'><strong>in</strong></span> <span class='ocrx_word' id='word_1_255' title='bbox 881 1969 1123 2015; x_wconf 87' lang='lat' dir='ltr'><strong>mentem</strong></span> <span class='ocrx_word' id='word_1_256' title='bbox 1154 1959 1414 2029; x_wconf 84' lang='lat' dir='ltr'><strong>potuisse,</strong></span> <span class='ocrx_word' id='word_1_257' title='bbox 1477 1967 1535 2013; x_wconf 92' lang='lat' dir='ltr'><strong>ut</strong></span> <span class='ocrx_word' id='word_1_258' title='bbox 1565 1974 1630 2013; x_wconf 80' lang='lat' dir='ltr'><strong>ex</strong></span> <span class='ocrx_word' id='word_1_259' title='bbox 1683 1957 1908 2013; x_wconf 89' lang='lat' dir='ltr'><strong>decreto</strong></span> <span class='ocrx_word' id='word_1_260' title='bbox 2010 1968 2190 2014; x_wconf 89' lang='lat' dir='ltr'><strong>actum</strong></span> <span class='ocrx_word' id='word_1_261' title='bbox 2242 1968 2349 2025; x_wconf 87' lang='lat' dir='ltr'><strong>est,</strong></span> <span class='ocrx_word' id='word_1_262' title='bbox 2377 1960 2521 2017; x_wconf 89' lang='lat' dir='ltr'><strong>sitne</strong></span> <span class='ocrx_word' id='word_1_263' title='bbox 2545 1970 2737 2018; x_wconf 84' lang='lat' dir='ltr'><strong>auctor</strong></span> <span class='ocrx_word' id='word_1_264' title='bbox 2766 1963 2986 2035; x_wconf 68' lang='lat' dir='ltr'><strong>elegia,</strong></span> <span class='ocrx_word' id='word_1_265' title='bbox 3024 1960 3305 2018; x_wconf 78' lang='lat' dir='ltr'><strong>Cantemus</strong></span> <span class='ocrx_word' id='word_1_266' title='bbox 3326 1963 3477 2030; x_wconf 85' lang='lat' dir='ltr'><strong>socii,</strong></span> <span class='ocrx_word' id='word_1_267' title='bbox 3508 1971 3622 2018; x_wconf 90' lang='lat' dir='ltr'><strong>etc.</strong></span> 
     </span>
    </p>
   </div>
   <div class='ocr_carea' id='block_1_20' title="bbox 308 2046 3625 2129">
    <p class='ocr_par' dir='ltr' id='par_1_20' title="bbox 308 2046 3625 2129">
     <span class='ocr_line' id='line_1_20' title="bbox 308 2046 3625 2129; baseline 0.003 -26"><span class='ocrx_word' id='word_1_268' title='bbox 308 2046 538 2118; x_wconf 88' lang='lat' dir='ltr'><strong>Gelasii,</strong></span> <span class='ocrx_word' id='word_1_269' title='bbox 588 2066 699 2120; x_wconf 87' lang='lat' dir='ltr'><strong>quo</strong></span> <span class='ocrx_word' id='word_1_270' title='bbox 730 2052 929 2124; x_wconf 78' lang='lat' dir='ltr'><strong>insigni</strong></span> <span class='ocrx_word' id='word_1_271' title='bbox 969 2052 1129 2108; x_wconf 89' lang='lat' dir='ltr'><strong>laude</strong></span> <span class='ocrx_word' id='word_1_272' title='bbox 1159 2066 1380 2108; x_wconf 84' lang='lat' dir='ltr'><strong>carmen</strong></span> <span class='ocrx_word' id='word_1_273' title='bbox 1411 2051 1621 2108; x_wconf 88' lang='lat' dir='ltr'><strong>Sedulii</strong></span> <span class='ocrx_word' id='word_1_274' title='bbox 1648 2059 1902 2117; x_wconf 90' lang='lat' dir='ltr'><strong>ornatur,</strong></span> <span class='ocrx_word' id='word_1_275' title='bbox 2008 2050 2287 2119; x_wconf 83' lang='lat' dir='ltr'><strong>Nurisius,</strong></span> <span class='ocrx_word' id='word_1_276' title='bbox 2325 2056 2452 2125; x_wconf 84' lang='lat' dir='ltr'><strong>quia</strong></span> <span class='ocrx_word' id='word_1_277' title='bbox 2492 2055 2547 2111; x_wconf 92' lang='lat' dir='ltr'><strong>in</strong></span> <span class='ocrx_word' id='word_1_278' title='bbox 2578 2056 2702 2112; x_wconf 88' lang='lat' dir='ltr'><strong>cod.</strong></span> <span class='ocrx_word' id='word_1_279' title='bbox 2733 2057 3003 2113; x_wconf 81' lang='lat' dir='ltr'><strong>Vaticano</strong></span> <span class='ocrx_word' id='word_1_280' title='bbox 3038 2056 3181 2113; x_wconf 82' lang='grc'><strong>1165</strong></span> <span class='ocrx_word' id='word_1_281' title='bbox 3213 2066 3337 2129; x_wconf 92' lang='lat' dir='ltr'><strong>post</strong></span> <span class='ocrx_word' id='word_1_282' title='bbox 3386 2057 3625 2114; x_wconf 82' lang='lat' dir='ltr'><strong>Carmen</strong></span> 
     </span>
    </p>
   </div>
   <div class='ocr_carea' id='block_1_21' title="bbox 296 2139 3621 2225">
    <p class='ocr_par' dir='ltr' id='par_1_21' title="bbox 296 2139 3621 2225">
     <span class='ocr_line' id='line_1_21' title="bbox 296 2139 3621 2225; baseline 0.004 -32"><span class='ocrx_word' id='word_1_283' title='bbox 296 2139 824 2213; x_wconf 63' lang='lat' dir='ltr'><strong>colligeret,jpoctas</strong></span> <span class='ocrx_word' id='word_1_284' title='bbox 871 2160 1065 2201; x_wconf 87' lang='lat' dir='ltr'><strong>omnes</strong></span> <span class='ocrx_word' id='word_1_285' title='bbox 1090 2159 1214 2200; x_wconf 88' lang='lat' dir='ltr'><strong>esse</strong></span> <span class='ocrx_word' id='word_1_286' title='bbox 1270 2144 1604 2201; x_wconf 64' lang='lat' dir='ltr'><strong>haereticos?</strong></span> <span class='ocrx_word' id='word_1_287' title='bbox 1653 2144 1713 2198; x_wconf 89' lang='lat' dir='ltr'><strong>In</strong></span> <span class='ocrx_word' id='word_1_288' title='bbox 1739 2145 1905 2200; x_wconf 84' lang='lat' dir='ltr'><strong>nullis</strong></span> <span class='ocrx_word' id='word_1_289' title='bbox 2007 2145 2272 2202; x_wconf 87' lang='lat' dir='ltr'><strong>Paschale</strong></span> <span class='ocrx_word' id='word_1_290' title='bbox 2320 2149 2619 2225; x_wconf 80' lang='lat' dir='ltr'><strong>ascribitur</strong></span> <span class='ocrx_word' id='word_1_291' title='bbox 2645 2160 2809 2219; x_wconf 91' lang='lat' dir='ltr'><strong>nota,</strong></span> <span class='ocrx_word' id='word_1_292' title='bbox 2858 2166 2966 2222; x_wconf 87' lang='lat' dir='ltr'><strong>qua</strong></span> <span class='ocrx_word' id='word_1_293' title='bbox 2997 2151 3362 2220; x_wconf 82' lang='lat' dir='ltr'><strong>signiﬁcatur,</strong></span> <span class='ocrx_word' id='word_1_294' title='bbox 3396 2166 3621 2207; x_wconf 88' lang='lat' dir='ltr'><strong>carmen</strong></span> 
     </span>
    </p>
   </div>
   <div class='ocr_carea' id='block_1_22' title="bbox 301 2235 3616 2316">
    <p class='ocr_par' dir='ltr' id='par_1_22' title="bbox 301 2235 3616 2316">
     <span class='ocr_line' id='line_1_22' title="bbox 301 2235 3616 2316; baseline 0.004 -30"><span class='ocrx_word' id='word_1_295' title='bbox 301 2235 474 2290; x_wconf 87' lang='lat' dir='ltr'><strong>variis</strong></span> <span class='ocrx_word' id='word_1_296' title='bbox 502 2235 837 2293; x_wconf 84' lang='lat' dir='ltr'><strong>lectionibus</strong></span> <span class='ocrx_word' id='word_1_297' title='bbox 883 2238 1118 2308; x_wconf 85' lang='lat' dir='ltr'><strong>reperio,</strong></span> <span class='ocrx_word' id='word_1_298' title='bbox 1175 2240 1337 2296; x_wconf 68' lang='lat' dir='ltr'><strong>verba</strong></span> <span class='ocrx_word' id='word_1_299' title='bbox 1375 2239 1578 2296; x_wconf 84' lang='lat' dir='ltr'><strong>Gelasii</strong></span> <span class='ocrx_word' id='word_1_300' title='bbox 1637 2239 1903 2294; x_wconf 80' lang='lat' dir='ltr'><strong>tuendose</strong></span> <span class='ocrx_word' id='word_1_301' title='bbox 2006 2236 2077 2291; x_wconf 89' lang='lat' dir='ltr'><strong>ab</strong></span> <span class='ocrx_word' id='word_1_302' title='bbox 2107 2237 2329 2294; x_wconf 80' lang='lat' dir='ltr'><strong>Asterie</strong></span> <span class='ocrx_word' id='word_1_303' title='bbox 2357 2240 2565 2296; x_wconf 84' lang='lat' dir='ltr'><strong>editum</strong></span> <span class='ocrx_word' id='word_1_304' title='bbox 2597 2241 2786 2306; x_wconf 83' lang='lat' dir='ltr'><strong>fuisse,</strong></span> <span class='ocrx_word' id='word_1_305' title='bbox 2806 2254 2861 2299; x_wconf 91' lang='lat' dir='ltr'><strong>et</strong></span> <span class='ocrx_word' id='word_1_306' title='bbox 2883 2244 3067 2297; x_wconf 86' lang='lat' dir='ltr'><strong>statim</strong></span> <span class='ocrx_word' id='word_1_307' title='bbox 3090 2244 3389 2314; x_wconf 90' lang='lat' dir='ltr'><strong>subjicitur</strong></span> <span class='ocrx_word' id='word_1_308' title='bbox 3417 2243 3616 2316; x_wconf 80' lang='lat' dir='ltr'><strong>elegia,</strong></span> 
     </span>
    </p>
   </div>
   <div class='ocr_carea' id='block_1_23' title="bbox 295 2325 3620 2405">
    <p class='ocr_par' dir='ltr' id='par_1_23' title="bbox 295 2325 3620 2405">
     <span class='ocr_line' id='line_1_23' title="bbox 295 2325 3620 2405; baseline 0.005 -26"><span class='ocrx_word' id='word_1_309' title='bbox 295 2325 367 2380; x_wconf 87' lang='lat' dir='ltr'><strong>ita</strong></span> <span class='ocrx_word' id='word_1_310' title='bbox 418 2326 593 2385; x_wconf 80' lang='lat' dir='ltr'><strong>fuisse</strong></span> <span class='ocrx_word' id='word_1_311' title='bbox 647 2342 867 2388; x_wconf 81' lang='lat' dir='ltr'><strong>exarata</strong></span> <span class='ocrx_word' id='word_1_312' title='bbox 913 2331 1103 2405; x_wconf 85' lang='lat' dir='ltr'><strong>:Opus</strong></span> <span class='ocrx_word' id='word_1_313' title='bbox 1148 2332 1423 2394; x_wconf 71' lang='lat' dir='ltr'><strong>Paschate,</strong></span> <span class='ocrx_word' id='word_1_314' title='bbox 1456 2332 1595 2403; x_wconf 80' lang='lat' dir='ltr'><strong>quod</strong></span> <span class='ocrx_word' id='word_1_315' title='bbox 1642 2330 1900 2386; x_wconf 80' lang='lat' dir='ltr'><strong>hcereticis</strong></span> <span class='ocrx_word' id='word_1_316' title='bbox 2008 2331 2210 2399; x_wconf 79' lang='lat' dir='ltr'><strong>arguit,</strong></span> <span class='ocrx_word' id='word_1_317' title='bbox 2265 2334 2536 2389; x_wconf 85' lang='lat' dir='ltr'><strong>incertum</strong></span> <span class='ocrx_word' id='word_1_318' title='bbox 2587 2350 2736 2401; x_wconf 91' lang='lat' dir='ltr'><strong>esse,</strong></span> <span class='ocrx_word' id='word_1_319' title='bbox 2781 2346 2968 2391; x_wconf 91' lang='lat' dir='ltr'><strong>utrum</strong></span> <span class='ocrx_word' id='word_1_320' title='bbox 3019 2347 3303 2393; x_wconf 80' lang='lat' dir='ltr'><strong>auctorem</strong></span> <span class='ocrx_word' id='word_1_321' title='bbox 3365 2338 3620 2396; x_wconf 87' lang='lat' dir='ltr'><strong>habuerit</strong></span> 
     </span>
    </p>
   </div>
   <div class='ocr_carea' id='block_1_24' title="bbox 291 2420 3612 2501">
    <p class='ocr_par' dir='ltr' id='par_1_24' title="bbox 291 2420 3612 2501">
     <span class='ocr_line' id='line_1_24' title="bbox 291 2420 3612 2501; baseline 0.004 -27"><span class='ocrx_word' id='word_1_322' title='bbox 291 2420 574 2491; x_wconf 82' lang='lat' dir='ltr'><strong>descripsit</strong></span> <span class='ocrx_word' id='word_1_323' title='bbox 591 2425 840 2493; x_wconf 72' lang='lat' dir='ltr'><strong>versibus,</strong></span> <span class='ocrx_word' id='word_1_324' title='bbox 866 2427 1058 2499; x_wconf 79' lang='lat' dir='ltr'><strong>insigni</strong></span> <span class='ocrx_word' id='word_1_325' title='bbox 1086 2429 1243 2482; x_wconf 84' lang='lat' dir='ltr'><strong>laude</strong></span> <span class='ocrx_word' id='word_1_326' title='bbox 1266 2428 1613 2501; x_wconf 70' lang='lat' dir='ltr'><strong>praeferimus.</strong></span> <span class='ocrx_word' id='word_1_327' title='bbox 1654 2426 1764 2482; x_wconf 83' lang='lat' dir='ltr'><strong>Fac</strong></span> <span class='ocrx_word' id='word_1_328' title='bbox 1813 2436 1896 2481; x_wconf 73' lang='lat' dir='ltr'><strong>ta-</strong></span> <span class='ocrx_word' id='word_1_329' title='bbox 2009 2422 2102 2476; x_wconf 88' lang='lat' dir='ltr'><strong>illa</strong></span> <span class='ocrx_word' id='word_1_330' title='bbox 2134 2423 2335 2496; x_wconf 81' lang='lat' dir='ltr'><strong>elegia,</strong></span> <span class='ocrx_word' id='word_1_331' title='bbox 2366 2441 2467 2481; x_wconf 90' lang='lat' dir='ltr'><strong>uec</strong></span> <span class='ocrx_word' id='word_1_332' title='bbox 2489 2442 2622 2482; x_wconf 86' lang='lat' dir='ltr'><strong>vero</strong></span> <span class='ocrx_word' id='word_1_333' title='bbox 2668 2428 2946 2485; x_wconf 87' lang='lat' dir='ltr'><strong>Labbeum</strong></span> <span class='ocrx_word' id='word_1_334' title='bbox 2971 2429 3113 2485; x_wconf 92' lang='lat' dir='ltr'><strong>adeo</strong></span> <span class='ocrx_word' id='word_1_335' title='bbox 3137 2430 3479 2485; x_wconf 85' lang='lat' dir='ltr'><strong>conﬁdenter</strong></span> <span class='ocrx_word' id='word_1_336' title='bbox 3510 2431 3612 2488; x_wconf 90' lang='lat' dir='ltr'><strong>de-</strong></span> 
     </span>
    </p>
   </div>
   <div class='ocr_carea' id='block_1_25' title="bbox 290 2513 3605 2592">
    <p class='ocr_par' dir='ltr' id='par_1_25' title="bbox 290 2513 3605 2592">
     <span class='ocr_line' id='line_1_25' title="bbox 290 2513 3605 2592; baseline 0.002 -21"><span class='ocrx_word' id='word_1_337' title='bbox 290 2531 437 2581; x_wconf 79' lang='lat' dir='ltr'><strong>men,</strong></span> <span class='ocrx_word' id='word_1_338' title='bbox 466 2517 664 2572; x_wconf 87' lang='lat' dir='ltr'><strong>alicubi</strong></span> <span class='ocrx_word' id='word_1_339' title='bbox 690 2518 792 2574; x_wconf 84' lang='lat' dir='ltr'><strong>hoc</strong></span> <span class='ocrx_word' id='word_1_340' title='bbox 823 2520 1081 2576; x_wconf 88' lang='lat' dir='ltr'><strong>mendum</strong></span> <span class='ocrx_word' id='word_1_341' title='bbox 1104 2521 1412 2591; x_wconf 75' lang='lat' dir='ltr'><strong>irrepsisse.</strong></span> <span class='ocrx_word' id='word_1_342' title='bbox 1440 2524 1522 2575; x_wconf 86' lang='lat' dir='ltr'><strong>An</strong></span> <span class='ocrx_word' id='word_1_343' title='bbox 1544 2519 1690 2574; x_wconf 84' lang='lat' dir='ltr'><strong>serio</strong></span> <span class='ocrx_word' id='word_1_344' title='bbox 1713 2527 1892 2589; x_wconf 85' lang='lat' dir='ltr'><strong>putas,</strong></span> <span class='ocrx_word' id='word_1_345' title='bbox 2001 2513 2188 2570; x_wconf 89' lang='lat' dir='ltr'><strong>buisse</strong></span> <span class='ocrx_word' id='word_1_346' title='bbox 2211 2532 2331 2571; x_wconf 86' lang='lat' dir='ltr'><strong>eam</strong></span> <span class='ocrx_word' id='word_1_347' title='bbox 2355 2516 2555 2574; x_wconf 87' lang='lat' dir='ltr'><strong>Turcio</strong></span> <span class='ocrx_word' id='word_1_348' title='bbox 2582 2518 2742 2575; x_wconf 83' lang='lat' dir='ltr'><strong>Ruﬁo</strong></span> <span class='ocrx_word' id='word_1_349' title='bbox 2763 2521 2981 2575; x_wconf 72' lang='lat' dir='ltr'><strong>Asteria</strong></span> <span class='ocrx_word' id='word_1_350' title='bbox 3004 2522 3290 2591; x_wconf 84' lang='lat' dir='ltr'><strong>abrogare.</strong></span> <span class='ocrx_word' id='word_1_351' title='bbox 3318 2520 3605 2592; x_wconf 86' lang='lat' dir='ltr'><strong>Loquitur,</strong></span> 
     </span>
    </p>
   </div>
   <div class='ocr_carea' id='block_1_26' title="bbox 290 2610 3593 2687">
    <p class='ocr_par' dir='ltr' id='par_1_26' title="bbox 290 2610 3593 2687">
     <span class='ocr_line' id='line_1_26' title="bbox 290 2610 3593 2687; baseline 0.002 -22"><span class='ocrx_word' id='word_1_352' title='bbox 290 2616 469 2669; x_wconf 80' lang='lat' dir='ltr'><strong>fuisse</strong></span> <span class='ocrx_word' id='word_1_353' title='bbox 504 2614 769 2685; x_wconf 89' lang='lat' dir='ltr'><strong>aliquem,</strong></span> <span class='ocrx_word' id='word_1_354' title='bbox 793 2616 1346 2686; x_wconf 86' lang='lat' dir='ltr'><strong>quisimulcrederet,</strong></span> <span class='ocrx_word' id='word_1_355' title='bbox 1380 2614 1531 2687; x_wconf 88' lang='lat' dir='ltr'><strong>Opus</strong></span> <span class='ocrx_word' id='word_1_356' title='bbox 1547 2615 1811 2670; x_wconf 83' lang='lat' dir='ltr'><strong>Paschale</strong></span> <span class='ocrx_word' id='word_1_357' title='bbox 1838 2622 1894 2669; x_wconf 87' lang='lat' dir='ltr'><strong>et</strong></span> <span class='ocrx_word' id='word_1_358' title='bbox 1996 2618 2058 2663; x_wconf 90' lang='lat' dir='ltr'><strong>ut</strong></span> <span class='ocrx_word' id='word_1_359' title='bbox 2085 2611 2303 2681; x_wconf 89' lang='lat' dir='ltr'><strong>opinor,</strong></span> <span class='ocrx_word' id='word_1_360' title='bbox 2336 2610 2405 2667; x_wconf 92' lang='lat' dir='ltr'><strong>de</strong></span> <span class='ocrx_word' id='word_1_361' title='bbox 2448 2612 2640 2669; x_wconf 90' lang='lat' dir='ltr'><strong>codice</strong></span> <span class='ocrx_word' id='word_1_362' title='bbox 2671 2614 2878 2669; x_wconf 86' lang='lat' dir='ltr'><strong>recenti</strong></span> <span class='ocrx_word' id='word_1_363' title='bbox 2907 2613 3179 2671; x_wconf 81' lang='lat' dir='ltr'><strong>Vaticano</strong></span> <span class='ocrx_word' id='word_1_364' title='bbox 3229 2615 3394 2681; x_wconf 74' lang='grc'><strong>5178,</strong></span> <span class='ocrx_word' id='word_1_365' title='bbox 3426 2630 3593 2685; x_wconf 88' lang='lat' dir='ltr'><strong>quem</strong></span> 
     </span>
    </p>
   </div>
   <div class='ocr_carea' id='block_1_27' title="bbox 285 2700 3593 2787">
    <p class='ocr_par' dir='ltr' id='par_1_27' title="bbox 285 2700 3593 2787">
     <span class='ocr_line' id='line_1_27' title="bbox 285 2700 3593 2787; baseline 0 -26"><span class='ocrx_word' id='word_1_366' title='bbox 285 2707 565 2764; x_wconf 71' lang='lat' dir='ltr'><strong>haereticis</strong></span> <span class='ocrx_word' id='word_1_367' title='bbox 594 2709 1202 2787; x_wconf 85' lang='lat' dir='ltr'><strong>versibusdescriptum</strong></span> <span class='ocrx_word' id='word_1_368' title='bbox 1221 2708 1418 2775; x_wconf 79' lang='lat' dir='ltr'><strong>fuisse,</strong></span> <span class='ocrx_word' id='word_1_369' title='bbox 1440 2706 1893 2780; x_wconf 77' lang='lat' dir='ltr'><strong>etinsiguilaudo</strong></span> <span class='ocrx_word' id='word_1_370' title='bbox 1997 2716 2051 2756; x_wconf 79' lang='grc' dir='ltr'><strong>η.</strong></span> <span class='ocrx_word' id='word_1_371' title='bbox 2079 2700 2148 2755; x_wconf 76' lang='lat'><strong>65</strong></span> <span class='ocrx_word' id='word_1_372' title='bbox 2169 2702 2445 2758; x_wconf 78' lang='lat' dir='ltr'><strong>recensui.</strong></span> <span class='ocrx_word' id='word_1_373' title='bbox 2484 2703 2683 2760; x_wconf 82' lang='lat' dir='ltr'><strong>Verum</strong></span> <span class='ocrx_word' id='word_1_374' title='bbox 2724 2706 2976 2776; x_wconf 85' lang='lat' dir='ltr'><strong>quamvis</strong></span> <span class='ocrx_word' id='word_1_375' title='bbox 3005 2706 3173 2777; x_wconf 90' lang='lat' dir='ltr'><strong>aliqui</strong></span> <span class='ocrx_word' id='word_1_376' title='bbox 3205 2708 3314 2762; x_wconf 89' lang='lat' dir='ltr'><strong>sint</strong></span> <span class='ocrx_word' id='word_1_377' title='bbox 3350 2707 3593 2777; x_wconf 88' lang='lat' dir='ltr'><strong>codices,</strong></span> 
     </span>
    </p>
   </div>
   <div class='ocr_carea' id='block_1_28' title="bbox 279 2793 3599 2875">
    <p class='ocr_par' dir='ltr' id='par_1_28' title="bbox 279 2793 3599 2875">
     <span class='ocr_line' id='line_1_28' title="bbox 279 2793 3599 2875; baseline 0.004 -18"><span class='ocrx_word' id='word_1_378' title='bbox 279 2816 408 2858; x_wconf 88' lang='lat' dir='ltr'><strong>esse</strong></span> <span class='ocrx_word' id='word_1_379' title='bbox 431 2801 861 2871; x_wconf 67' lang='lat' dir='ltr'><strong>praeferendum?</strong></span> <span class='ocrx_word' id='word_1_380' title='bbox 888 2805 1022 2872; x_wconf 62' lang='lat' dir='ltr'><strong>Quae</strong></span> <span class='ocrx_word' id='word_1_381' title='bbox 1042 2803 1263 2875; x_wconf 87' lang='lat' dir='ltr'><strong>quidem</strong></span> <span class='ocrx_word' id='word_1_382' title='bbox 1282 2804 1426 2859; x_wconf 77' lang='lat' dir='ltr'><strong>ratio</strong></span> <span class='ocrx_word' id='word_1_383' title='bbox 1442 2811 1552 2859; x_wconf 88' lang='lat' dir='ltr'><strong>tam</strong></span> <span class='ocrx_word' id='word_1_384' title='bbox 1571 2812 1759 2873; x_wconf 81' lang='lat' dir='ltr'><strong>aperta</strong></span> <span class='ocrx_word' id='word_1_385' title='bbox 1777 2812 1886 2872; x_wconf 89' lang='lat' dir='ltr'><strong>est,</strong></span> <span class='ocrx_word' id='word_1_386' title='bbox 2003 2802 2059 2846; x_wconf 81' lang='grc' dir='ltr'><strong>υῑ</strong></span> <span class='ocrx_word' id='word_1_387' title='bbox 2102 2793 2216 2864; x_wconf 68' lang='lat' dir='ltr'><strong>iam</strong></span> <span class='ocrx_word' id='word_1_388' title='bbox 2264 2796 2468 2862; x_wconf 65' lang='grc' dir='ltr'><strong>ηοῑθνῖ»</strong></span> <span class='ocrx_word' id='word_1_389' title='bbox 2524 2795 2616 2868; x_wconf 67' lang='lat' dir='ltr'><strong>ﬁni</strong></span> <span class='ocrx_word' id='word_1_390' title='bbox 2676 2807 2800 2868; x_wconf 70' lang='lat' dir='ltr'><strong>ll&quot;Sl</strong></span> <span class='ocrx_word' id='word_1_391' title='bbox 2827 2797 3059 2855; x_wconf 62' lang='lat' dir='ltr'><strong>carme&quot;</strong></span> <span class='ocrx_word' id='word_1_392' title='bbox 3090 2798 3357 2855; x_wconf 66' lang='grc' dir='ltr'><strong>Ρθεείιείθ</strong></span> <span class='ocrx_word' id='word_1_393' title='bbox 3410 2809 3599 2853; x_wconf 67' lang='lat' dir='ltr'><strong>&quot;0mm</strong></span> 
     </span>
    </p>
   </div>
   <div class='ocr_carea' id='block_1_29' title="bbox 277 2884 1853 2969">
    <p class='ocr_par' dir='ltr' id='par_1_29' title="bbox 277 2897 1853 2969">
     <span class='ocr_line' id='line_1_29' title="bbox 277 2897 1853 2969; baseline 0.002 -18"><span class='ocrx_word' id='word_1_394' title='bbox 277 2906 336 2951; x_wconf 90' lang='lat' dir='ltr'><strong>ut</strong></span> <span class='ocrx_word' id='word_1_395' title='bbox 355 2897 575 2969; x_wconf 84' lang='lat' dir='ltr'><strong>Baylius</strong></span> <span class='ocrx_word' id='word_1_396' title='bbox 594 2897 828 2968; x_wconf 86' lang='lat' dir='ltr'><strong>ipse,cui</strong></span> <span class='ocrx_word' id='word_1_397' title='bbox 848 2908 997 2955; x_wconf 88' lang='lat' dir='ltr'><strong>certe</strong></span> <span class='ocrx_word' id='word_1_398' title='bbox 1008 2899 1162 2955; x_wconf 88' lang='lat' dir='ltr'><strong>cordi</strong></span> <span class='ocrx_word' id='word_1_399' title='bbox 1181 2915 1289 2955; x_wconf 90' lang='lat' dir='ltr'><strong>non</strong></span> <span class='ocrx_word' id='word_1_400' title='bbox 1306 2909 1427 2956; x_wconf 89' lang='lat' dir='ltr'><strong>erat</strong></span> <span class='ocrx_word' id='word_1_401' title='bbox 1443 2913 1663 2955; x_wconf 83' lang='lat' dir='ltr'><strong>causam</strong></span> <span class='ocrx_word' id='word_1_402' title='bbox 1690 2899 1853 2954; x_wconf 84' lang='lat' dir='ltr'><strong>Roma</strong></span> 
     </span>
    </p>
   </div>
   <div class='ocr_carea' id='block_1_30' title="bbox 1961 2884 3603 2969">
    <p class='ocr_par' dir='ltr' id='par_1_30' title="bbox 2000 2884 3603 2963">
     <span class='ocr_line' id='line_1_30' title="bbox 2000 2884 3603 2963; baseline 0.005 -24"><span class='ocrx_word' id='word_1_403' title='bbox 2000 2884 2150 2941; x_wconf 78' lang='lat' dir='ltr'><strong>illam</strong></span> <span class='ocrx_word' id='word_1_404' title='bbox 2185 2886 2442 2957; x_wconf 81' lang='lat' dir='ltr'><strong>aﬁ‘erant,</strong></span> <span class='ocrx_word' id='word_1_405' title='bbox 2473 2898 2653 2944; x_wconf 89' lang='lat' dir='ltr'><strong>tamen</strong></span> <span class='ocrx_word' id='word_1_406' title='bbox 2686 2891 2838 2947; x_wconf 90' lang='lat' dir='ltr'><strong>nullo</strong></span> <span class='ocrx_word' id='word_1_407' title='bbox 2866 2892 3030 2946; x_wconf 90' lang='lat' dir='ltr'><strong>modo</strong></span> <span class='ocrx_word' id='word_1_408' title='bbox 3058 2892 3238 2963; x_wconf 79' lang='lat' dir='ltr'><strong>colligi</strong></span> <span class='ocrx_word' id='word_1_409' title='bbox 3270 2901 3476 2962; x_wconf 73' lang='lat' dir='ltr'><strong>potest</strong></span> <span class='ocrx_word' id='word_1_410' title='bbox 3501 2895 3603 2947; x_wconf 83' lang='lat' dir='ltr'><strong>As-</strong></span> 
     </span>
    </p>
   </div>
   <div class='ocr_carea' id='block_1_31' title="bbox 277 2982 3598 3063">
    <p class='ocr_par' dir='ltr' id='par_1_31' title="bbox 277 2982 3598 3063">
     <span class='ocr_line' id='line_1_31' title="bbox 277 2982 3598 3063; baseline 0.004 -18"><span class='ocrx_word' id='word_1_411' title='bbox 277 3004 481 3045; x_wconf 90' lang='lat' dir='ltr'><strong>norum</strong></span> <span class='ocrx_word' id='word_1_412' title='bbox 507 2990 828 3060; x_wconf 89' lang='lat' dir='ltr'><strong>pontiﬁcum</strong></span> <span class='ocrx_word' id='word_1_413' title='bbox 860 3007 1045 3063; x_wconf 83' lang='lat' dir='ltr'><strong>agere,</strong></span> <span class='ocrx_word' id='word_1_414' title='bbox 1079 3002 1259 3048; x_wconf 89' lang='lat' dir='ltr'><strong>tamen</strong></span> <span class='ocrx_word' id='word_1_415' title='bbox 1290 2992 1543 3048; x_wconf 83' lang='lat' dir='ltr'><strong>fabellam</strong></span> <span class='ocrx_word' id='word_1_416' title='bbox 1596 2991 1736 3047; x_wconf 86' lang='lat' dir='ltr'><strong>banc</strong></span> <span class='ocrx_word' id='word_1_417' title='bbox 1765 3007 1887 3047; x_wconf 81' lang='lat' dir='ltr'><strong>sus—</strong></span> <span class='ocrx_word' id='word_1_418' title='bbox 1990 2982 2190 3037; x_wconf 70' lang='grc' dir='ltr'><strong>ῑθτῖυῐη</strong></span> <span class='ocrx_word' id='word_1_419' title='bbox 2241 2993 2522 3040; x_wconf 67' lang='grc' dir='ltr'><strong>διιοῑοτθηι</strong></span> <span class='ocrx_word' id='word_1_420' title='bbox 2553 2999 2677 3041; x_wconf 70' lang='lat' dir='ltr'><strong>esse</strong></span> <span class='ocrx_word' id='word_1_421' title='bbox 2722 2982 2939 3056; x_wconf 61' lang='grc' dir='ltr'><strong>θῖθείέε·</strong></span> <span class='ocrx_word' id='word_1_422' title='bbox 2971 2985 3196 3041; x_wconf 63' lang='grc' dir='ltr'><strong>Νοῐθιίο</strong></span> <span class='ocrx_word' id='word_1_423' title='bbox 3248 2986 3393 3040; x_wconf 68' lang='lat' dir='ltr'><strong>enim</strong></span> <span class='ocrx_word' id='word_1_424' title='bbox 3434 2988 3598 3041; x_wconf 68' lang='grc' dir='ltr'><strong>Αεῑθο</strong></span> 
     </span>
    </p>
   </div>
   <div class='ocr_carea' id='block_1_32' title="bbox 272 3075 3594 3154">
    <p class='ocr_par' dir='ltr' id='par_1_32' title="bbox 272 3075 3594 3154">
     <span class='ocr_line' id='line_1_32' title="bbox 272 3075 3594 3154; baseline 0.003 -16"><span class='ocrx_word' id='word_1_425' title='bbox 272 3085 494 3154; x_wconf 80' lang='lat' dir='ltr'><strong>picatns</strong></span> <span class='ocrx_word' id='word_1_426' title='bbox 523 3084 690 3141; x_wconf 74' lang='lat' dir='ltr'><strong>fuerit</strong></span> <span class='ocrx_word' id='word_1_427' title='bbox 730 3087 800 3140; x_wconf 90' lang='lat' dir='ltr'><strong>ab</strong></span> <span class='ocrx_word' id='word_1_428' title='bbox 829 3085 979 3142; x_wconf 88' lang='lat' dir='ltr'><strong>Italis</strong></span> <span class='ocrx_word' id='word_1_429' title='bbox 1006 3088 1311 3143; x_wconf 87' lang='lat' dir='ltr'><strong>litterarum</strong></span> <span class='ocrx_word' id='word_1_430' title='bbox 1345 3087 1729 3142; x_wconf 74' lang='lat' dir='ltr'><strong>humaniorem</strong></span> <span class='ocrx_word' id='word_1_431' title='bbox 1761 3088 1881 3144; x_wconf 86' lang='lat' dir='ltr'><strong>cul-</strong></span> <span class='ocrx_word' id='word_1_432' title='bbox 1990 3075 2131 3128; x_wconf 64' lang='lat' dir='ltr'><strong>rium</strong></span> <span class='ocrx_word' id='word_1_433' title='bbox 2191 3075 2398 3132; x_wconf 53' lang='lat' dir='ltr'><strong>indicat</strong></span> <span class='ocrx_word' id='word_1_434' title='bbox 2451 3078 2721 3136; x_wconf 69' lang='grc' dir='ltr'><strong>οπωίηῖε</strong></span> <span class='ocrx_word' id='word_1_435' title='bbox 2750 3078 3132 3143; x_wconf 67' lang='grc' dir='ltr'><strong>οοηθθῑοΐεῐηυ</strong></span> <span class='ocrx_word' id='word_1_436' title='bbox 3192 3084 3249 3133; x_wconf 68' lang='grc' dir='ltr'><strong>ει</strong></span> <span class='ocrx_word' id='word_1_437' title='bbox 3302 3076 3594 3147; x_wconf 55' lang='lat' dir='ltr'><strong>emtorem:</strong></span> 
     </span>
    </p>
   </div>
   <div class='ocr_carea' id='block_1_33' title="bbox 266 3159 1853 3252">
    <p class='ocr_par' dir='ltr' id='par_1_33' title="bbox 266 3176 1849 3252">
     <span class='ocr_line' id='line_1_33' title="bbox 266 3176 1849 3252; baseline 0.005 -24"><span class='ocrx_word' id='word_1_438' title='bbox 266 3176 488 3232; x_wconf 81' lang='lat' dir='ltr'><strong>toribus</strong></span> <span class='ocrx_word' id='word_1_439' title='bbox 518 3178 811 3233; x_wconf 91' lang='lat' dir='ltr'><strong>conﬁctam</strong></span> <span class='ocrx_word' id='word_1_440' title='bbox 859 3178 1049 3248; x_wconf 78' lang='lat' dir='ltr'><strong>fuisse,</strong></span> <span class='ocrx_word' id='word_1_441' title='bbox 1094 3191 1151 3234; x_wconf 91' lang='lat' dir='ltr'><strong>ut</strong></span> <span class='ocrx_word' id='word_1_442' title='bbox 1182 3195 1277 3235; x_wconf 90' lang='lat' dir='ltr'><strong>eos</strong></span> <span class='ocrx_word' id='word_1_443' title='bbox 1305 3180 1641 3247; x_wconf 87' lang='lat' dir='ltr'><strong>deriderent,</strong></span> <span class='ocrx_word' id='word_1_444' title='bbox 1670 3182 1761 3251; x_wconf 89' lang='lat' dir='ltr'><strong>qui</strong></span> <span class='ocrx_word' id='word_1_445' title='bbox 1786 3197 1849 3252; x_wconf 85' lang='lat' dir='ltr'><strong>pa</strong></span> 
     </span>
    </p>
   </div>
   <div class='ocr_carea' id='block_1_34' title="bbox 1961 3159 3594 3252">
    <p class='ocr_par' dir='ltr' id='par_1_34' title="bbox 1987 3169 3594 3243">
     <span class='ocr_line' id='line_1_34' title="bbox 1987 3169 3594 3243; baseline 0.002 -21"><span class='ocrx_word' id='word_1_446' title='bbox 1987 3182 2094 3223; x_wconf 90' lang='lat' dir='ltr'><strong>non</strong></span> <span class='ocrx_word' id='word_1_447' title='bbox 2122 3178 2429 3227; x_wconf 88' lang='lat' dir='ltr'><strong>auctorem.</strong></span> <span class='ocrx_word' id='word_1_448' title='bbox 2460 3170 2516 3226; x_wconf 91' lang='lat' dir='ltr'><strong>In</strong></span> <span class='ocrx_word' id='word_1_449' title='bbox 2548 3171 2672 3227; x_wconf 80' lang='lat' dir='ltr'><strong>Cod.</strong></span> <span class='ocrx_word' id='word_1_450' title='bbox 2706 3172 2881 3228; x_wconf 85' lang='lat' dir='ltr'><strong>Vatic.</strong></span> <span class='ocrx_word' id='word_1_451' title='bbox 2911 3171 3049 3243; x_wconf 82' lang='lat' dir='ltr'><strong>Reg.</strong></span> <span class='ocrx_word' id='word_1_452' title='bbox 3079 3171 3135 3239; x_wconf 83' lang='lat'><strong>5,</strong></span> <span class='ocrx_word' id='word_1_453' title='bbox 3179 3170 3273 3240; x_wconf 90' lang='lat' dir='ltr'><strong>qui</strong></span> <span class='ocrx_word' id='word_1_454' title='bbox 3293 3169 3460 3226; x_wconf 89' lang='lat' dir='ltr'><strong>etiam</strong></span> <span class='ocrx_word' id='word_1_455' title='bbox 3512 3186 3594 3226; x_wconf 89' lang='lat' dir='ltr'><strong>re-</strong></span> 
     </span>
    </p>
   </div>
   <div class='ocr_carea' id='block_1_35' title="bbox 265 3263 1853 3344">
    <p class='ocr_par' dir='ltr' id='par_1_35' title="bbox 265 3268 1853 3344">
     <span class='ocr_line' id='line_1_35' title="bbox 265 3268 1853 3344; baseline 0.004 -19"><span class='ocrx_word' id='word_1_456' title='bbox 265 3283 395 3325; x_wconf 77' lang='lat' dir='ltr'><strong>rum</strong></span> <span class='ocrx_word' id='word_1_457' title='bbox 428 3268 609 3339; x_wconf 85' lang='lat' dir='ltr'><strong>poetis</strong></span> <span class='ocrx_word' id='word_1_458' title='bbox 635 3270 756 3342; x_wconf 85' lang='lat' dir='ltr'><strong>ejus</strong></span> <span class='ocrx_word' id='word_1_459' title='bbox 781 3274 1044 3344; x_wconf 87' lang='lat' dir='ltr'><strong>temporis</strong></span> <span class='ocrx_word' id='word_1_460' title='bbox 1069 3271 1259 3329; x_wconf 79' lang='lat' dir='ltr'><strong>favere</strong></span> <span class='ocrx_word' id='word_1_461' title='bbox 1287 3275 1624 3330; x_wconf 84' lang='lat' dir='ltr'><strong>viderentur.</strong></span> <span class='ocrx_word' id='word_1_462' title='bbox 1652 3275 1769 3330; x_wconf 80' lang='lat' dir='ltr'><strong>Non</strong></span> <span class='ocrx_word' id='word_1_463' title='bbox 1794 3293 1853 3331; x_wconf 70' lang='lat' dir='ltr'><strong>m«</strong></span> 
     </span>
    </p>
   </div>
   <div class='ocr_carea' id='block_1_36' title="bbox 1961 3263 3587 3344">
    <p class='ocr_par' dir='ltr' id='par_1_36' title="bbox 1983 3263 3587 3332">
     <span class='ocr_line' id='line_1_36' title="bbox 1983 3263 3587 3332; baseline 0.002 -17"><span class='ocrx_word' id='word_1_464' title='bbox 1983 3275 2115 3317; x_wconf 90' lang='lat' dir='ltr'><strong>cens</strong></span> <span class='ocrx_word' id='word_1_465' title='bbox 2127 3270 2295 3329; x_wconf 89' lang='lat' dir='ltr'><strong>est,et</strong></span> <span class='ocrx_word' id='word_1_466' title='bbox 2314 3263 2381 3317; x_wconf 90' lang='lat' dir='ltr'><strong>ad</strong></span> <span class='ocrx_word' id='word_1_467' title='bbox 2407 3263 2529 3319; x_wconf 73' lang='grc' dir='ltr'><strong>ΑΙᾶί</strong></span> <span class='ocrx_word' id='word_1_468' title='bbox 2553 3264 2853 3320; x_wconf 86' lang='lat' dir='ltr'><strong>editionem</strong></span> <span class='ocrx_word' id='word_1_469' title='bbox 2883 3265 3096 3321; x_wconf 87' lang='lat' dir='ltr'><strong>videtur</strong></span> <span class='ocrx_word' id='word_1_470' title='bbox 3117 3263 3587 3332; x_wconf 89' lang='lat' dir='ltr'><strong>accommodatus,</strong></span> 
     </span>
    </p>
   </div>
   <div class='ocr_carea' id='block_1_37' title="bbox 261 3354 1853 3437">
    <p class='ocr_par' dir='ltr' id='par_1_37' title="bbox 261 3358 1849 3437">
     <span class='ocr_line' id='line_1_37' title="bbox 261 3358 1849 3437; baseline 0.006 -24"><span class='ocrx_word' id='word_1_471' title='bbox 261 3358 429 3432; x_wconf 77' lang='lat' dir='ltr'><strong>fugit,</strong></span> <span class='ocrx_word' id='word_1_472' title='bbox 463 3361 692 3419; x_wconf 83' lang='lat' dir='ltr'><strong>Paulum</strong></span> <span class='ocrx_word' id='word_1_473' title='bbox 718 3363 761 3418; x_wconf 90' lang='lat' dir='ltr'><strong>ll</strong></span> <span class='ocrx_word' id='word_1_474' title='bbox 808 3380 839 3419; x_wconf 90' lang='lat' dir='ltr'><strong>a</strong></span> <span class='ocrx_word' id='word_1_475' title='bbox 872 3364 1107 3434; x_wconf 84' lang='lat' dir='ltr'><strong>Platiua,</strong></span> <span class='ocrx_word' id='word_1_476' title='bbox 1150 3365 1385 3437; x_wconf 86' lang='lat' dir='ltr'><strong>aliisque</strong></span> <span class='ocrx_word' id='word_1_477' title='bbox 1419 3369 1555 3424; x_wconf 85' lang='lat' dir='ltr'><strong>viris</strong></span> <span class='ocrx_word' id='word_1_478' title='bbox 1586 3369 1849 3425; x_wconf 86' lang='lat' dir='ltr'><strong>lilteratis</strong></span> 
     </span>
    </p>
   </div>
   <div class='ocr_carea' id='block_1_38' title="bbox 1961 3354 3583 3437">
    <p class='ocr_par' dir='ltr' id='par_1_38' title="bbox 1980 3354 3583 3426">
     <span class='ocr_line' id='line_1_38' title="bbox 1980 3354 3583 3426; baseline 0.003 -19"><span class='ocrx_word' id='word_1_479' title='bbox 1980 3354 2059 3409; x_wconf 89' lang='lat' dir='ltr'><strong>sic</strong></span> <span class='ocrx_word' id='word_1_480' title='bbox 2080 3354 2275 3410; x_wconf 85' lang='lat' dir='ltr'><strong>eadem</strong></span> <span class='ocrx_word' id='word_1_481' title='bbox 2322 3363 2449 3411; x_wconf 88' lang='lat' dir='ltr'><strong>nota</strong></span> <span class='ocrx_word' id='word_1_482' title='bbox 2490 3357 2767 3426; x_wconf 78' lang='lat' dir='ltr'><strong>profertur</strong></span> <span class='ocrx_word' id='word_1_483' title='bbox 2801 3356 3059 3413; x_wconf 84' lang='lat' dir='ltr'><strong>:Turtius</strong></span> <span class='ocrx_word' id='word_1_484' title='bbox 3100 3356 3296 3425; x_wconf 75' lang='lat' dir='ltr'><strong>Rulfus</strong></span> <span class='ocrx_word' id='word_1_485' title='bbox 3342 3356 3583 3413; x_wconf 82' lang='lat' dir='ltr'><strong>Asterius</strong></span> 
     </span>
    </p>
   </div>
   <div class='ocr_carea' id='block_1_39' title="bbox 260 3444 1853 3530">
    <p class='ocr_par' dir='ltr' id='par_1_39' title="bbox 260 3455 1853 3530">
     <span class='ocr_line' id='line_1_39' title="bbox 260 3455 1853 3530; baseline 0.007 -22"><span class='ocrx_word' id='word_1_486' title='bbox 260 3469 409 3526; x_wconf 87' lang='lat' dir='ltr'><strong>quos</strong></span> <span class='ocrx_word' id='word_1_487' title='bbox 435 3455 710 3525; x_wconf 89' lang='lat' dir='ltr'><strong>illejustis</strong></span> <span class='ocrx_word' id='word_1_488' title='bbox 747 3457 817 3514; x_wconf 89' lang='lat' dir='ltr'><strong>de</strong></span> <span class='ocrx_word' id='word_1_489' title='bbox 853 3463 1035 3514; x_wconf 84' lang='lat' dir='ltr'><strong>causis</strong></span> <span class='ocrx_word' id='word_1_490' title='bbox 1058 3460 1355 3517; x_wconf 85' lang='lat' dir='ltr'><strong>insectatus</strong></span> <span class='ocrx_word' id='word_1_491' title='bbox 1386 3460 1582 3530; x_wconf 82' lang='lat' dir='ltr'><strong>fuerat,</strong></span> <span class='ocrx_word' id='word_1_492' title='bbox 1610 3464 1682 3518; x_wconf 90' lang='lat' dir='ltr'><strong>ita</strong></span> <span class='ocrx_word' id='word_1_493' title='bbox 1733 3466 1853 3520; x_wconf 70' lang='lat' dir='ltr'><strong>mall</strong></span> 
     </span>
    </p>
   </div>
   <div class='ocr_carea' id='block_1_40' title="bbox 1961 3444 3591 3530">
    <p class='ocr_par' dir='ltr' id='par_1_40' title="bbox 1982 3444 3591 3518">
     <span class='ocr_line' id='line_1_40' title="bbox 1982 3444 3591 3518; baseline 0.003 -19"><span class='ocrx_word' id='word_1_494' title='bbox 1982 3444 2211 3511; x_wconf 84' lang='lat' dir='ltr'><strong>Quintus</strong></span> <span class='ocrx_word' id='word_1_495' title='bbox 2232 3450 2499 3517; x_wconf 81' lang='lat' dir='ltr'><strong>sequentia</strong></span> <span class='ocrx_word' id='word_1_496' title='bbox 2551 3451 2787 3503; x_wconf 82' lang='lat' dir='ltr'><strong>carmina</strong></span> <span class='ocrx_word' id='word_1_497' title='bbox 2820 3451 2956 3504; x_wconf 87' lang='lat' dir='ltr'><strong>inter</strong></span> <span class='ocrx_word' id='word_1_498' title='bbox 3007 3452 3205 3518; x_wconf 85' lang='lat' dir='ltr'><strong>scripta</strong></span> <span class='ocrx_word' id='word_1_499' title='bbox 3234 3449 3387 3505; x_wconf 79' lang='lat' dir='ltr'><strong>Cellii</strong></span> <span class='ocrx_word' id='word_1_500' title='bbox 3417 3451 3591 3506; x_wconf 83' lang='lat' dir='ltr'><strong>Sedu-</strong></span> 
     </span>
    </p>
   </div>
   <div class='ocr_carea' id='block_1_41' title="bbox 260 3538 3584 3632">
    <p class='ocr_par' dir='ltr' id='par_1_41' title="bbox 260 3538 3584 3632">
     <span class='ocr_line' id='line_1_41' title="bbox 260 3538 3584 3632; baseline 0.003 -46"><span class='ocrx_word' id='word_1_501' title='bbox 260 3546 541 3615; x_wconf 54' lang='lat' dir='ltr'><strong>habimm,</strong></span> <span class='ocrx_word' id='word_1_502' title='bbox 570 3559 627 3604; x_wconf 78' lang='grc' dir='ltr'><strong>υι</strong></span> <span class='ocrx_word' id='word_1_503' title='bbox 650 3549 943 3620; x_wconf 54' lang='lat' dir='ltr'><strong>augerem,</strong></span> <span class='ocrx_word' id='word_1_504' title='bbox 994 3568 1121 3609; x_wconf 65' lang='lat' dir='ltr'><strong>em“</strong></span> <span class='ocrx_word' id='word_1_505' title='bbox 1151 3569 1341 3610; x_wconf 71' lang='lat' dir='ltr'><strong>omnes</strong></span> <span class='ocrx_word' id='word_1_506' title='bbox 1373 3556 1664 3624; x_wconf 52' lang='grc' dir='ltr'><strong>ηιιεηιυε,</strong></span> <span class='ocrx_word' id='word_1_507' title='bbox 1709 3569 1872 3632; x_wconf 53' lang='grc' dir='ltr'><strong>δίψη</strong></span> <span class='ocrx_word' id='word_1_508' title='bbox 1977 3538 2035 3592; x_wconf 84' lang='lat' dir='ltr'><strong>lii</strong></span> <span class='ocrx_word' id='word_1_509' title='bbox 2050 3540 2261 3594; x_wconf 82' lang='lat' dir='ltr'><strong>invenit.</strong></span> <span class='ocrx_word' id='word_1_510' title='bbox 2294 3540 2607 3611; x_wconf 85' lang='lat' dir='ltr'><strong>Sequuntur</strong></span> <span class='ocrx_word' id='word_1_511' title='bbox 2639 3551 2826 3596; x_wconf 89' lang='lat' dir='ltr'><strong>autem</strong></span> <span class='ocrx_word' id='word_1_512' title='bbox 2852 3542 3051 3611; x_wconf 87' lang='lat' dir='ltr'><strong>elegia,</strong></span> <span class='ocrx_word' id='word_1_513' title='bbox 3085 3542 3324 3613; x_wconf 85' lang='lat' dir='ltr'><strong>hymnus</strong></span> <span class='ocrx_word' id='word_1_514' title='bbox 3362 3552 3416 3597; x_wconf 90' lang='lat' dir='ltr'><strong>et</strong></span> <span class='ocrx_word' id='word_1_515' title='bbox 3464 3542 3584 3612; x_wconf 90' lang='lat' dir='ltr'><strong>epi-</strong></span> 
     </span>
    </p>
   </div>
   <div class='ocr_carea' id='block_1_42' title="bbox 259 3633 1853 3718">
    <p class='ocr_par' dir='ltr' id='par_1_42' title="bbox 259 3641 1853 3718">
     <span class='ocr_line' id='line_1_42' title="bbox 259 3641 1853 3718; baseline 0.007 -23"><span class='ocrx_word' id='word_1_516' title='bbox 259 3641 624 3712; x_wconf 85' lang='lat' dir='ltr'><strong>elegautioris</strong></span> <span class='ocrx_word' id='word_1_517' title='bbox 677 3644 941 3700; x_wconf 74' lang='lat' dir='ltr'><strong>doctrina:</strong></span> <span class='ocrx_word' id='word_1_518' title='bbox 992 3647 1268 3703; x_wconf 86' lang='lat' dir='ltr'><strong>studiosos</strong></span> <span class='ocrx_word' id='word_1_519' title='bbox 1321 3664 1419 3718; x_wconf 84' lang='lat' dir='ltr'><strong>pro</strong></span> <span class='ocrx_word' id='word_1_520' title='bbox 1466 3649 1745 3707; x_wconf 78' lang='lat' dir='ltr'><strong>haereticis</strong></span> <span class='ocrx_word' id='word_1_521' title='bbox 1776 3652 1853 3706; x_wconf 85' lang='lat' dir='ltr'><strong>ba-</strong></span> 
     </span>
    </p>
   </div>
   <div class='ocr_carea' id='block_1_43' title="bbox 1961 3633 3581 3718">
    <p class='ocr_par' dir='ltr' id='par_1_43' title="bbox 1970 3633 3581 3706">
     <span class='ocr_line' id='line_1_43' title="bbox 1970 3633 3581 3706; baseline 0.002 -19"><span class='ocrx_word' id='word_1_522' title='bbox 1970 3649 2213 3703; x_wconf 85' lang='lat' dir='ltr'><strong>gramma</strong></span> <span class='ocrx_word' id='word_1_523' title='bbox 2258 3633 2487 3690; x_wconf 87' lang='lat' dir='ltr'><strong>Sedulii.</strong></span> <span class='ocrx_word' id='word_1_524' title='bbox 2544 3634 2665 3692; x_wconf 79' lang='lat' dir='ltr'><strong>Non</strong></span> <span class='ocrx_word' id='word_1_525' title='bbox 2711 3634 3012 3697; x_wconf 75' lang='lat' dir='ltr'><strong>difﬁculter</strong></span> <span class='ocrx_word' id='word_1_526' title='bbox 3052 3635 3300 3701; x_wconf 85' lang='lat' dir='ltr'><strong>credam,</strong></span> <span class='ocrx_word' id='word_1_527' title='bbox 3347 3634 3581 3706; x_wconf 79' lang='lat' dir='ltr'><strong>elegiam</strong></span> 
     </span>
    </p>
   </div>
   <div class='ocr_carea' id='block_1_44' title="bbox 258 3724 3576 3815">
    <p class='ocr_par' dir='ltr' id='par_1_44' title="bbox 258 3724 3576 3815">
     <span class='ocr_line' id='line_1_44' title="bbox 258 3724 3576 3815; baseline 0.003 -23"><span class='ocrx_word' id='word_1_528' title='bbox 258 3735 473 3792; x_wconf 68' lang='lat' dir='ltr'><strong>bniSSe.</strong></span> <span class='ocrx_word' id='word_1_529' title='bbox 506 3737 702 3793; x_wconf 81' lang='lat' dir='ltr'><strong>Verum</strong></span> <span class='ocrx_word' id='word_1_530' title='bbox 744 3738 883 3794; x_wconf 69' lang='lat' dir='ltr'><strong>[nunc</strong></span> <span class='ocrx_word' id='word_1_531' title='bbox 911 3740 1240 3797; x_wconf 82' lang='lat' dir='ltr'><strong>calumniam</strong></span> <span class='ocrx_word' id='word_1_532' title='bbox 1286 3745 1505 3815; x_wconf 89' lang='lat' dir='ltr'><strong>egregie</strong></span> <span class='ocrx_word' id='word_1_533' title='bbox 1557 3745 1868 3803; x_wconf 82' lang='lat' dir='ltr'><strong>relutarunt</strong></span> <span class='ocrx_word' id='word_1_534' title='bbox 1970 3724 2139 3781; x_wconf 54' lang='lat' dir='ltr'><strong>“iam</strong></span> <span class='ocrx_word' id='word_1_535' title='bbox 2187 3725 2257 3779; x_wconf 69' lang='lat' dir='ltr'><strong>ab</strong></span> <span class='ocrx_word' id='word_1_536' title='bbox 2310 3726 2532 3780; x_wconf 66' lang='grc' dir='ltr'><strong>Αδίθτίθ</strong></span> <span class='ocrx_word' id='word_1_537' title='bbox 2589 3726 2758 3781; x_wconf 65' lang='lat' dir='ltr'><strong>M355</strong></span> <span class='ocrx_word' id='word_1_538' title='bbox 2789 3726 3104 3793; x_wconf 51' lang='lat' dir='ltr'><strong>“nec”!</strong></span> <span class='ocrx_word' id='word_1_539' title='bbox 3146 3742 3214 3782; x_wconf 70' lang='grc' dir='ltr'><strong>³ο</strong></span> <span class='ocrx_word' id='word_1_540' title='bbox 3258 3726 3421 3783; x_wconf 55' lang='lat' dir='ltr'><strong>Sim&quot;!</strong></span> <span class='ocrx_word' id='word_1_541' title='bbox 3452 3739 3576 3782; x_wconf 74' lang='lat' dir='ltr'><strong>cum</strong></span> 
     </span>
    </p>
   </div>
   <div class='ocr_carea' id='block_1_45' title="bbox 254 3817 1853 3903">
    <p class='ocr_par' dir='ltr' id='par_1_45' title="bbox 254 3828 1853 3903">
     <span class='ocr_line' id='line_1_45' title="bbox 254 3828 1853 3903; baseline 0.006 -18"><span class='ocrx_word' id='word_1_542' title='bbox 254 3843 386 3885; x_wconf 88' lang='lat' dir='ltr'><strong>cum</strong></span> <span class='ocrx_word' id='word_1_543' title='bbox 420 3828 736 3902; x_wconf 80' lang='lat' dir='ltr'><strong>Raynaldus</strong></span> <span class='ocrx_word' id='word_1_544' title='bbox 764 3831 817 3886; x_wconf 90' lang='lat' dir='ltr'><strong>in</strong></span> <span class='ocrx_word' id='word_1_545' title='bbox 843 3832 1039 3888; x_wconf 86' lang='lat' dir='ltr'><strong>Annal.</strong></span> <span class='ocrx_word' id='word_1_546' title='bbox 1069 3834 1316 3903; x_wconf 65' lang='lat' dir='ltr'><strong>Eccles.,~</strong></span> <span class='ocrx_word' id='word_1_547' title='bbox 1339 3843 1453 3892; x_wconf 87' lang='lat' dir='ltr'><strong>tum</strong></span> <span class='ocrx_word' id='word_1_548' title='bbox 1493 3840 1853 3895; x_wconf 70' lang='lat' dir='ltr'><strong>eminentissi</strong></span> 
     </span>
    </p>
   </div>
   <div class='ocr_carea' id='block_1_46' title="bbox 1961 3817 3578 3903">
    <p class='ocr_par' dir='ltr' id='par_1_46' title="bbox 1967 3817 3578 3893">
     <span class='ocr_line' id='line_1_46' title="bbox 1967 3817 3578 3893; baseline 0.002 -23"><span class='ocrx_word' id='word_1_549' title='bbox 1967 3817 2219 3873; x_wconf 88' lang='lat' dir='ltr'><strong>Carmine</strong></span> <span class='ocrx_word' id='word_1_550' title='bbox 2251 3817 2501 3877; x_wconf 80' lang='lat' dir='ltr'><strong>Pascltali</strong></span> <span class='ocrx_word' id='word_1_551' title='bbox 2532 3819 2864 3893; x_wconf 81' lang='lat' dir='ltr'><strong>elegantiori</strong></span> <span class='ocrx_word' id='word_1_552' title='bbox 2888 3832 3086 3879; x_wconf 83' lang='lat' dir='ltr'><strong>ornatu</strong></span> <span class='ocrx_word' id='word_1_553' title='bbox 3106 3821 3403 3892; x_wconf 83' lang='lat' dir='ltr'><strong>vulgatam,</strong></span> <span class='ocrx_word' id='word_1_554' title='bbox 3429 3821 3578 3891; x_wconf 91' lang='lat' dir='ltr'><strong>quod</strong></span> 
     </span>
    </p>
   </div>
   <div class='ocr_carea' id='block_1_47' title="bbox 256 3910 3569 3993">
    <p class='ocr_par' dir='ltr' id='par_1_47' title="bbox 256 3910 3569 3993">
     <span class='ocr_line' id='line_1_47' title="bbox 256 3910 3569 3993; baseline 0.006 -18"><span class='ocrx_word' id='word_1_555' title='bbox 256 3936 385 3976; x_wconf 82' lang='lat' dir='ltr'><strong>ntus</strong></span> <span class='ocrx_word' id='word_1_556' title='bbox 406 3922 705 3980; x_wconf 82' lang='lat' dir='ltr'><strong>cardinalis</strong></span> <span class='ocrx_word' id='word_1_557' title='bbox 730 3924 992 3993; x_wconf 83' lang='lat' dir='ltr'><strong>Quirinus</strong></span> <span class='ocrx_word' id='word_1_558' title='bbox 1015 3927 1068 3982; x_wconf 92' lang='lat' dir='ltr'><strong>in</strong></span> <span class='ocrx_word' id='word_1_559' title='bbox 1100 3927 1250 3984; x_wconf 86' lang='lat' dir='ltr'><strong>Pauli</strong></span> <span class='ocrx_word' id='word_1_560' title='bbox 1280 3928 1323 3984; x_wconf 87' lang='lat' dir='ltr'><strong>II</strong></span> <span class='ocrx_word' id='word_1_561' title='bbox 1350 3929 1494 3987; x_wconf 78' lang='lat' dir='ltr'><strong>Vita.</strong></span> <span class='ocrx_word' id='word_1_562' title='bbox 1527 3930 1861 3989; x_wconf 80' lang='lat' dir='ltr'><strong>Heterodoxi</strong></span> <span class='ocrx_word' id='word_1_563' title='bbox 1966 3911 2191 3965; x_wconf 61' lang='lat' dir='ltr'><strong>&quot;auum</strong></span> <span class='ocrx_word' id='word_1_564' title='bbox 2211 3910 2483 3978; x_wconf 70' lang='grc' dir='ltr'><strong>¹⁴³Ῑ¹ί³θ¹³⁸ν</strong></span> <span class='ocrx_word' id='word_1_565' title='bbox 2537 3922 2595 3968; x_wconf 66' lang='grc'><strong>⁸⁸</strong></span> <span class='ocrx_word' id='word_1_566' title='bbox 2634 3911 2930 3970; x_wconf 50' lang='lat' dir='ltr'><strong>comam“</strong></span> <span class='ocrx_word' id='word_1_567' title='bbox 2954 3916 3009 3968; x_wconf 66' lang='lat' dir='ltr'><strong>i&quot;</strong></span> <span class='ocrx_word' id='word_1_568' title='bbox 3041 3922 3159 3969; x_wconf 61' lang='grc' dir='ltr'><strong>θοι·</strong></span> <span class='ocrx_word' id='word_1_569' title='bbox 3215 3913 3284 3968; x_wconf 64' lang='lat' dir='ltr'><strong>ad</strong></span> <span class='ocrx_word' id='word_1_570' title='bbox 3325 3913 3569 3969; x_wconf 57' lang='lat' dir='ltr'><strong>cum”</strong></span> 
     </span>
    </p>
   </div>
   <div class='ocr_carea' id='block_1_48' title="bbox 1963 4000 3563 4077">
    <p class='ocr_par' dir='ltr' id='par_1_48' title="bbox 1963 4000 3563 4077">
     <span class='ocr_line' id='line_1_48' title="bbox 1963 4000 3563 4077; baseline 0.004 -22"><span class='ocrx_word' id='word_1_571' title='bbox 1963 4000 2022 4056; x_wconf 91' lang='lat' dir='ltr'><strong>S.</strong></span> <span class='ocrx_word' id='word_1_572' title='bbox 2055 4000 2406 4059; x_wconf 86' lang='lat' dir='ltr'><strong>Columbani.</strong></span> <span class='ocrx_word' id='word_1_573' title='bbox 2463 4006 2539 4061; x_wconf 79' lang='lat' dir='ltr'><strong>Ex</strong></span> <span class='ocrx_word' id='word_1_574' title='bbox 2582 4014 2709 4061; x_wconf 88' lang='lat' dir='ltr'><strong>nota</strong></span> <span class='ocrx_word' id='word_1_575' title='bbox 2743 4015 2949 4075; x_wconf 88' lang='lat' dir='ltr'><strong>tamen,</strong></span> <span class='ocrx_word' id='word_1_576' title='bbox 2988 4005 3102 4061; x_wconf 77' lang='lat' dir='ltr'><strong>Hoc</strong></span> <span class='ocrx_word' id='word_1_577' title='bbox 3133 4023 3265 4077; x_wconf 88' lang='lat' dir='ltr'><strong>opus</strong></span> <span class='ocrx_word' id='word_1_578' title='bbox 3310 4007 3563 4061; x_wconf 80' lang='lat' dir='ltr'><strong>Sedulius</strong></span> 
     </span>
    </p>
   </div>
   <div class='ocr_carea' id='block_1_49' title="bbox 1963 4095 3568 4173">
    <p class='ocr_par' dir='ltr' id='par_1_49' title="bbox 1963 4095 3568 4173">
     <span class='ocr_line' id='line_1_49' title="bbox 1963 4095 3568 4173; baseline 0.004 -26"><span class='ocrx_word' id='word_1_579' title='bbox 1963 4096 2227 4159; x_wconf 77' lang='lat' dir='ltr'><strong>etc.,sive</strong></span> <span class='ocrx_word' id='word_1_580' title='bbox 2244 4096 2486 4152; x_wconf 85' lang='lat' dir='ltr'><strong>Carmini</strong></span> <span class='ocrx_word' id='word_1_581' title='bbox 2513 4095 2761 4153; x_wconf 57' lang='lat' dir='ltr'><strong>Paschali</strong></span> <span class='ocrx_word' id='word_1_582' title='bbox 2791 4113 2855 4153; x_wconf 87' lang='lat' dir='ltr'><strong>ea</strong></span> <span class='ocrx_word' id='word_1_583' title='bbox 2879 4108 3253 4173; x_wconf 83' lang='lat' dir='ltr'><strong>praeponatur,</strong></span> <span class='ocrx_word' id='word_1_584' title='bbox 3278 4096 3395 4153; x_wconf 76' lang='lat' dir='ltr'><strong>sive</strong></span> <span class='ocrx_word' id='word_1_585' title='bbox 3413 4107 3568 4169; x_wconf 91' lang='lat' dir='ltr'><strong>post-</strong></span> 
     </span>
    </p>
   </div>
   <div class='ocr_carea' id='block_1_50' title="bbox 1964 4185 3566 4261">
    <p class='ocr_par' dir='ltr' id='par_1_50' title="bbox 1964 4185 3566 4261">
     <span class='ocr_line' id='line_1_50' title="bbox 1964 4185 3566 4261; baseline 0.004 -22"><span class='ocrx_word' id='word_1_586' title='bbox 1964 4196 2221 4255; x_wconf 81' lang='lat' dir='ltr'><strong>ponatur,</strong></span> <span class='ocrx_word' id='word_1_587' title='bbox 2254 4185 2307 4241; x_wconf 91' lang='lat' dir='ltr'><strong>id</strong></span> <span class='ocrx_word' id='word_1_588' title='bbox 2340 4188 3009 4247; x_wconf 86' lang='lat' dir='ltr'><strong>evidenterdemoustrari</strong></span> <span class='ocrx_word' id='word_1_589' title='bbox 3042 4206 3148 4246; x_wconf 91' lang='lat' dir='ltr'><strong>non</strong></span> <span class='ocrx_word' id='word_1_590' title='bbox 3181 4197 3387 4261; x_wconf 84' lang='lat' dir='ltr'><strong>potest.</strong></span> <span class='ocrx_word' id='word_1_591' title='bbox 3411 4189 3566 4259; x_wconf 85' lang='lat' dir='ltr'><strong>Quod</strong></span> 
     </span>
    </p>
   </div>
   <div class='ocr_carea' id='block_1_51' title="bbox 1961 4278 3559 4355">
    <p class='ocr_par' dir='ltr' id='par_1_51' title="bbox 1961 4278 3559 4355">
     <span class='ocr_line' id='line_1_51' title="bbox 1961 4278 3559 4355; baseline 0.004 -22"><span class='ocrx_word' id='word_1_592' title='bbox 1961 4278 2071 4352; x_wconf 75' lang='lat'><strong>92</strong></span> <span class='ocrx_word' id='word_1_593' title='bbox 2094 4280 2239 4334; x_wconf 90' lang='lat' dir='ltr'><strong>enim</strong></span> <span class='ocrx_word' id='word_1_594' title='bbox 2273 4281 2325 4335; x_wconf 89' lang='lat' dir='ltr'><strong>in</strong></span> <span class='ocrx_word' id='word_1_595' title='bbox 2355 4292 2483 4337; x_wconf 91' lang='lat' dir='ltr'><strong>nota</strong></span> <span class='ocrx_word' id='word_1_596' title='bbox 2514 4281 2758 4338; x_wconf 89' lang='lat' dir='ltr'><strong>iunuitur</strong></span> <span class='ocrx_word' id='word_1_597' title='bbox 2788 4300 2942 4355; x_wconf 87' lang='lat' dir='ltr'><strong>opus,</strong></span> <span class='ocrx_word' id='word_1_598' title='bbox 2974 4285 3058 4341; x_wconf 93' lang='lat' dir='ltr'><strong>vel</strong></span> <span class='ocrx_word' id='word_1_599' title='bbox 3086 4285 3266 4351; x_wconf 88' lang='lat' dir='ltr'><strong>unice,</strong></span> <span class='ocrx_word' id='word_1_600' title='bbox 3297 4286 3383 4340; x_wconf 86' lang='lat' dir='ltr'><strong>vel</strong></span> <span class='ocrx_word' id='word_1_601' title='bbox 3415 4299 3559 4355; x_wconf 72' lang='lat' dir='ltr'><strong>prte-</strong></span> 
     </span>
    </p>
   </div>
   <div class='ocr_carea' id='block_1_52' title="bbox 1955 4371 3570 4450">
    <p class='ocr_par' dir='ltr' id='par_1_52' title="bbox 1955 4371 3570 4450">
     <span class='ocr_line' id='line_1_52' title="bbox 1955 4371 3570 4450; baseline 0.004 -23"><span class='ocrx_word' id='word_1_602' title='bbox 1955 4371 2121 4441; x_wconf 84' lang='lat' dir='ltr'><strong>cipue</strong></span> <span class='ocrx_word' id='word_1_603' title='bbox 2153 4373 2386 4445; x_wconf 89' lang='lat' dir='ltr'><strong>intelligi</strong></span> <span class='ocrx_word' id='word_1_604' title='bbox 2410 4375 2573 4430; x_wconf 87' lang='lat' dir='ltr'><strong>debet</strong></span> <span class='ocrx_word' id='word_1_605' title='bbox 2597 4375 2666 4431; x_wconf 89' lang='lat' dir='ltr'><strong>de</strong></span> <span class='ocrx_word' id='word_1_606' title='bbox 2695 4373 2953 4440; x_wconf 80' lang='lat' dir='ltr'><strong>Carmine</strong></span> <span class='ocrx_word' id='word_1_607' title='bbox 2985 4376 3237 4433; x_wconf 81' lang='lat' dir='ltr'><strong>Paschali</strong></span> <span class='ocrx_word' id='word_1_608' title='bbox 3271 4395 3284 4431; x_wconf 92' lang='lat'><strong>:</strong></span> <span class='ocrx_word' id='word_1_609' title='bbox 3315 4394 3423 4450; x_wconf 87' lang='lat' dir='ltr'><strong>quo</strong></span> <span class='ocrx_word' id='word_1_610' title='bbox 3443 4393 3570 4448; x_wconf 83' lang='lat' dir='ltr'><strong>per-</strong></span> 
     </span>
    </p>
   </div>
   <div class='ocr_carea' id='block_1_53' title="bbox 1956 4465 3316 4542">
    <p class='ocr_par' dir='ltr' id='par_1_53' title="bbox 1956 4465 3316 4542">
     <span class='ocr_line' id='line_1_53' title="bbox 1956 4465 3316 4542; baseline 0.005 -23"><span class='ocrx_word' id='word_1_611' title='bbox 1956 4465 2092 4521; x_wconf 83' lang='lat' dir='ltr'><strong>tinet</strong></span> <span class='ocrx_word' id='word_1_612' title='bbox 2120 4467 2395 4524; x_wconf 89' lang='lat' dir='ltr'><strong>secundus</strong></span> <span class='ocrx_word' id='word_1_613' title='bbox 2426 4483 2627 4525; x_wconf 88' lang='lat' dir='ltr'><strong>versus</strong></span> <span class='ocrx_word' id='word_1_614' title='bbox 2654 4469 3066 4542; x_wconf 84' lang='lat' dir='ltr'><strong>epigrammatis</strong></span> <span class='ocrx_word' id='word_1_615' title='bbox 3088 4471 3316 4540; x_wconf 85' lang='lat' dir='ltr'><strong>Asterii,</strong></span> 
     </span>
    </p>
   </div>
   <div class='ocr_carea' id='block_1_54' title="bbox 253 4015 1858 4095">
    <p class='ocr_par' dir='ltr' id='par_1_54' title="bbox 253 4015 1858 4095">
     <span class='ocr_line' id='line_1_54' title="bbox 253 4015 1858 4095; baseline 0.009 -24"><span class='ocrx_word' id='word_1_616' title='bbox 253 4015 535 4086; x_wconf 76' lang='lat' dir='ltr'><strong>obiectam</strong></span> <span class='ocrx_word' id='word_1_617' title='bbox 562 4017 815 4075; x_wconf 76' lang='lat' dir='ltr'><strong>fabellam</strong></span> <span class='ocrx_word' id='word_1_618' title='bbox 856 4022 989 4077; x_wconf 86' lang='lat' dir='ltr'><strong>satis</strong></span> <span class='ocrx_word' id='word_1_619' title='bbox 1016 4022 1237 4093; x_wconf 85' lang='lat' dir='ltr'><strong>probari</strong></span> <span class='ocrx_word' id='word_1_620' title='bbox 1271 4034 1467 4095; x_wconf 85' lang='lat' dir='ltr'><strong>putant</strong></span> <span class='ocrx_word' id='word_1_621' title='bbox 1496 4026 1661 4083; x_wconf 88' lang='lat' dir='ltr'><strong>Pierii</strong></span> <span class='ocrx_word' id='word_1_622' title='bbox 1697 4028 1858 4086; x_wconf 80' lang='lat' dir='ltr'><strong>Vale-</strong></span> 
     </span>
    </p>
   </div>
   <div class='ocr_carea' id='block_1_55' title="bbox 253 4109 1854 4191">
    <p class='ocr_par' dir='ltr' id='par_1_55' title="bbox 253 4109 1854 4191">
     <span class='ocr_line' id='line_1_55' title="bbox 253 4109 1854 4191; baseline 0.009 -27"><span class='ocrx_word' id='word_1_623' title='bbox 253 4109 398 4164; x_wconf 86' lang='lat' dir='ltr'><strong>riani</strong></span> <span class='ocrx_word' id='word_1_624' title='bbox 422 4111 675 4166; x_wconf 82' lang='lat' dir='ltr'><strong>oratione</strong></span> <span class='ocrx_word' id='word_1_625' title='bbox 709 4129 803 4184; x_wconf 90' lang='lat' dir='ltr'><strong>pro</strong></span> <span class='ocrx_word' id='word_1_626' title='bbox 828 4111 1016 4168; x_wconf 86' lang='lat' dir='ltr'><strong>Barbis</strong></span> <span class='ocrx_word' id='word_1_627' title='bbox 1041 4117 1386 4172; x_wconf 83' lang='lat' dir='ltr'><strong>sacerdotum.</strong></span> <span class='ocrx_word' id='word_1_628' title='bbox 1420 4119 1526 4175; x_wconf 89' lang='lat' dir='ltr'><strong>Sed</strong></span> <span class='ocrx_word' id='word_1_629' title='bbox 1558 4119 1615 4174; x_wconf 86' lang='lat' dir='ltr'><strong>in</strong></span> <span class='ocrx_word' id='word_1_630' title='bbox 1664 4122 1854 4191; x_wconf 87' lang='lat' dir='ltr'><strong>primis</strong></span> 
     </span>
    </p>
   </div>
   <div class='ocr_carea' id='block_1_56' title="bbox 250 4203 1854 4273">
    <p class='ocr_par' dir='ltr' id='par_1_56' title="bbox 250 4203 1854 4273">
     <span class='ocr_line' id='line_1_56' title="bbox 250 4203 1854 4273; baseline 0.011 -21"><span class='ocrx_word' id='word_1_631' title='bbox 250 4216 523 4271; x_wconf 81' lang='lat' dir='ltr'><strong>qua-ram,</strong></span> <span class='ocrx_word' id='word_1_632' title='bbox 556 4203 683 4273; x_wconf 75' lang='lat' dir='ltr'><strong>quid</strong></span> <span class='ocrx_word' id='word_1_633' title='bbox 718 4205 879 4261; x_wconf 80' lang='lat' dir='ltr'><strong>fuerit</strong></span> <span class='ocrx_word' id='word_1_634' title='bbox 907 4222 1109 4273; x_wconf 63' lang='lat' dir='ltr'><strong>causa},</strong></span> <span class='ocrx_word' id='word_1_635' title='bbox 1161 4222 1260 4263; x_wconf 88' lang='lat' dir='ltr'><strong>cur</strong></span> <span class='ocrx_word' id='word_1_636' title='bbox 1286 4208 1527 4267; x_wconf 65' lang='lat' dir='ltr'><strong>haeretici</strong></span> <span class='ocrx_word' id='word_1_637' title='bbox 1558 4210 1785 4269; x_wconf 85' lang='lat' dir='ltr'><strong>Paulum</strong></span> <span class='ocrx_word' id='word_1_638' title='bbox 1808 4213 1854 4269; x_wconf 92' lang='lat' dir='ltr'><strong>ll</strong></span> 
     </span>
    </p>
   </div>
   <div class='ocr_carea' id='block_1_57' title="bbox 256 4293 1855 4366">
    <p class='ocr_par' dir='ltr' id='par_1_57' title="bbox 256 4293 1855 4366">
     <span class='ocr_line' id='line_1_57' title="bbox 256 4293 1855 4366; baseline 0.011 -19"><span class='ocrx_word' id='word_1_639' title='bbox 256 4293 461 4365; x_wconf 90' lang='lat' dir='ltr'><strong>ubique</strong></span> <span class='ocrx_word' id='word_1_640' title='bbox 488 4298 798 4366; x_wconf 84' lang='lat' dir='ltr'><strong>nominent,</strong></span> <span class='ocrx_word' id='word_1_641' title='bbox 827 4314 952 4354; x_wconf 88' lang='lat' dir='ltr'><strong>cum</strong></span> <span class='ocrx_word' id='word_1_642' title='bbox 1004 4301 1325 4358; x_wconf 75' lang='lat' dir='ltr'><strong>Valerianus</strong></span> <span class='ocrx_word' id='word_1_643' title='bbox 1379 4303 1615 4361; x_wconf 78' lang='lat' dir='ltr'><strong>fabulam</strong></span> <span class='ocrx_word' id='word_1_644' title='bbox 1656 4306 1726 4362; x_wconf 86' lang='lat' dir='ltr'><strong>de</strong></span> <span class='ocrx_word' id='word_1_645' title='bbox 1747 4307 1855 4364; x_wconf 81' lang='lat' dir='ltr'><strong>Ha-</strong></span> 
     </span>
    </p>
   </div>
   <div class='ocr_carea' id='block_1_58' title="bbox 251 4387 1850 4465">
    <p class='ocr_par' dir='ltr' id='par_1_58' title="bbox 251 4387 1850 4465">
     <span class='ocr_line' id='line_1_58' title="bbox 251 4387 1850 4465; baseline 0.011 -24"><span class='ocrx_word' id='word_1_646' title='bbox 251 4388 453 4443; x_wconf 84' lang='lat' dir='ltr'><strong>driano</strong></span> <span class='ocrx_word' id='word_1_647' title='bbox 482 4387 550 4443; x_wconf 80' lang='lat' dir='ltr'><strong>Vl</strong></span> <span class='ocrx_word' id='word_1_648' title='bbox 579 4392 804 4447; x_wconf 82' lang='lat' dir='ltr'><strong>narret?</strong></span> <span class='ocrx_word' id='word_1_649' title='bbox 852 4393 1204 4465; x_wconf 87' lang='lat' dir='ltr'><strong>Compertum</strong></span> <span class='ocrx_word' id='word_1_650' title='bbox 1255 4405 1360 4463; x_wconf 56' lang='grc' dir='ltr'><strong>ψει,</strong></span> <span class='ocrx_word' id='word_1_651' title='bbox 1393 4397 1727 4457; x_wconf 81' lang='lat' dir='ltr'><strong>Hadrianum</strong></span> <span class='ocrx_word' id='word_1_652' title='bbox 1783 4402 1850 4458; x_wconf 71' lang='lat' dir='ltr'><strong>Vl</strong></span> 
     </span>
    </p>
   </div>
   <div class='ocr_carea' id='block_1_59' title="bbox 244 4478 1848 4564">
    <p class='ocr_par' dir='ltr' id='par_1_59' title="bbox 244 4478 1848 4564">
     <span class='ocr_line' id='line_1_59' title="bbox 244 4478 1848 4564; baseline 0.01 -30"><span class='ocrx_word' id='word_1_653' title='bbox 244 4478 547 4535; x_wconf 79' lang='lat' dir='ltr'><strong>severioris</strong></span> <span class='ocrx_word' id='word_1_654' title='bbox 571 4481 881 4554; x_wconf 66' lang='lat' dir='ltr'><strong>disciplina</strong></span> <span class='ocrx_word' id='word_1_655' title='bbox 903 4486 1339 4546; x_wconf 72' lang='lat' dir='ltr'><strong>amantiSSimum</strong></span> <span class='ocrx_word' id='word_1_656' title='bbox 1359 4492 1558 4561; x_wconf 87' lang='lat' dir='ltr'><strong>poetis,</strong></span> <span class='ocrx_word' id='word_1_657' title='bbox 1604 4494 1694 4564; x_wconf 85' lang='lat' dir='ltr'><strong>qui</strong></span> <span class='ocrx_word' id='word_1_658' title='bbox 1721 4503 1848 4550; x_wconf 88' lang='lat' dir='ltr'><strong>tunc</strong></span> 
     </span>
    </p>
   </div>
   <div class='ocr_carea' id='block_1_60' title="bbox 246 4550 1853 4651">
    <p class='ocr_par' dir='ltr' id='par_1_60' title="bbox 246 4550 1842 4651">
     <span class='ocr_line' id='line_1_60' title="bbox 246 4550 1842 4651; baseline 0.01 -24"><span class='ocrx_word' id='word_1_659' title='bbox 246 4572 514 4643; x_wconf 87' lang='lat' dir='ltr'><strong>temporis</strong></span> <span class='ocrx_word' id='word_1_660' title='bbox 546 4550 738 4630; x_wconf 72' lang='lat' dir='ltr'><strong>Romae</strong></span> <span class='ocrx_word' id='word_1_661' title='bbox 762 4576 1007 4647; x_wconf 84' lang='lat' dir='ltr'><strong>ineptam</strong></span> <span class='ocrx_word' id='word_1_662' title='bbox 1052 4580 1344 4651; x_wconf 85' lang='lat' dir='ltr'><strong>quamdam</strong></span> <span class='ocrx_word' id='word_1_663' title='bbox 1359 4550 1691 4643; x_wconf 44' lang='lat' dir='ltr'><strong>.ethnicist&#39;ni</strong></span> <span class='ocrx_word' id='word_1_664' title='bbox 1721 4588 1842 4642; x_wconf 88' lang='lat' dir='ltr'><strong>imi-</strong></span> 
     </span>
    </p>
   </div>
   <div class='ocr_carea' id='block_1_61' title="bbox 1961 4550 3074 4651">
    <p class='ocr_par' dir='ltr' id='par_1_61' title="bbox 2078 4580 3074 4650">
     <span class='ocr_line' id='line_1_61' title="bbox 2078 4580 3074 4650; baseline 0.009 -20"><span class='ocrx_word' id='word_1_665' title='bbox 2078 4580 2198 4640; x_wconf 65' lang='lat' dir='ltr'><strong>Quae</strong></span> <span class='ocrx_word' id='word_1_666' title='bbox 2214 4582 2323 4632; x_wconf 88' lang='lat' dir='ltr'><strong>sine</strong></span> <span class='ocrx_word' id='word_1_667' title='bbox 2347 4581 2569 4649; x_wconf 79' lang='lat' dir='ltr'><strong>ﬁgmenti</strong></span> <span class='ocrx_word' id='word_1_668' title='bbox 2592 4582 2781 4635; x_wconf 83' lang='lat' dir='ltr'><strong>condita</strong></span> <span class='ocrx_word' id='word_1_669' title='bbox 2806 4589 2921 4637; x_wconf 83' lang='lat' dir='ltr'><strong>sunt</strong></span> <span class='ocrx_word' id='word_1_670' title='bbox 2939 4584 3074 4650; x_wconf 70' lang='lat' dir='ltr'><strong>vitio,</strong></span> 
     </span>
    </p>
   </div>
   <div class='ocr_carea' id='block_1_62' title="bbox 244 4665 3556 4767">
    <p class='ocr_par' dir='ltr' id='par_1_62' title="bbox 244 4665 3556 4767">
     <span class='ocr_line' id='line_1_62' title="bbox 244 4665 3556 4767; baseline 0.01 -50"><span class='ocrx_word' id='word_1_671' title='bbox 244 4665 910 4767; x_wconf 28' lang='lat' dir='ltr'><strong>tatioonetnnaﬁeetabant,</strong></span> <span class='ocrx_word' id='word_1_672' title='bbox 964 4681 1021 4729; x_wconf 88' lang='lat' dir='ltr'><strong>et</strong></span> <span class='ocrx_word' id='word_1_673' title='bbox 1049 4673 1272 4767; x_wconf 86' lang='lat' dir='ltr'><strong>liberius</strong></span> <span class='ocrx_word' id='word_1_674' title='bbox 1323 4676 1601 4747; x_wconf 86' lang='lat' dir='ltr'><strong>vivebant,</strong></span> <span class='ocrx_word' id='word_1_675' title='bbox 1652 4698 1842 4751; x_wconf 84' lang='lat' dir='ltr'><strong>parum</strong></span> <span class='ocrx_word' id='word_1_676' title='bbox 1951 4686 2004 4741; x_wconf 93' lang='lat' dir='ltr'><strong>ld</strong></span> <span class='ocrx_word' id='word_1_677' title='bbox 2035 4689 2182 4745; x_wconf 87' lang='lat' dir='ltr'><strong>enim</strong></span> <span class='ocrx_word' id='word_1_678' title='bbox 2240 4690 2433 4747; x_wconf 85' lang='lat' dir='ltr'><strong>alludit</strong></span> <span class='ocrx_word' id='word_1_679' title='bbox 2489 4691 2557 4749; x_wconf 87' lang='lat' dir='ltr'><strong>ad</strong></span> <span class='ocrx_word' id='word_1_680' title='bbox 2612 4692 2849 4766; x_wconf 75' lang='lat' dir='ltr'><strong>primum</strong></span> <span class='ocrx_word' id='word_1_681' title='bbox 2888 4708 3111 4749; x_wconf 82' lang='lat' dir='ltr'><strong>versum</strong></span> <span class='ocrx_word' id='word_1_682' title='bbox 3169 4692 3379 4751; x_wconf 87' lang='lat' dir='ltr'><strong>Sedulii</strong></span> <span class='ocrx_word' id='word_1_683' title='bbox 3432 4701 3556 4767; x_wconf 87' lang='lat' dir='ltr'><strong>post</strong></span> 
     </span>
    </p>
   </div>
   <div class='ocr_carea' id='block_1_63' title="bbox 241 4755 2738 4851">
    <p class='ocr_par' dir='ltr' id='par_1_63' title="bbox 241 4755 2738 4851">
     <span class='ocr_line' id='line_1_63' title="bbox 241 4755 2738 4851; baseline 0.012 -39"><span class='ocrx_word' id='word_1_684' title='bbox 241 4755 469 4851; x_wconf 67' lang='lat' dir='ltr'><strong>lavisse.</strong></span> <span class='ocrx_word' id='word_1_685' title='bbox 519 4758 655 4815; x_wconf 78' lang='lat' dir='ltr'><strong>Hine</strong></span> <span class='ocrx_word' id='word_1_686' title='bbox 685 4771 971 4831; x_wconf 71' lang='lat' dir='ltr'><strong>poetarum</strong></span> <span class='ocrx_word' id='word_1_687' title='bbox 1021 4766 1317 4823; x_wconf 84' lang='lat' dir='ltr'><strong>adversum</strong></span> <span class='ocrx_word' id='word_1_688' title='bbox 1370 4784 1499 4826; x_wconf 79' lang='lat' dir='ltr'><strong>eum</strong></span> <span class='ocrx_word' id='word_1_689' title='bbox 1535 4775 1841 4842; x_wconf 74' lang='lat' dir='ltr'><strong>praesertim</strong></span> <span class='ocrx_word' id='word_1_690' title='bbox 1947 4780 2233 4851; x_wconf 88' lang='lat' dir='ltr'><strong>prologum</strong></span> <span class='ocrx_word' id='word_1_691' title='bbox 2273 4783 2562 4840; x_wconf 85' lang='lat' dir='ltr'><strong>metricum</strong></span> <span class='ocrx_word' id='word_1_692' title='bbox 2594 4755 2627 4839; x_wconf 43' lang='grc' dir='ltr'><strong>ε’</strong></span> <span class='ocrx_word' id='word_1_693' title='bbox 2734 4762 2738 4766; x_wconf 25' lang='grc'><strong><em>³</em></strong></span> 
     </span>
    </p>
   </div>
   <div class='ocr_carea' id='block_1_64' title="bbox 233 4848 3260 4944">
    <p class='ocr_par' dir='ltr' id='par_1_64' title="bbox 233 4848 3260 4944">
     <span class='ocr_line' id='line_1_64' title="bbox 233 4848 3260 4944; baseline 0.009 -41"><span class='ocrx_word' id='word_1_694' title='bbox 233 4848 346 4919; x_wconf 85' lang='lat' dir='ltr'><strong>jam</strong></span> <span class='ocrx_word' id='word_1_695' title='bbox 391 4862 671 4908; x_wconf 89' lang='lat' dir='ltr'><strong>mortuum</strong></span> <span class='ocrx_word' id='word_1_696' title='bbox 704 4854 938 4912; x_wconf 85' lang='lat' dir='ltr'><strong>dicteria</strong></span> <span class='ocrx_word' id='word_1_697' title='bbox 965 4876 978 4912; x_wconf 88' lang='lat'><strong>:</strong></span> <span class='ocrx_word' id='word_1_698' title='bbox 1012 4858 1139 4914; x_wconf 86' lang='lat' dir='ltr'><strong>hinc</strong></span> <span class='ocrx_word' id='word_1_699' title='bbox 1179 4860 1398 4917; x_wconf 85' lang='lat' dir='ltr'><strong>Pierius</strong></span> <span class='ocrx_word' id='word_1_700' title='bbox 1433 4862 1752 4923; x_wconf 83' lang='lat' dir='ltr'><strong>Valerianus</strong></span> <span class='ocrx_word' id='word_1_701' title='bbox 1784 4869 1838 4922; x_wconf 84' lang='lat' dir='ltr'><strong>in</strong></span> <span class='ocrx_word' id='word_1_702' title='bbox 2069 4848 2190 4923; x_wconf 74' lang='lat' dir='ltr'><strong>cum</strong></span> <span class='ocrx_word' id='word_1_703' title='bbox 2209 4887 2298 4925; x_wconf 90' lang='lat' dir='ltr'><strong>sua</strong></span> <span class='ocrx_word' id='word_1_704' title='bbox 2318 4876 2537 4940; x_wconf 86' lang='lat' dir='ltr'><strong>gentiles</strong></span> <span class='ocrx_word' id='word_1_705' title='bbox 2552 4878 2782 4931; x_wconf 82' lang='lat' dir='ltr'><strong>studeant</strong></span> <span class='ocrx_word' id='word_1_706' title='bbox 2799 4877 3034 4942; x_wconf 83' lang='lat' dir='ltr'><strong>ﬁgmenta</strong></span> <span class='ocrx_word' id='word_1_707' title='bbox 3058 4886 3260 4944; x_wconf 63' lang='lat' dir='ltr'><strong>poetas.’</strong></span> 
     </span>
    </p>
   </div>
   <div class='ocr_carea' id='block_1_65' title="bbox 236 4944 3553 5055">
    <p class='ocr_par' dir='ltr' id='par_1_65' title="bbox 236 4944 3553 5055">
     <span class='ocr_line' id='line_1_65' title="bbox 236 4944 3553 5055; baseline 0.012 -54"><span class='ocrx_word' id='word_1_708' title='bbox 236 4944 631 5055; x_wconf 27' lang='lat' dir='ltr'><strong>oratione-p10</strong></span> <span class='ocrx_word' id='word_1_709' title='bbox 672 4949 1202 5055; x_wconf 46' lang='lat' dir='ltr'><strong>sacerdotum-barbis</strong></span> <span class='ocrx_word' id='word_1_710' title='bbox 1232 4952 1431 5055; x_wconf 40' lang='lat' dir='ltr'><strong>Ilo-ma:</strong></span> <span class='ocrx_word' id='word_1_711' title='bbox 1471 4956 1618 5012; x_wconf 78' lang='lat' dir='ltr'><strong>edita</strong></span> <span class='ocrx_word' id='word_1_712' title='bbox 1672 4959 1832 5025; x_wconf 79' lang='grc'><strong>1551,</strong></span> <span class='ocrx_word' id='word_1_713' title='bbox 1940 4972 2086 5028; x_wconf 87' lang='lat' dir='ltr'><strong>Nihil</strong></span> <span class='ocrx_word' id='word_1_714' title='bbox 2109 4989 2243 5044; x_wconf 80' lang='lat' dir='ltr'><strong>ergo</strong></span> <span class='ocrx_word' id='word_1_715' title='bbox 2263 4987 2348 5032; x_wconf 90' lang='lat' dir='ltr'><strong>est</strong></span> <span class='ocrx_word' id='word_1_716' title='bbox 2374 4994 2576 5047; x_wconf 64' lang='lat' dir='ltr'><strong>causae,</strong></span> <span class='ocrx_word' id='word_1_717' title='bbox 2633 4998 2731 5037; x_wconf 83' lang='lat' dir='ltr'><strong>cur</strong></span> <span class='ocrx_word' id='word_1_718' title='bbox 2758 4982 2981 5039; x_wconf 87' lang='lat' dir='ltr'><strong>Sedulio</strong></span> <span class='ocrx_word' id='word_1_719' title='bbox 3012 4985 3245 5054; x_wconf 88' lang='lat' dir='ltr'><strong>elegiam</strong></span> <span class='ocrx_word' id='word_1_720' title='bbox 3273 4985 3553 5055; x_wconf 83' lang='lat' dir='ltr'><strong>abjudice-</strong></span> 
     </span>
    </p>
   </div>
   <div class='ocr_carea' id='block_1_66' title="bbox 237 5036 3552 5143">
    <p class='ocr_par' dir='ltr' id='par_1_66' title="bbox 237 5036 3552 5143">
     <span class='ocr_line' id='line_1_66' title="bbox 237 5036 3552 5143; baseline 0.005 -27"><span class='ocrx_word' id='word_1_721' title='bbox 237 5047 364 5143; x_wconf 57' lang='lat'><strong>{’&quot;8‘</strong></span> <span class='ocrx_word' id='word_1_722' title='bbox 392 5036 787 5143; x_wconf 61' lang='lat' dir='ltr'><strong>Gelasiif&#39;ef‘ha</strong></span> <span class='ocrx_word' id='word_1_723' title='bbox 819 5042 887 5097; x_wconf 70' lang='lat' dir='ltr'><strong>de</strong></span> <span class='ocrx_word' id='word_1_724' title='bbox 912 5040 1140 5101; x_wconf 74' lang='grc' dir='ltr'><strong>δεάυιῖο</strong></span> <span class='ocrx_word' id='word_1_725' title='bbox 1175 5064 1187 5099; x_wconf 78' lang='grc' dir='ltr'>ε</span> <span class='ocrx_word' id='word_1_726' title='bbox 1232 5044 1457 5120; x_wconf 70' lang='lat' dir='ltr'><strong>Vulgata</strong></span> <span class='ocrx_word' id='word_1_727' title='bbox 1508 5060 1678 5106; x_wconf 67' lang='lat' dir='ltr'><strong>tamen</strong></span> <span class='ocrx_word' id='word_1_728' title='bbox 1707 5054 1835 5107; x_wconf 79' lang='grc' dir='ltr'><em>Ιιαε-</em></span> <span class='ocrx_word' id='word_1_729' title='bbox 1943 5083 2085 5134; x_wconf 89' lang='lat' dir='ltr'><strong>mus,</strong></span> <span class='ocrx_word' id='word_1_730' title='bbox 2120 5036 2283 5139; x_wconf 67' lang='grc' dir='ltr'><strong>ιιιῖεηιι</strong></span> <span class='ocrx_word' id='word_1_731' title='bbox 2314 5071 2393 5126; x_wconf 90' lang='lat' dir='ltr'><strong>illi</strong></span> <span class='ocrx_word' id='word_1_732' title='bbox 2433 5036 2969 5143; x_wconf 57' lang='lat' dir='ltr'><strong>.aj.aa.....&#39;.‘....‘m&#39;</strong></span> <span class='ocrx_word' id='word_1_733' title='bbox 2996 5036 3552 5134; x_wconf 56' lang='lat' dir='ltr'><strong>.i..&#39;.:.1;.;.;.;;“.1;;.;-</strong></span> 
     </span>
    </p>
   </div>
   <div class='ocr_carea' id='block_1_67' title="bbox 235 5134 1853 5238">
    <p class='ocr_par' dir='ltr' id='par_1_67' title="bbox 235 5134 1835 5207">
     <span class='ocr_line' id='line_1_67' title="bbox 235 5134 1835 5207; baseline 0.013 -26"><span class='ocrx_word' id='word_1_734' title='bbox 235 5138 386 5183; x_wconf 80' lang='lat' dir='ltr'><strong>tenus</strong></span> <span class='ocrx_word' id='word_1_735' title='bbox 415 5134 737 5202; x_wconf 67' lang='lat' dir='ltr'><strong>exemplaria</strong></span> <span class='ocrx_word' id='word_1_736' title='bbox 769 5153 863 5207; x_wconf 89' lang='lat' dir='ltr'><strong>pro</strong></span> <span class='ocrx_word' id='word_1_737' title='bbox 885 5153 1128 5195; x_wconf 73' lang='lat' dir='ltr'><strong>BEROICIS</strong></span> <span class='ocrx_word' id='word_1_738' title='bbox 1148 5143 1377 5197; x_wconf 82' lang='lat' dir='ltr'><strong>versibus</strong></span> <span class='ocrx_word' id='word_1_739' title='bbox 1403 5158 1700 5201; x_wconf 60' lang='lat' dir='ltr'><strong>nasutus</strong></span> <span class='ocrx_word' id='word_1_740' title='bbox 1722 5164 1835 5202; x_wconf 82' lang='lat' dir='ltr'><strong>ver-</strong></span> 
     </span>
    </p>
   </div>
   <div class='ocr_carea' id='block_1_68' title="bbox 1961 5134 3545 5238">
    <p class='ocr_par' dir='ltr' id='par_1_68' title="bbox 1961 5165 3545 5238">
     <span class='ocr_line' id='line_1_68' title="bbox 1961 5165 3545 5238; baseline 0.006 -23"><span class='ocrx_word' id='word_1_741' title='bbox 1961 5176 2055 5229; x_wconf 81' lang='lat' dir='ltr'><strong>:es,</strong></span> <span class='ocrx_word' id='word_1_742' title='bbox 2091 5172 2149 5217; x_wconf 92' lang='lat' dir='ltr'><strong>ut</strong></span> <span class='ocrx_word' id='word_1_743' title='bbox 2182 5165 2354 5234; x_wconf 88' lang='lat' dir='ltr'><strong>liquet</strong></span> <span class='ocrx_word' id='word_1_744' title='bbox 2384 5180 2451 5222; x_wconf 77' lang='lat' dir='ltr'><strong>ex</strong></span> <span class='ocrx_word' id='word_1_745' title='bbox 2476 5183 2597 5238; x_wconf 83' lang='lat' dir='ltr'><strong>cap.</strong></span> <span class='ocrx_word' id='word_1_746' title='bbox 2629 5170 2684 5232; x_wconf 75' lang='lat'><strong>‘5,</strong></span> <span class='ocrx_word' id='word_1_747' title='bbox 2709 5181 2765 5225; x_wconf 92' lang='lat' dir='ltr'><strong>et</strong></span> <span class='ocrx_word' id='word_1_748' title='bbox 2816 5185 2883 5225; x_wconf 84' lang='lat' dir='ltr'><strong>ex</strong></span> <span class='ocrx_word' id='word_1_749' title='bbox 2917 5172 3089 5226; x_wconf 86' lang='lat' dir='ltr'><strong>variis</strong></span> <span class='ocrx_word' id='word_1_750' title='bbox 3133 5172 3357 5227; x_wconf 88' lang='lat' dir='ltr'><strong>lection.</strong></span> <span class='ocrx_word' id='word_1_751' title='bbox 3386 5171 3453 5225; x_wconf 89' lang='lat' dir='ltr'><strong>ad</strong></span> <span class='ocrx_word' id='word_1_752' title='bbox 3478 5170 3545 5225; x_wconf 79' lang='lat' dir='ltr'><strong>ti-</strong></span> 
     </span>
    </p>
   </div>
   <div class='ocr_carea' id='block_1_69' title="bbox 233 5224 3522 5330">
    <p class='ocr_par' dir='ltr' id='par_1_69' title="bbox 233 5224 3522 5330">
     <span class='ocr_line' id='line_1_69' title="bbox 233 5224 3522 5330; baseline 0.008 -36"><span class='ocrx_word' id='word_1_753' title='bbox 233 5224 377 5330; x_wconf 45' lang='lat' dir='ltr'><strong>&quot;In&quot;</strong></span> <span class='ocrx_word' id='word_1_754' title='bbox 404 5225 651 5330; x_wconf 69' lang='lat' dir='ltr'><strong>habu_er_e-</strong></span> <span class='ocrx_word' id='word_1_755' title='bbox 688 5228 845 5296; x_wconf 75' lang='lat' dir='ltr'><strong>Quod</strong></span> <span class='ocrx_word' id='word_1_756' title='bbox 875 5233 1019 5330; x_wconf 66' lang='lat' dir='ltr'><strong>bouis</strong></span> <span class='ocrx_word' id='word_1_757' title='bbox 1036 5236 1345 5306; x_wconf 71' lang='lat' dir='ltr'><strong>quibusdam</strong></span> <span class='ocrx_word' id='word_1_758' title='bbox 1374 5240 1544 5313; x_wconf 80' lang='lat' dir='ltr'><strong>legum</strong></span> <span class='ocrx_word' id='word_1_759' title='bbox 1574 5243 1835 5314; x_wconf 70' lang='lat' dir='ltr'><strong>professo-</strong></span> <span class='ocrx_word' id='word_1_760' title='bbox 1939 5224 2110 5312; x_wconf 69' lang='lat' dir='ltr'><strong>uuam</strong></span> <span class='ocrx_word' id='word_1_761' title='bbox 2137 5224 2349 5329; x_wconf 56' lang='lat' dir='ltr'><strong>elegiae,</strong></span> <span class='ocrx_word' id='word_1_762' title='bbox 2382 5224 2685 5319; x_wconf 43' lang='lat' dir='ltr'><strong>Beda&#39;noa</strong></span> <span class='ocrx_word' id='word_1_763' title='bbox 2715 5265 2887 5320; x_wconf 79' lang='lat' dir='ltr'><strong>semel</strong></span> <span class='ocrx_word' id='word_1_764' title='bbox 2937 5264 3005 5321; x_wconf 89' lang='lat' dir='ltr'><strong>de</strong></span> <span class='ocrx_word' id='word_1_765' title='bbox 3024 5224 3381 5330; x_wconf 16' lang='lat' dir='ltr'><strong>‘AVrte&#39;metrq</strong></span> <span class='ocrx_word' id='word_1_766' title='bbox 3410 5269 3522 5320; x_wconf 86' lang='lat' dir='ltr'><strong>Au-</strong></span> 
     </span>
    </p>
   </div>
   <div class='ocr_carea' id='block_1_70' title="bbox 232 5318 1853 5413">
    <p class='ocr_par' dir='ltr' id='par_1_70' title="bbox 232 5318 1827 5401">
     <span class='ocr_line' id='line_1_70' title="bbox 232 5318 1827 5401; baseline 0.016 -32"><span class='ocrx_word' id='word_1_767' title='bbox 232 5318 372 5371; x_wconf 84' lang='lat' dir='ltr'><strong>ribus</strong></span> <span class='ocrx_word' id='word_1_768' title='bbox 401 5321 749 5390; x_wconf 74' lang='lat' dir='ltr'><strong>suspicionem</strong></span> <span class='ocrx_word' id='word_1_769' title='bbox 769 5328 1012 5399; x_wconf 74' lang='lat' dir='ltr'><strong>oggessit,</strong></span> <span class='ocrx_word' id='word_1_770' title='bbox 1043 5341 1281 5401; x_wconf 75' lang='lat' dir='ltr'><strong>poemata</strong></span> <span class='ocrx_word' id='word_1_771' title='bbox 1302 5337 1477 5389; x_wconf 81' lang='lat' dir='ltr'><strong>omnia</strong></span> <span class='ocrx_word' id='word_1_772' title='bbox 1513 5353 1620 5392; x_wconf 81' lang='lat' dir='ltr'><strong>esse</strong></span> <span class='ocrx_word' id='word_1_773' title='bbox 1658 5338 1827 5393; x_wconf 79' lang='lat' dir='ltr'><strong>luere-</strong></span> 
     </span>
    </p>
   </div>
   <div class='ocr_carea' id='block_1_71' title="bbox 1961 5318 3541 5413">
    <p class='ocr_par' dir='ltr' id='par_1_71' title="bbox 1961 5354 3541 5413">
     <span class='ocr_line' id='line_1_71' title="bbox 1961 5354 3541 5413; baseline 0.009 -13"><span class='ocrx_word' id='word_1_774' title='bbox 1961 5358 2056 5403; x_wconf 81' lang='lat' dir='ltr'><strong>:tor</strong></span> <span class='ocrx_word' id='word_1_775' title='bbox 2099 5363 2400 5407; x_wconf 72' lang='lat' dir='ltr'><strong>comment.</strong></span> <span class='ocrx_word' id='word_1_776' title='bbox 2434 5354 2489 5408; x_wconf 92' lang='lat' dir='ltr'><strong>in</strong></span> <span class='ocrx_word' id='word_1_777' title='bbox 2521 5355 2721 5411; x_wconf 84' lang='lat' dir='ltr'><strong>Bedam</strong></span> <span class='ocrx_word' id='word_1_778' title='bbox 2770 5357 2839 5412; x_wconf 87' lang='lat' dir='ltr'><strong>de</strong></span> <span class='ocrx_word' id='word_1_779' title='bbox 2868 5357 2991 5412; x_wconf 82' lang='lat' dir='ltr'><strong>Art.</strong></span> <span class='ocrx_word' id='word_1_780' title='bbox 3040 5369 3200 5412; x_wconf 89' lang='lat' dir='ltr'><strong>metr.</strong></span> <span class='ocrx_word' id='word_1_781' title='bbox 3234 5372 3339 5411; x_wconf 89' lang='lat' dir='ltr'><strong>ms.</strong></span> <span class='ocrx_word' id='word_1_782' title='bbox 3376 5357 3428 5413; x_wconf 92' lang='lat' dir='ltr'><strong>iu</strong></span> <span class='ocrx_word' id='word_1_783' title='bbox 3458 5358 3541 5413; x_wconf 84' lang='lat' dir='ltr'><strong>bi-</strong></span> 
     </span>
    </p>
   </div>
   <div class='ocr_carea' id='block_1_72' title="bbox 233 5411 3540 5521">
    <p class='ocr_par' dir='ltr' id='par_1_72' title="bbox 233 5411 3540 5521">
     <span class='ocr_line' id='line_1_72' title="bbox 233 5411 3540 5521; baseline 0.014 -59"><span class='ocrx_word' id='word_1_784' title='bbox 233 5411 352 5476; x_wconf 84' lang='lat' dir='ltr'><strong>lica,</strong></span> <span class='ocrx_word' id='word_1_785' title='bbox 384 5421 665 5486; x_wconf 75' lang='lat' dir='ltr'><strong>pactosque</strong></span> <span class='ocrx_word' id='word_1_786' title='bbox 712 5418 845 5474; x_wconf 82' lang='lat' dir='ltr'><strong>inter</strong></span> <span class='ocrx_word' id='word_1_787' title='bbox 873 5422 1013 5493; x_wconf 83' lang='lat' dir='ltr'><strong>pios,</strong></span> <span class='ocrx_word' id='word_1_788' title='bbox 1046 5424 1251 5480; x_wconf 80' lang='lat' dir='ltr'><strong>etiamsi</strong></span> <span class='ocrx_word' id='word_1_789' title='bbox 1278 5443 1427 5483; x_wconf 86' lang='lat' dir='ltr'><strong>sacra</strong></span> <span class='ocrx_word' id='word_1_790' title='bbox 1469 5440 1708 5499; x_wconf 85' lang='lat' dir='ltr'><strong>tractent,</strong></span> <span class='ocrx_word' id='word_1_791' title='bbox 1737 5418 1825 5486; x_wconf 44' lang='lat' dir='ltr'><strong>ne;</strong></span> <span class='ocrx_word' id='word_1_792' title='bbox 1938 5439 2211 5498; x_wconf 71' lang='lat' dir='ltr'><strong>bliotbeca</strong></span> <span class='ocrx_word' id='word_1_793' title='bbox 2240 5444 2525 5511; x_wconf 80' lang='lat' dir='ltr'><strong>Vaticana,</strong></span> <span class='ocrx_word' id='word_1_794' title='bbox 2556 5458 2752 5505; x_wconf 81' lang='lat' dir='ltr'><strong>auctor</strong></span> <span class='ocrx_word' id='word_1_795' title='bbox 2779 5464 3084 5521; x_wconf 81' lang='lat' dir='ltr'><strong>auouymus</strong></span> <span class='ocrx_word' id='word_1_796' title='bbox 3133 5450 3319 5505; x_wconf 72' lang='lat' dir='ltr'><strong>saeculi</strong></span> <span class='ocrx_word' id='word_1_797' title='bbox 3357 5468 3414 5517; x_wconf 71' lang='grc' dir='ltr'><strong>ι,</strong></span> <span class='ocrx_word' id='word_1_798' title='bbox 3445 5451 3540 5508; x_wconf 81' lang='lat' dir='ltr'><strong>0s-</strong></span> 
     </span>
    </p>
   </div>
   <div class='ocr_carea' id='block_1_73' title="bbox 229 5515 3537 5613">
    <p class='ocr_par' dir='ltr' id='par_1_73' title="bbox 229 5515 3537 5613">
     <span class='ocr_line' id='line_1_73' title="bbox 229 5515 3537 5613; baseline 0.012 -55"><span class='ocrx_word' id='word_1_799' title='bbox 229 5522 490 5612; x_wconf 66' lang='lat' dir='ltr'><strong>quaquant</strong></span> <span class='ocrx_word' id='word_1_800' title='bbox 543 5517 897 5613; x_wconf 56' lang='lat' dir='ltr'><strong>annunerari.</strong></span> <span class='ocrx_word' id='word_1_801' title='bbox 957 5515 1027 5571; x_wconf 81' lang='lat' dir='ltr'><strong>Id</strong></span> <span class='ocrx_word' id='word_1_802' title='bbox 1072 5522 1210 5589; x_wconf 83' lang='lat' dir='ltr'><strong>quod</strong></span> <span class='ocrx_word' id='word_1_803' title='bbox 1250 5520 1527 5579; x_wconf 84' lang='lat' dir='ltr'><strong>Hadriano</strong></span> <span class='ocrx_word' id='word_1_804' title='bbox 1558 5523 1643 5580; x_wconf 80' lang='lat' dir='ltr'><strong>IV</strong></span> <span class='ocrx_word' id='word_1_805' title='bbox 1676 5537 1821 5597; x_wconf 86' lang='lat' dir='ltr'><strong>pont.</strong></span> <span class='ocrx_word' id='word_1_806' title='bbox 1937 5530 2170 5601; x_wconf 86' lang='lat' dir='ltr'><strong>beruus,</strong></span> <span class='ocrx_word' id='word_1_807' title='bbox 2198 5534 2440 5591; x_wconf 82' lang='lat' dir='ltr'><strong>Joannes</strong></span> <span class='ocrx_word' id='word_1_808' title='bbox 2467 5537 2880 5596; x_wconf 83' lang='lat' dir='ltr'><strong>Tinmuthensis</strong></span> <span class='ocrx_word' id='word_1_809' title='bbox 2914 5515 2966 5594; x_wconf 70' lang='lat' dir='ltr'><strong>in</strong></span> <span class='ocrx_word' id='word_1_810' title='bbox 2997 5540 3118 5596; x_wconf 81' lang='lat' dir='ltr'><strong>Vita</strong></span> <span class='ocrx_word' id='word_1_811' title='bbox 3150 5539 3206 5595; x_wconf 88' lang='lat' dir='ltr'><strong>S.</strong></span> <span class='ocrx_word' id='word_1_812' title='bbox 3244 5515 3537 5613; x_wconf 76' lang='lat' dir='ltr'><strong>Duustani‘,</strong></span> 
     </span>
    </p>
   </div>
   <div class='ocr_carea' id='block_1_74' title="bbox 140 5600 1853 5706">
    <p class='ocr_par' dir='ltr' id='par_1_74' title="bbox 140 5600 1825 5706">
     <span class='ocr_line' id='line_1_74' title="bbox 140 5600 1825 5706; baseline 0.014 -56"><span class='ocrx_word' id='word_1_813' title='bbox 140 5642 151 5650; x_wconf 95' lang='lat'><strong>.</strong></span> <span class='ocrx_word' id='word_1_814' title='bbox 232 5600 459 5654; x_wconf 73' lang='lat' dir='ltr'><strong>mimo</strong></span> <span class='ocrx_word' id='word_1_815' title='bbox 488 5618 650 5706; x_wconf 72' lang='lat' dir='ltr'><strong>usque</strong></span> <span class='ocrx_word' id='word_1_816' title='bbox 667 5605 803 5706; x_wconf 74' lang='lat' dir='ltr'><strong>adeo</strong></span> <span class='ocrx_word' id='word_1_817' title='bbox 820 5625 1125 5680; x_wconf 72' lang='lat' dir='ltr'><strong>persuasum</strong></span> <span class='ocrx_word' id='word_1_818' title='bbox 1151 5613 1257 5687; x_wconf 76' lang='lat'><strong>91</strong></span> <span class='ocrx_word' id='word_1_819' title='bbox 1280 5614 1522 5681; x_wconf 72' lang='lat' dir='ltr'><strong>vidimus,</strong></span> <span class='ocrx_word' id='word_1_820' title='bbox 1550 5627 1605 5671; x_wconf 90' lang='lat' dir='ltr'><strong>ut</strong></span> <span class='ocrx_word' id='word_1_821' title='bbox 1628 5619 1723 5672; x_wconf 86' lang='lat' dir='ltr'><strong>hac</strong></span> <span class='ocrx_word' id='word_1_822' title='bbox 1759 5620 1825 5674; x_wconf 84' lang='lat' dir='ltr'><strong>de</strong></span> 
     </span>
    </p>
   </div>
   <div class='ocr_carea' id='block_1_75' title="bbox 1961 5600 3533 5706">
    <p class='ocr_par' dir='ltr' id='par_1_75' title="bbox 1961 5600 3533 5706">
     <span class='ocr_line' id='line_1_75' title="bbox 1961 5600 3533 5706; baseline 0.008 -26"><span class='ocrx_word' id='word_1_823' title='bbox 1961 5628 2264 5687; x_wconf 66' lang='lat' dir='ltr'><strong>inilielmus</strong></span> <span class='ocrx_word' id='word_1_824' title='bbox 2292 5632 2801 5691; x_wconf 81' lang='lat' dir='ltr'><strong>Malmesburieusis</strong></span> <span class='ocrx_word' id='word_1_825' title='bbox 2850 5634 2919 5690; x_wconf 89' lang='lat' dir='ltr'><strong>de</strong></span> <span class='ocrx_word' id='word_1_826' title='bbox 2965 5635 3077 5690; x_wconf 78' lang='lat' dir='ltr'><strong>vn.</strong></span> <span class='ocrx_word' id='word_1_827' title='bbox 3139 5636 3389 5693; x_wconf 82' lang='lat' dir='ltr'><strong>Pontilic.</strong></span> <span class='ocrx_word' id='word_1_828' title='bbox 3421 5638 3457 5693; x_wconf 85' lang='grc' dir='ltr'><strong>ι.</strong></span> <span class='ocrx_word' id='word_1_829' title='bbox 3493 5600 3533 5706; x_wconf 64' lang='grc' dir='ltr'><strong>ιζ</strong></span> 
     </span>
    </p>
   </div>
   <div class='ocr_carea' id='block_1_76' title="bbox 231 5696 2150 5793">
    <p class='ocr_par' dir='ltr' id='par_1_76' title="bbox 231 5696 2150 5793">
     <span class='ocr_line' id='line_1_76' title="bbox 231 5696 2150 5793; baseline 0.017 -49"><span class='ocrx_word' id='word_1_830' title='bbox 231 5706 384 5793; x_wconf 64' lang='lat' dir='ltr'><strong>causa</strong></span> <span class='ocrx_word' id='word_1_831' title='bbox 422 5696 626 5752; x_wconf 78' lang='lat' dir='ltr'><strong>nullum</strong></span> <span class='ocrx_word' id='word_1_832' title='bbox 669 5698 939 5757; x_wconf 72' lang='lat' dir='ltr'><strong>hominum</strong></span> <span class='ocrx_word' id='word_1_833' title='bbox 992 5722 1156 5777; x_wconf 80' lang='lat' dir='ltr'><strong>genus</strong></span> <span class='ocrx_word' id='word_1_834' title='bbox 1198 5710 1393 5780; x_wconf 80' lang='lat' dir='ltr'><strong>majori</strong></span> <span class='ocrx_word' id='word_1_835' title='bbox 1429 5703 1822 5780; x_wconf 72' lang='lat' dir='ltr'><strong>prosequemur</strong></span> <span class='ocrx_word' id='word_1_836' title='bbox 1925 5719 2150 5793; x_wconf 76' lang='lat' dir='ltr'><strong>aliique.</strong></span> 
     </span>
    </p>
   </div>
   <div class='ocr_carea' id='block_1_77' title="bbox 235 5785 3523 5890">
    <p class='ocr_par' dir='ltr' id='par_1_77' title="bbox 235 5785 3523 5890">
     <span class='ocr_line' id='line_1_77' title="bbox 235 5785 3523 5890; baseline 0.012 -54"><span class='ocrx_word' id='word_1_837' title='bbox 235 5785 370 5853; x_wconf 78' lang='lat' dir='ltr'><strong>odio,</strong></span> <span class='ocrx_word' id='word_1_838' title='bbox 392 5804 546 5858; x_wconf 82' lang='lat' dir='ltr'><strong>quant</strong></span> <span class='ocrx_word' id='word_1_839' title='bbox 569 5801 743 5861; x_wconf 78' lang='lat' dir='ltr'><strong>poetas</strong></span> <span class='ocrx_word' id='word_1_840' title='bbox 765 5810 784 5847; x_wconf 92' lang='lat'><strong><em>:</em></strong></span> <span class='ocrx_word' id='word_1_841' title='bbox 810 5794 867 5849; x_wconf 84' lang='lat' dir='ltr'><strong>id</strong></span> <span class='ocrx_word' id='word_1_842' title='bbox 889 5797 1113 5855; x_wconf 84' lang='lat' dir='ltr'><strong>nominis</strong></span> <span class='ocrx_word' id='word_1_843' title='bbox 1134 5799 1265 5854; x_wconf 84' lang='lat' dir='ltr'><strong>nihil</strong></span> <span class='ocrx_word' id='word_1_844' title='bbox 1292 5801 1440 5856; x_wconf 85' lang='lat' dir='ltr'><strong>aliud</strong></span> <span class='ocrx_word' id='word_1_845' title='bbox 1467 5818 1578 5872; x_wconf 73' lang='lat' dir='ltr'><strong>prce</strong></span> <span class='ocrx_word' id='word_1_846' title='bbox 1603 5821 1660 5858; x_wconf 90' lang='lat' dir='ltr'><strong>se</strong></span> <span class='ocrx_word' id='word_1_847' title='bbox 1683 5803 1822 5873; x_wconf 75' lang='lat' dir='ltr'><strong>ferre</strong></span> <span class='ocrx_word' id='word_1_848' title='bbox 1999 5785 2124 5870; x_wconf 56' lang='lat'><strong>163.</strong></span> <span class='ocrx_word' id='word_1_849' title='bbox 2166 5814 2340 5872; x_wconf 83' lang='lat' dir='ltr'><strong>Nimis</strong></span> <span class='ocrx_word' id='word_1_850' title='bbox 2389 5816 2502 5890; x_wconf 90' lang='lat' dir='ltr'><strong>jam</strong></span> <span class='ocrx_word' id='word_1_851' title='bbox 2557 5820 2732 5878; x_wconf 84' lang='lat' dir='ltr'><strong>multa</strong></span> <span class='ocrx_word' id='word_1_852' title='bbox 2780 5819 2849 5878; x_wconf 87' lang='lat' dir='ltr'><strong>de</strong></span> <span class='ocrx_word' id='word_1_853' title='bbox 2904 5822 3129 5881; x_wconf 77' lang='lat' dir='ltr'><strong>Asterie</strong></span> <span class='ocrx_word' id='word_1_854' title='bbox 3160 5840 3171 5878; x_wconf 92' lang='lat'>:</span> <span class='ocrx_word' id='word_1_855' title='bbox 3195 5822 3265 5879; x_wconf 88' lang='lat' dir='ltr'><strong>de</strong></span> <span class='ocrx_word' id='word_1_856' title='bbox 3312 5822 3523 5879; x_wconf 87' lang='lat' dir='ltr'><strong>duobus</strong></span> 
     </span>
    </p>
   </div>
  </div>
