4086 6184
497 261 602 322 505
1809 259 2095 319 ΩΈΙΛΙΙΒ
2132 259 2495 320 SEDULIUS.
3696 261 3798 321 50‘

491 390 674 437 autem
698 380 818 437 aliis
846 379 1024 450 poetis
1069 379 1331 452 antiquis,
1382 380 1479 452 qui
1508 376 1807 438 ’Sedulium
1834 379 2089 436 versibus
2117 381 2155 442 Δ
2193 390 2501 437 asservatur
2522 380 2579 437 in
2605 380 2813 439 :edibus
2838 380 3064 452 privatis
3090 380 3154 436 D.
3180 378 3248 437 de
3278 378 3507 436 Balneo.
3536 378 3661 436 Alio
3689 393 3800 438 mo-

494 473 818 532 acrostichis
869 474 1184 542 laudarunt,
1237 474 1480 547 brevius,
1540 490 1703 548 quam
1750 490 1891 547 opus
1926 486 2097 543 esset,
2201 472 2273 529 do
2300 474 2559 530 scribitur
2580 491 2779 532 nomen
2810 474 3059 533 Belisarii
3082 474 3136 530 in
3169 473 3370 546 lapide,
3399 473 3491 546 qui
3523 473 3802 546 egredien-

496 568 880 627 disserendum
934 577 1041 624 est.
1081 567 1232 625 Nihil
1273 569 1419 624 enim
1453 569 1722 637 occurrit,
1766 583 1877 640 quo
1906 568 2098 640 pedem
2204 567 2347 624 tibus
2402 578 2554 639 porta
2600 570 2853 626 Pinciana
2905 572 3055 641 jacet
3108 584 3138 623 a
3172 583 3338 624 manu
3366 568 3595 624 sinistra
3629 586 3643 623 :
3674 566 3806 625 Date

498 662 669 731 ﬁgere
722 660 1017 731 possimus.
1077 660 1184 714 Eos
1255 661 1392 716 satis
1458 661 1716 732 antiquos
1774 674 1944 727 esse,

501 755 787 812 veteribus
810 753 1095 810 codicibus
1124 754 1358 822 Sedulii,
1405 754 1461 811 in
1491 756 1690 826 quibus
1724 769 1920 811 versus
1949 768 2106 811 acro-

500 848 663 904 stichi
713 849 992 920 leguntur,
1030 848 1244 917 liquido
1264 848 1704 907 demonstratur.
1750 850 2105 921 Dempsterus

500 941 556 996 in
590 941 796 997 Hismr.
822 941 1035 997 Eccles.
1066 941 1282 998 Scolor.
1315 942 1619 1010 Liberium,
1675 952 1731 1000 et
1780 936 2115 999 Belisarium'

502 1050 647 1091 anno
676 1034 786 1088 440
812 1031 1289 1102 vixisseafﬁrmat,
1322 1035 1417 1091 sed
1447 1035 1597 1091 nullo
1616 1035 1700 1091 vel
1734 1036 1835 1091 levi
1867 1034 2108 1091 indicato

504 1120 887 1177 fundamento.
944 1119 1063 1175 Non
1127 1130 1311 1176 tamen
1365 1122 1611 1191 ineptum
1660 1122 1762 1177 erit
1808 1121 2107 1191 conjicere,

500 1230 598 1271 eos
629 1222 838 1284 poetas,
871 1213 960 1283 qui
984 1212 1150 1267 simili
1179 1206 1424 1269 carmine
1454 1213 1627 1269 veluti
1655 1214 1917 1292 certatim
1938 1211 2113 1268 Sedu-

508 1308 641 1366 Iium
672 1306 1156 1373 commendarunt,
1188 1307 1382 1363 eodem
1412 1307 1576 1363 simul
1605 1316 1856 1377 tempore
1883 1306 2109 1374 vixisse,

510 1412 569 1457 et
596 1398 835 1470 mquales
863 1398 1029 1454 fuisse
1072 1399 1191 1455 sive
1221 1399 1392 1471 ipsius
1435 1399 1671 1467 Sedulii,
1712 1400 1830 1456 sive
1885 1399 2114 1456 editoris

510 1493 740 1552 Asterii.
773 1493 830 1547 In
862 1493 1039 1549 indice
1086 1493 1351 1550 librorum
1377 1495 1862 1566 expurgandorum
1888 1495 2115 1551 Joannis

511 1587 696 1643 Marias
740 1586 1201 1644 Brasichellensis
1245 1604 1370 1661 pag.
1411 1587 1517 1645 256
1558 1589 1963 1661 prtescribitur,
2020 1590 2116 1646 de-

513 1681 736 1738 lendum
764 1696 887 1738 esse
912 1683 1126 1737 titulum
1159 1680 1280 1737 Diri
1315 1684 1367 1738 in
1425 1683 1671 1753 Liberio,
1711 1695 1766 1739 et
1820 1682 2112 1739 Belisario.

513 1774 776 1831 Nonnulli
801 1784 982 1830 tamen
1014 1774 1193 1829 adhuc
1226 1785 1423 1830 vocant
1458 1776 1520 1829 D.
1553 1775 1855 1841 Liberium,
1884 1775 1944 1830 D.
1975 1775 2120 1831 Beli-
2147 1783 2198 1845 Β
2298 1803 2421 1857 ,δι’

518 1866 722 1920 sarium
758 1884 770 1918 :
813 1867 1018 1936 quippe
1051 1866 1385 1937 intelligunt,
1434 1866 1506 1922 D.
1539 1867 1855 1939 signiﬁcare
1903 1883 2119 1938 praeno-

520 1973 644 2013 men
676 1954 971 2011 Decimum.
1003 1956 1251 2013 Labbeus
1282 1960 1337 2013 in
1370 1958 1603 2029 quodam
1629 1974 1759 2029 ms.,
1791 1968 1847 2015 et
1870 1959 2123 2016 Usserius

520 2050 573 2106 in
606 2050 712 2105 alio
744 2065 842 2120 pro
864 2049 1071 2104 Liberio
1104 2052 1311 2121 reperit
1342 2051 1682 2119 Liheratum,
1710 2053 1965 2109 Barthius
1992 2068 2123 2109 vero

523 2143 811 2198 Libertum.
844 2142 1193 2198 Mabiiionius
1246 2143 1303 2198 in
1355 2144 1602 2200 Analect.
1648 2156 1688 2199 t.
1725 2145 1762 2211 I,
1799 2144 2123 2202 Belisarium

527 2234 767 2305 appellat
790 2252 819 2288 e
847 2250 948 2290 suo
978 2251 1080 2290 ms.
1113 2234 1463 2291 Bellesarium
1488 2236 1875 2307 scholasticum,
1903 2238 2018 2296 sive
2038 2239 2128 2295 Be-

521 2328 762 2382 lisarium
795 2344 814 2382 :
840 2326 937 2383 alii
967 2326 1326 2399 Belwsarium,
1355 2328 1472 2384 sive
1490 2328 1873 2398 Bellaesarium,
1897 2332 1987 2387 alii
2029 2330 2131 2387 Be-

525 2419 775 2476 lezarium
808 2436 825 2475 :
858 2420 1022 2475 immo
1054 2420 1290 2477 Silonem
1346 2422 1404 2477 in
1445 2423 1684 2492 quodam
1730 2425 1920 2480 codice
1978 2427 2129 2497 regio

528 2514 828 2570 Parisicusi
862 2516 1047 2571 vocari
1089 2515 1456 2571 animadverti
1520 2532 1674 2572 num.
1704 2517 1795 2584 95,
1859 2518 2132 2590 siquidem

524 2611 580 2665 in
612 2608 872 2680 Catalogu
914 2610 1033 2679 ejus
1065 2609 1416 2667 bibliothecae
1448 2627 1639 2668 versus
1696 2612 1940 2670 Liberali
1970 2616 2133 2672 simul

529 2703 585 2758 in
616 2716 684 2758 eo
722 2700 911 2757 codice
938 2712 1317 2770 recensentur,
1342 2714 1397 2757 et
1424 2702 1481 2758 in
1513 2703 1705 2760 codice
1748 2704 1891 2761 8094
1917 2723 1931 2761 :
1958 2704 2134 2762 Belle-

529 2797 657 2852 sarii
686 2812 859 2850 versus
883 2796 1163 2849 acrostichi
1201 2796 1255 2852 in
1304 2796 1516 2852 laudem
1554 2798 1664 2870 93
1716 2798 1943 2855 Sedulii.
1988 2800 2138 2857 Non-

530 2886 671 2942 nulli
729 2886 951 2943 codices
988 2888 1251 2944 omittunt
1301 2891 1522 2945 nomina
1574 2889 1772 2946 horum
1828 2902 2135 2963 poetarum,

530 2981 624 3037 alii
647 2989 937 3053 utrumque
966 2984 1304 3053 epigramma
1323 2983 1593 3040 Belisario
1616 2968 1919 3053 ascribunt,
1951 2995 2012 3042 ut
2036 2987 2137 3044 du-

531 3075 690 3131 bitari
717 3075 891 3144 possit
928 3089 996 3129 an
1026 3076 1220 3132 unicus
1241 3077 1317 3131 sit
1355 3077 1638 3149 utriusque
1664 3087 1861 3135 auctor
1884 3080 2138 3139 Decimus

534 3167 791 3225 Liberius
818 3166 1135 3223 Belisarius.
1166 3167 1283 3223 Non
1318 3171 1507 3240 procul
1538 3158 1837 3229 abAsterii
1877 3178 2142 3246 tempori-
2166 3170 2214 3235 C

535 3263 639 3318 bus
668 3260 802 3316 vixit
828 3261 1221 3319 celeberrimus
1252 3264 1345 3321 ille
1391 3265 1499 3323 dux
1544 3266 1865 3335 Belisarius.
1894 3272 1985 3341 qui
2016 3284 2140 3343 post

537 3353 834 3410 Silverium
862 3355 1177 3424 pontificem
1209 3358 1264 3413 in
1297 3359 1548 3416 exsilium
1583 3360 1835 3431 missum,
1868 3364 1924 3419 in
1955 3380 2015 3422 se
2046 3382 2139 3422 re-

539 3466 753 3519 versus,
802 3450 1105 3509 Ecclesiam
1153 3451 1341 3508 Romae
1380 3452 1518 3525 erigi
1556 3455 1790 3524 curavit,
1819 3456 1874 3512 in
1904 3473 2011 3529 qua
2043 3473 2142 3515 ex-

539 3553 651 3601 stat
678 3544 960 3615 inscriptio
986 3561 999 3599 :

666 3691 806 3755 Hanc
830 3693 903 3755 vir
928 3693 1161 3755 patricius
1178 3690 1437 3755 Vilisarius
1460 3694 1599 3743 urbis
1621 3696 1804 3746 amicus

734 3754 812 3806 Ob
831 3754 990 3817 culpa:
1009 3756 1203 3807 veniam
1220 3754 1437 3806 condidit
1453 3756 1742 3807 Ecclesiam.

668 3816 809 3887 lianc
828 3816 1008 3887 idcirco
1024 3817 1205 3880 pedem
1228 3828 1415 3867 sacram
1431 3820 1516 3881 qui
1542 3822 1699 3887 ponis_
1699 3820 1751 3869 in
1773 3820 1951 3887 aedem,

735 3878 802 3929 Ut
823 3878 1091 3930 miseretur
1113 3892 1247 3942 eum,
1274 3891 1408 3942 saepe
1436 3878 1641 3940 precare
1665 3882 1845 3932 Deum.

669 3942 826 3992 Janua
844 3942 952 3992 haec
976 3948 1055 3992 est
1076 3940 1249 4003 templi
1273 3940 1483 3993 Domino
1503 3941 1711 3995 defensa
1745 3948 1956 4008 potenti.

542 4084 600 4141 in
648 4082 866 4142 schedis
895 4096 1026 4138 mss.
1079 4078 1301 4150 Josephi
1337 4079 1623 4137 Blanchini
1668 4080 1738 4136 de
1776 4082 2149 4154 inscriptioni-

538 4180 643 4236 bus
671 4177 934 4233 Rumanis
955 4174 1096 4245 apud
1119 4190 1172 4229 v.
1201 4187 1250 4229 c.
1281 4172 1570 4244 praesulem
1612 4173 1873 4247 Reggium
1903 4185 2149 4234 notatum

540 4268 784 4334 invenio,
815 4267 955 4321 hanc
984 4265 1394 4335 inscriptionem
1417 4280 1445 4317 a
1473 4263 1710 4321 Grutero
1743 4281 1865 4338 pag.
1896 4266 2061 4335 1562,
2090 4284 2147 4323 n.

542 4362 630 4430 10,
664 4360 857 4431 reponi
884 4358 953 4414 ad
968 4356 1385 4414 Cruciferorum
1417 4356 1592 4414 :cdem
1623 4358 1681 4419 in
1698 4357 1906 4430 Campo
1934 4360 2150 4424 Martio,

544 4460 602 4511 ei
631 4466 741 4507 non
773 4460 1012 4507 exstare.
1049 4450 1247 4506 Verum
1277 4450 1564 4517 Baronius,
1596 4450 1689 4522 qui
1721 4466 1842 4507 eam
1872 4451 2040 4508 refert
2083 4452 2151 4509 ad

542 4558 672 4600 ann.
699 4544 829 4612 558,
862 4560 919 4599 11.
956 4543 1045 4611 10,
1093 4542 1348 4612 advertit,
1404 4558 1526 4600 eam
1558 4544 1801 4614 conspici
1852 4545 1905 4599 in
1946 4545 2152 4615 pariete
2177 4531 2231 4591 Ῑ)

545 4636 805 4692 Ecclesia:
859 4635 1264 4692 Cruciferorum
1343 4635 1487 4691 inter
1549 4636 1798 4691 Piucium
1868 4646 2150 4707 montem,

544 4738 599 4786 et
621 4728 993 4797 Quirinalem;
1028 4743 1148 4800 quas
1177 4738 1529 4799 nuncupatur
1552 4728 1611 4785 S.
1646 4727 1829 4784 Mariae
1858 4728 1912 4785 in
1944 4730 2150 4798 Trivio,

541 4822 599 4877 in
626 4820 781 4890 cujus
807 4820 1065 4875 exteriori
1117 4820 1287 4877 latere
1316 4836 1347 4876 e
1380 4820 1602 4891 regione
1628 4820 1824 4875 aedium
1857 4821 1937 4877 De
1968 4820 2152 4879 Comi-

541 4914 689 4970 tibus
712 4915 1015 4969 etiamnum
1045 4914 1308 4969 cernitur.
1342 4913 1424 4968 Ex
1466 4914 1838 4985 inscriptionis
1866 4915 2010 4987 stylo
2031 4958 2046 4982 ,
2071 4926 2157 4971 at-

539 5022 651 5079 que
678 5006 1070 5077 orthographia
1112 5005 1297 5076 colligi
1328 5015 1528 5076 potest,
1571 5021 1690 5063 eam
1721 5007 1947 5063 circiter
1976 5024 2154 5064 saccu-

540 5102 656 5160 lum
686 5118 744 5158 tx
772 5111 1077 5168 exaratam,
1110 5109 1167 5157 et
1208 5100 1533 5157 collocatam
1562 5100 1750 5158 fuisse.
1781 5101 1936 5169 Quod
1965 5104 2013 5159 si
2036 5103 2155 5161 hasc

540 5195 831 5266 inscriptio
860 5208 993 5251 vere
1014 5210 1045 5250 a
1077 5191 1369 5260 Belisario,
1399 5202 1494 5249 aut
1518 5194 1588 5251 ab
1618 5194 1802 5265 aliquo
1821 5195 1937 5265 ejus
1957 5196 2157 5266 aequali

540 5290 851 5359 conscripta
882 5296 998 5355 est,
1032 5293 1419 5359 argumentum
1472 5302 1537 5341 ex
1593 5302 1655 5342 ea
1687 5288 1797 5358 peti
1831 5296 2037 5358 potest,
2086 5286 2157 5343 ad

541 5382 921 5453 antiquitatem
962 5396 1221 5438 versuum
1269 5380 1641 5437 Leoninorum
1694 5378 2149 5437 conﬁrmandam.

535 5472 830 5543 Baronius,
862 5475 1069 5547 aliique
1099 5491 1148 5530 v.
1176 5473 1211 5530 4
1243 5473 1453 5539 habent
1476 5474 1781 5531 misereatur
1805 5492 1825 5531 :
1853 5475 1953 5533 sed
1984 5476 2040 5532 in
2072 5475 2155 5532 la-

542 5566 667 5635 pide
705 5567 901 5637 legitur
928 5569 1220 5624 miseretur.
1269 5566 1571 5640 Cajetanus
1604 5565 1866 5624 Marinius
1915 5568 1969 5623 in
1999 5566 2156 5623 locu-

542 5655 846 5725 pletissima
891 5674 991 5716 sua
1048 5659 1373 5716 collectione
1428 5658 1846 5731 inscriptionum
1906 5667 2152 5715 veterum

539 5744 996 5820 Christianarum,
1055 5767 1215 5820 quam
1235 5752 1347 5820 jam
1380 5750 1472 5806 diu
1496 5751 1601 5807 viri
1633 5751 1835 5809 eruditi
1865 5759 2149 5824 expetunt,

534 5842 614 5901 sic
643 5840 808 5899 etiam
836 5838 970 5914 legit
1017 5858 1083 5900 ex
1108 5843 1272 5900 simili
1297 5844 1659 5915 inscriptione
1688 5862 1719 5902 a
1747 5860 1807 5903 se
1836 5847 1949 5903 visa
1972 5887 1987 5916 ,
2017 5860 2139 5916 quae

2033 676 2101 717 ex
2203 660 2413 717 obuium
2441 661 2716 718 Belisario.
2747 662 2946 719 Verum
2978 661 3097 717 htec
3125 659 3412 731 inscriptio
3444 659 3805 731 posteriorum

2207 761 2512 823 temporum
2539 754 2758 811 videtur
2793 769 2940 825 esse,
2972 769 3094 810 cum
3136 767 3227 809 res
3254 753 3392 821 ipsa,
3425 752 3635 808 scilicet
3665 751 3806 823 quod

2209 844 2473 902 Belis-ario
2500 849 2640 902 eruti
2664 847 2809 902 oculi
2842 846 3065 915 fuerint,
3096 857 3152 903 et
3183 844 3269 901 his
3295 844 3482 899 verbis
3507 843 3811 917 eleemosy-

2211 955 2337 994 nam
2369 948 2559 1010 petere
2584 939 2964 1009 consueverit,
2997 940 3141 995 inter
3189 937 3405 993 fabulas
3436 953 3467 992 a
3499 937 3690 993 multis
3730 953 3813 994 re-

2212 1032 2441 1099 feratur,
2468 1042 2569 1089 uta
2588 1033 2754 1105 Pagio
2776 1035 2841 1090 ad
2865 1033 3085 1090 Baronii
3110 1032 3332 1088 annales
3358 1047 3488 1088 ann.
3511 1031 3641 1098 561,
3665 1047 3812 1088 num.

2210 1124 2267 1193 4,
2299 1125 2540 1182 Joannes
2584 1127 2833 1195 Tzetzes,
2878 1137 3041 1200 poeta
3063 1142 3277 1199 graecus
3300 1167 3317 1192 ,
3351 1125 3407 1181 in
3457 1124 3573 1182 suis
3624 1125 3815 1181 iambis

2213 1219 2331 1277 haec
2360 1222 2473 1292 ipsa
2518 1222 2681 1278 verba
2731 1222 2941 1280 refert:
2976 1222 3238 1277 Poculum
3287 1220 3518 1293 ligneum
3585 1219 3815 1275 detinens

2214 1312 2472 1369 clamabat
2503 1313 2638 1380 plebi
2682 1316 2738 1370 in
2769 1316 2941 1370 stadio
2969 1330 2989 1370 :
3020 1314 3278 1370 Belisario
3325 1311 3438 1386 9E.
3465 1311 3679 1367 obulum
3705 1312 3817 1367 date

2213 1409 2536 1478 imperatori.
2593 1409 2833 1480 Hujusce
2877 1409 3088 1466 fabellas
3146 1407 3346 1464 famam
3403 1406 3595 1478 vigere
3644 1405 3816 1463 adhuc

2216 1499 2711 1575 Constantinopoli,
2745 1504 2899 1559 multi
2922 1512 3167 1559 narrant.

2822 1595 3069 1654 CAPUT.
3116 1594 3206 1650 Vl.

2221 1686 2409 1757 Elogia
2440 1685 2667 1757 Sedulii,
2700 1704 2761 1741 ac
2803 1687 3075 1743 doctorum
3097 1688 3369 1743 hominum
3399 1686 3464 1743 de
3494 1702 3556 1742 eo
3597 1686 3820 1761 judicia.

2464 1802 2626 1857 Plura
2654 1812 2900 1859 veterum
2958 1804 3026 1860 de
3058 1804 3283 1861 Sedulio
3322 1801 3630 1859 testimonia
3669 1803 3826 1859 allata

2219 1894 2331 1966 jam
2357 1911 2384 1947 a
2417 1895 2572 1951 nobis
2597 1905 2744 1965 sunt,
2777 1896 3036 1952 videlicet
3058 1913 3125 1953 ex
3150 1896 3433 1952 codicibus
3456 1911 3592 1952 mss.
3622 1894 3828 1952 Sedulii

2226 2005 2374 2044 num.
2409 1987 2463 2044 5.
2505 2005 2660 2061 seqq.
2693 2000 2744 2045 et
2777 2006 2927 2046 num.
2961 1990 3031 2046 76
3094 2006 3161 2046 ex
3201 1990 3427 2047 decreto
3452 1987 3658 2046 Gelasii
3681 2004 3829 2045 num.

2228 2082 2351 2151 152,
2385 2100 2452 2140 ex
2475 2085 2710 2155 quodam
2753 2084 3072 2155 Eldefonso,
3108 2085 3227 2142 sive
3255 2082 3552 2152 lldefonso,
3605 2085 3699 2155 qui
3728 2099 3831 2140 sa:-

2226 2178 2351 2234 culo
2382 2194 2436 2234 rx
2462 2177 2667 2243 ﬂoruit,
2701 2195 2850 2237 num.
2883 2180 2955 2235 28
2982 2221 2997 2246 ,
3029 2179 3218 2235 isidori
3251 2194 3401 2235 num.
3425 2178 3493 2234 51
3523 2219 3539 2245 ,
3564 2177 3833 2250 Sigeberti

2186 2338 2193 2343 ἰ
2228 2286 2380 2327 num.
2403 2271 2494 2336 48,
2525 2271 2813 2328 Trithemii
2852 2289 2908 2328 η.
2940 2274 3029 2342 12,
3061 2272 3280 2329 Alcuini
3302 2288 3357 2328 n.
3389 2271 3483 2340 27,
3513 2251 3835 2343 Luitprandi

2230 2380 2287 2420 n.
2315 2364 2409 2421 151
2438 2408 2453 2433 ,
2489 2362 2762 2438 Anonymi
2788 2365 3118 2423 Mellicensis
3146 2383 3200 2421 n.
3231 2366 3327 2422 51.
3354 2364 3565 2422 Sedulii
3596 2365 3835 2422 iunioris

2231 2473 2288 2513 n.
2336 2457 2426 2525 56,
2476 2456 2636 2530 Xysti
2665 2460 2928 2516 Senensis
2974 2478 3031 2518 n.
3078 2460 3186 2531 24,
3218 2460 3710 2533 Eyseugreiniin.
3742 2460 3832 2517 25.

2233 2549 2505 2608 Jndicium
2533 2553 2669 2608 vivis
2693 2553 2760 2611 de
2785 2554 3032 2620 Sedulio,
3057 2554 3294 2627 aliisque
3323 2555 3496 2625 poetis
3515 2552 3834 2612 Christianis

2235 2646 2436 2717 protuli
2486 2647 2879 2728 iuProl'egom.
2939 2648 3006 2703 ad
3048 2647 3351 2704 iuvencum
3404 2664 3463 2704 n.
3525 2649 3651 2704 112.
3706 2647 3835 2719 Epi-

2236 2757 2479 2813 gramma
2506 2741 2711 2799 Asterii
2736 2753 2792 2799 et
2814 2758 3008 2800 versus
3028 2742 3370 2801 acrostichos
3398 2740 3651 2799 Belisarii
3675 2750 3732 2799 et
3751 2740 3839 2798 Li-

2238 2834 2379 2891 berii
2403 2836 2455 2890 in
2487 2835 2881 2907 appendicibus
2923 2836 3271 2894 exhibemus.

2314 2928 2438 2984 165.
2471 2927 2849 2986 Cassiodorius
2879 2930 2917 2985 1.
2953 2946 3104 2986 xxvu
3135 2930 3202 2986 de
3237 2930 3423 2986 Iustit.
3462 2927 3638 2985 divin.
3670 2929 3837 2986 liiter.

2246 3019 2392 3091 Opus
2425 3023 2655 3094 quidem,
2709 3033 2764 3078 ut
2792 3023 3017 3079 arbitror
3066 3025 3439 3088 necessarium,
3485 3025 3574 3079 sed
3605 3025 3837 3080 conside-

2244 3125 2359 3170 rata
2409 3116 2722 3187 difﬁcultate
2750 3119 3069 3188 perarduum
3120 3120 3175 3174 in
3204 3119 3407 3175 duobus
3435 3118 3583 3174 libris
3614 3135 3843 3192 compre-

2243 3206 2466 3263 hendere
2495 3209 2622 3264 velle
2651 3210 2967 3275 divinarum,
3011 3223 3058 3267 et
3085 3212 3437 3267 humanarum
3476 3216 3648 3284 fontes
3670 3214 3843 3285 copio-

2244 3301 2474 3356 sissimos
2522 3300 2835 3357 litterarum.
2874 3302 2974 3360 Ubi
3028 3303 3238 3362 Sedulii
3287 3321 3462 3360 rersus
3512 3303 3595 3359 illi
3645 3304 3844 3360 dicendi

2242 3405 2382 3462 sunt,
2415 3395 2651 3452 Grandia
2699 3414 2855 3469 posco
2893 3400 3123 3471 quidem,
3167 3406 3272 3456 etc.
3331 3398 3473 3456 Sunt
3502 3414 3695 3456 versus
3724 3399 3843 3467 519,

2245 3490 2371 3557 550,
2393 3490 2429 3545 l.
2457 3506 2497 3557 1,
2515 3492 2606 3561 qui
2633 3492 2688 3548 iu
2712 3494 2994 3549 nonnullis
3006 3494 3355 3550 editionihus
3373 3492 3847 3550 Cassiodoriicor-

2247 3580 2391 3652 rupti
2418 3582 2689 3654 leguntur.
2722 3582 2874 3641 Idem
2898 3581 3285 3643 Cassiodorius
3310 3588 3362 3641 in
3387 3585 3627 3657 exposit.
3654 3586 3841 3658 psalm.

2246 3689 2396 3745 cxnt,
2448 3691 2593 3731 vers.
2630 3676 2732 3731 121
2771 3676 2970 3746 Quibus
2997 3678 3152 3733 etiam
3209 3677 3419 3735 Sedulii
3464 3678 3554 3745 (ut
3601 3678 3677 3733 ita
3708 3678 3848 3733 diu-

2245 3768 2369 3841 rim)
2393 3777 2558 3841 poetic
2585 3769 2814 3823 veritatis
2838 3784 3013 3824 uersus
3044 3770 3125 3825 illi
3145 3770 3411 3840 repetendi
3438 3780 3558 3824 sunt
3587 3786 3606 3825 :
3633 3769 3842 3841 Lignea,

2251 3861 2397 3933 ligna
2426 3880 2580 3936 rogas
2603 3905 2619 3932 ,
2642 3874 2749 3920 etc.
2777 3863 2857 3919 Ex
2883 3864 2919 3919 l.
2954 3880 2972 3920 ι
2998 3862 3212 3920 Sedulii
3236 3878 3386 3920 vers.
3417 3862 3548 3920 268.
3579 3862 3848 3919 Praeterea

2247 3956 2303 4012 in
2365 3957 2566 4027 Expos.
2622 3956 2819 4027 psalm.
2878 3973 3060 4026 xxxvr,
3113 3960 3166 4013 in
3212 3956 3597 4023 conclusione,
3641 3956 3848 4027 profert

2248 4064 2394 4107 vers.
2420 4051 2580 4108 5251.
2606 4066 2645 4119 1,
2676 4050 2838 4106 Ambo
2860 4068 3032 4107 errore
3050 4054 3221 4123 pares,
3253 4061 3306 4107 et
3332 4049 3389 4106 in
3415 4049 3621 4121 Expos.
3652 4049 3848 4120 psaim.

2252 4160 2441 4208 xxxvi,
2474 4145 2528 4200 in
2556 4144 2932 4216 conclusione,
2990 4160 3138 4202 vers.
3170 4143 3276 4203 549
3308 4144 3347 4201 l.
3380 4161 3423 4214 1,
3475 4141 3721 4201 Grandia
3764 4159 3852 4216 po—

2253 4256 2338 4295 sco
2376 4240 2604 4310 quidem.

2324 4333 2450 4391 166.
2490 4333 2792 4391 Venantius
2814 4335 3147 4393 Fortunatus
3168 4338 3209 4395 l.
3248 4354 3343 4393 vtu
3371 4352 3546 4397 carm.
3565 4337 3635 4395 9:

2381 4428 2519 4496 Quod
2544 4434 2680 4496 tonat
2696 4428 3003 4496 Ambrosius,
3030 4430 3358 4496 Hieronymus
3378 4437 3530 4496 atque
3545 4435 3794 4490 contscai,

2442 4491 2561 4559 Sive
2580 4491 2884 4559 Augustinus
2904 4491 3038 4559 fonte
3068 4491 3257 4559 ﬂuente
3275 4496 3406 4559 rigat
3429 4512 3441 4543 :

2380 4552 2613 4622 Sedulius
2630 4552 2802 4622 dulcis,
2820 4556 2957 4622 quod
2977 4556 3181 4622 Orosius
3195 4556 3303 4622 edit
3324 4552 3517 4622 acutus,

2441 4613 2634 4679 Regula
2653 4613 2833 4667 Caesari
2846 4613 2987 4668 linea
3013 4626 3128 4671 nata
3143 4620 3238 4670 sibi
3265 4627 3360 4671 est.

2254 4697 2400 4755 idem
2439 4715 2627 4755 rursus
2650 4700 2702 4755 in
2736 4701 2845 4756 vita
2883 4701 2943 4757 S.
2974 4702 3195 4758 Martini
3217 4704 3256 4760 l.
3284 4716 3304 4757 ι
3326 4717 3474 4759 vers.
3504 4703 3613 4757 151

2384 4815 2583 4866 Primus
2605 4817 2737 4866 enim
2754 4816 2900 4867 docili
2920 4815 3239 4880 distinguens
3253 4818 3425 4869 ordine
3448 4831 3668 4879 carmen,

2251 4878 2362 4952 95
2379 4886 2666 4952 Aiajestalis
2682 4901 2808 4951 Opus
2820 4890 2967 4938 metri
2989 4878 3119 4939 canit
3138 4895 3247 4940 arte
3275 4889 3541 4942 Iuvencus.

2378 4949 2507 5000 Hinc
2530 4949 2731 5013 quoque
2748 4952 3001 5014 conSpicui
3022 4953 3229 5002 radiavit
3252 4952 3423 5015 lingua
3444 4951 3637 5005 Seduli.

2327 5058 2452 5115 167.
2486 5056 2799 5113 Isidorusin
2832 5058 3100 5127 versibus,
3132 5075 3270 5131 quos
3300 5060 3354 5116 in
3376 5060 3496 5132 ejus
3527 5060 3861 5118 bibliotheca

2255 5150 2388 5207 olim
2420 5150 2616 5205 aflixos
2644 5148 2814 5207 fuisse
2846 5152 2999 5207 multi
3027 5154 3356 5209 conﬁrmant
3389 5173 3402 5209 :

2382 5242 2601 5307 Perlege
2614 5240 2817 5307 facundi
2837 5243 3107 5295 studiosum
3136 5257 3338 5307 carmen
3362 5245 3512 5307 Aviti,

2447 5302 2578 5370 Ecc'e
2607 5303 2857 5370 Iuvencus
2875 5307 3035 5370 adest.
3060 5306 3393 5370 Seduliusque
3411 5302 3519 5357 tibi.

2385 5367 2547 5430 Ambo
2565 5378 2709 5429 pares
2728 5366 2915 5430 lingua,
2939 5368 3176 5419 ﬂorentes
3201 5366 3427 5420 versibus
3449 5372 3594 5422 ambo

2446 5427 2605 5497 Fonte
2630 5427 2921 5497 evangelica
2946 5430 3119 5492 pocula
3143 5429 3280 5497 larga
3304 5430 3490 5497 ferunt,

2380 5490 2566 5556 Desine
2589 5491 2860 5556 gentilibus
2886 5490 3011 5556 ergo
3033 5490 3304 5556 inseruisse
3329 5490 3507 5556 poetis,

2444 5552 2573 5603 Dum
2594 5554 2722 5604 bona
2744 5559 2875 5605 tanta
2903 5552 3064 5619 po'tes,
3082 5555 3200 5618 quid
3221 5556 3310 5606 tibi
3331 5552 3636 5610 CallirOem?

2257 5654 2333 5711 De
2361 5653 2445 5709 his
2472 5656 2721 5712 versibus
2759 5656 3012 5713 nonnihil
3041 5673 3071 5713 a
3119 5674 3208 5715 me
3231 5657 3438 5715 dictum
3458 5659 3562 5717 fuit
3587 5662 3639 5717 in
3671 5660 3864 5719 Prole-

2255 5761 2401 5818 gom.
2453 5746 2520 5803 ad
2560 5746 2868 5804 iuvencum
2900 5765 3049 5804 num.
3083 5747 3175 5807 92.
3198 5749 3333 5820 Sed,
3368 5760 3423 5807 ut
3453 5751 3657 5823 aliquid
3691 5754 3861 5808 etiam

2246 5858 2390 5905 nunc
2420 5839 2637 5912 addam,
2671 5841 2758 5899 vix
2781 5845 2893 5915 jam
2936 5843 3107 5902 ullum
3139 5845 3274 5903 mihi
3304 5845 3545 5914 dubium,
3577 5845 3714 5918 quin
3766 5845 3863 5903 Ιςίι
