4086 6184
289 232 402 291 505

1663 244 2205 313 PROLEGOMENA.

3492 276 3599 335 506

284 346 965 461 ggiiAsint,‘e-xqveteribus
991 365 1150 461 mss,
1178 366 1303 461 cum
1330 354 1384 411 in
1405 353 1892 461 codice‘VatLR-eg.
1923 365 2313 438 Alaudantur,
2361 380 2420 428 ut
2447 376 2680 445 exposui
2736 390 2889 435 num.
2947 379 3037 438 76.
3099 382 3332 444 Eosdem
3372 398 3609 461 quatuor

281 440 393 500 215
420 442 608 498 szeculi
632 459 687 499 ts
718 446 970 501 exeuntis
997 447 1143 505 inter
1168 447 1306 505 alios
1328 464 1524 506 versus
1550 450 1619 507 ad
1658 453 1898 526 syllaba-

283 552 410 593 rum
459 538 819 608 quantitatem
848 541 1239 611 explorandam
1270 542 1538 615 allegatos
1568 545 1670 601 sub
1699 546 1899 605 lsidori

284 632 515 688 nomine
548 632 777 702 produci
807 632 1035 689 viderim
1061 652 1075 689 :
1120 634 1191 690 Te
1208 653 1410 709 quoque
1438 647 1615 693 nostra
1645 641 1748 695 tuis
1771 657 1899 712 pro-

285 728 383 783 mit
407 727 713 783 bibliotheca
737 727 902 799 libris,
930 729 1082 809 quod
1120 730 1353 802 elogium
1382 732 1701 806 Hieronymi
1729 744 1813 791 est
1842 736 1896 791 in

287 821 536 877 versibus
576 820 929 877 Bibliotheca:
977 821 1194 890 lsidori,
1227 822 1323 881 sed
1368 825 1673 881 correctius
1700 826 1752 882 in
1792 826 1898 883 hoc

290 912 415 969 Vat.
444 911 659 981 codice,
685 913 762 969 uti
784 912 949 970 etiam
980 914 1033 970 in
1062 914 1187 970 cod.
1217 914 1337 972 Vat.
1368 914 1504 987 Reg.
1535 917 1665 985 425,
1695 917 1795 975 sub
1817 919 1898 973 in-

283 1012 443 1062 certo
471 1016 720 1074 auctore,
742 1014 797 1063 et
818 1007 873 1061 in
896 1007 1006 1061 alio
1034 1006 1168 1079 Reg.
1201 1008 1331 1073 571,
1355 1009 1458 1064 sub
1487 1009 1777 1080 Augustini
1800 1024 1892 1066 no-

286 1098 458 1155 mine.
491 1096 637 1155 ldent
682 1097 923 1155 Isidorus
951 1099 990 1154 l.
1022 1098 1176 1171 Orig.
1198 1116 1291 1165 xx,
1318 1115 1368 1157 c.
1399 1102 1456 1171 4,
1488 1099 1646 1159 all‘ert
1676 1116 1895 1158 versum

284 1193 545 1248 ultimum
580 1191 795 1263 prologi
835 1191 1049 1248 metrici
1083 1211 1098 1248 :
1131 1191 1375 1248 Arretina
1426 1209 1550 1248 vasa
1598 1210 1663 1249 ea:
1691 1194 1897 1250 Arretio

284 1285 569 1357 municipio
617 1282 812 1353 Italica,
846 1284 1125 1353 dicuntur,
1174 1285 1264 1341 ubi
1304 1285 1437 1357 ﬁunt
1467 1302 1487 1342 :
1534 1287 1669 1343 enim
1708 1285 1895 1359 (forte

284 1378 470 1451 etiam)
496 1378 675 1448 rubra,
698 1376 764 1433 de
791 1378 976 1450 quibus
999 1376 1272 1446 Sedulius,

475 1512 645 1564 Rubra
667 1513 796 1578 quod
823 1517 1101 1579 appositum
1134 1523 1263 1568 testa
1306 1517 1556 1570 ministrat
1579 1517 1706 1569 olus.

361 1640 485 1699 168.
531 1642 589 1698 In
619 1644 879 1715 praeclara
910 1645 1151 1704 editione
1191 1647 1415 1705 Patrum
1462 1648 1889 1720 Toletanorum,

289 1734 490 1803 studio,
520 1746 576 1792 et
600 1739 859 1807 expensis
894 1740 1320 1798 eminentissimi
1354 1742 1655 1799 cardinalis
1683 1743 1890 1800 Loren-
1928 1768 1971 1828 Β
2001 1734 2340 1832 ηῶέ
2358 1734 2493 1833 ωξῶ

289 1845 423 1886 sana
455 1840 767 1901 procurata,
807 1831 953 1888 inter
1005 1849 1288 1891 sermones
1316 1834 1517 1893 dubios
1545 1835 1604 1893 S.
1638 1834 1893 1893 lldefonsi

290 1924 574 1994 reponitur
619 1937 802 1979 sermo
832 1924 896 1991 5,
950 1925 1019 1983 de
1049 1928 1430 1998 assumptione
1477 1929 1537 1983 B.
1568 1929 1770 1996 Marias,
1803 1928 1894 2000 qui

293 2017 443 2072 inter
490 2031 656 2087 opera
697 2016 945 2074 Odilonis
979 2019 1207 2077 Ahbatis
1231 2030 1429 2077 exstat.
1475 2021 1551 2077 lbi
1585 2037 1708 2093 pag.
1740 2022 1846 2078 563
1879 2040 1893 2078 :

293 2106 441 2164 Circa
464 2111 785 2178 sepulturam
823 2128 941 2167 vero
990 2112 1339 2181 Dominicnm,
1368 2114 1533 2170 multo
1554 2118 1718 2188 magis
1741 2133 1898 2187 quant

292 2205 532 2260 mulieres
561 2206 680 2260 illas
699 2215 924 2273 sanctas,
951 2208 1167 2279 quidant
1207 2208 1386 2264 dicunt
1413 2210 1575 2282 fuisse
1621 2208 1899 2266 sollicitam

295 2297 624 2371 (Deiparam
648 2298 692 2374 ),
738 2316 957 2371 quorum
982 2302 1298 2373 opinionem,
1331 2304 1432 2358 nisi
1456 2302 1637 2375 fallor,
1668 2313 1900 2358 astruere

292 2390 497 2444 videtur
520 2390 685 2445 bonus
714 2389 804 2446 ille
833 2390 1106 2463 Sedulius,
1141 2403 1294 2466 poeta
1335 2397 1682 2466 cvangelicus,
1726 2404 1902 2450 orator

294 2486 576 2559 facundus,
608 2487 836 2557 scriptor
862 2488 1170 2544 catholicus.
1217 2487 1423 2546 Confer
1463 2489 1748 2547 Sedulium
1771 2492 1808 2546 l.
1842 2495 1897 2561 5,

294 2594 443 2635 vers.
472 2579 579 2636 522
595 2589 651 2637 et
670 2582 797 2638 561.
812 2581 1089 2638 lldefonso
1119 2583 1286 2639 etiam
1308 2600 1336 2638 a
1356 2584 1637 2642 nonnullis
1659 2586 1899 2643 ascribi-

298 2682 385 2729 tur
412 2675 736 2745 opusculum
760 2674 838 2732 De
865 2687 1024 2746 partu
1072 2676 1332 2748 Virginis,
1362 2676 1507 2746 quod
1554 2676 1904 2734 doctissimus

297 2766 476 2826 editor
500 2778 649 2824 recte
676 2778 865 2824 monet
887 2768 1185 2825 Paschasio
1214 2769 1481 2826 Rutberto
1512 2785 1635 2826 esse
1662 2771 1907 2827 tribuen-

297 2859 451 2918 dum.
486 2860 545 2915 In
576 2860 681 2917 hoc
708 2876 876 2933 opere
908 2878 961 2932 p.
991 2862 1100 2918 5M
1132 2862 1312 2918 tom.l
1355 2862 1577 2918 Patrum
1608 2863 1905 2921 Toletano-

294 2967 419 3007 rum
447 2952 563 3008 haec
588 2953 852 3010 habemus
879 2953 949 3010 de
976 2953 1202 3011 Sedulio
1227 2972 1242 3009 :
1273 2954 1426 3023 Quod
1448 2956 1494 3010 si
1516 2956 1707 3011 talibus
1736 2968 1785 3010 et
1806 2957 1904 3013 Itu—

286 3046 587 3119 juscemodi
598 3056 795 3117 pateret
818 3064 1074 3119 puerpera
1096 3049 1391 3117 tormentis,
1424 3048 1769 3121 proculdubio
1794 3048 1906 3121 96

2000 476 2214 530 versus,
2246 464 2489 534 Qualiter
2506 470 2709 541 a/ﬁt'eus,
2742 480 2887 538 etc.,
2918 488 2987 531 ex
3015 479 3245 551 antiquo
3274 497 3380 539 ms.
3413 486 3606 545 codice

2000 554 2380 631 Thorneyensi
2434 562 2557 619 sine
2587 565 2693 622 ulla
2716 553 3104 638 discrepantia
3134 572 3389 634 lectionis
3438 579 3606 639 Usso-

1999 650 2116 705 rius
2145 653 2390 721 protulit.
2416 655 2626 714 Versus
2655 668 2836 718 autem
2867 662 3077 721 Sedulii
3102 665 3173 724 de
3200 667 3374 728 Cruce
3402 689 3434 728 a
3455 690 3600 734 vers.

2000 741 2126 810 181,
2157 743 2278 800 Pan:
2301 750 2470 804 crucis
2491 751 2601 821 ipse
2622 754 2743 826 fuit,
2778 756 3131 826 proferuntur
3175 761 3340 819 etiam
3386 780 3416 820 a
3446 766 3601 825 Dun-

1996 836 2143 908 galo,
2175 840 2329 895 etab
2379 840 2516 900 Jona
2547 843 2929 907 Aurelianensi
2978 852 3045 908 ad
3085 854 3291 912 cultum
3322 871 3603 919 sacrarum

1998 931 2299 1003 imaginum
2352 938 2734 1013 probandum,
2779 954 2839 999 ut
2891 945 2960 1002 ad
2990 962 3114 1004 eum
3164 949 3348 1009 locum
3398 953 3603 1017 dicam.

1998 1023 2210 1081 Rursus
2252 1027 2395 1084 Beda
2444 1030 2500 1086 in
2556 1032 2727 1090 libros
2782 1035 2989 1110 Regum
3029 1050 3230 1111 Quaest.
3255 1042 3348 1113 28,
3381 1061 3505 1103 cum
3534 1062 3604 1108 ex

1997 1118 2210 1177 Joanne
2228 1120 2832 1198 Constantinopolitano
2852 1131 3116 1205 episcopo
3142 1137 3446 1208 retulisset,
3462 1155 3606 1212 gras-

1998 1228 2093 1270 cos
2123 1228 2193 1270 ex
2213 1230 2444 1274 ascensu
2470 1219 2604 1275 Elia:
2633 1222 2862 1280 ﬁnxisse
2890 1240 3139 1295 currum,
3170 1245 3364 1302 equos,
3412 1240 3470 1299 et
3519 1249 3609 1290 ra-

1996 1305 2120 1362 dios
2162 1308 2314 1377 solis,
2345 1309 2602 1367 addidit:
2641 1313 2791 1382 Quod
2834 1319 2973 1373 enim
3016 1338 3184 1392 gra’ce
3234 1339 3370 1381 tuos
3415 1325 3608 1383 dicitur

1996 1398 2099 1467 sol,
2127 1402 2260 1456 sicut
2287 1404 2443 1459 etiam
2464 1404 2735 1475 Sedulius,
2777 1426 2895 1466 cum
2918 1412 2982 1469 de
3018 1413 3154 1473 Elia:
3189 1433 3407 1474 ascensu
3450 1436 3607 1476 cane-

1996 1503 2098 1563 ret,
2130 1497 2353 1552 ostendit
2402 1500 2598 1567 dicens,
2648 1514 2756 1559 etc.
2790 1504 2981 1562 Refert
3013 1524 3235 1566 versum
3269 1511 3371 1568 181
3401 1523 3459 1570 et
3493 1521 3606 1572 tres

1995 1598 2293 1660 sequentes
2319 1593 2428 1665 97
2483 1595 2608 1650 libri
2635 1613 2671 1652 ι.
2718 1597 2801 1653 Ex
2834 1599 3029 1657 eodem
3060 1602 3206 1660 Beda
3237 1604 3292 1661 in
3333 1605 3610 1665 breviario

1996 1678 2246 1739 Romano
2285 1684 2340 1739 in
2390 1685 2744 1746 Dedicatione
2773 1691 2832 1747 S.
2870 1693 3051 1750 Maria:
3095 1696 3163 1751 ad
3203 1696 3373 1754 Nives
3404 1698 3606 1756 recita-

2535 1780 2684 1836 beata
2710 1800 2918 1854 parens,
2950 1803 3068 1859 qute
3095 1790 3231 1843 sicut
3254 1791 3467 1861 quidam
3491 1792 3566 1846 ait
3589 1808 3608 1847 :

2002 1868 2175 1925 Enixa
2205 1871 2225 1943 (
2252 1882 2326 1927 est
2351 1874 2368 1939 )
2399 1892 2653 1949 puerpera
2677 1893 2869 1951 regem,
2893 1890 3001 1937 etc.
3027 1881 3235 1940 Versus
3254 1896 3378 1941 sunt
3401 1884 3612 1944 Sedulii

1999 1965 2037 2020 l.
2064 1983 2123 2032 ιι,
2153 1982 2298 2024 vers.
2331 1969 2401 2024 63
2428 1985 2546 2042 seq.
2591 1972 2711 2042 Quo
2745 1975 2868 2030 loco
2892 1988 3261 2046 opportunum
3307 1988 3393 2034 est
3417 1979 3615 2037 adver-

2000 2070 2116 2118 tere
2139 2076 2288 2134 saepe
2315 2064 2368 2119 in
2397 2064 2594 2122 ciliciis
2614 2067 2885 2139 liturgicis
2905 2070 3074 2126 verba
3097 2069 3307 2128 Sedulii
3328 2072 3612 2142 adhiberi;

2003 2172 2128 2212 nam
2184 2168 2385 2230 praner
2434 2160 2692 2234 hymnos,
2739 2165 2929 2235 quies
2961 2164 3190 2223 Sedulio
3235 2167 3289 2223 in
3334 2166 3612 2224 breviario

2003 2252 2345 2309 Mozarabico
2375 2264 2429 2309 et
2477 2255 2725 2313 Romano
2748 2267 2898 2326 sunt,
2934 2267 2991 2314 ut
3029 2259 3084 2315 in
3114 2274 3229 2315 var.
3276 2260 3505 2316 lection.
3538 2260 3609 2317 ad

2004 2345 2265 2420 hymnum
2298 2348 2503 2404 Sedulii
2532 2349 2730 2415 dicam,
2759 2351 2813 2407 in
2842 2352 3277 2411 Circumcisione
3301 2354 3519 2411 Domini
3541 2353 3614 2412 ad

2003 2444 2354 2513 responsoria
2385 2444 2420 2499 Ξ
2451 2446 2707 2501 nocturni
2735 2447 2900 2503 verba
2946 2463 3008 2503 es
3038 2448 3234 2504 eodem
3277 2449 3481 2520 hymno
3512 2449 3613 2508 Se-

2004 2533 2138 2591 dulii
2169 2544 2508 2608 repetuntur,
2547 2538 2741 2595 Domus
2784 2540 2963 2614 pudici
3006 2544 3249 2615 pectoris,
3280 2550 3412 2611 etc.,
3452 2552 3508 2601 et
3554 2541 3612 2601 in

2006 2628 2235 2685 introitu
2278 2629 2457 2686 Missa:
2509 2632 2708 2688 votivae
2762 2634 3044 2705 Deiparm,

2130 2792 2296 2864 Salve,
2326 2799 2493 2864 sancta
2519 2807 2717 2859 parens,
2741 2795 2888 2864 enixa
2909 2809 3199 2862 puerpuera
3220 2810 3421 2864 regem,

2133 2855 2229 2917 Qui
2250 2855 2427 2907 caelum
2450 2855 2735 2921 terramque
2761 2855 2923 2925 regit;

2008 3016 2077 3058 ex
2125 3003 2164 3058 l.
2209 3018 2267 3070 ιι,
2299 3019 2353 3059 v.
2416 3002 2507 3073 65,
2559 3012 2616 3060 et
2661 3004 2713 3060 in
2747 3006 3046 3061 missalium
3098 3006 3315 3062 rubrica
3361 3004 3613 3062 laudatur

2011 3094 2286 3152 Sedulius.
2312 3096 2528 3152 Notavit
2580 3098 2743 3153 etiam
2770 3097 3156 3155 Nebrissensis
3205 3099 3259 3154 in
3287 3098 3617 3155 lectionibus

295 3139 443 3212 virgo
464 3156 567 3194 non
595 3149 743 3209 esset,
772 3142 897 3213 quia
924 3139 1198 3213 virginalis
1225 3141 1497 3213 integritas
1525 3143 1723 3198 violata
1747 3153 1900 3199 esset.
1933 3162 1981 3228 ο

311 3228 1017 3248 η.,,,,.,,.,
1278 3233 1579 3248 η...

300 3228 443 3286 Hinc
467 3231 718 3287 Sedulius
748 3232 921 3289 rhetor
972 3232 1226 3289 Romanae
1271 3233 1518 3290 Ecclesia:
1560 3236 1616 3290 in
1670 3234 1904 3304 paschali

296 3340 394 3378 suo
419 3339 573 3395 opere
592 3327 665 3378 ait
695 3324 926 3398 :lnfans
947 3342 1193 3398 namque,
1220 3334 1329 3382 clc.
1356 3326 1505 3382 Unde
1528 3326 1700 3382 adhuc
1721 3327 1859 3383 idem
1883 3344 1901 3382 :

312 3417 438 3474 Vere
472 3421 661 3475 divina:
689 3421 1059 3493 generationis,
1091 3433 1198 3483 etc.
1234 3420 1387 3476 Nihil
1416 3437 1541 3496 ergo
1562 3423 1794 3492 apertius
1822 3423 1907 3477 di-

297 3527 416 3568 cere
455 3521 693 3584 queunt,
725 3512 860 3569 nihil
897 3514 1222 3587 manifestius
1276 3515 1314 3568 ii
1342 3514 1510 3568 sancti
1563 3514 1800 3569 doctores
1842 3515 1907 3572 de

299 3615 454 3677 partu
509 3605 764 3682 Virginis,
811 3616 922 3664 etc.
974 3607 1150 3664 Verba
1180 3606 1501 3679 deprompta
1547 3617 1764 3663 suntex
1794 3608 1833 3663 l.
1867 3623 1906 3664 ιι

300 3696 494 3771 Operis
517 3698 821 3766 Paschalis,
855 3701 971 3756 sive
996 3715 1195 3771 prosae.

372 3791 501 3849 169.
534 3794 618 3850 Ab
642 3796 875 3850 Aratore
897 3793 1183 3851 Sedulium
1210 3792 1492 3850 laudatum
1516 3794 1738 3865 quidam
1772 3793 1908 3850 scri-

300 3893 489 3955 ptores
538 3883 788 3941 referunt
818 3903 833 3941 :
866 3885 1011 3956 quod
1041 3887 1297 3956 opinatur
1342 3884 1612 3941 Ccllarins
1667 3900 1790 3941 esse
1839 3900 1905 3941 ex

300 3974 423 4032 Aldi
455 3976 722 4035 relatione
771 3979 822 4034 in
881 3979 991 4034 vita
1025 3980 1308 4036 Aratoris:
1343 3977 1638 4034 Contulisse
1661 3990 1832 4034 autem
1854 3995 1909 4033 se

300 4072 370 4127 ad
393 4071 693 4127 scribendos
722 4071 880 4127 Actus
908 4073 1270 4143 apostolorum
1290 4072 1489 4127 idcirco
1517 4072 1742 4127 versibus
1773 4072 1906 4127 Ara-

302 4174 383 4219 tor
412 4165 630 4230 dicitur,
658 4165 800 4235 quod
830 4164 1016 4235 fecisse
1039 4165 1175 4220 idem
1203 4164 1258 4220 in
1279 4162 1569 4237 Evangelia
1596 4162 1906 4229 Iuvencum,

300 4275 364 4315 ac
389 4258 668 4316 Sedulium
695 4259 923 4315 vidisset.
951 4257 1018 4314 Id
1037 4276 1152 4314 vero
1171 4261 1225 4313 in
1246 4276 1307 4314 eo
1328 4260 1548 4314 Aratore
1567 4257 1689 4314 licet
1713 4258 1908 4324 videre,

302 4354 390 4423 qui
439 4352 673 4408 Venetiis
699 4363 747 4408 et
774 4354 828 4408 in
854 4351 928 4407 D.
963 4352 1154 4424 Georgi
1179 4361 1520 4424 cognomento
1579 4351 1828 4425 Majoris,
1861 4360 1912 4406 et

301 4442 549 4516 Deiparte
574 4460 779 4516 semper
810 4443 1045 4518 Virginis
1070 4444 1124 4498 in
1150 4443 1314 4498 hortis
1339 4441 1646 4498 bibliotheca
1664 4441 1912 4514 alligatus

300 4549 396 4596 est.
450 4540 507 4597 ln
558 4540 890 4597 bibliotheca
947 4539 1202 4596 Vaticana
1249 4548 1334 4594 est
1388 4537 1562 4594 codex
1622 4537 1908 4592 Palatinus

301 4649 452 4691 num.
489 4636 649 4706 1717,
691 4635 745 4690 in
770 4634 865 4692 l'ol.
898 4649 1118 4707 magno,
1147 4634 1332 4690 saeculi
1361 4649 1414 4689 χι
1444 4633 1688 4699 circiter,
1720 4633 1774 4687 in
1813 4647 1909 4687 cu-

291 4734 384 4807 jus
413 4734 575 4789 initio
613 4733 698 4789 sic
748 4740 997 4788 notatum
1051 4731 1273 4786 invenio
1306 4747 1320 4784 :
1348 4730 1538 4784 Arator
1558 4729 1908 4783 subdiaconus

298 4829 401 4899 fuit
440 4836 632 4881 sanctte
683 4824 781 4880 Dei
831 4824 1081 4881 Romana:
1108 4822 1380 4888 Ecclesia,
1428 4823 1518 4892 qui
1544 4822 1908 4887 considerans,

298 4922 591 4978 Iuvencum
616 4930 665 4976 et
695 4919 971 4976 Seduliunt
1001 4919 1211 4973 metrico
1261 4916 1529 4987 scripsisse
1572 4931 1694 4970 suos
1729 4914 1909 4981 libros,

300 5016 544 5079 decrevit,
576 5031 630 5069 se
654 5012 885 5085 versi/ise
906 5012 1227 5083 scripturum
1253 5009 1411 5064 Actus
1441 5007 1835 5078 Apostolorum.

364 5109 490 5166 170.
524 5106 671 5164 Beda
698 5116 1000 5164 comment.
1030 5106 1084 5161 in
1116 5102 1318 5159 Lucam
1346 5117 1469 5172 cap.
1501 5102 1590 5166 49,
1627 5100 1694 5155 ad
1720 5100 1912 5168 verba,

299 5202 684 5274 Cruciﬁxerunt
712 5217 828 5256 eum
855 5244 871 5270 ,
903 5207 1012 5256 etc.
1067 5215 1081 5253 :
1130 5197 1381 5264 Qualiter.
1407 5212 1533 5252 sane
1558 5193 1816 5250 Dominus
1858 5194 1913 5250 in

298 5312 453 5351 cruce
480 5296 547 5348 sit
587 5293 814 5367 positus,
854 5291 1039 5364 quidve
1064 5290 1243 5346 eadem
1285 5289 1629 5356 sacratissimi
1679 5287 1913 5360 corporis

298 5386 490 5457 positio
518 5386 709 5457 regalis
734 5385 788 5439 in
838 5384 1029 5455 setypi
1082 5383 1367 5449 contineat,
1401 5381 1651 5438 Sedulius
1696 5381 1752 5435 in
1803 5378 1915 5434 Pa-

297 5480 466 5536 schali
488 5479 729 5535 Carmine
756 5477 973 5552 pulchre
996 5478 1222 5534 versibus
1269 5477 1401 5532 dixit
1428 5517 1443 5542 ,
1477 5492 1599 5531 neve
1618 5476 1737 5547 quis
1763 5474 1914 5546 igno-

295 5586 399 5644 ret,
448 5583 556 5630 etc.
590 5573 852 5631 Producit
880 5587 1100 5631 versum
1133 5572 1260 5640 188,
1302 5579 1358 5628 et
1386 5570 1527 5626 alios
1571 5578 1781 5641 septem
1816 5585 1907 5626 se-

299 5678 536 5743 quentes
563 5669 691 5726 libri
716 5684 771 5739 v,
800 5669 892 5741 qui
936 5669 990 5724 in
1019 5666 1209 5725 codice
1240 5674 1431 5723 nostro
1459 5664 1830 5721 Ottoboniano
1853 5664 1913 5732 2,

298 5779 329 5820 a
355 5779 521 5820 versu
550 5762 791 5833 Quatuor
816 5762 939 5819 inde
963 5762 1155 5837 plagas
1178 5776 1433 5843 seorsum
1457 5768 1838 5825 recensentur,
1865 5766 1922 5816 et

301 5868 544 5933 quatuor
572 5858 694 5916 aliis
715 5857 1014 5932 praemissis
1040 5856 1286 5917 versibus
1313 5855 1550 5927 Qualiter
1575 5854 1781 5926 aﬁixus,
1806 5862 1915 5912 etc.

2006 3283 2147 3355 legi:
2168 3285 2425 3359 Egregius
2446 3286 2762 3355 versiﬁcator
2798 3285 2897 3342 Dei
2916 3287 3226 3357 sapientiam
3245 3285 3419 3341 omnia
3442 3301 3616 3354 nosse,

2008 3388 2161 3451 atque
2200 3396 2348 3447 posse
2398 3381 2692 3435 considerat
2741 3380 2917 3434 dicens
2947 3396 2967 3435 :
3014 3379 3116 3447 Qui
3141 3378 3321 3435 stellas
3347 3394 3613 3445 numeras,

2008 3484 2116 3529 etc.
2164 3471 2308 3529 Sunt
2347 3487 2541 3529 versus
2600 3472 2669 3528 66
2698 3480 2759 3528 et
2792 3486 2909 3543 seq.
2942 3472 2978 3528 l.
3033 3487 3076 3527 ι.
3107 3471 3167 3527 In
3200 3471 3476 3527 breviario
3504 3470 3619 3525 Ro-

2009 3582 2175 3623 mano
2214 3583 2359 3623 nunc
2393 3567 2447 3621 id
2475 3580 2584 3621 non
2615 3565 2835 3636 legitur,
2862 3565 2956 3621 sed
2998 3565 3284 3636 legebatur
3315 3573 3501 3629 antea,
3553 3571 3615 3619 ut

2008 3661 2255 3731 liquetex
2282 3659 2554 3716 breviario
2573 3659 2823 3713 Romano
2852 3658 2921 3713 de
2936 3657 3163 3712 Catnera
3181 3663 3493 3725 nuncupata
3509 3653 3613 3711 γε-

2010 3756 2176 3811 nctiis
2224 3752 2365 3809 1550
2400 3752 2543 3822 apud
2590 3750 2783 3807 Juntas
2816 3751 2868 3804 in
2896 3749 3013 3814 fn|.,
3053 3748 3148 3805 ubi
3180 3749 3232 3803 in
3273 3746 3464 3817 Vigilia
3494 3760 3611 3801 om-

2010 3851 2157 3909 nium
2189 3856 2507 3904 sanctorum
2547 3861 2611 3900 ex
2662 3858 2917 3900 sermone
2960 3841 3169 3897 Rabani
3209 3839 3449 3896 refertur
3481 3855 3497 3893 :
3541 3837 3609 3893 Et

2010 3945 2247 4020 egregius
2271 3942 2361 3997 ille
2390 3937 2967 4011 versiﬁcatorSedulius
2985 3934 3082 3989 Dei
3103 3919 3415 4004 sapientiam
3435 3930 3612 3985 omnia

2010 4056 2181 4116 posse,
2212 4049 2367 4109 atque
2392 4052 2561 4105 nosse,
2589 4044 2691 4090 etc.
2733 4032 2979 4103 Denique
3029 4028 3333 4099 sepissime
3362 4023 3508 4080 Beda
3554 4022 3613 4077 in

2014 4135 2157 4190 libro
2186 4134 2253 4188 de
2282 4133 2417 4187 Arte
2449 4128 2677 4186 metrica
2709 4127 2924 4198 regulas
2950 4138 3079 4179 suas
3108 4119 3383 4190 exemplo,
3419 4125 3478 4173 et
3516 4130 3615 4171 au-

2012 4227 2266 4283 ctoritate
2289 4223 2498 4281 Sedulii
2519 4237 2622 4277 cun
2634 4219 2833 4284 ﬁrmat,
2849 4218 2968 4288 ejus
2992 4215 3213 4271 nurnine
3238 4211 3404 4268 modo
3425 4209 3616 4276 tacito,

2014 4318 2177 4374 modo
2203 4330 2487 4386 expresso,
2521 4314 2655 4368 utin
2692 4323 2841 4378 not.,
2881 4320 2939 4365 et
2991 4324 3106 4364 var.
3143 4303 3476 4362 lectionibus
3495 4317 3611 4357 mo-

2017 4414 2184 4469 nebo.
2214 4411 2417 4467 Bedam
2432 4409 2831 4465 commentario
2849 4403 3145 4459 illustravit
3162 4401 3353 4457 nescio
3369 4397 3492 4468 quis
3515 4410 3616 4449 an-

2019 4507 2201 4576 tiquus
2226 4502 2466 4573 scriptor
2491 4502 2545 4556 in
2578 4515 2681 4556 ms.
2728 4496 2920 4553 codice
2945 4494 3232 4557 Vaticano,
3282 4505 3444 4563 quem
3473 4500 3613 4542 voco

2014 4599 2151 4669 Reg.
2175 4597 2234 4665 4,
2264 4604 2323 4652 ut
2341 4595 2457 4651 dixi
2487 4610 2637 4650 num.
2686 4592 2775 4648 69.
2809 4590 2859 4646 Is
2909 4589 3074 4660 igitur
3104 4584 3270 4641 simili
3312 4581 3499 4651 modo,
3548 4595 3614 4636 ac

2015 4692 2184 4758 Beda,
2238 4688 2448 4748 Sedulii
2480 4702 2673 4744 versus
2730 4685 2784 4738 in
2812 4683 3123 4751 exemplum
3150 4678 3428 4750 producit.

2086 4796 2213 4853 171.
2248 4795 2326 4850 Ex
2353 4793 2545 4851 eodem
2578 4788 2721 4845 Beda
2756 4803 2905 4842 num.
2934 4785 3006 4841 -18
3045 4780 3357 4847 observavi,
3390 4777 3618 4834 Aldhel—

2015 4906 2165 4946 mum
2193 4887 2498 4943 imitatione
2525 4880 2732 4938 Sedulii
2761 4878 2960 4934 librum
2985 4877 3053 4932 de
3082 4874 3405 4945 Virginitate
3427 4884 3612 4941 prosa,

2014 4994 2070 5038 et
2094 4988 2271 5036 metro
2302 4978 2677 5047 composuisse
2706 4992 2719 5028 :
2750 4971 3074 5028 Aldhelmus
3100 4977 3280 5023 tamen
3313 4964 3464 5036 prius
3486 4975 3613 5017 ora-

2015 5077 2221 5133 tionem
2259 5074 2518 5139 solutam,
2554 5081 2666 5127 tum
2701 5085 2923 5126 carmen
2955 5064 3259 5129 contexuit,
3287 5070 3478 5117 contra
3517 5056 3614 5111 Se-

2015 5168 2217 5225 dulius.
2244 5167 2301 5222 In
2342 5165 2584 5221 carmine
2627 5162 2897 5219 Aldhelmi
2931 5160 3075 5229 apud
3116 5156 3394 5213 Canisium
3442 5155 3614 5223 antiq.

2012 5261 2240 5319 lcction.
2273 5270 2406 5315 tom.
2443 5256 2507 5326 ν,
2544 5264 2680 5327 part.
2720 5255 2776 5324 2,
2808 5269 2927 5325 pug.
2955 5254 3081 5319 857,
3114 5262 3410 5321 suppresso
3439 5245 3616 5303 Sedu-

2015 5355 2075 5412 lii
2101 5354 2323 5412 nomine
2351 5366 2544 5408 versus
2566 5349 2687 5421 ejus
2712 5348 2948 5405 refertur
2982 5364 2996 5400 :

2142 5509 2242 5574 Sic,
2267 5513 2490 5574 mutante
2513 5506 2639 5567 Deo,
2666 5511 2912 5557 mutantur
2936 5502 3098 5574 corda
3120 5500 3354 5574 ferarum,

2142 5564 2372 5632 Quamvis
2392 5564 2647 5620 stultorum
2673 5570 2954 5632 torpescant
2982 5564 3128 5615 corda
3153 5564 3385 5632 virorum.

2143 5626 2207 5685 Ut
2228 5632 2469 5689 quondam
2490 5636 2632 5683 vates
2653 5626 2888 5681 eola'cum
2910 5635 3152 5677 commate
3177 5626 3413 5689 prompsit
3440 5638 3453 5675 :

2145 5649 2207 5685 υι
2263 5649 2469 5683 uonaam
2490 5649 2632 5683 vates
2653 5649 2754 5681 COIa
2777 5649 2888 5679 cum
2910 5649 3152 5677 commate
3178 5649 3281 5687 νι-υι

2142 5649 2405 5749 Εῶἓῖεθτθ
2428 5707 2602 5747 cruces
2625 5692 2837 5758 praedam
2858 5701 3061 5742 servare
3086 5689 3281 5741 leones.

2014 5848 2129 5922 98
2148 5847 2246 5906 llic
2275 5853 2428 5905 vates
2447 5854 2531 5905 est
2559 5843 2840 5914 Sedulius,
2862 5848 2925 5899 ut
2955 5840 3008 5898 in
3033 5839 3226 5901 codice
3257 5853 3361 5898 ms.
3390 5830 3616 5894 Aldhel—
