4086 6184
502 262 523 296 ν’
536 253 607 310 07

1781 243 2069 304 C(ELIUS
2106 238 2466 302 ωυιιυε.

3701 238 3812 297 508

499 371 570 423 nn
601 369 860 425 Vaticano
888 367 1145 424 Palatino
1180 383 1331 423 num.
1364 366 1528 435 2078,
1565 368 1633 421 ad
1663 368 1964 434 marginem
1999 378 2094 419 no-
2126 364 2177 424 Α
2226 390 2229 393 -
2274 362 2399 417 173.
2423 362 2630 418 Saltem
2667 361 3016 417 imitarentur
3054 355 3360 414 istiusmodi
3400 355 3811 416 versiﬁcator-es

502 470 669 527 tatur,
707 463 758 514 in
791 479 899 532 quo
931 466 1097 522 etiam
1121 470 1407 516 correctus
1447 460 1644 530 legitur
1674 457 1880 515 Sedulii
1915 468 2105 511 versus

499 553 567 608 Et
591 555 846 623 didicere,
867 567 1003 621 etc.,
1029 557 1109 611 sic
1129 557 1275 610 enim
1297 556 1374 609 ait
1399 554 1655 611 Sedulius
1681 555 1714 607 l.
1738 569 1776 618 l,
1801 567 1946 607 vers.
1968 551 2098 609 2l9.

496 645 553 702 In
596 662 753 717 prosa
787 648 1109 703 Aldhelmus
1144 666 1156 701 :
1194 646 1263 703 Ut
1296 657 1449 717 poeta
1480 649 1547 702 de
1570 648 1827 721 propheta
1853 660 1872 697 :

623 761 683 813 Et
702 762 923 813 didicere
947 772 1115 813 truces
1135 764 1348 827 praedam
1368 776 1571 813 servare
1594 763 1789 813 leones.

497 867 750 923 Canisins
777 870 842 923 ad
868 871 1171 939 marginem
1194 869 1554 936 hemistichii,
1578 869 1709 926 Cola
1734 886 1854 924 eum
1877 885 2100 923 comma-

500 970 551 1016 te
593 962 1148 1031 prompsit.indicavit
1194 974 1350 1033 caput
1383 962 1454 1018 ‘28
1500 963 1702 1026 Proszc,
1738 963 1827 1018 ubi
1872 961 2100 1019 Aldhel-

501 1068 622 1107 mus
647 1053 723 1108 ait
755 1071 767 1107 :
804 1054 958 1122 Quod
983 1072 1201 1127 prosper
1222 1073 1313 1126 per
1342 1057 1479 1121 cola,
1512 1066 1562 1110 et
1607 1067 1863 1110 commata
1892 1053 2102 1110 mellitis

494 1161 734 1201 versuum
764 1151 1219 1221 epigrammatibus
1242 1150 1537 1204 inculcavit.
1571 1149 1935 1220 Quaerendum
1967 1165 2102 1222 ergo

498 1248 602 1307 est,
627 1241 755 1312 quid
786 1242 1055 1313 signiﬁcet
1089 1242 1304 1312 phrasis
1334 1242 1633 1309 Aldhelmi,
1667 1242 1791 1298 Cola
1816 1259 1933 1299 cum
1962 1259 2102 1296 com-

503 1339 637 1385 male
685 1335 959 1406 prompsit,
996 1334 1082 1390 vel
1119 1334 1269 1401 Cela,
1302 1345 1349 1389 et
1395 1347 1649 1393 commata
1703 1335 1994 1390 inculcavit.
2024 1336 2097 1391 Ex

496 1422 617 1493 ipso
647 1424 936 1481 Aldhelmo
968 1428 1190 1499 colligo,
1220 1427 1303 1484 bis
1331 1429 1517 1485 verbis
1554 1429 1875 1502 signiﬁcari,
1905 1447 2099 1486 versus

494 1518 649 1572 suavi
709 1519 946 1589 quodam
1000 1512 1237 1577 artiﬁcio
1287 1537 1408 1579 esse
1460 1518 1829 1594 compositus;
1880 1540 2001 1579 nam
2046 1526 2097 1580 in

500 1609 771 1680 principio
802 1612 1063 1669 carminis
1091 1616 1166 1668 ait
1191 1630 1221 1670 :~
1420 1596 1421 1599 η

620 1726 730 1777 Non
752 1741 874 1793 rogo
899 1730 1133 1780 ruricolas
1157 1743 1353 1796 versus,
1380 1739 1432 1783 et
1453 1740 1689 1784 commata
1706 1746 1889 1795 musas,

500 1832 564 1889 Et
592 1834 753 1904 paulo
778 1846 897 1904 post
934 1856 948 1892 :

622 1947 837 2020 gulaque
880 1964 992 2002 cum
1018 1953 1224 2020 pedibus
1250 1960 1535 2020 pergantet
1575 1962 1816 2006 commata
1838 1958 2033 2020 ternis;

625 2009 854 2083 Qactylus
877 2009 1090 2083 excepto
1111 2009 1763 2083 decurratvtineituetrorum
1788 2057 1803 2083 ,

631 2072 1400 2145 Spondeiquinfmncontemnat
1419 2080 1607 2145 syllaba
1635 2072 1847 2142 partem,

624 2133 804 2204 yltima
826 2133 1113 2204 sic'_tro_cbei
1133 2140 1392 2204 concludat
1416 2133 1586 2204 littera
1609 2133 1825 2204 versum,

617 2196 882 2265 Extremus
902 2201 1094 2265 jugiter
1118 2203 1201 2265 qui
1222 2203 1408 2265 gaudet
1431 2203 1566 2254 calce
1606 2206 1792 2255 teneri.

618 2260 701 2310 Sic
724 2263 879 2311 ternis
902 2260 1111 2326 pedibus
1130 2260 1401 2328 properent
1426 2267 1777 2330 epigrammata
1802 2268 1972 2319 metri.

494 2361 711 2418 Primus
737 2379 927 2421 versus
951 2367 1002 2421 in
1030 2367 1265 2441 vulgatis
1287 2369 1510 2426 exhibet
1539 2372 1807 2428 commoda
1841 2388 1938 2443 pro
1957 2391 2099 2429 com-

495 2467 670 2524 mata,
715 2460 800 2515 vel
851 2472 1105 2517 comata:
1152 2473 1386 2536 utroque
1427 2467 1571 2521 enim
1616 2466 1781 2522 modo
1818 2468 2095 2525 scribitur.

501 2548 699 2606 Veram
749 2561 930 2608 autem
982 2555 1439 2624 signiﬁcationem
1490 2558 1632 2630 apud
1673 2559 2097 2632 lexicograpbos

486 2635 693 2698 frustra
719 2648 954 2714 quaeres.
985 2646 1215 2719 Sergius
1243 2653 1662 2719 grammaticus,
1695 2652 1788 2722 qui
1820 2656 1871 2707 in
1904 2655 2096 2712 codice

495 2732 757 2790 Vaticano
780 2736 1028 2796 Palatino
1058 2742 1196 2798 l578
1218 2752 1443 2800 vocatur
1465 2744 1775 2819 Serregius,
1801 2747 1904 2804 nisi
1930 2749 2093 2804 libra-

411 2862 417 2867 -
491 2830 611 2887 rius
638 2833 875 2891 voluerit
903 2837 1151 2895 scribere
1184 2839 1396 2897 Servius
1424 2840 1718 2916 Regius,.in
1756 2857 2095 2902 commenta-

489 2926 575 2980 rio
602 2927 656 2982 in
684 2928 707 2982 1
745 2929 1044 2988 editionem
1090 2933 1306 3002 Donati,
1337 2952 1457 3007 quae
1490 2948 1577 2996 est
1614 2939 1685 2998 de
1718 2939 1924 3007 littera,
1954 2950 2089 3012 etc.,

491 3020 571 3076 sic
596 3023 876 3079 cuncludit
908 3026 1071 3081 :Cola
1100 3038 1296 3098 autem,
1328 3040 1377 3084 et
1405 3042 1609 3089 comata
1634 3034 1870 3104 ejusdem
1898 3038 2094 3091 oratio—

2206 455 2527 525 Jannitium,
2560 457 2653 529 qui
2690 470 2830 525 Opus
2868 466 3064 521 metro,
3098 464 3153 508 et
3188 467 3350 522 prosa
3384 468 3412 507 a
3439 466 3500 508 se
3530 452 3814 523 composi-

2209 560 2321 606 tum
2354 566 2617 622 perquam
2640 550 2890 606 modeste
2913 547 3130 620 (credo,
3152 556 3210 601 ut
3232 546 3465 600 aliorum
3491 545 3809 616 iactantiam

2205 642 2261 698 in
2315 643 2489 699 titulis
2522 645 2635 697 suis
2676 641 3071 713 exaggerandis
3106 637 3454 705 retunderet)
3487 636 3570 693 sic
3616 636 3812 692 inscri-

2204 739 2313 811 psit
2347 735 2705 792 :Bibliotlteca
2736 736 3025 790 Conventus
3057 732 3167 789 SS.
3200 730 3425 786 Joannis
3445 741 3493 785 et
3513 729 3678 785 Bauli
3711 729 3806 786 0r-

2206 833 2344 887 dinis
2382 831 2797 886 Pratdicatornm
2838 827 3069 884 Venetiis
3097 841 3265 896 nuper
3291 835 3494 895 aperta,
3527 841 3560 878 a
3580 822 3683 878 Fr.
3716 823 3811 880 la-

2207 926 2334 981 cobo
2362 925 2535 981 Maria
2559 923 2827 989 Jannitio,
2857 921 3054 977 nullius
3090 920 3322 976 scientia'
3354 919 3673 992 professore,
3704 918 3805 972 mi-

2203 1020 2441 1091 nimeque
2464 1020 2518 1073 in
2543 1018 2687 1092 poesi
2711 1026 2928 1072 versato.

2280 1114 2400 1169 tu.
2433 1112 2490 1166 In
2520 1110 2902 1166 controversia
2932 1107 3078 1163 inter
3107 1106 3460 1162 Hincmarum
3493 1112 3549 1161 et
3593 1103 3804 1161 Gothe-

2209 1204 2472 1270 scalcum,
2508 1204 2559 1258 in
2590 1204 2732 1257 trina
2762 1203 2928 1256 deitas
2952 1201 3057 1256 dici
3081 1199 3275 1270 possit,
3308 1197 3568 1255 Sedulius
3590 1212 3808 1269 quoque

2209 1300 2262 1354 in
2308 1308 2493 1369 partes
2535 1300 2713 1353 venit.
2744 1296 3144 1353 Gothescolcns
3187 1294 3243 1349 in
3284 1292 3549 1349 schedula
3602 1307 3697 1349 sua
3738 1292 3806 1349 ad

2211 1392 2560 1446 llincmarum
2594 1407 2608 1444 :
2643 1388 2712 1445 Ut
2748 1396 2824 1443 est
2851 1386 2989 1442 illud
3032 1385 3242 1442 Sedulii
3267 1384 3445 1455 ﬁdelis
3485 1392 3654 1453 poeta:
3677 1385 3755 1439 tui
3785 1399 3809 1440 :

2211 1485 2315 1541 Iste
2338 1484 2492 1555 [idem
2522 1494 2744 1553 ternum,
2774 1491 2881 1543 etc.
2925 1482 3253 1542 Hincmarus
3284 1481 3340 1537 in
3379 1494 3553 1551 opere
3588 1479 3666 1541 De
3695 1495 3802 1537 non

2206 1582 2348 1636 trina
2394 1580 2599 1636 deitatc
2627 1577 2794 1635 verba
2828 1576 3038 1635 Sedulii
3069 1577 3327 1647 explicat,
3356 1590 3518 1646 quem
3553 1591 3661 1633 non
3713 1589 3803 1631 se-

2207 1674 2309 1729 mel
2337 1671 2690 1727 venerandum
2718 1670 2982 1741 appellat.

2276 1766 2402 1820 175.
2434 1763 2825 1836 'l‘heodulphus
2850 1761 3272 1820 Aurelianensis
3301 1761 3427 1817 libr.
3457 1777 3533 1831 tv,
3566 1774 3736 1817 carm.
3764 1776 3801 1829 ι,

2205 1872 2348 1914 vers.
2378 1856 2440 1912 11
2470 1874 2483 1910 :

2326 1970 2450 2022 Cura
2475 1971 2663 2021 decens
2688 1971 2885 2021 Patrum
2909 1982 3005 2021 nec
3022 1974 3131 2020 erat
3153 1978 3401 2034 postrema
3421 1969 3658 2034 primum,

2390 2034 2605 2096 Quorum
2622 2040 2737 2084 sunt.
2758 2033 2935 2096 subter
2957 2033 3161 2083 nomina
3195 2035 3397 2096 scripta,
3424 2033 3557 2083 vide.

2331 2093 2564 2158 Sedulius
2585 2096 2781 2158 rutilus,
2805 2094 3059 2158 Paulinus,
3095 2093 3517 2157 Arator,Avitus,

2388 2158 2450 2209 Et
2470 2156 2786 2220 Fortunatus,
2815 2163 2990 2223 tuque,
3010 2157 3254 2219 Juvence,
3279 2156 3470 2210 tonans.

2207 2264 2367 2338 100
2389 2264 2472 2319 An
2512 2262 2703 2318 rutilus
2751 2263 2824 2318 sit
2868 2262 3157 2329 epitheton
3202 2261 3438 2329 Sedulii,
3483 2276 3553 2319 an
3602 2273 3805 2317 nomen

2204 2360 2487 2430 proprium
2519 2357 2746 2414 alterius
2771 2355 3073 2411 Christiani
3106 2365 3310 2425 poetic,
3330 2354 3567 2411 disserui
3590 2353 3647 2408 in
3674 2353 3804 2409 Pro-

2202 2454 2398 2525 legom.
2430 2453 2497 2508 ad
2527 2451 2825 2508 iuvencum
2860 2465 3011 2505 num.
3046 2448 3170 2506 100.
3203 2446 3333 2504 Mihi
3375 2448 3552 2522 magis
3585 2445 3802 2505 videtur

2199 2561 2326 2603 eSse
2360 2545 2660 2618 epitheton.
2693 2542 2784 2601 Sic
2817 2543 3113 2599 Petrarcha
3136 2542 3315 2616 eclog.
3353 2541 3421 2598 10
3451 2560 3467 2597 :

2387 2659 2525 2711 Unus
2543 2665 2650 2710 erat
2673 2656 2849 2708 rutilus
2867 2657 3018 2708 divini
3038 2657 3170 2709 ruris
3191 2656 3386 2709 Amor.

2274 2765 2395 2820 l76.
2454 2763 2657 2819 Eodem
2696 2763 2752 2820 in
2796 2762 2918 2817 loco
2959 2779 3012 2831 IL.
3049 2762 3147 2819 101
3186 2761 3390 2833 protuli
3421 2762 3799 2819 testimonium

2198 2856 2417 2913 Notkeri
2457 2856 2671 2911 Balbuli
2710 2870 2834 2925 cap.
2868 2856 2900 2910 7
2924 2855 2994 2911 de
3034 2855 3384 2927 lnterpretib.
3418 2870 3563 2912 sacr.
3605 2858 3797 2928 script.

2197 2967 2263 3005 ex
2292 2949 2575 3005 Thesauro
2609 2946 2819 3003 Anecd.
2846 2947 2988 3003 Pezii
3025 2957 3158 3003 tom.
3190 2964 3241 3004 tx
3276 2946 3603 3004 :Juvencum
3630 2960 3680 3005 et
3705 2950 3800 3007 Se-

2195 3042 2376 3098 dulum
2413 3050 2692 3108 oratorem,
2723 3039 3044 3113 hymnosque
3092 3041 3479 3109 Ambrosianus,
3509 3044 3642 3110 scio,
3677 3045 3799 3116 quia

493 3112 574 3216 nis
595 3114 817 3184 singula:
835 3127 1010 3220 partes
1028 3136 1137 3174 esse
1151 3134 1454 3178 noscuntur.
1478 3124 1672 3181 Verum
1686 3130 2088 3197 meminerimus,
2118 3152 2167 3220 ρ
2190 3138 2306 3207 jam
2337 3136 2599 3191 memoria:
2626 3135 3022 3191 commendasti.
3048 3134 3346 3201 Admonui,
3376 3148 3695 3208 corruptum
3726 3139 3799 3194 lo-

488 3205 541 3258 in
571 3221 729 3276 prosa
751 3209 987 3263 oratione
1016 3212 1155 3279 cola,
1190 3224 1235 3268 et
1264 3226 1467 3271 comata
1510 3219 1651 3274 idem
1692 3237 1822 3290 esse,
1849 3232 1898 3277 et
1928 3240 2091 3281 unum

487 3298 788 3367 signiﬁcare
808 3318 825 3354 :
847 3303 902 3357 in
933 3319 1084 3360 versu
1114 3323 1230 3361 vero
1261 3308 1433 3379 aliud,
1467 3322 1515 3364 et
1539 3313 1836 3368 diversum:
1861 3332 1980 3369 nam
2002 3317 2090 3371 ubi

488 3388 593 3444 duo
626 3391 771 3446 liberi
800 3408 919 3450 sunt
951 3398 1130 3469 pedes,
1164 3399 1328 3456 Colon
1368 3404 1581 3469 dicitur,
1617 3415 1675 3461 ut
1716 3408 1860 3480 apud
1907 3407 2088 3463 Hora—

484 3481 636 3548 tium,
669 3482 876 3540 Terruit
925 3491 1073 3545 urbes
1097 3508 1115 3544 :
1144 3490 1327 3560 Coma,
1361 3498 1571 3566 quando
1610 3510 1725 3571 post
1754 3502 1880 3554 duos
1910 3501 2085 3574 pedes,

483 3574 563 3628 uel
598 3584 714 3647 post
760 3589 861 3634 tres
904 3584 1139 3652 sequitur
1187 3584 1410 3659 syllaba,
1442 3606 1557 3659 quae
1595 3603 1794 3662 partem
1844 3595 2089 3649 terminat

482 3670 756 3739 orationis,
774 3674 898 3729 utin
925 3677 1256 3748 primovcrsu
1280 3681 1654 3755 neidorum,
1686 3686 1868 3757 Arma,
1899 3691 2087 3745 virum-

481 3776 581 3831 que
608 3779 759 3819 cano.
787 3764 921 3823 Item
954 3771 1111 3825 Arma
1132 3817 1146 3841 ,
1177 3775 1445 3846 virumque
1474 3794 1628 3848 cauo,
1661 3778 1833 3852 Trojaz
1853 3784 1942 3854 qui
1980 3785 2089 3855 pri-

481 3868 596 3909 mus
625 3857 689 3911 ab
716 3859 844 3914 oris.
874 3858 1057 3917 Codex
1100 3864 1220 3920 Val.
1253 3867 1331 3923 sic
1363 3869 1575 3939 refert;
1609 3873 1705 3929 sed
1740 3875 1794 3928 in
1841 3875 2086 3933 editione

484 3943 726 4037 Putschii
762 3950 904 4006 intrr
944 3962 1160 4011 veteres
1203 3961 1595 4029 grammaticos
1630 3974 1779 4019 recte
1803 3966 2082 4037 vulgatum

477 4045 581 4102 est,
619 4035 771 4109 Item,
798 4042 912 4116 99
937 4046 1117 4117 Arma,
1138 4049 1404 4124 virumque
1424 4070 1556 4109 cano
1583 4054 1754 4128 Trojte
1782 4074 1798 4110 :
1828 4035 2082 4116 sic—enim

483 4139 607 4199 post
638 4140 753 4188 tres
783 4137 951 4205 pedes
990 4143 1243 4209 sequitur
1272 4145 1502 4217 syllaba.
1544 4145 1608 4204 Ut
1635 4147 1702 4203 ad
1736 4148 2083 4206 Aldhelmum

479 4223 721 4291 redeam,
756 4226 942 4284 laudat
970 4230 1059 4287 hic
1087 4234 1254 4290 etiam
1279 4236 1562 4295 Sedulium
1582 4256 1704 4311 cap.
1726 4244 1761 4297 2
1785 4252 1842 4299 et
1866 4244 1934 4300 10
1956 4259 2085 4316 pro-

474 4329 572 4382 sae,
608 4325 666 4370 ut
691 4317 870 4374 dicam
898 4324 965 4377 ad
997 4338 1141 4381 vers.
1178 4329 1245 4384 l3
1272 4338 1327 4385 et
1360 4331 1461 4388 l79
1485 4332 1613 4389 libri
1633 4350 1671 4392 i.

549 4411 672 4468 l72.
694 4413 987 4473 Aldhelmo
1003 4420 1293 4494 adjungam
1314 4425 1647 4484 imitatorem
1678 4429 1867 4497 alium,
1892 4448 2080 4502 quam-

2196 3245 2323 3286 cum
2367 3243 2490 3284 esse
2529 3227 2672 3297 apud
2724 3228 2969 3293 Pezium,
2993 3243 3057 3284 ac
3088 3228 3379 3300 legendum
3420 3229 3714 3286 Iuvencum
3749 3238 3795 3286 et

2195 3322 2493 3390 Sedulium,
2537 3320 2845 3386 Aratorem,
2876 3328 2979 3375 etc.
3049 3319 3209 3374 Tom.
3263 3320 3298 3374 Ὺ
3340 3319 3604 3376 Bibliotlt.
3649 3321 3787 3378 med.

2193 3417 2423 3473 Fabricii
2457 3430 2682 3472 recusus
2706 3426 2788 3470 est
2819 3416 2957 3471 liber
2984 3413 3212 3471 Nmkcri
3235 3415 3468 3481 Balbuli,
3500 3415 3792 3487 ibiqneJe-

2189 3511 2338 3582 gitur
2373 3528 2387 3565 :
2417 3509 2707 3563 Iuvencum
2734 3520 2783 3563 et
2828 3508 3107 3566 Sedulium
3151 3507 3442 3563 Oratorem.
3477 3510 3557 3564 Ac
3601 3522 3793 3565 revera

2188 3605 2361 3659 rhetor
2395 3606 2445 3659 in
2478 3604 2756 3659 nonnullis
2779 3603 3064 3660 codicibus
3093 3605 3333 3675 antiquis
3357 3614 3585 3661 voratur
3612 3604 3788 3663 Sedu-

2191 3700 2314 3754 lius.
2353 3698 2715 3753 Nihilominus
2763 3698 2993 3768 pt-itnam
3039 3712 3215 3754 meam
3256 3698 3634 3768 conjecturam
3681 3713 3785 3756 non

2189 3792 2411 3861 abjicio.
2447 3791 2737 3847 Scribebat
2760 3791 3020 3847 Balbulns
3049 3790 3116 3847 ad
3140 3791 3491 3847 Salomonem
3516 3792 3785 3850 Constan-

2192 3887 2421 3942 tienscm
2481 3887 2800 3957 episcopum
2854 3887 3097 3954 tertium,
3142 3886 3300 3957 cujus
3335 3900 3531 3942 versus
3564 3894 3798 3943 exstant

2188 3980 2329 4050 apud
2359 3979 2635 4034 Canis-ium
2678 3979 2855 4050 antiq.
2877 3979 3100 4036 lectiou.
3131 3989 3262 4035 tom.
3300 3980 3340 4047 Ι,
3365 3989 3421 4036 et
3458 3995 3527 4037 ex
3559 3981 3795 4054 prologo

2186 4073 2323 4126 satis
2355 4070 2700 4141 intelligitur,
2731 4070 3011 4127 Sedulium
3048 4072 3117 4128 ab
3149 4087 3216 4129 eo
3261 4073 3562 4144 perlectum
3599 4073 3787 4133 fuisse.

2190 4162 2325 4218 Vide
2343 4178 2457 4217 var.
2486 4162 2613 4218 lect.
2646 4162 2713 4218 ad
2745 4163 2843 4218 lib.
2873 4179 2891 4218 ι
2921 4178 3066 4219 vers.
3093 4162 3222 4219 298.
3438 4160 3441 4163 “

2263 4255 2385 4309 177.
2419 4255 2570 4310 inter
2600 4255 2817 4311 Alcuini
2847 4270 3015 4327 opera
3046 4264 3225 4311 exstat
3262 4256 3402 4313 liber
3441 4257 3513 4313 de
3549 4255 3785 4315 Darem.

2184 4352 2441 4422 baptism.
2493 4353 2650 4422 cujus
2717 4359 2911 4408 auctor
2975 4350 3221 4409 creditur
3273 4367 3399 4409 esse
3450 4352 3789 4410 Fortunatus

2187 4448 2494 4503 Amalarius
2529 4464 2542 4500 :
2572 4447 2669 4502 sed
2720 4446 2967 4518 quisquis
2989 4447 3082 4516 sit,
3118 4446 3192 4502 ita
3237 4446 3316 4502 ait
3340 4464 3355 4500 :
3377 4446 3649 4525 Credimus
3677 4456 3789 4503 tres

471 4507 1089 4615 Y's'?_i."l_'sfr"‘mumi
1133 4515 1343 4615 Siqui“
1370 4536 1450 4615 νθξ
1478 4520 1747 4615 ϐμνεεοτίο
1775 4524 2080 4585 Τυνθηθιιεί
2110 4547 2161 4609 Ῑ)
2187 4557 2436 4615 personas
2465 4540 2664 4609 Patris,
2698 4507 2752 4597 el
2779 4507 2934 4609 Filii,
2963 4552 3010 4595 et
3042 4507 3274 4611 Spiritus
3320 4520 3508 4611 sancti,
3543 4550 3590 4595 et
3635 4556 3783 4595 rece-

473 4595 511 4650 l.
547 4614 579 4652 v
611 4600 749 4656 Hist.
776 4603 972 4660 Franc.
1006 4623 1129 4680 cap.
1163 4610 1255 4673 25,
1289 4614 1379 4682 qui
1413 4612 1480 4668 de
1502 4613 1811 4685 Chilpericti
1836 4618 2081 4676 Franco-

474 4704 594 4744 rum
638 4708 766 4764 rege
797 4695 871 4750 ait
902 4715 915 4750 :
951 4698 1174 4770 Scripsit
1203 4701 1338 4759 alios
1366 4704 1521 4760 libros
1549 4706 1685 4762 idem
1711 4725 1804 4763 rea:
1828 4710 2076 4782 versibus,

474 4786 627 4853 quasi
656 4785 931 4843 Sedulium
956 4803 1163 4849 secutus
1192 4811 1209 4848 :
1234 4796 1324 4850 sed
1349 4799 1588 4854 versiculi
1609 4799 1688 4854 illi
1722 4802 1855 4856 nulli
1878 4805 2076 4865 penitus

477 4879 703 4934 metricae
719 4886 1029 4940 conveniunt
1054 4892 1266 4945 rationi.
1288 4891 1353 4946 Et
1383 4908 1576 4949 rursus
1597 4894 1818 4959 libro‘vt
1841 4913 1960 4970 cap.
1982 4901 2071 4958 46:

475 4970 806 5045 Conferitque
831 4978 959 5033 duos
979 4978 1137 5034 libros
1166 4985 1317 5052 quasi
1346 4984 1621 5042 Sedulium
1646 4990 1938 5061 meditatus,
1956 5010 2078 5065 quo-

472 5080 592 5118 rum
637 5068 876 5123 versiculi
905 5070 1095 5127 debiles
1122 5075 1277 5131 nullis
1300 5078 1512 5149 pedibus
1543 5081 1812 5137 subsistere
1833 5095 2068 5154 possunt,

467 5157 524 5212 in
545 5159 730 5225 quibus
748 5162 873 5217 dum
899 5180 1001 5220 non
1028 5166 1363 5241 intelligebat,
1394 5189 1489 5243 pro
1510 5172 1679 5246 longis
1706 5177 1936 5247 syllabas
1953 5178 2070 5232 bre-

469 5268 552 5305 res
580 5256 773 5324 posuit,
810 5266 856 5312 et
880 5274 975 5328 pro
997 5259 1228 5317 brevibus
1255 5264 1436 5338 longas
1465 5268 2072 5327 statuebat.Ruinartius

475 5344 677 5400 nullam
712 5348 919 5404 variam
971 5352 1259 5411 lectionem
1292 5357 1450 5414 all‘ert
1495 5376 1590 5429 pro
1618 5364 1894 5419 meditatus
1925 5381 1943 5419 :
1971 5367 2066 5422 scd

470 5434 561 5490 alii
612 5437 817 5496 habent
864 5443 1120 5501 imitatus.
1152 5447 1449 5521 Chilperici
1498 5453 1864 5522 imprudentia
1919 5458 2067 5512 omni

469 5537 719 5602 tempore
741 5541 1053 5596 communis
1078 5542 1195 5608 luit,
1218 5553 1276 5600 ut
1295 5547 1492 5603 merito
1512 5562 1787 5620 queratur
1812 5552 2069 5608 Horatius

473 5622 601 5680 libr.
636 5642 698 5693 ιι,
728 5630 889 5703 epist.
920 5636 969 5702 1,
1002 5652 1145 5693 vers.
1182 5640 1306 5696 115.

884 5792 892 5795 Α
1020 5787 1050 5795 __
1088 5791 1098 5795 _
1222 5733 1360 5790 Quod
1384 5733 1690 5795 medicorum
1721 5742 1817 5795 est,

601 5779 900 5855 fromittunt
920 5787 1133 5855 medici,
1149 5779 1359 5844 tractant
1379 5779 1574 5846 fabrilia
1585 5779 1737 5848 labri:

596 5841 867 5895 Scribimus
884 5849 1087 5910 indocti,
1104 5841 1578 5921 doctiquepoem'a’ta
1597 5841 1793 5927 passim.

2185 4638 2355 4709 pimus
2382 4633 2545 4707 (forte
2576 4635 2884 4707 recipimus)
2902 4651 3081 4690 versus
3112 4634 3340 4704 Sedulii,
3373 4633 3497 4689 Non
3525 4635 3651 4706 quia
3691 4634 3786 4705 qui

2184 4748 2437 4797 summus,
2470 4730 2549 4785 l.t
2583 4745 2723 4785 vers.
2755 4729 2880 4784 319.
2915 4728 2974 4784 In
3006 4728 3327 4784 Homiliario
3351 4728 3568 4784 Alcuini
3600 4744 3667 4783 ex
3695 4730 3785 4782 die

2187 4826 2361 4879 versis
2390 4822 2750 4894 scriptoribus
2789 4822 3021 4877 collecto
3053 4830 3109 4877 et
3144 4821 3293 4877 edito
3328 4821 3574 4877 Colonia:
3616 4819 3780 4889 £569,

2183 4928 2375 4975 auctor
2413 4931 2719 4988 anonymus
2750 4915 3021 4970 sermonis
3063 4914 3115 4968 in
3167 4913 3332 4968 natali
3362 4913 3423 4971 S.
3464 4913 3646 4982 Lucas,
3698 4915 3782 4969 sic

2185 5013 2347 5068 habet
2372 5030 2382 5065 :
2420 5009 2498 5064 De
2522 5026 2625 5081 quo
2668 5007 3005 5082 Evangelista
3032 5007 3250 5080 pulchre
3282 5005 3536 5065 Sedulius
3565 5009 3782 5079 presby-

2178 5114 2304 5159 ter:
2330 5102 2466 5158 .Iura
2538 5102 2824 5156 sacerdotis
2873 5102 3043 5171 Lucas
3084 5110 3218 5155 tenet
3256 5116 3345 5154 ore
3388 5100 3592 5168 uirenti,
3630 5101 3777 5171 quod

2178 5197 2501 5252 mendosum
2531 5204 2615 5251 est
2643 5211 2742 5266 pro
2771 5210 2860 5248 ore
2894 5191 3136 5260 Iuvenci,
3173 5204 3231 5248 ut
3269 5192 3337 5247 ad
3380 5192 3416 5247 Ι.
3444 5209 3463 5249 1
3492 5208 3638 5250 vers.
3669 5193 3778 5249 351

2175 5292 2377 5348 dicam.
2404 5289 2784 5345 Correctiorcs
2817 5300 3000 5343 tamen
3033 5288 3236 5343 ibidem
3263 5296 3392 5343 sunt
3415 5303 3607 5343 versus
3634 5288 3778 5345 Pau-

2177 5386 2273 5440 lini
2307 5383 2376 5438 dc
2413 5384 2606 5438 eodem
2649 5380 2795 5436 Luca
2828 5380 3010 5436 Natat.
3053 5379 3113 5436 S.
3155 5378 3358 5435 Felicis
3400 5395 3454 5435 ts
3488 5395 3631 5437 vers.
3663 5380 3778 5438 ηι

2175 5492 2331 5547 seqq.
2358 5475 2444 5529 Bis
2475 5476 2724 5539 medicus,
2760 5481 2866 5529 etc.
2900 5474 3057 5529 Artus
3088 5472 3403 5539 consolidat,
3437 5483 3487 5528 et
3536 5489 3671 5528 nunc
3717 5475 3774 5527 in

2172 5568 2423 5624 tuentibus
2452 5568 2608 5638 rearis
2638 5596 2707 5607 ——
2744 5565 3047 5637 Composuit
3076 5567 3310 5638 geminos
3332 5566 3453 5619 sine
3474 5566 3775 5620 medicami-

2172 5681 2239 5718 na
2268 5663 2427 5717 libros
2455 5678 2472 5715 :
2506 5677 2605 5732 pro
2629 5675 2737 5730 quo
2766 5660 3094 5717 Muratorius
3118 5676 3133 5714 :
3160 5659 3385 5715 Terrena
3410 5659 3621 5716 curabat
3646 5675 3773 5730 ope,

2170 5765 2221 5812 et
2247 5770 2384 5808 nunc
2412 5752 2669 5809 mentibus
2696 5755 2855 5827 agris
2876 5782 2951 5796 —
2968 5753 3276 5825 Composuit
3298 5753 3500 5827 gemino
3527 5754 3645 5809 vita
3665 5769 3774 5807 me-

2172 5847 2436 5905 dicamina
2466 5846 2620 5903 libro.
