4086 6184
552 203 655 265 5H

1845 201 2133 263 C(ELIUS
2169 203 2530 264 SEDULIUS.

3761 206 3866 265 512

552 340 678 383 cum
708 322 1010 381 Moshemio
1057 323 1298 382 lnstltut.
1331 322 1472 381 Ilist.
1505 321 1710 381 Christ.
1738 324 1935 396 antiq.,
1973 321 2155 381 erudi-
2182 324 2238 385 Α
2262 323 2506 394 piusculc
2528 322 2680 379 dicit.
2705 325 2879 380 Suave
2905 321 3252 397 trisyllabum
3283 323 3492 394 posuit,
3523 331 3584 381 ut
3613 324 3866 385 Horatius

554 419 759 478 tionem
788 435 822 475 v
844 418 1032 476 saeculi
1065 427 1282 476 tenuem
1309 418 1500 476 luisse.

630 516 754 573 189.
791 515 1120 573 Parrhasius
1163 516 1218 571 in
1247 515 1492 572 editione
1536 530 1633 571 sua
1662 513 1892 582 Sedulii,
1930 521 1988 569 et
2026 528 2162 570 non-

554 608 855 678 nullorum,
893 609 1199 665 carminum
1231 607 1515 664 Prudentii
1563 607 1810 678 quaedam
1839 606 1906 662 de
1932 615 2162 678 utroque

551 701 834 757 annotavit
859 718 875 769 ;
906 718 1030 774 qua:
1060 702 1314 773 quoniam
1341 701 1619 772 plerisque
1649 700 2163 772 poetiscbristianis

554 799 865 854 communia
898 805 1049 866 sunt,
1085 798 1190 853 hoc
1219 797 1340 852 loco
1368 813 1476 852 non
1523 797 1891 868 importunum
1913 803 1999 850 est
2025 794 2164 864 adji-

551 903 681 944 cere
705 906 718 942 :
745 907 763 941 t
792 889 1071 956 Sedulius,
1096 898 1158 944 ut
1187 890 1312 945 hinc
1337 889 1617 960 incipiam,
1646 889 1824 945 verbis
1845 890 2036 956 utitur,
2063 903 2162 944 nec

555 978 747 1052 ﬁguris
777 981 1004 1051 poeticis
1047 982 1273 1037 omnino
1303 982 1650 1051 sublimibus,
1684 997 1783 1038 nec
1812 983 1942 1038 item
1986 981 2164 1038 sordi-

555 1072 662 1142 dis,
699 1073 773 1128 ita
801 1073 1041 1130 mediam
1071 1075 1364 1145 quamdam
1395 1076 1759 1133 elocutionem
1789 1078 2161 1148 servantibus,

557 1177 617 1223 ut
648 1169 930 1240 proprium
978 1171 1250 1226 retineant
1297 1171 1513 1226 locum:
1563 1180 1748 1226 exstat
1790 1179 1974 1228 tamen
2015 1173 2067 1227 in
2095 1187 2162 1228 eo

557 1276 900 1333 quorumque
926 1262 1239 1318 divinorum
1269 1263 1531 1320 studium.
1562 1263 1697 1319 Nam
1721 1267 1981 1332 facturam
2011 1264 2161 1331 dicit,

556 1357 830 1427 factorem,
877 1356 1143 1424 deitatem,
1172 1356 1307 1428 legis
1357 1366 1679 1424 testamenta,
1712 1357 1882 1426 etelos,
1916 1357 2166 1428 quamvis

560 1455 615 1501 et
647 1447 751 1502 hoc
781 1446 1066 1504 Lucretius
1097 1465 1203 1503 non
1231 1449 1538 1504 abstinuit:
1571 1459 1626 1505 et
1660 1449 1959 1519 ficulneam,
1992 1449 2164 1520 quod.

560 1555 667 1611 que
707 1540 1033 1597 insolentius
1073 1553 1155 1596 est
1183 1541 1456 1598 duodecim
1499 1542 1666 1598 millia
1711 1541 1940 1614 legiones
1964 1557 2034 1598 ex
2073 1541 2166 1597 illo

560 1633 902 1706 Hieronymi,
924 1634 1009 1690 Ex
1025 1635 1164 1690 tribu
1187 1634 1431 1691 Manasse
1451 1635 1725 1691 duodecim
1749 1635 1914 1689 millia
1938 1636 2166 1705 signati:

2262 425 2459 486 suetus,
2481 427 2538 473 et
2561 416 2822 488 Papinius
2843 419 3026 472 suasit.
3057 417 3196 473 Illud
3226 433 3358 474 vero
3391 419 3552 474 nimis
3585 419 3866 494 audacter,

2262 511 2409 583 quod
2440 528 2500 566 us
2524 511 2578 566 in
2607 513 2918 568 accusativo
2942 512 3135 583 plurali
3167 522 3376 580 quartae
3403 511 3716 569 inﬁexionis
3748 530 3872 570 con-

2263 605 2430 660 traxit
2460 605 2615 678 105
2653 604 2760 661 hoc
2789 616 2978 672 versu,
3015 604 3138 659 Non
3167 605 3323 671 ratio,
3356 605 3659 678 primosque
3685 625 3871 664 necans

2262 702 2483 772 vagitus,
2512 709 2560 755 et
2586 700 2807 756 audens.
2833 700 2988 768 Quod
3020 707 3202 755 autem
3235 701 3288 755 in
3311 701 3563 756 omnibus
3587 704 3864 772 exempla-

2264 792 2438 859 ribus,
2472 805 2525 847 et
2556 791 2609 846 in
2652 794 2856 848 nostris
2899 791 3064 848 etiam
3097 792 3267 864 leges,
3319 792 3580 849 Scribitur
3602 794 3656 848 in
3707 794 3874 851 titulis

2263 902 2451 956 super:
2481 885 2589 939 Hic
2617 895 2690 941 est
2716 903 2807 942 rex
2830 885 3160 958 Iudaeorum,
3195 886 3448 956 equidem
3489 888 3871 958 castigandum

2263 977 2598 1046 censuerim,
2649 977 2909 1034 Scribitur
2940 979 2992 1032 in
3025 977 3224 1032 titulis:
3275 976 3384 1033 Hic
3413 988 3488 1033 cst
3523 995 3618 1034 rex
3661 978 3878 1033 Iudaeo-

2264 1085 2403 1136 rum,
2436 1078 2496 1126 ut
2526 1071 2839 1142 reciprocus
2883 1084 3076 1126 versus
3115 1071 3206 1138 sit,
3234 1079 3288 1126 et
3319 1072 3660 1142 spondaicus
3701 1073 3878 1127 inrita.

2268 1163 2414 1218 tione
2443 1162 2703 1231 Maronis,
2732 1173 2788 1218 et
2819 1164 3070 1231 aliorum,
3096 1179 3166 1218 ne
3198 1179 3383 1233 unam,
3418 1174 3475 1220 et
3503 1165 3732 1220 alteram
3766 1167 3877 1237 syl-

2266 1259 2443 1313 labam
2470 1273 2613 1314 novo
2639 1261 2890 1329 exemplo
2916 1259 3177 1330 corripiat
3203 1259 3258 1314 in
3292 1258 3538 1315 ludam.)

2340 1350 2462 1407 190.
2503 1369 2521 1402 t
2549 1349 2881 1407 Prudentius
2911 1351 3015 1424 (sic
3047 1351 3220 1422 pergit
3258 1350 3608 1423 Parrhasius)
3654 1353 3875 1410 tametsi

2265 1445 2438 1515 magis
2469 1445 2778 1501 elaboratus
2803 1446 2856 1500 in
2886 1445 3074 1502 verbis
3103 1455 3210 1510 est,
3244 1456 3300 1501 et
3325 1448 3504 1502 minus
3533 1447 3876 1518 licentiosus,

2266 1538 2456 1594 eadem
2479 1548 2662 1594 tamen
2688 1539 2846 1595 venia
2863 1537 3130 1594 carminis
3147 1539 3318 1594 utitur
3339 1539 3393 1594 in
3416 1537 3582 1602 idolo,
3598 1542 3878 1612 paraclito,

2269 1632 2322 1688 in
2353 1647 2464 1703 quo
2504 1642 2834 1688 sectatorem
2884 1633 3094 1703 reperit
3121 1631 3520 1700 Apollinarem.
3561 1633 3706 1700 Quid
3737 1635 3882 1705 quod

560 1729 733 1799 magis
760 1728 953 1784 Latine
979 1729 1328 1796 Prudentius,
1359 1731 1453 1801 qui
1501 1731 1664 1785 millia
1687 1730 1850 1784 multa
1896 1738 2158 1795 notarum,
2193 1718 2508 1780 Bdativum
2559 1725 2775 1782 relativi
2827 1726 3066 1782 nominis
3117 1727 3202 1780 cui
3246 1727 3575 1797 bisyllabum
3629 1728 3881 1796 protulit,

558 1839 664 1878 non
688 1833 838 1878 notas
861 1827 956 1878 ait.
992 1823 1188 1879 Inserit
1211 1835 1268 1880 et
1286 1825 1604 1896 peregrinas
1632 1825 1843 1895 aliquot
1869 1823 2158 1891 dictiones,

557 1914 654 1969 sed
669 1914 1023 1970 acltristianis
1035 1917 1348 1972 auctoribus
1355 1916 1466 1986 jam
1482 1927 1752 1986 receptas,
1771 1913 2159 1982 Patriarcham,

558 2025 902 2082 synagogam,
929 2011 1237 2080 plin-rimas,
1266 2021 1321 2066 et
1348 2026 1447 2082 pro
1473 2011 1764 2066 fortunatis
1786 2010 1976 2065 insulis
2007 2007 2164 2081 1M

561 2103 887 2173 paradisum,
912 2102 1220 2174 gehennam,
1245 2103 1390 2175 quod
1422 2103 1729 2159 incendium
1755 2103 2045 2174 signiﬁcat,
2068 2103 2164 2157 de-

557 2195 724 2266 nique
751 2213 1040 2263 ntanzeres,
1080 2196 1136 2252 id
1165 2206 1269 2264 est,
1300 2196 1590 2265 adulterio,
1637 2207 1938 2268 stuproque
1968 2210 2163 2252 conce-

558 2297 702 2359 ptos.
731 2288 788 2344 In
837 2289 1164 2361 quibusdam
1213 2292 1462 2362 sequitur
1507 2290 1836 2362 analogiam,
1878 2305 2000 2345 cum
2047 2290 2160 2346 ait:

558 2382 747 2439 Urbem
773 2384 1027 2440 libertatis
1051 2402 1222 2456 opem,
1275 2386 1327 2442 id
1357 2396 1463 2454 est,
1498 2385 1810 2453 fecundam,
1865 2385 2010 2456 quod
2040 2388 2162 2454 ejus

552 2477 888 2534 contrarium
929 2479 1001 2534 sit
1043 2481 1216 2550 inops,
1256 2478 1308 2534 id
1361 2491 1466 2551 est,
1515 2495 1740 2551 egenus.
1793 2480 1849 2535 In
1884 2480 2029 2547 aliis,
2067 2494 2164 2535 ne-

555 2573 727 2643 glecta
780 2575 1157 2645 proportione,
1189 2574 1574 2631 consuetudini
1623 2589 1745 2632 sese
1772 2574 2036 2646 adjungit,
2072 2589 2162 2630 su-

559 2667 763 2735 mitque
815 2681 847 2721 e
896 2668 1068 2723 media
1103 2669 1260 2738 plebe
1304 2680 1762 2741 pra'sumptorem,
1814 2670 2159 2724 tradilorem:

557 2773 662 2829 qua
696 2758 906 2816 ratione
934 2758 1162 2814 Mariam
1209 2776 1330 2816 cum
1362 2772 1590 2818 accentu
1638 2761 1950 2832 pennltimte
1988 2778 2161 2817 enun-

561 2852 734 2914 tiavit,
790 2867 912 2907 cunt
957 2850 1290 2908 Claudianus
1349 2871 1591 2925 semper,
1623 2863 1679 2910 et
1727 2854 1846 2925 ipse
1891 2870 2157 2908 nonnum-

557 2960 718 3016 quam
766 2947 1045 3016 corripiat.
1101 2947 1248 3004 Idem
1303 2950 1693 3021 populationem
1735 2965 1836 3021 pro
1884 2949 2159 3005 incondita

563 3039 911 3094 multitudine
958 3052 1210 3111 usurpat,
1244 3041 1293 3093 F
1297 3042 1428 3097 iebat
1467 3042 1736 3115 populatio
1764 3060 2010 3116 prtesens,
2056 3042 2156 3098 etsi

2264 1818 2622 1888 ultimamque
2666 1820 2721 1873 in
2773 1834 2840 1873 eo
2881 1828 3276 1875 consonantem
3325 1821 3491 1875 vertit
3530 1820 3585 1876 in
3627 1821 3883 1878 vocalem

2262 1922 2349 1967 ter
2378 1913 2429 1966 in
2462 1912 2655 1968 codem
2687 1913 2970 1968 carmine?
2993 1911 3450 1984 Cwsaraugustam
3475 1915 3770 1968 vocitamus
3797 1932 3884 1969 ur-

2261 2005 2393 2073 bem,
2426 2035 2496 2046 —-
2527 2005 2628 2060 Res
2654 2006 2740 2060 cui
2785 2014 2934 2060 tanta
2985 2019 3083 2061 est.
3133 2007 3412 2062 Praeterea
3487 2026 3501 2062 :
3549 2007 3883 2080 Sanguinem

2261 2099 2427 2169 Justi,
2459 2102 2545 2155 cui
2590 2099 2782 2156 Pastor
2819 2099 3000 2156 lueret.
3057 2101 3194 2156 Item
3245 2102 3406 2172 paulo
3436 2111 3598 2173 post:
3633 2103 3885 2176 Marsque

2270 2192 2534 2260 Vincenti,
2578 2195 2663 2247 cui
2700 2195 2913 2266 sanguis
2959 2195 3081 2248 hinc
3119 2203 3196 2248 est
3228 2210 3246 2248 :
3284 2193 3432 2264 quod
3481 2203 3541 2249 ut
3590 2196 3887 2266 ignoscen-

2263 2284 2414 2350 dum,
2449 2285 2525 2340 ita
2555 2284 2835 2340 ferendum
2861 2301 2968 2341 non
2995 2294 3079 2342 est
3105 2303 3117 2339 :
3148 2286 3291 2341 sicut
3319 2302 3422 2342 nec
3442 2286 3574 2342 illud
3605 2285 3881 2343 Malorum

2263 2379 2446 2434 tetrius
2473 2379 2706 2433 omnium
2725 2388 2818 2434 est.
2844 2381 3195 2450 Auaptestum
3218 2394 3456 2451 quoque,
3481 2391 3536 2435 et
3559 2381 3884 2449 proceleus-

2264 2471 2524 2528 maticum
2555 2489 2652 2543 pro
2683 2474 2944 2544 spondam
2991 2473 3313 2545 plerumque
3343 2473 3629 2529 substituit
3661 2485 3882 2546 tempo-

2264 2583 2382 2622 rum
2410 2571 2660 2635 ratione;
2693 2569 2889 2640 quibus
2930 2585 3092 2640 pares
3140 2577 3290 2639 sunt,
3332 2579 3386 2626 et
3429 2572 3794 2629 conveniunt.
3828 2573 3882 2628 In

2265 2661 2429 2732 Nola,
2479 2663 2634 2732 cujus
2665 2651 2902 2733 priorem
2947 2663 3208 2735 Virgilius
3255 2665 3539 2736 produxit,
3583 2666 3633 2721 si
3685 2683 3881 2723 verum

2263 2758 2472 2815 Gellius
2522 2759 2709 2825 tradit,
2757 2759 2843 2814 hic
2887 2759 3137 2831 corripit,
3167 2757 3391 2832 Jamque
3421 2760 3666 2816 Nolanus
3709 2765 3879 2833 adest,

2263 2853 2391 2910 licet
2423 2854 2677 2909 nonnulli
2725 2851 3073 2908 Ianicolanus
3105 2855 3336 2910 confuso
3384 2857 3630 2911 locorum
3675 2857 3878 2912 ordine

2262 2948 2528 3002 scribant.
2561 2946 2816 3002 Tentavit
2845 2958 2900 3002 et
2930 2945 3048 3016 ipse
3078 2962 3298 3018 quoque
3329 2946 3590 3003 fastiditis
3635 2951 3878 3020 gratiam

2264 3040 2520 3097 reddere.
2545 3041 2678 3096 Nam
2709 3040 2896 3113 volupe
2921 3051 2994 3096 est
3023 3057 3122 3112 pro
3161 3042 3282 3096 libet
3313 3042 3383 3096 ab
3410 3042 3608 3109 Ennio,
3658 3044 3882 3100 Plauto-

554 3131 880 3204 quibusdam
912 3134 1013 3204 legi
1047 3105 1280 3205 placeat,
1312 3105 1500 3192 Flebtit
1527 3105 1775 3206 populus.
1795 3105 2159 3211 quoquevpi-w-
2184 3105 2230 3169 (ἶ
2264 3150 2370 3203 que
2407 3142 2685 3189 mutuatur
2711 3177 2725 3200 ,
2757 3105 3126 3206 llt'nittgtti-dos
3156 3150 3186 3189 a
3217 3135 3476 3190 Lucretio
3504 3178 3519 3202 ,
3568 3105 3697 3206 qui,
3731 3137 3877 3206 quod

557 3241 694 3280 sens.
747 3225 1039 3281 Substituit
1067 3238 1122 3283 et
1153 3226 1511 3283 derivativum
1568 3245 1665 3299 pro
1713 3245 1813 3285 suo
1854 3231 2156 3300 pritnitivo,

560 3314 860 3388 Memphitis
882 3319 935 3371 in
962 3319 1068 3372 oris
1108 3333 1208 3390 pro
1237 3317 1588 3389 Memphitidi,
1635 3321 1778 3376 unde
1826 3321 2153 3378 deﬂectitur.

558 3408 831 3478 Tibullus,
865 3411 1040 3466 Pubes
1068 3413 1288 3468 miratur
1319 3414 1512 3469 Osirim
1537 3445 1610 3454 —
1630 3414 1869 3470 Barbara
1900 3415 2159 3489 Memphi-

553 3511 656 3559 tent
693 3504 937 3576 plangere
964 3505 1114 3560 docta
1157 3506 1351 3562 bovem.
1397 3505 1589 3563 Itidem
1622 3516 1836 3578 tempus
1865 3523 1962 3578 pro
2012 3518 2155 3565 tem-

553 3609 714 3666 pore,
745 3597 889 3668 quod
935 3613 1033 3668 per
1057 3613 1118 3654 se
1144 3599 1378 3671 quisque
1417 3597 1576 3656 facile
1605 3599 2000 3669 deprehendet.
2043 3600 2154 3656 0b-

549 3691 726 3746 soleta
755 3691 1002 3762 quaedam
1044 3693 1097 3748 in
1144 3709 1302 3748 usum
1334 3704 1574 3765 revocat,
1629 3705 1689 3750 ut
1716 3696 2009 3767 peniculunt
2059 3713 2156 3768 pro

552 3787 778 3856 spoitgia
809 3786 1074 3853 Terentii,
1118 3786 1405 3859 Plautique
1453 3790 1798 3857 auctoritate,
1831 3807 2059 3866 prwsepg
2100 3794 2154 3848 in

551 3893 681 3933 casu
713 3878 910 3934 Latino
937 3896 1005 3935 es
1031 3881 1252 3952 antiqua
1284 3882 1672 3949 declinatione,
1705 3884 1902 3938 deterta
1923 3885 2151 3954 capillis,

555 3971 698 4042 quod
729 3973 873 4044 apud
903 3974 1138 4030 Ennium
1167 3975 1378 4044 legerat
1399 4017 1416 4043 ,
1441 3975 1599 4031 Terta
1629 3976 1756 4032 nitet
1775 3979 1942 4048 galea.
1976 3977 2155 4033 Pauca

552 4064 798 4133 quaedam
833 4067 1075 4134 novavit,
1122 4076 1180 4122 ut
1211 4085 1483 4138 pompare,
1513 4069 1656 4139 quod
1697 4069 2055 4139 ampullosius
2085 4072 2153 4126 ad

548 4157 809 4214 invidiam
839 4168 1086 4216 veterum
1121 4170 1399 4232 poetarum
1437 4162 1692 4239 conﬁxit,
1719 4163 1972 4235 simplat;
2001 4164 2154 4229 Quod

548 4251 790 4320 simplex,
821 4253 1084 4323 {triplicet,
1125 4255 1361 4328 quodque
1406 4265 1479 4311 est
1530 4257 1861 4327 triplicabile,
1905 4259 2108 4330 simplet
2133 4275 2154 4315 :

551 4347 625 4402 ita
657 4362 895 4419 namque
923 4350 1295 4422 scribendum,
1323 4368 1431 4408 non
1471 4353 1712 4425 simplex.
1742 4352 1789 4408 Α
1818 4353 2152 4423 praescriptis

548 4441 792 4496 numeris
836 4443 1128 4512 aliquando
1156 4445 1407 4502 discedit.
1433 4445 1566 4501 Nam
1611 4445 1823 4502 videbis
1849 4445 1994 4516 apud
2025 4462 2146 4501 cum

2260 3229 2356 3282 alii
2387 3229 2578 3294 nivem,
2604 3230 2847 3300 ninguem
2875 3239 3037 3284 vocat
3067 3245 3082 3284 :
3111 3227 3245 3284 dicit
3273 3238 3328 3283 et
3356 3228 3519 3299 pultet
3545 3245 3648 3300 pro
3679 3233 3872 3300 pulset,

2260 3330 2316 3375 et
2351 3318 2489 3374 altar
2534 3334 2599 3375 ex
2641 3320 2922 3392 analogia;
2951 3319 3101 3375 Altar
3133 3322 3344 3389 tepescit
3375 3338 3482 3386 ore,
3521 3338 3718 3376 saxum
3753 3341 3876 3396 pec-

2260 3424 2390 3468 tore.
2417 3411 2528 3468 Nec
2558 3413 2864 3484 alienigena
2896 3413 3145 3483 quazdam
3174 3413 3405 3480 restiuit,
3443 3413 3706 3481 Messian,
3745 3415 3863 3470 Na-

2257 3523 2526 3574 zarenum,
2553 3504 2775 3574 Levitas,
2809 3507 3080 3573 charaxat,
3108 3506 3252 3576 quod
3279 3514 3365 3563 est
3389 3508 3644 3583 χάραξεν,
3678 3509 3738 3563 id
3770 3519 3870 3577 est,

2257 3601 2614 3667 calamorum,
2659 3600 2992 3671 sudiumque
3032 3601 3321 3671 fastigatis,
3369 3611 3534 3673 atque
3575 3603 3874 3660 subtilibus

2256 3696 2479 3766 Spiculis
2509 3711 2706 3766 corpus
2737 3696 2933 3765 inﬁgit,
2966 3696 3114 3766 quod
3137 3711 3314 3766 paena:
3341 3712 3513 3766 genus
3533 3695 3721 3753 adhuc
3757 3699 3875 3754 Ilis—

2259 3789 2384 3858 pani
2430 3788 2708 3852 retinent;
2742 3797 3000 3860 cryptam,
3033 3788 3347 3860 colymbum,
3390 3789 3442 3843 id
3488 3797 3594 3854 est,
3630 3791 3872 3859 labrum,

2256 3898 2364 3949 quo
2394 3880 2641 3936 deﬂuens
2665 3881 2811 3934 unda
2841 3880 3132 3951 exnipitur,
3167 3890 3224 3936 et
3246 3897 3345 3953 pro
3379 3883 3587 3937 tumqu
3611 3883 3879 3943 tumbam.

2255 3975 2366 4029 Nec
2397 3974 2450 4047 in
2483 3975 2863 4028 consectaneis
2891 3974 3253 4044 scriptoribus
3289 3974 3603 4030 lectitandis
3640 3991 3874 4045 operam

2256 4069 2452 4124 lusisse
2481 4069 2650 4123 videri
2681 4069 2854 4123 voluit
2885 4086 2899 4122 :
2929 4071 3072 4124 unde
3098 4069 3387 4139 plerasque
3415 4071 3684 4126 dictiones
3712 4089 3877 4128 acce-

2254 4164 2354 4236 pit,
2387 4161 2675 4232 et'clesiam,
2709 4161 3093 4233 evangelistam,
3117 4163 3388 4234 factorem,
3412 4165 3730 4236 passionem,
3757 4167 3879 4220 ani-

2252 4255 2456 4321 mabus,
2489 4273 2516 4308 a
2547 4272 2655 4327 quo
2684 4267 2900 4312 veteres
2932 4267 3399 4326 temperaverunt,
3430 4259 3681 4331 psalmos,
3719 4277 3870 4313 mar-

2253 4359 2414 4419 tyras,
2445 4364 2581 4419 quos
2611 4360 2667 4404 et
2695 4349 2890 4406 Latine
2912 4360 3062 4405 testes
3093 4350 3511 4423 interpretatur,
3538 4362 3595 4406 ut
3622 4354 3875 4426 angelos,

2252 4448 2309 4495 et
2338 4441 2574 4508 nuntios,
2606 4452 2661 4497 et
2690 4442 2819 4508 alia,
2854 4459 2975 4512 qua:
3009 4453 3122 4498 tute
3152 4444 3491 4500 observabis.
3524 4444 3662 4500 Sunt
3690 4455 3751 4500 et
3787 4447 3875 4517 ip-

545 4531 580 4584 It
622 4505 970 4605 aspirationis
1020 4544 1202 4591 notam
1247 4537 1353 4592 vim
1401 4537 1604 4594 litterae
1646 4505 1964 4606 frequenter
2003 4537 2146 4594 obti-
2173 4505 2226 4566 D
2251 4534 2364 4589 sius
2394 4548 2489 4589 sua
2507 4535 2755 4605 quaedam
2784 4538 3028 4607 propria,
3054 4540 3334 4604 coluerunt,
3363 4540 3416 4594 id
3443 4549 3550 4604 est,
3575 4505 3873 4606 addicurit,

549 4639 703 4693 nere,
738 4624 992 4681 Ioannem
1023 4628 1195 4697 prima
1227 4628 1397 4695 brevi,
1426 4645 1548 4684 cum
1571 4645 1668 4698 per
1695 4653 1735 4683 ω
1765 4640 2005 4685 notetur.
2035 4631 2143 4686 Sed

545 4717 858 4776 defenditur
887 4725 1142 4793 exemplo
1185 4724 1442 4790 Maronis,
1489 4724 1582 4795 qui
1627 4725 1874 4780 eamdem
1907 4725 2142 4782 litteram

546 4808 604 4864 in
645 4830 673 4863 ο
706 4815 957 4882 mutavit,
987 4824 1150 4886 atque
1179 4817 1448 4888 corripuit
1477 4818 1529 4872 in
1565 4816 2040 4892 OrioneQRegulus
2061 4820 2146 4874 di-

541 4905 765 4974 gnitatis
794 4923 992 4963 nomen
1018 4910 1158 4980 apud
1191 4912 1443 4968 eumdem
1467 4924 1802 4984 anapxstus,
1835 4925 1928 4972 aut
1949 4917 2146 4973 tribra-

541 4998 678 5053 citus
707 5012 814 5066 est,
836 5015 957 5056 cum
986 5018 1100 5069 rex,
1129 5019 1156 5056 a
1185 5019 1294 5076 quo
1320 5004 1649 5071 deﬂectitur,
1671 5023 1862 5064 omnes
1891 5010 2143 5079 obliquos

539 5092 824 5162 producat.
857 5094 962 5150 Sed
991 5110 1055 5151 ex
1090 5096 1156 5152 iis
1206 5099 1615 5170 intelligendum
1647 5109 1748 5170 est,
1779 5116 1900 5172 quae
1948 5103 2144 5172 primi-

541 5183 639 5238 tivi
674 5201 958 5242 numerum
1009 5198 1242 5256 mutant,
1289 5200 1345 5246 et
1395 5207 1556 5262 quem
1605 5193 1885 5263 accipiunt
1943 5193 2148 5263 produ-

543 5287 714 5347 ctum,
749 5281 1104 5347 contrahunt,
1138 5284 1392 5350 tttdirax,
1409 5287 1642 5350 lucerna,
1663 5287 1889 5352 stabilis,
1923 5296 2148 5343 etcom-

534 5373 801 5442 pluscula.
847 5374 1203 5447 Anapacstum
1246 5393 1468 5448 quoque
1520 5379 1650 5434 fecit
1690 5382 1742 5434 in
1795 5379 1982 5446 Dario,
2016 5396 2138 5436 cum

537 5465 656 5537 ejus
703 5469 879 5526 media
913 5473 1068 5543 longa
1110 5475 1183 5528 sit
1235 5473 1428 5532 Graeca
1476 5475 1834 5548 diphthongo.
1865 5477 2133 5534 Ovidius:

539 5555 706 5627 thue
749 5571 1049 5619 necatorum
1091 5565 1269 5623 Dartei
1309 5570 1496 5639 fraude
1542 5572 1775 5640 secundi,
1829 5570 1955 5638 nisi,
1987 5571 2134 5643 quod

528 5661 658 5705 vero
700 5655 926 5723 pr0pius
971 5658 1226 5716 existimo
1253 5704 1268 5728 ,
1303 5660 1633 5735 bisyllabum
1688 5664 1953 5734 protulit:
2006 5679 2132 5721 nam

527 5743 733 5798 multus
765 5745 820 5802 in
851 5749 1161 5820 hujusmodi
1188 5757 1594 5814 concisionibus
1625 5761 1921 5828 invenitur,
1957 5762 2130 5833 utqui

513 5834 832 5908 discipulum
861 5857 959 5912 pro
989 5842 1391 5913 discipulorum,
1422 5853 1628 5921 vestigis
1652 5866 1750 5922 pro
1772 5851 1996 5920 vestigiis
2027 5868 2130 5908 sa:-

2250 4626 2318 4681 ab
2347 4643 2484 4695 aere,
2529 4627 2814 4698 interjecta
2868 4631 3026 4702 106
3072 4632 3409 4703 aspiratione
3448 4632 3629 4688 biatus
3671 4647 3871 4701 causa,

2248 4719 2424 4773 artisis
2471 4735 2569 4788 pro
2614 4723 2806 4776 morbo
2847 4722 3169 4778 articulari:
3217 4724 3437 4780 Nodosa
3480 4735 3680 4797 torquet
3737 4746 3873 4798 quos

2250 4811 2507 4884 podagra,
2540 4822 2586 4866 ct
2613 4815 2812 4882 artisis,
2845 4817 3030 4871 anulla
3061 4819 3130 4873 ab
3159 4835 3264 4872 anu
3289 4819 3696 4887 diminutivum,
3742 4839 3874 4894 pro-

2245 4915 2486 4975 sperante
2532 4922 2631 4975 pro
2677 4910 2902 4977 favente,
2954 4925 3289 4982 prosperare,
3340 4911 3564 4978 adesse,
3622 4931 3869 4980 sacrum,

2248 5015 2408 5071 quem
2438 5001 2531 5056 alii
2559 5002 2925 5069 sacerdotem,
2965 5001 3235 5071 Vidimus,
3266 5021 3296 5059 ο
3323 5004 3516 5060 Christi
3552 5005 3872 5064 Valleriane

2245 5113 2393 5151 sacer
2427 5111 2444 5150 :
2476 5096 2528 5150 in
2561 5112 2668 5166 quo
2706 5098 2925 5153 nomine
2963 5097 3222 5169 liquidam
3251 5099 3589 5169 duplicavit,
3637 5111 3697 5155 ut
3728 5102 3873 5158 alibi

2245 5191 2299 5245 itt
2337 5189 2604 5258 Valleriis,
2636 5201 2690 5246 et
2722 5191 3013 5263 relligione.
3035 5192 3256 5248 Necnon
3287 5209 3494 5248 sacrare
3522 5210 3624 5265 pro
3647 5199 3870 5252 sacriﬁ-

2243 5297 2370 5338 care
2391 5283 2545 5350 dicit,
2577 5295 2632 5340 et
2658 5294 2972 5355 sacrantem,
3005 5287 3427 5342 sacriﬁcantem.
3462 5285 3589 5341 Esto
3635 5305 3871 5359 quoque

2243 5379 2386 5448 apud
2417 5395 2540 5435 eum
2585 5380 2950 5449 quorumdam
2983 5382 3254 5437 sententia
3299 5381 3547 5450 verbum,
3581 5392 3678 5436 aut
3704 5383 3870 5438 afﬁr-

2245 5472 2428 5528 mandi
2458 5472 2726 5544 particula
2757 5490 2866 5529 non
2895 5482 3002 5540 est,
3051 5475 3145 5530 sed
3195 5474 3453 5530 hortandi
3485 5476 3818 5531 adverbium
3847 5518 3866 5544 ,

2243 5565 2699 5635 nequenumeris,
2720 5582 2896 5638 neque
2920 5567 3492 5637 personisinserviens
3523 5567 3710 5634 :Esto,
3741 5586 3872 5638 pre-

2241 5676 2352 5726 cor,
2386 5663 2569 5733 fortes,
2595 5669 2642 5716 et
2671 5661 2858 5718 vincite
2883 5662 3074 5717 viribus
3105 5679 3290 5718 annos.
3333 5661 3448 5736 Nos
3485 5678 3618 5718 vero
3662 5663 3871 5733 legen-

2239 5755 2368 5812 dum
2393 5765 2664 5828 putamus,
2702 5757 2842 5813 Este.
2875 5757 3181 5815 Occurrent
3203 5764 3259 5814 et
3282 5757 3462 5828 aliqua
3485 5755 3866 5824 subobscura,

2238 5844 2432 5920 fornix,
2477 5849 2532 5902 id
2563 5858 2670 5919 est,
2705 5850 2947 5922 Inpanar,
2991 5847 3166 5907 solum
3217 5863 3312 5922 pro
3342 5838 3494 5921 pedis
3539 5847 3717 5912 calce,
3749 5858 3866 5904 ter-
