4086 6184
273 267 385 322 515

1648 271 2193 333 PROLEGOMENA.

3482 279 3590 340 5M

271 380 485 453 rigente,
509 379 724 436 scilicet
754 379 1008 438 homines
1029 423 1042 448 ,
1075 395 1212 453 quos
1234 382 1379 441 Deus
1416 398 1484 442 ex
1511 385 1627 442 luto
1658 387 1881 446 tinxisse
1907 389 1964 454 Α
1988 389 2262 448 secundae.
2297 388 2604 462 Aliquando
2648 391 2854 449 intacto
2880 391 3048 451 verbo
3078 393 3284 451 codicis
3319 411 3384 452 ex
3427 396 3595 452 colla-

271 473 492 541 dicitur,
542 476 768 547 uirginal
807 478 862 531 in
913 477 1201 535 mulierum
1251 481 1582 552 genitalibus
1630 483 1883 553 pellicula

271 567 496 638 pudoris
537 578 746 625 custos.
793 568 945 626 Idem
1001 572 1227 628 verbum
1280 575 1529 632 invenies
1567 575 1711 647 apud
1742 574 1888 632 Soli-

271 675 428 716 num.
483 659 798 732 Lancinant,
842 663 1170 721 dilacerant.
1210 667 1340 722 lude
1371 669 1617 725 Graecum
1649 671 1886 725 lancina-

273 763 438 820 tores,
502 753 552 810 id
607 765 714 822 est,
771 756 1043 815 laniones.
1095 759 1276 815 Cautis
1321 761 1374 818 in
1425 771 1578 819 recto
1624 764 1884 836 singulari

273 846 434 917 dixit,
467 858 525 903 ut
555 849 614 904 P.
649 848 844 905 Victor
858 853 1007 919 tedis,
1042 870 1313 909 camurum
1332 871 1428 926 pro
1449 871 1636 922 curvo,
1668 857 1885 929 hyalum

271 955 375 1011 pro
406 941 572 1008 vitro,
605 941 796 997 sudum
829 944 955 1000 (τίειί
986 947 1366 1003 serenitatem.
1398 949 1691 1021 Vergilium
1724 967 1884 1006 secu-

272 1039 380 1101 tus,
416 1033 511 1101 ait,
564 1043 620 1090 et
657 1035 935 1100 mdituum,
995 1039 1083 1093 cui
1135 1041 1318 1110 templi
1362 1057 1493 1096 cura
1538 1043 1743 1098 credita
1788 1043 1881 1113 sit,

270 1143 416 1181 mera
456 1127 598 1183 calce
644 1127 806 1195 dixit,
839 1130 892 1185 id
918 1139 1021 1200 est,
1054 1132 1204 1187 nudo
1253 1133 1412 1203 pede,
1457 1136 1716 1205 quoniam
1748 1151 1884 1207 pura

269 1220 457 1276 omnia
491 1230 707 1277 veteres
731 1224 875 1277 mera
899 1223 1176 1280 dicebant.
1205 1225 1512 1296 Supersunt
1543 1236 1598 1284 et
1619 1229 1726 1284 alia
1759 1244 1884 1286 sex-

268 1325 450 1382 centa,
481 1330 603 1387 qua:
632 1331 738 1371 non
764 1326 848 1372 est
888 1317 1046 1390 hujus
1079 1321 1365 1390 temporis,
1399 1329 1494 1377 aut
1521 1322 1762 1379 instituti
1795 1342 1885 1381 re-

269 1424 524 1466 censere.
559 1410 695 1466 Nam
741 1421 886 1467 tanta
909 1415 960 1468 in
992 1429 1058 1469 eo
1088 1431 1270 1470 rerum
1297 1457 1312 1484 ,
1348 1417 1750 1490 verbormnque
1790 1434 1885 1475 co-

270 1505 444 1577 gnitio
472 1516 576 1572 est,
609 1515 868 1576 quantam
920 1507 971 1562 in
1017 1510 1212 1578 quovis
1257 1509 1369 1565 alio
1418 1511 1561 1581 apud
1617 1527 1716 1568 nos
1759 1527 1882 1569 esse

270 1602 678 1659 contenderim.
703 1623 722 1657 ι

345 1696 471 1752 191.
514 1696 789 1754 Hactenus
820 1697 1148 1755 Parrhasius
1193 1699 1261 1756 de
1310 1701 1571 1767 Sedulio,
1629 1717 1694 1759 ac
1746 1702 1881 1759 Pru—

1989 485 2142 540 tione
2185 485 2419 542 aliorum
2469 487 2722 544 codicum
2765 489 2914 544 varia
2947 490 3110 547 lectio
3154 492 3592 549 inscribebatur:

1986 576 2406 650 Nonnumquam
2430 595 2558 636 suas
2587 591 2870 638 corrector
2899 584 3246 653 conjecturas
3272 585 3590 656 adjiciebat.

1987 669 2159 726 Erant
2178 681 2356 728 autem
2390 684 2532 730 notae
2558 677 2795 746 propriae
2822 677 2890 732 ad
2925 677 3196 746 ejusmodi
3222 679 3593 736 correctiones

1986 762 2145 822 facile
2168 765 2502 838 indicandas,
2524 769 2592 826 ab
2613 770 2817 827 Isidoro
2845 770 2882 826 l.
2913 787 2931 826 ι
2960 772 3168 844 Etym.,
3191 787 3315 845 cap.
3334 773 3408 831 20
3421 790 3590 846 expo-

1987 859 2128 916 sitae.

2063 955 2184 1010 195.
2217 956 2448 1013 Codices
2478 957 2550 1013 ita
2578 958 2855 1016 emendati
2885 975 3009 1014 cum
3047 960 3100 1016 in
3132 960 3362 1017 aliorum
3395 976 3591 1019 manus

1986 1045 2328 1106 describendi
2371 1051 2642 1121 venirent,
2666 1067 2812 1124 sazpe
2833 1053 3136 1123 accidebat,
3175 1063 3233 1109 ut
3261 1055 3400 1111 alius
3429 1056 3590 1112 aliam

1984 1143 2308 1212 scripturam
2348 1145 2616 1216 arriperet
2666 1165 2680 1203 :
2732 1157 2787 1203 et
2832 1163 2956 1204 cum
2985 1147 3079 1204 alii
3110 1150 3234 1205 novi
3262 1163 3482 1228 errores
3507 1149 3593 1206 sui

1985 1236 2179 1306 cuique
2208 1237 2532 1310 cxscriptori
2571 1241 2908 1311 exciderent,
2941 1257 3005 1298 ea
3032 1253 3157 1299 nata
3185 1253 3270 1300 est
3311 1247 3470 1315 copia
3500 1262 3595 1301 va-

1983 1329 2190 1386 riarum
2221 1330 2536 1400 lectionum,
2571 1349 2732 1404 quam
2765 1336 2818 1390 in
2847 1336 3107 1407 operibus
3135 1348 3379 1394 veterum
3407 1338 3593 1409 publi-

1984 1422 2172 1478 candis
2221 1424 2462 1480 editores
2509 1426 2688 1482 critici
2721 1437 2924 1484 nostra:
2971 1430 3150 1486 tetatis
3181 1430 3358 1486 solent
3389 1446 3592 1502 conge-

1985 1527 2126 1568 rere.
2157 1515 2345 1585 Magna
2380 1531 2598 1588 quoque
2646 1517 2777 1573 mihi
2820 1535 2977 1591 seges
3008 1536 3128 1578 cum
3161 1522 3214 1577 in
3260 1522 3384 1578 aliis
3422 1523 3597 1594 poetis

1984 1606 2300 1662 christianis
2321 1608 2567 1675 obvenit,
2607 1611 2767 1683 108
2811 1620 2921 1667 tum
2968 1613 3204 1670 maxime
3237 1616 3290 1670 in
3319 1614 3546 1673 Sedulio
3577 1631 3593 1671 :

1983 1697 2397 1772 lortasse,quod
2429 1702 2832 1760 celeberrimus
2853 1707 2939 1762 hic
2971 1716 3129 1778 poeta
3153 1725 3260 1765 non
3288 1709 3464 1766 solum
3497 1713 3601 1768 As-

267 1789 462 1847 dentio
504 1811 516 1848 :
550 1808 669 1864 qua:
719 1795 937 1849 tametsi
978 1812 1086 1851 non
1151 1796 1298 1851 omni
1345 1813 1412 1853 ex
1457 1807 1612 1869 parte
1655 1800 1877 1870 probari
1910 1795 1955 1858 Β
1985 1792 2179 1848 terium
2214 1793 2482 1851 editorem
2513 1807 2566 1852 et
2589 1808 2961 1856 correctorem
2998 1817 3221 1859 suorum
3253 1803 3555 1861 carminum
3579 1845 3597 1876 ,

267 1886 495 1956 debent,
523 1899 583 1943 ut
612 1903 678 1942 ex
709 1888 1121 1961 Prolegomenls
1147 1891 1212 1946 ad
1238 1891 1619 1961 Prudentium,
1644 1909 1708 1950 ac
1736 1894 1881 1952 notis

265 1980 336 2037 ad
361 1985 528 2050 hunc,
558 1983 807 2054 aliosque
851 1997 1046 2056 poetas
1076 1985 1410 2042 christianos
1443 1987 1646 2057 passim
1680 1987 1877 2058 liquet,

265 2084 451 2132 tamen
490 2092 672 2150 opera:
703 2079 936 2149 pretium
971 2080 1149 2134 visum
1183 2079 1281 2134 fuit
1315 2080 1705 2147 transcribere,
1733 2089 1796 2136 ut
1826 2082 1880 2136 in

267 2170 442 2226 sacris
475 2171 652 2242 poetis
693 2171 942 2243 legendis
979 2189 1195 2243 multum
1222 2172 1489 2244 judicium
1519 2173 1649 2230 ferri
1682 2177 1874 2246 possit.

881 2298 1110 2356 CAPUT
1165 2299 1273 2356 Vll.

267 2401 350 2479 De
396 2409 637 2478 co'dicum
691 2441 815 2480 mss.
879 2426 1286 2494 correctoribus,
1344 2436 1392 2482 et
1466 2428 1875 2500 corruptoribus.

338 2517 613 2574 Excursus
653 2520 707 2573 in
761 2519 994 2574 codicem
1041 2519 1103 2576 S.
1151 2521 1372 2591 Hilarii,
1423 2524 1514 2592 qui
1561 2524 1616 2578 in
1651 2522 1879 2578 archivio

337 2610 588 2667 Basilica:
628 2611 895 2669 Vaticana:
916 2624 1232 2670 asservatur.

339 2730 465 2786 l92.
501 2729 694 2786 Multos
715 2731 844 2786 olim
870 2731 1018 2788 viros
1044 2731 1254 2800 doctos,
1281 2734 1590 2804 prtescrtim
1620 2734 1820 2790 saeculo
1847 2749 1880 2790 v

266 2825 571 2890 exstitisse,
605 2826 695 2897 qui
725 2825 946 2883 codices
969 2836 1215 2882 veterum
1247 2829 1577 2899 scriptorum
1615 2830 1879 2885 emenda-

266 2926 416 2981 rent,
445 2927 500 2972 et
529 2917 946 2990 distinguerent,
975 2919 1128 2992 107
1162 2923 1595 2978 utcorrcctiores
1615 2924 1665 2977 in
1699 2923 1880 2978 lucem

266 3008 543 3079 publicam
593 3013 874 3078 venirent,
932 3029 1083 3067 num.
1136 3013 1236 3068 159
1293 3014 1725 3071 demonstratum
1772 3027 1879 3074 est.

265 3098 376 3171 lpsi
411 3104 574 3158 etiam
607 3104 974 3174 exscriptores
1005 3104 1252 3161 codicum
1276 3107 1570 3180 aliquando
1600 3111 1877 3178 conferre,

265 3203 416 3274 quod
447 3205 806 3276 scripserant,
835 3213 890 3259 et
918 3203 985 3259 ad
1017 3214 1203 3260 vetera
1232 3206 1564 3277 exemplaria
1588 3208 1881 3264 emendare

1992 3203 2118 3264 tant,
2169 3212 2272 3251 non
2317 3213 2433 3268 qua:
2476 3200 2698 3254 audiunt

264 3295 625 3366 Cogebantur.
658 3293 715 3350 1n
734 3295 923 3351 codice
946 3295 1211 3352 Vaticano
1235 3297 1456 3368 Regium
1480 3297 1692 3355 Snecia:
1717 3298 1882 3370 2031,

265 3388 514 3445 chartae.
540 3390 595 3446 in
627 3391 720 3448 fol.
753 3392 1260 3450 exstatChronicon
1285 3395 1509 3451 Eusebii
1530 3396 1886 3452 Caesariensis

264 3485 336 3542 ab
364 3486 721 3559 Hieronymo,
770 3499 823 3544 et
867 3488 1139 3561 PrOSpero
1189 3490 1589 3545 continuatum.
1638 3489 1887 3545 Praemit-

268 3578 404 3633 titur
432 3578 710 3652 Adjuratio
739 3579 1013 3651 Prosperi.
1051 3581 1251 3654 Adjuro
1304 3591 1389 3649 te,
1439 3583 1748 3652 quicumque
1790 3581 1884 3635 hos

267 3670 616 3742 descripseris
644 3673 803 3728 libros
832 3691 923 3746 per
947 3673 1230 3728 Dominum
1257 3682 1493 3728 nostrum
1530 3671 1710 3728 Jesum
1734 3673 1887 3728 Chri-

266 3775 430 3836 stum,
461 3776 510 3820 et
532 3765 815 3839 gloriosum
846 3770 958 3840 ejus
995 3769 1294 3836 adventum,
1327 3771 1380 3823 in
1414 3786 1513 3841 quo
1555 3769 1717 3824 veniet
1737 3769 1888 3841 judi-

271 3873 393 3913 care
432 3859 574 3914 uivos
613 3869 660 3915 et
707 3872 959 3932 mortuos,
993 3873 1046 3917 ut
1073 3863 1312 3934 conferas
1342 3863 1481 3934 quod
1511 3862 1805 3933 scripseris,
1838 3872 1886 3917 et

270 3952 512 4006 emendes
547 3953 615 4006 ad
637 3954 956 4024 exemplaria
993 3971 1075 4023 ea,
1109 3956 1174 4009 de
1210 3955 1398 4027 quibus
1423 3954 1714 4025 scripseris,
1765 3954 1890 4008 dili-

270 4056 452 4118 genter
484 4063 504 4101 :
527 4046 693 4102 ethoc
712 4048 1060 4120 adjurationis
1093 4066 1254 4121 genus
1284 4050 1522 4104 similiter
1545 4049 1885 4117 transcribas,

273 4151 322 4196 et
367 4142 650 4212 transferas
696 4145 749 4198 in
792 4160 911 4199 eum
955 4143 1226 4211 codicem,
1273 4161 1422 4216 quem
1475 4143 1884 4216 transcripseris.

274 4233 430 4290 Hanc
476 4235 879 4306 adjurationem
919 4236 1201 4307 Prosperi,
1248 4235 1370 4292 sive
1417 4237 1644 4291 alterius
1682 4225 1903 4306 potius;

275 4325 525 4383 imitatus
546 4339 629 4384 est
668 4327 952 4385 Matthteus
983 4329 1286 4386 Pulmerius
1318 4329 1373 4384 in
1403 4329 1510 4385 line
1538 4329 1889 4400 praelationis

274 4421 346 4478 ad
375 4437 534 4478 suum
566 4420 904 4491 Chronicon,
933 4424 1078 4495 quod
1111 4423 1352 4480 nondum
1381 4424 1650 4495 integrum
1681 4422 1887 4478 editum

275 4526 387 4582 est,
419 4523 481 4570 ut
511 4516 562 4571 in
589 4515 691 4572 hoc
721 4516 912 4573 eodem
961 4517 1152 4573 codice
1193 4515 1466 4587 reperitur
1503 4533 1516 4571 :
1554 4513 1701 4587 Rogo
1729 4515 1889 4588 igitur

1984 1887 2078 1944 sed
2112 1889 2275 1944 etiam
2309 1891 2714 1948 Abundantium
2745 1894 3068 1952 collatorem
3095 1907 3290 1953 nactus
3331 1898 3518 1954 fuerit.

2056 1980 2180 2037 191.
2211 1981 2628 2041 Correctoribus
2673 1986 2926 2043 codicum
2979 1989 3276 2061 adjungere
3307 2007 3598 2062 possumus

1982 2087 2337 2148 corruptores
2364 2093 2378 2131 :
2407 2095 2532 2134 nam
2563 2095 2713 2151 saepe
2741 2082 3050 2149 eveniebat,
3079 2094 3136 2138 ut
3165 2100 3287 2141 cum
3317 2085 3598 2159 corrigere

1983 2171 2210 2238 vellent,
2243 2183 2685 2244 corrumperent.
2721 2175 2836 2231 Etsi
2869 2178 3017 2232 enim
3067 2177 3305 2235 dubitari
3355 2195 3462 2236 non
3505 2195 3604 2252 po-

1985 2269 2106 2330 test,
2139 2265 2269 2336 quin
2300 2267 2458 2322 multi
2503 2267 2645 2323 mala
2685 2267 2813 2336 nde,
2843 2277 2902 2324 ut
2931 2285 3175 2327 errorem
3208 2288 3366 2328 suum
3395 2276 3600 2332 conﬁr-

1982 2368 2218 2425 marent,
2237 2369 2331 2414 aut
2345 2360 2726 2417 auctoritatem
2742 2365 3074 2419 contrariam
3091 2364 3390 2438 diluerent,
3410 2384 3599 2426 exem-

1981 2449 2153 2519 plaria
2199 2465 2331 2508 mss.
2379 2451 2833 2522 adulteraverint,
2883 2465 3066 2512 tamen
3126 2459 3347 2529 saepius,
3395 2470 3456 2515 ut
3495 2478 3598 2534 ego

1983 2553 2137 2613 puto,
2169 2544 2222 2599 id
2251 2535 2480 2616 contigit
2508 2557 2600 2602 aut
2645 2564 2713 2603 ex
2751 2551 3080 2620 ignorantia,
3114 2561 3208 2608 aut
3237 2569 3302 2609 ex
3334 2556 3594 2626 praejndi-

1982 2646 2101 2689 cata
2159 2637 2441 2706 opinione.
2494 2637 2780 2696 Walchius
2828 2656 2952 2712 cap.
2996 2643 3028 2697 7
3075 2643 3213 2700 Hist.
3274 2643 3411 2702 Crit.
3459 2648 3590 2721 Iing.

1982 2729 2160 2785 Latin.
2213 2731 2450 2799 Codices,
2509 2733 2718 2803 inquit,
2761 2734 2927 2790 solent
2971 2739 3235 2809 corrumpi
3275 2739 3339 2793 ab
3383 2738 3592 2800 IPSIS

1984 2822 2157 2880 SUIS
2195 2824 2690 2895 AUCTORIBUS,
2743 2845 2864 2884 cum
2912 2831 3182 2886 aberrante
3228 2849 3386 2888 manu
3440 2837 3597 2906 facile

1983 2913 2132 2968 aliud
2165 2915 2386 2971 scribere
2414 2927 2657 2990 possunt,
2693 2936 2754 2975 ac
2787 2921 3015 2976 sentiunt
3045 2938 3064 2976 :
3088 2940 3119 2977 a
3149 2923 3444 2982 SCRIBIS
3466 2972 3479 2995 ,
3507 2929 3598 3000 qui

1985 3024 2256 3080 perperam
2284 3011 2521 3075 audiunt,
2553 3011 3003 3087 orthographiam,
3030 3025 3079 3070 et
3109 3019 3426 3090 antiquiores
3457 3018 3597 3077 litte-

1983 3116 2070 3154 ras
2107 3119 2209 3156 non
2256 3119 2456 3176 semper
2492 3116 2865 3176 assequuntur;
2902 3109 2990 3178 qui
3024 3110 3280 3177 scribunt,
3312 3129 3429 3184 qua:
3452 3117 3597 3187 cogi-

2746 3216 2763 3253 :
2801 3218 2833 3254 a
2873 3199 3269 3270 DICTANTE,
3312 3207 3402 3276 qui
3440 3207 3595 3264 modo

1987 3291 2301 3360 scripturam
2331 3308 2432 3347 non
2453 3293 2718 3365 intelligit,
2751 3295 2904 3349 modo
2948 3297 3058 3350 sine
3091 3300 3404 3354 accuratiori
3431 3302 3596 3358 animi

1988 3383 2269 3437 attentione
2311 3395 2697 3440 monumentum
2737 3386 2881 3458 legit,
2915 3388 3068 3442 modo
3109 3391 3243 3445 male
3271 3394 3596 3465 pronuntiat,

1989 3474 2143 3527 modo
2168 3475 2483 3544 glossemata
2507 3493 2614 3532 ora:
2646 3477 2767 3532 libri
2796 3480 3058 3549 apposita,
3083 3480 3186 3550 ipsi
3218 3485 3452 3538 auctoris
3489 3503 3600 3540 ser-

1988 3567 2130 3620 moni
2181 3567 2464 3637 interponit
2507 3585 2523 3622 :
2563 3587 2595 3623 a
2643 3568 3066 3639 LIBRARIIS,
3125 3582 3176 3627 et
3225 3572 3596 3646 CRITICIS,

1989 3677 2106 3716 cum
2152 3664 2472 3735 elegantem,
2527 3674 2574 3720 et
2634 3665 2854 3719 nitidam
2914 3668 3265 3736 scripturam,
3310 3672 3599 3728 emendata:

1990 3755 2200 3809 lectioni
2249 3757 2535 3826 praeferrent
2559 3774 2580 3824 ;
2608 3773 2726 3812 cum
2757 3759 2924 3829 ofﬁcio
2965 3759 3261 3832 corrigendi
3304 3762 3462 3817 libros
3505 3773 3599 3820 aut

1988 3844 2142 3917 plane
2171 3845 2377 3911 desunt,
2419 3856 2509 3900 aut
2555 3845 2649 3902 illo
2691 3849 2765 3902 ita
2809 3851 3115 3921 funguntur,
3166 3859 3221 3904 ut
3279 3853 3431 3920 plura
3479 3870 3600 3909 cor-

1990 3947 2425 4008 rumpant,qttam
2445 3949 2628 3994 sanent
2649 3955 2665 3993 :
2683 3957 2716 3994 a
2746 3937 2982 3997 VETUS
2993 3939 3198 4008 ΤΑΤΕ,
3223 3961 3342 4016 qua:
3370 3946 3421 4000 in
3451 3946 3600 4004 libris

1990 4030 2045 4082 in
2066 4030 2384 4098 membrana,
2415 4041 2502 4086 aut
2517 4031 2702 4089 charta
2723 4033 3018 4105 descriptis,
3045 4035 3126 4090 uel
3145 4038 3376 4106 plurium
3394 4054 3597 4108 vocum,

1990 4125 2070 4179 uel
2097 4127 2296 4196 aliquot
2317 4125 2610 4182 litterarum
2639 4127 2855 4185 lacunas
2880 4130 3066 4200 efﬁcit.
3090 4129 3226 4186 Cum
3255 4132 3517 4199 librariis,
3545 4143 3604 4192 et

1991 4218 2201 4275 criticis
2225 4234 2315 4275 res
2338 4235 2482 4276 nunc
2509 4219 2642 4275 mihi
2663 4232 2768 4278 est.
2800 4221 3082 4279 lncidebat
3105 4222 3298 4281 horum
3323 4227 3521 4300 aliquis
3545 4228 3598 4285 in

1992 4311 2196 4378 locum,
2239 4327 2400 4382 quem
2434 4327 2540 4368 non
2573 4312 2930 4385 intelligebat,
2965 4324 3058 4371 aut
3085 4320 3395 4390 sententiae,
3436 4334 3598 4392 quam

1993 4405 2107 4476 ipse
2129 4419 2313 4460 veram
2338 4405 2620 4474 censebat,
2660 4408 2995 4463 contrarium
3021 4429 3036 4476 ;
3075 4421 3134 4466 et
3167 4428 3289 4468 cum
3319 4413 3485 4470 verba
3515 4415 3602 4469 in-

1995 4507 2135 4555 tacta
2167 4498 2479 4570 relinquere
2505 4498 2756 4569 deberet,
2784 4510 3001 4571 putans,
3031 4517 3094 4559 ea
3123 4520 3228 4560 non
3261 4521 3384 4562 esse
3411 4516 3602 4562 aucto-

278 4608 454 4675 illum,
482 4609 571 4681 qui
600 4609 883 4680 aliquando
922 4611 1058 4665 hunc
1080 4609 1272 4664 librum
1294 4608 1619 4673 transcribet,
1663 4617 1720 4662 ut
1756 4607 1886 4662 dili-

1993 4591 2092 4660 ris,
2147 4591 2244 4647 sed
2284 4591 2546 4648 mendose
2593 4607 2624 4648 a
2654 4592 2882 4649 librario
2915 4596 3114 4666 posita,
3160 4595 3399 4662 dolebat,
3441 4608 3605 4671 atque

274 4715 476 4774 genter,
504 4703 681 4758 eodem
708 4714 906 4759 serrato
929 4705 1130 4770 ordine,
1169 4703 1495 4769 transcribet,
1515 4703 1719 4774 etquod
1741 4715 1888 4758 tran-

277 4794 569 4867 scripserit,
601 4797 688 4851 ad.
710 4798 1026 4871 exemplaria
1073 4799 1326 4869 conferat,
1357 4804 1406 4850 et
1443 4795 1696 4851 emendet.
1753 4794 1890 4852 Vide

278 4889 444 4944 etiam
462 4889 795 4962 Ducangium
812 4891 864 4946 in
889 4890 1206 4962 prcefatione
1218 4889 1284 4946 ad
1302 4889 1644 4946 Glossarium
1661 4905 1811 4945 num.
1831 4891 1887 4958 6,

277 4991 338 5038 et
383 4981 664 5038 Barthium
702 4983 742 5039 l.
783 5000 838 5040 vt
883 4983 1140 5051 Advers.,
1187 4999 1240 5040 c.
1293 4982 1387 5051 21,
1434 4981 1527 5053 qui
1565 4998 1633 5038 ex
1677 4985 1890 5053 Aponio

279 5076 497 5149 praefat.
542 5077 918 5136 Commentar.
964 5081 1018 5134 in
1074 5076 1289 5134 Cantic.
1355 5075 1630 5133 Canticor.
1693 5075 1891 5133 similia

284 5169 450 5225 verba
481 5170 712 5246 profert.
756 5171 864 5228 Sed
895 5188 1004 5227 non
1034 5187 1163 5239 una,
1197 5170 1498 5241 eademque
1539 5169 1742 5240 ubique
1789 5168 1896 5223 fuit

284 5264 425 5318 ratio
464 5263 790 5321 emendandi
826 5283 840 5319 :
891 5279 1014 5319 nam
1046 5279 1192 5333 saepe
1231 5262 1396 5318 verba
1437 5258 1662 5316 omnino
1702 5258 1896 5314 erade-

283 5356 507 5424 bantur,
562 5367 618 5413 ut
664 5357 791 5429 quid
825 5355 1020 5412 fuiSset
1050 5354 1335 5426 scriptum,
1384 5352 1536 5408 nullo
1583 5351 1768 5419 modo,
1807 5349 1895 5406 vel

283 5450 582 5507 difﬁculter
613 5453 844 5524 intelligi
880 5459 1068 5522 posset
1102 5469 1114 5506 :
1148 5450 1310 5522 idque
1339 5449 1505 5504 ﬁebat
1529 5493 1544 5518 ,
1589 5447 1678 5502 ubi
1729 5447 1897 5502 verba

283 5552 378 5598 aut
406 5556 596 5615 aperte
627 5556 819 5602 essent
851 5547 1112 5601 mendosa
1135 5585 1150 5610 ,
1181 5553 1275 5598 aut
1307 5543 1435 5597 talia
1467 5556 1592 5597 esse
1622 5549 1904 5597 corrector

283 5636 660 5692 exisdmabat.
703 5636 984 5693 Interdum
1015 5636 1245 5692 verbum
1289 5632 1678 5706 corrigendum
1726 5633 1905 5688 soluat

281 5707 489 5785 lincola
517 5730 856 5802 superposita
883 5730 1177 5785 notabatur
1210 5769 1227 5794 ,
1256 5739 1314 5784 ut
1335 5729 1413 5784 ita
1439 5727 1611 5783 lector
1639 5725 1909 5797 intellige-

283 5833 403 5894 ret,
428 5819 621 5882 falsam
661 5840 782 5884 esse
827 5825 1156 5897 scripturam
1209 5821 1404 5894 primae
1445 5836 1674 5892 manus,
1721 5833 1910 5878 veram

1994 4684 2099 4740 alia
2131 4686 2479 4757 subrogabat.
2511 4684 2568 4740 lu
2593 4684 2837 4743 Juvenco
2858 4687 3244 4757 animadverti,
3261 4690 3462 4748 multos
3482 4707 3605 4750 ver-

1991 4793 2086 4834 sus
2115 4779 2189 4833 ita
2213 4777 2384 4835 fuisse
2408 4778 2766 4848 adulteratos,
2796 4788 2858 4835 ut
2885 4780 3131 4852 Vulgata:
3173 4792 3405 4854 nostrae,
3437 4802 3603 4858 quam

1995 4873 2112 4943 ipse
2135 4888 2247 4944 pra:
2277 4873 2453 4931 oculis
2481 4873 2686 4931 habere
2716 4889 2824 4931 non
2875 4877 3073 4947 potuit,
3107 4879 3605 4938 conformarentur.

1993 4964 2050 5020 ln
2083 4965 2204 5020 aliis
2235 4967 2465 5021 aliorum
2513 4966 2734 5024 Patrum
2779 4969 3040 5040 operibus
3088 4973 3296 5042 pariter
3320 4972 3462 5031 hanc
3500 4971 3609 5030 sibi

1999 5056 2275 5113 licentiam
2305 5059 2598 5116 sumebant
2648 5061 2924 5129 nonnulli,
2959 5072 3018 5119 ut
3052 5065 3219 5121 verba
3250 5080 3424 5121 sacra:
3461 5062 3610 5119 Scri-

2003 5157 2197 5221 pturae,
2237 5165 2357 5222 quae
2385 5166 2454 5207 ex
2485 5151 2615 5207 Itala
2647 5155 2902 5210 versione
2925 5155 3234 5226 proferunt,
3261 5155 3328 5211 ad
3361 5155 3610 5226 Vulgata:

2003 5251 2206 5298 nostrae
2260 5243 2546 5314 exemplar
2589 5244 2956 5303 reformarent
2997 5266 3010 5302 :
3053 5263 3156 5320 qua
3203 5247 3272 5304 de
3322 5261 3383 5303 re
3432 5245 3615 5303 Latini

2003 5335 2200 5391 Latinii
2228 5336 2477 5407 querelas
2508 5337 2641 5394 nihil
2673 5341 2870 5395 attinet
2895 5340 3176 5397 refricare.

2079 5437 2203 5492 l95.
2253 5434 2312 5490 ln
2342 5435 2564 5492 Sedulio
2595 5439 2880 5496 innumera
2907 5448 3224 5506 occurrunt,
3260 5454 3382 5509 qua:
3417 5439 3612 5498 falsata

2007 5547 2131 5588 esse
2155 5531 2443 5589 manifeste
2463 5532 2759 5602 evincitur,
2793 5545 2852 5590 ut
2874 5551 2940 5592 ex
2973 5535 3140 5590 variis
3169 5534 3493 5592 lectionibus
3519 5551 3617 5608 pa-

2010 5632 2108 5695 tet,
2140 5631 2197 5680 et
2222 5623 2519 5695 aliquando
2540 5627 2762 5696 quidem
2795 5626 2955 5699 109
2979 5627 3065 5684 vel
3089 5627 3190 5685 hac
3215 5628 3332 5684 sola
3361 5632 3574 5686 ratione
3597 5669 3615 5699 ,

2011 5719 2154 5790 quod
2173 5734 2383 5788 versus,
2413 5729 2523 5775 uta
2547 5728 2706 5790 poeta
2733 5723 3070 5794 compositus
3097 5733 3237 5796 erat,
3266 5721 3447 5782 minus
3468 5730 3622 5782 recte

2011 5813 2292 5872 videretur
2323 5813 2648 5885 procedere,
2674 5823 2731 5873 ut
2761 5815 2801 5874 l.
2836 5831 2912 5890 tv,
2941 5833 2994 5875 v.
3027 5819 3084 5878 8.
