4086 6184
514 198 624 259 515
1803 199 2089 301 οοιιωυε
2126 200 2489 269 εεουιιυε.
3716 198 3818 265 816

651 321 890 381 Clariﬁca,
915 316 1062 385 dixit,
1087 320 1286 376 nomen
1310 330 1467 384 tuum,
1492 332 1770 386 magnaque
1794 323 1934 372 creto.

509 435 645 495 Cum
674 449 862 496 autem
914 442 1082 497 verba
1121 443 1265 497 inter
1286 457 1348 498 se
1369 441 1721 509 aliquatenus
1740 440 1946 495 similia
1969 448 2116 504 sunt,

511 536 766 604 quamvis
796 536 1016 592 diversa
1040 554 1127 592 res
1148 539 1513 611 signiﬁcetur,
1542 547 1652 594 tum
1679 538 2121 609 frequentissima

509 636 599 683 est
625 630 957 697 permutatio
988 647 1213 701 vocum,
1245 641 1310 686 ut
1340 632 1380 687 Ι.
1413 648 1452 699 ι,
1484 648 1537 686 v.
1576 632 1632 698 '5,
1662 632 1818 685 mella
1846 645 1943 700 pro
1982 631 2121 684 mala

510 736 542 777 a
565 721 807 778 librariis
828 725 972 780 male
996 727 1235 794 positum
1258 726 1572 791 ostendam,
1597 734 1653 781 et
1683 726 1722 781 Ι.
1750 723 1879 781 eod.
1911 740 1963 779 ν.
1987 724 2118 787 247.

514 812 670 868 ltonto
697 831 891 887 pronus
911 819 1113 883 adoret,
1146 833 1247 887 pro
1278 818 1432 872 homo
1464 818 1647 891 plenus
1686 818 1884 872 adoret.
1916 816 2123 888 Seque-

511 902 714 961 bantur
740 907 886 962 enim
915 908 1152 977 librarii,
1186 909 1331 979 quod
1357 911 1527 982 magis
1561 911 1694 979 ipsis
1719 909 1926 964 clarum
1950 923 2120 978 appa-

513 997 694 1064 rebat,
751 1016 857 1056 non
909 1002 1053 1069 quod
1100 1004 1288 1058 verius
1331 1013 1476 1058 erat.
1522 1000 1682 1070 Quod
1713 1001 1895 1057 minus
1925 1000 2122 1056 mirum

513 1092 817 1161 videbitur,
850 1095 895 1149 si
927 1095 1435 1152 animadvertamus
1462 1138 1476 1162 ,
1507 1095 1563 1151 iu
1592 1094 1946 1150 monasteriis
1966 1094 2126 1164 juve-

514 1204 616 1245 nes
642 1190 983 1260 plerumque,
1011 1190 1065 1245 iu
1090 1190 1334 1248 scientiis
1362 1206 1469 1244 non
1501 1190 1666 1261 plene
1695 1198 1968 1251 versatos,
2002 1202 2122 1242 mu-

516 1280 639 1337 neri
670 1281 943 1338 scribendi
974 1283 1282 1339 destinatos
1331 1282 1526 1345 fuisse,
1583 1281 1673 1352 qui
1723 1283 1888 1337 etiam
1922 1280 2127 1347 impor-

516 1382 647 1430 tune
681 1373 1036 1440 festinabant,
1071 1384 1130 1431 ut
1159 1377 1484 1447 quantocius
1512 1374 1580 1430 ad
1625 1373 1945 1429 umbilicum
1994 1371 2123 1428 libri

516 1468 894 1538 pervenirent.
929 1467 984 1523 In
1018 1469 1143 1525 cod.
1191 1469 1317 1526 Vat.
1371 1467 1510 1539 Reg.
1561 1467 1693 1530 254.
1748 1467 1801 1520 in
1852 1479 1962 1533 quo
2004 1464 2126 1519 libri

517 1558 953 1629 Sententiarum,
986 1571 1042 1618 et
1080 1561 1377 1633 Solilnqnia
1423 1560 1643 1627 lsidorl,
1675 1559 1892 1631 aliaque
1922 1574 1995 1614 ex
2024 1557 2130 1613 Pa-

516 1651 694 1730 tribus
745 1665 1009 1723 excerpta
1072 1652 1473 1721 continentur,
1536 1649 1794 1708 librarius
1840 1648 2124 1721 pueriliter

517 1746 741 1816 scripsit
765 1764 779 1802 :
816 1747 1067 1815 Explicit,
1100 1748 1356 1819 ea'pliceat
1385 1764 1405 1802 :
1437 1747 1614 1800 ludere
1633 1746 1857 1814 scriptor
1884 1752 1987 1798 eat.
2012 1743 2123 1797 Ma-

522 1854 626 1908 gna
657 1840 825 1894 etiam
855 1850 940 1895 est
967 1839 1220 1895 codicum
1266 1841 1410 1894 inter
1440 1854 1502 1895 se
1524 1838 1899 1909 discrepantia
1929 1838 1980 1892 in
2009 1852 2129 1891 ver-

521 1929 608 1984 bis
633 1931 852 2000 odopto,
897 1932 1083 1997 adoro,
1128 1931 1350 1995 adorna,
1380 1931 1576 2001 adopto
1617 1927 2043 1993 commutandis,
2072 1935 2132 1983 ttt

520 2030 654 2075 noto
681 2021 747 2075 ad
783 2022 818 2074 l.
851 2037 932 2088 ιιι,
965 2038 1016 2075 v.
1046 2021 1177 2088 294,
1210 2030 1262 2077 et
1301 2022 1368 2075 ad
1413 2020 1552 2091 eleg.
1588 2036 1640 2074 ν.
1676 2021 1766 2076 3|.
1793 2021 1926 2088 Quae
1949 2030 2128 2076 tamen

520 2128 666 2184 sape
712 2128 746 2168 a
800 2113 1201 2179 collatoribus,
1260 2124 1354 2169 aut
1412 2113 1709 2168 lectoribus
1762 2128 1863 2184 pro
1916 2112 2131 2169 diversa

522 2206 956 2276 uniuscujusque
988 2207 1042 2262 in
1091 2207 1258 2263 rebus
1304 2206 1626 2276 tltcologieis
1672 2206 1933 2277 opinione
1972 2207 2132 2263 aliter

522 2300 795 2369 rescripta
820 2309 971 2366 sunt,
1005 2315 1167 2371 quam
1198 2310 1392 2356 auctor
1422 2300 1675 2355 voluerit.

598 2393 722 2449 196.
764 2393 897 2461 Quae
927 2392 1060 2448 mihi
1104 2406 1251 2447 nunc
1289 2407 1414 2449 sese
1441 2392 1662 2448 occasio
1683 2390 1867 2460 oﬂ‘ert,
1901 2400 1958 2446 ut
1986 2391 2131 2462 quod

519 2500 683 2556 supra
734 2502 792 2540 ιι.
831 2484 932 2541 160
965 2484 1241 2555 pollicitus
1280 2500 1424 2552 sum,
1462 2482 1771 2539 uberiorem
1818 2496 2130 2537 sermonem

522 2578 808 2635 instituam
838 2576 908 2632 de
934 2587 1173 2642 vetusto,
1207 2586 1264 2632 et
1288 2576 1651 2631 celeberrimo
1674 2575 1861 2631 codice
1889 2576 1946 2632 S.
1982 2574 2131 2631 llila-

524 2670 596 2727 rii
640 2672 691 2726 in
735 2669 1027 2725 'l‘abulario
1059 2669 1304 2725 Basilica:
1344 2667 1619 2724 Vaticana:
1639 2678 1943 2735 asservato,
1972 2683 2132 2739 quem

444 2766 451 2773 “
525 2765 644 2838 ipse
677 2763 914 2833 inspexi,
950 2772 1002 2818 et
1026 2764 1076 2817 in
1108 2778 1218 2834 quo
1247 2772 1477 2834 apparet
1516 2777 1660 2818 nunc
1680 2762 1905 2817 verbum
1945 2762 2133 2815 adora.

521 2869 631 2926 tur,
670 2874 798 2915 cum
824 2869 981 2915 antea
1035 2857 1286 2913 videatur
1334 2856 1504 2913 fuisse
1551 2856 1850 2929 adoptatur.
1904 2856 2011 2910 Res
2061 2856 2133 2910 ita

529 2951 661 3007 mihi
694 2961 917 3006 narrata
942 2950 1140 3014 fuerat,
1172 2949 1331 3021 quasi
1361 2949 1529 3005 certis
1563 2949 1671 3003 ime
1702 2957 2002 3017 constaret,
2032 2949 2136 3003 sub

517 3042 736 3099 initium
768 3041 933 3112 hujus
958 3041 1145 3096 saeculi
1175 3041 1426 3096 codicem
1457 3039 1628 3095 fuisse
1657 3052 1998 3109 corruptum.
2033 3040 2135 3097 Le-

2143 328 2196 387 Α
2222 323 2343 377 tiori
2361 330 2673 389 atramento,
2699 331 2749 376 et
2767 322 3048 376 dicersoab
3065 336 3148 387 eo,
3172 336 3274 391 quo
3293 321 3522 390 scriptus
3542 330 3619 376 est
3641 322 3823 391 codex,

2222 425 2270 471 et
2291 415 2694 488 chirographum
2715 416 3098 485 supradictum,
3117 415 3444 489 superposita
3464 428 3539 471 est
3564 416 3741 472 littera
3754 417 3825 485 Β,

2220 524 2376 576 quam
2438 508 2663 563 litteram
2728 510 3067 565 recentiorem
3114 519 3407 586 sequuntur
3454 510 3577 566 duo
3615 510 3832 583 syllaba

2223 602 2408 669 prima:
2451 618 2656 667 manus,
2685 601 2742 654 id
2766 613 2838 658 est
2862 646 2878 671 ,
2925 617 3089 671 non,
3130 618 3355 675 quorum
3384 602 3559 658 littera
3584 605 3760 670 prima
3785 605 3833 659 Α

2224 708 2289 747 ea;
2303 704 2450 765 parte
2471 705 2547 749 est
2569 693 2706 748 illita
2731 695 2912 750 eodem
2931 695 3205 751 recentiori
3234 705 3547 764 atrantento,
3569 704 3623 754 et
3658 701 3835 769 refor-

2226 797 2365 839 mata
2394 801 2413 840 :
2432 787 2573 857 quod
2604 787 2990 844 euidentissime
3009 801 3253 859 apparet.
3287 788 3371 844 Ex
3401 788 3489 845 his
3521 790 3662 846 nihil
3686 792 3837 848 aliud

2224 877 2489 947 colligere
2512 879 2660 946 licet,
2686 878 2793 935 nisi
2821 880 3057 936 litteram
3088 881 3137 937 R
3166 882 3528 939 recentiorem
3560 899 3685 939 esse
3704 883 3841 939 cha.

2228 978 2441 1026 ractere
2470 972 2651 1042 primo
2674 972 2901 1039 codicis,
2929 981 2986 1029 et
3006 972 3382 1047 chirographi,
3428 976 3548 1034 sive
3585 978 3841 1035 subscri-

2227 1061 2433 1133 ptionis
2463 1064 2746 1134 cujusdam
2775 1065 3029 1135 studiosi,
3054 1066 3146 1137 qui
3167 1068 3415 1124 codicem
3444 1084 3507 1126 se
3534 1071 3843 1129 contuli-se

2224 1154 2302 1208 ait
2331 1170 2477 1209 anno
2498 1155 2718 1212 decimo
2746 1169 2946 1229 quarto
2971 1159 3331 1216 Trasamundi
3355 1161 3524 1233 regis,
3554 1162 3674 1220 sive
3690 1178 3842 1219 anno

2227 1246 2420 1303 salutis
2450 1247 2577 1304 510.
2611 1248 2795 1321 Neque
2834 1265 3117 1320 censeres,
3148 1268 3178 1306 a
3209 1252 3269 1307 P.
3304 1252 3367 1308 D.
3402 1254 3702 1311 Guillelmo
3730 1254 3842 1312 La-

2229 1353 2391 1408 parre
2419 1338 2784 1396 Procuratore
2815 1341 3071 1399 Generali
3114 1342 3486 1401 Maurinorum
3528 1350 3733 1418 rogati,
3779 1356 3848 1405 ut

2223 1432 2490 1501 judicium
2504 1450 2665 1490 suum
2681 1437 3015 1508 proferrent,
3033 1439 3194 1496 ullam
3208 1441 3297 1496 vel
3311 1439 3642 1499 levissimam
3656 1442 3847 1515 suspi-

2229 1527 2441 1581 cionem
2472 1526 2541 1582 de
2565 1528 2943 1586 recentissima
2995 1533 3347 1602 corruptione
3379 1534 3590 1591 codicis
3635 1536 3849 1592 indica-

2229 1626 2375 1672 runt.
2407 1616 2564 1675 Unde
2593 1634 2722 1690 ergo
2748 1637 2937 1677 rumor
2964 1623 3081 1687 ille,
3113 1632 3173 1681 et
3202 1624 3399 1681 labella
3422 1624 3491 1682 de
3512 1626 3708 1685 codice
3734 1628 3847 1684 Va-

2152 1709 2421 1770 Bticautc
2474 1712 2714 1768 basilica:
2773 1716 3155 1772 recentissime
3219 1718 3529 1776 adulterata
3570 1722 3848 1792 originem

2235 1799 2439 1858 habere
2467 1804 2675 1874 powit?
2707 1804 2824 1861 Non
2854 1805 3073 1863 aliunde
3099 1823 3278 1878 certe,
3304 1811 3406 1866 nisi
3432 1827 3503 1869 ex
3540 1812 3733 1870 Diario
3761 1814 3857 1871 lit-

2234 1903 2532 1952 teratorum
2562 1897 2735 1953 Italia:
2766 1899 3010 1957 Veuetiis
3041 1902 3203 1966 1716,
3241 1914 3376 1960 tom.
3405 1920 3570 1973 nm,
3602 1919 3713 1963 art.
3749 1910 3848 1979 15,

2234 1988 2324 2045 ubi
2355 1992 2676 2048 enuntiatur
2705 1992 2843 2050 liber
2864 1993 3190 2064 Constantii,
3230 1997 3484 2054 Vindicio:
3510 2010 3746 2056 ceterum
3772 2019 3859 2059 co-

2233 2082 2405 2138 dicum
2437 2085 2779 2155 conﬁrmata}.
2827 2087 2904 2143 ita
2951 2105 3094 2145 enim
3126 2090 3201 2147 ibi
3254 2092 3374 2164 lego
3395 2094 3465 2149 de
3516 2098 3859 2154 censoribus

2234 2175 2552 2247 deputatis:
2587 2180 2963 2250 Ritrovarono,
2999 2182 3092 2239 clte
3121 2200 3571 2255 RECENTEIENTE,
3609 2206 3641 2245 e
3668 2206 3857 2248 nomo

2235 2286 2287 2326 nt
2320 2287 2522 2329 russco
2548 2291 2635 2345 erg
2663 2286 2796 2330 stato
2817 2275 3131 2346 adulterata,
3164 2296 3193 2334 e
3226 2296 3319 2335 con
3349 2298 3547 2352 nuovo,
3573 2299 3607 2339 ε
3635 2300 3851 2342 nonsa-

2234 2380 2442 2422 NlSSllo
2470 2367 2755 2423 iucln‘ostro
2777 2372 3044 2427 ritoccato.
3080 2372 3226 2429 Bene
3248 2383 3431 2430 autem
3471 2375 3663 2443 habet,
3692 2379 3849 2449 quod

2235 2461 2424 2515 nullus
2477 2464 2631 2518 testis
2683 2464 2996 2536 allegatur.
3045 2465 3151 2522 nisi
3201 2466 3379 2537 ipsum
3432 2467 3858 2540 documentum,

2237 2555 2380 2624 quod
2424 2556 2728 2624 retulimus,
2761 2568 2814 2613 et
2847 2573 2914 2613 ex
2934 2573 3044 2630 quo
3073 2560 3347 2617 calumnia
3378 2561 3541 2633 plane
3564 2565 3862 2622 convinci-

2239 2653 2349 2700 tur.
2375 2646 2698 2705 Incredibile
2721 2657 2902 2706 autetn
2933 2661 3041 2720 εει,
3069 2667 3231 2723 quam
3287 2655 3470 2726 inepte
3495 2663 3695 2712 auctor
3737 2658 3861 2728 ejus

2239 2738 2455 2794 articuli
2514 2744 2671 2814 111
2732 2743 3016 2799 mendacia
3075 2745 3376 2817 conlingat.
3429 2746 3499 2805 Ut
3549 2751 3696 2804 enim
3750 2752 3859 2806 alia

2241 2833 2514 2901 omittam,
2554 2837 2758 2902 primas
2790 2834 3066 2891 Viudieias
3094 2836 3341 2894 codicum
3371 2853 3502 2894 mss.
3528 2856 3557 2892 a
3580 2841 3860 2898 Constan-

2238 2930 2316 2979 tio
2346 2940 2489 2979 anno
2522 2923 2660 2983 1706
2689 2926 2864 2983 editas
2902 2940 3297 2986 commemorat
3327 2948 3339 2984 :
3373 2941 3482 2987 tum
3528 2928 3724 3000 refert,
3757 2949 3856 2992 eo-

2239 3016 2416 3074 dicem
2441 3017 2719 3075 Vaticana:
2751 3020 3044 3076 basilicam
3077 3031 3231 3093 patte
3262 3022 3483 3084 Tellicr.
3521 3037 3579 3080 ut
3612 3026 3857 3085 Germoo

522 3149 716 3206 geram
746 3102 910 3188 etiam
942 3132 997 3186 in
1035 3131 1153 3186 Vita
1185 3148 1310 3186 vett.
1354 3128 1662 3185 Cardiualis
1707 3102 1984 3186 Tltoiuasii
2016 3147 2044 3186 a
2076 3148 2130 3186 ν.
2160 3102 2205 3166 C
2240 3111 2341 3206 “i9
2363 3120 2848 3206 mmemsencreh
2883 3111 3239 3170 Ob-‘crvamm
3288 3114 3456 3172 fuisse
3498 3115 3858 3175 hebdomadi!

523 3239 575 3281 c.
607 3225 846 3279 Antonio
877 3223 1174 3279 Francisco
1207 3223 1469 3279 Vezzodo
1510 3224 1816 3292 conscripta
1840 3265 1855 3289 ,
1887 3234 1943 3280 et
1970 3224 2133 3279 lust’—

524 3317 831 3371 tutiouihus
856 3315 1340 3385 theologicisvcn.
1363 3315 1646 3371 Tltomasii
1680 3310 1985 3385 prmmissa,
2014 3316 2134 3386 plu-

526 3426 617 3468 res
649 3411 817 3466 fuisse
845 3425 1111 3466 censores
1139 3409 1229 3467 die
1261 3411 1326 3467 15
1359 3410 1671 3467 decembris
1697 3425 1843 3465 anno
1875 3411 2012 3467 1707
2037 3411 2133 3468 de-

523 3514 747 3579 putatos
776 3506 845 3562 ad
880 3505 1283 3575 inspiciendum
1315 3507 1588 3574 codicem,
1612 3514 1669 3563 et
1698 3507 1839 3562 inter
1870 3506 1971 3563 hos
2000 3524 2129 3564 ven.

520 3599 897 3656 Thomasium.
930 3598 1008 3654 Hi
1037 3615 1236 3666 omnes,
1267 3598 1419 3654 addit
1445 3598 1741 3655 Venosius
1772 3616 1825 3653 n.
1858 3600 1951 3668 57,
1984 3600 2131 3655 codi-

520 3711 630 3750 cem
659 3701 971 3749 comitentur
1001 3691 1417 3764 diligentissime,
1462 3701 1772 3763 agnoscunt,
1822 3697 2128 3762 fatenturvc,

521 3805 624 3843 non
648 3786 802 3841 modo
824 3793 1105 3851 recentem,
1126 3784 1217 3838 sed
1246 3783 1441 3839 REGE
1448 3783 1498 3838 Ν
1504 3783 1707 3842 TISSI
1714 3784 1768 3838 Μ
1776 3784 1823 3840 U
1830 3785 1882 3838 Μ
1914 3802 2025 3841 esse
2044 3803 2133 3841 νο-

517 3882 590 3934 cis
614 3875 1059 3933 ADOPTATUR
1094 3886 1474 3949 corruptorem.
1519 3877 1645 3932 Rem
1674 3877 1993 3944 describunt,
2019 3887 2126 3935 etc.

517 3971 648 4028 Han:
674 3971 881 4026 uberius
905 3980 1122 4025 exarata
1140 3972 1386 4042 leguntur
1413 3971 1467 4025 in
1493 3973 1711 4043 ipsemet
1749 3973 1946 4038 codice,
1976 3983 2132 4044 atque

516 4065 787 4120 enucleate
814 4063 1078 4135 descripta
1107 4064 1163 4118 in
1206 4062 1463 4118 Vindiciis
1494 4071 1722 4118 reterunt
1747 4066 1981 4119 codicum
2009 4082 2133 4121 con-

516 4159 739 4227 ﬁrmatis
791 4158 951 4230 11o
981 4157 1201 4213 Lutetia:
1239 4156 1571 4213 Parisiorum
1592 4157 1747 4214 editis
1795 4176 1935 4215 anno
1968 4160 2127 4227 1115.

516 4250 653 4307 Cum
687 4253 921 4321 primum
951 4252 1202 4307 codicem
1228 4250 1360 4315 vidi,
1390 4266 1458 4307 ac
1481 4250 1667 4308 locum
1696 4252 1935 4323 inspexi,
1968 4253 2135 4310 mira-

516 4351 605 4401 tus
631 4343 791 4400 valde
814 4358 957 4414 sum,
990 4346 1083 4416 qui
1115 4360 1376 4401 censores
1402 4345 1648 4410 deputati
1667 4345 1918 4417 judicare
1946 4357 2135 4417 potue-

516 4442 650 4507 rint,
682 4446 1070 4510 corruptorem
1127 4455 1236 4494 non
1274 4440 1451 4495 solum
1481 4448 1783 4509 recentem,
1821 4441 1917 4497 sed
1952 4458 2127 4497 recen-

2238 3204 2428 3276 majori
2458 3205 2585 3261 anni
2613 3205 2750 3262 1707
2775 3223 2789 3260 :
2826 3207 2968 3278 quod
2997 3224 3120 3263 cum
3146 3208 3267 3265 aliis
3291 3210 3652 3283 suboluisset,
3686 3214 3859 3285 depu-

2237 3298 2334 3352 tati
2359 3306 2487 3353 sunt
2511 3312 2789 3370 censores,
2814 3302 2904 3371 qui
2929 3301 2999 3357 de
3023 3300 3218 3360 codice
3239 3301 3506 3375 judicium
3533 3321 3699 3363 suum
3726 3324 3857 3379 pro-

2235 3392 2463 3459 ferrent,
2494 3410 2556 3448 ac
2600 3393 2988 3451 documentum
3040 3398 3417 3454 autlienticum
3470 3399 3540 3457 ad
3569 3401 3856 3462 Mauriuos

2236 3484 2580 3543 Parisienses
2609 3489 2837 3544 missum
2869 3488 2991 3546 fuit.

2309 3578 2435 3635 198.
2478 3577 2772 3652 Subjuugit
2802 3598 2815 3635 :
2849 3578 2900 3636 Il
2922 3579 2991 3637 P.
3027 3580 3275 3640 Constant
3317 3603 3408 3655 per
3447 3584 3755 3645 abbondare
3793 3591 3850 3647 in

2235 3672 2420 3741 caritt‘z,
2451 3690 2478 3727 e
2506 3673 2864 3730 moderazione
2895 3693 2989 3731 con
3029 3676 3066 3730 ι’
3085 3680 3412 3749 avuersario,
3444 3681 3490 3737 si
3518 3686 3767 3740 contento
3797 3685 3852 3741 di

2234 3765 2319 3837 far
2345 3765 2522 3821 cedere
2549 3765 2659 3820 τοδὶ
2702 3768 2879 3822 scritto
2909 3785 2941 3822 a
2971 3786 3126 3824 mana
3154 3768 3197 3824 il
3235 3772 3541 3830 documento
3574 3786 3737 3832 arato
3780 3778 3855 3832 da

2238 3857 2405 3914 Roma
2433 3876 2587 3914 senza
2629 3859 2920 3934 stamparlo
2950 3862 3085 3918 nelle
3129 3881 3218 3919 sue
3255 3864 3421 3938 price
3475 3866 3730 3925 Vindicie.
3781 3872 3856 3929 At

2235 3968 2339 4024 qua
2371 3951 2587 4008 ratione
2634 3954 2684 4007 in
2736 3953 2923 4023 primis
2954 3953 3223 4013 Vindiciis
3249 4000 3264 4026 ,
3296 3956 3459 4014 editis
3486 3976 3633 4017 anno
3662 3961 3850 4032 1706,

2237 4045 2587 4116 promulgare
2636 4046 2814 4116 potuit
2864 4046 3255 4105 documentum
3312 4053 3626 4110 confectum
3701 4072 3855 4115 anno

2239 4140 2413 4196 l7tl7?
2450 4140 2780 4198 Germouius
2824 4158 2969 4200 anno
3003 4143 3143 4201 1716
3173 4145 3466 4216 epistolam
3489 4147 3558 4203 ad
3589 4160 3855 4209 auctores

2240 4233 2407 4290 Diarii
2441 4235 2631 4291 Veneti
2678 4235 2910 4295 Parisiis
2958 4237 3153 4308 edidit,
3206 4256 3326 4316 qua:
3378 4240 3578 4298 inserta
3627 4260 3858 4317 quoque

2239 4331 2335 4386 luit
2369 4332 2423 4389 in
2477 4332 3292 4407 llemoriis.Trevultiensibus,
3346 4348 3402 4394 et
3450 4338 3633 4396 ltalice
3676 4341 3855 4399 etiam

2242 4420 2471 4495 prodiit,
2503 4443 2606 4497 qua
2637 4426 2964 4483 calumniam
2998 4443 3107 4485 non
3137 4436 3245 4485 tam
3276 4428 3378 4486 sibi
3404 4476 3419 4500 ,
3452 4446 3614 4502 quam
3643 4427 3856 4491 Tellie—

513 4538 772 4592 lissimum
801 4550 965 4603 esse;
1000 4550 1123 4591 nam
1152 4542 1345 4590 contra
1373 4534 1510 4590 mihi
1540 4534 1828 4591 videbatur
1856 4536 2128 4592 correctio

2237 4518 2341 4589 rio,
2375 4520 2494 4575 viro
2521 4495 2596 4575 Vin
2653 4521 2844 4592 primis
2878 4524 3049 4592 gravi,
3101 4525 3195 4596 qui
3241 4495 3507 4581 Ludorici
3551 4527 3698 4598 regis
3726 4524 3854 4587 XIV

513 4630 791 4685 recentior
819 4628 1041 4700 quidem
1070 4630 1394 4684 charactere
1424 4629 1603 4698 primo
1638 4628 1866 4695 codicis,
1898 4628 1993 4684 sed
2037 4644 2131 4687 ve-

517 4730 660 4775 tusta
693 4720 1076 4787 nihilominus,
1110 4728 1166 4775 et
1196 4718 1390 4775 multis
1417 4729 1546 4776 ante
1575 4733 1677 4775 nos
1705 4719 1921 4775 saeculis
1952 4719 2126 4789 facta,

508 4829 699 4885 neque
718 4813 1006 4870 dissimilis
1057 4813 1204 4880 aliis,
1226 4829 1350 4886 quae
1377 4814 1430 4869 in
1466 4812 1663 4869 eodem
1707 4812 1899 4870 codice
1941 4815 2129 4872 obser-

515 4916 734 4964 vantur.
758 4906 907 4979 Lego
937 4906 1100 4978 igitur
1120 4907 1390 4978 judicium
1421 4920 1711 4962 censorum
1740 4906 1792 4962 in
1821 4906 2013 4963 eodem
2038 4923 2132 4963 co-

517 5004 639 5061 dice
665 5012 974 5071 exaratum,
1010 5001 1099 5057 Vel
1135 5003 1319 5073 potius
1358 5001 1604 5057 additum
1634 5019 1646 5055 :
1675 5016 1741 5057 ac
1789 5009 1917 5056 tunc
1956 5004 2130 5074 magis

515 5097 749 5154 miratus
779 5111 899 5152 sum
926 5138 943 5163 ,
976 5109 1101 5150 cum
1141 5094 1280 5150 nihil
1320 5094 1390 5151 de
1416 5094 1765 5150 recentissimo
1803 5104 2128 5165 corruptore

517 5191 847 5257 invenerim,
881 5189 1038 5255 nihil,
1072 5189 1214 5260 quod
1247 5189 1491 5260 opinioni
1525 5188 1755 5252 meando
1782 5189 2129 5246 correctione

517 5287 739 5358 antiqua
773 5284 1185 5342 adversaretur.

592 5382 718 5437 197.
763 5382 889 5438 llaec
919 5389 1049 5436 sunt
1099 5378 1624 5446 verba'censorum,
1653 5393 1775 5449 quae
1803 5378 1967 5434 etiam
2001 5392 2127 5450 pro-

519 5473 647 5531 tulit
671 5471 1030 5529 Coustantius
1057 5473 1114 5528 in
1146 5470 1414 5528 Vindiciis
1445 5478 1701 5526 veterum
1723 5470 1971 5527 codicum
1995 5484 2127 5526 con-

520 5565 794 5622 ﬁrmatis:
844 5564 1108 5638 Originali
1152 5566 1452 5621 charactere
1495 5565 1680 5637 prima
1728 5581 1911 5620 manus
1956 5564 2127 5620 adhuc

520 5659 709 5730 legitur
758 5675 878 5725 tuo,
907 5672 953 5716 et
982 5662 1035 5713 in
1057 5662 1225 5728 spatio
1265 5660 1535 5728 interjecto
1571 5656 1799 5712 duarum
1836 5657 2127 5712 litterarum

522 5763 791 5809 erasurum
813 5753 924 5807 loco
959 5768 1136 5807 eorum
1163 5755 1269 5809 alia
1310 5767 1489 5819 manu,
1523 5750 1842 5824 ct_nigriori,
1866 5760 1914 5805 et
1953 5766 2127 5806 recen-

2237 4611 2632 4668 couscieutiam
2666 4613 2980 4671 moderatus
3010 4614 3211 4686 luerat,
3241 4618 3521 4691 magisque
3562 4618 3679 4676 suis
3707 4620 3856 4677 scri-

2239 4707 2363 4777 ptis,
2426 4715 2480 4763 et
2536 4707 2778 4777 probatis
2833 4708 3076 4765 moribus
3112 4708 3469 4779 inclaruerat,
3519 4710 3848 4770 intentatam

2238 4813 2461 4861 strenue
2529 4803 2790 4860 retundit.
2863 4802 3156 4872 Alﬁruzat,
3217 4803 3537 4863 Tellierium
3591 4806 3847 4865 wdicem

2238 4897 2299 4954 S.
2346 4896 2537 4953 llilarii
2588 4896 2930 4970 inspexisse,
2991 4899 3354 4970 praesentibus
3404 4899 3851 4959 eminentissimo

2237 4992 2571 5052 Gozzadiuio
2621 5003 2749 5050 tunc
2809 4993 3070 5065 praelecto
3112 4992 3355 5050 Arcliivii
3400 4993 3643 5051 basilica:
3695 4992 3851 5052 Vati-

2231 5103 2381 5145 cana:
2446 5097 2501 5145 et
2569 5084 2871 5159 Zaccaguio
2928 5085 3188 5159 priel'ecto
3259 5084 3611 5145 bibliotheca:
3693 5084 3850 5144 Vati-

2229 5195 2402 5236 catur.
2426 5176 3030 5245 0hscrvat,’l‘ellierium
3055 5178 3288 5250 primttm
3313 5177 3558 5235 omnium
3589 5177 3847 5236 animad-

2231 5274 2488 5335 vertisse.
2543 5281 2599 5328 et
2628 5272 2824 5328 litteris
2850 5273 2917 5328 ad
2963 5274 3138 5343 ipsum
3179 5271 3537 5330 Germouium
3576 5272 3723 5335 datis
3774 5272 3847 5331 i9

2238 5367 2441 5437 Aprilis
2473 5366 2611 5422 1707
2640 5377 2823 5422 notam
2853 5363 3051 5425 fecisse
3097 5364 3494 5425 correctionem
3522 5366 3678 5425 verbi
3706 5366 3844 5423 ado-

2236 5470 2384 5515 ratur
2428 5474 2494 5517 ex
2538 5458 2844 5527 adoptatur.

2311 5552 2436 5609 199.
2481 5549 2646 5607 Addit
2671 5592 2685 5615 ,
2720 5566 2829 5608 non
2875 5567 3036 5623 posse
3070 5555 3337 5613 rationem
3378 5550 3713 5626 excogitari,
3743 5568 3844 5610 cur

2235 5645 2528 5703 Tellicrius
2558 5645 2805 5702 codicem
2827 5658 3197 5719 corrumpezel
3224 5693 3239 5718 ,
3275 5647 3378 5705 nisi
3408 5656 3466 5704 ιιι
3493 5663 3561 5704 ex
3593 5662 3661 5703 eo
3686 5661 3837 5703 com-

2235 5739 2456 5797 modum
2490 5738 2705 5810 aliqrod
2758 5738 3084 5801 Gcrmonius
3127 5750 3509 5818 assequerctur
3549 5756 3566 5801 ε
3627 5736 3840 5798 nullum
