4086 6184
341 250 448 306 517

1709 240 2251 313 PROLEGOIENA.

3543 245 3654 305 518

334 377 519 423 autem
548 363 894 422 commodum
920 362 1275 420 Germanium
1298 361 1513 432 assequi
1562 374 1723 430 posse
1760 375 1827 414 ex
1859 359 1938 413 lo-
1964 363 2016 424 Α
2043 359 2216 414 solum
2238 366 2392 414 certo
2414 356 2595 428 colligi
2621 364 2821 427 potest,
2853 357 3094 414 Felicem
3118 359 3277 416 aliter
3302 361 3548 432 Patrum,
3592 377 3649 423 et

332 476 418 525 co,
445 474 609 530 quem
631 455 921 513 Tellierius
942 456 1299 527 depravatum
1342 455 1701 518 demonstrat,
1730 461 1782 508 et
1806 451 1942 509 Ger-

334 552 552 607 menius
569 551 686 619 ipse
705 550 916 620 primus
929 548 1173 603 omnium
1196 548 1336 619 typis
1360 546 1596 617 vulgavit
1618 546 1690 600 ita
1717 560 1941 612 corrup-

335 656 449 702 tutn
476 643 731 713 reperiri.
759 643 1000 712 Denique
1021 657 1087 696 ex
1117 641 1599 710 ipsttdocumento,
1625 639 1769 710 qttod
1800 639 1944 693 Con-

337 739 571 796 stantius
601 735 958 808 produxerat,
988 746 1177 804 aperte
1206 737 1427 797 evincit.
1461 735 1788 792 calumniam
1819 748 1941 791 esse

337 846 605 899 asserere,
620 843 901 897 censores,
919 828 1326 900 pronuntiasse,
1340 836 1718 893 corruptorem
1734 826 1941 884 codicis

332 923 745 981 recentissimum
772 936 915 978 esse.
952 921 1061 978 Sed
1103 936 1133 976 a
1177 922 1385 986 multis,
1418 930 1475 975 ut
1503 921 1636 987 dixi,
1668 919 1850 976 adhuc
1875 936 1938 976 ea

327 1016 513 1073 fabula
547 1021 853 1080 narrratnr,
885 1022 941 1069 et
970 1013 1025 1068 in
1057 1014 1355 1083 exemplari
1394 1013 1767 1068 Vindiciarum
1803 1028 1933 1068 coa-

329 1109 670 1166 ﬁrmatarum
699 1107 1028 1175 Constantii,
1056 1108 1201 1178 quod
1245 1109 1297 1162 in
1332 1108 1660 1163 bibliotheca
1704 1107 1939 1164 Casana-

328 1203 474 1260 tensi
503 1208 841 1262 asservatnr.
893 1216 1057 1255 manu
1112 1215 1218 1255 non
1269 1199 1341 1254 ita
1390 1201 1594 1255 recenti
1639 1201 1936 1269 ascriptum

326 1297 561 1368 margini
594 1303 731 1366 part.
768 1311 850 1364 ιιι,
902 1309 1025 1364 cap.
1072 1292 1129 1361 5,
1176 1293 1244 1349 ad
1275 1294 1467 1364 verba,
1499 1294 1669 1348 uirum
1698 1294 1937 1348 doctissi-

325 1410 469 1449 mum
485 1390 736 1461 reperio:
762 1387 830 1444 Id
845 1397 939 1457 est,
960 1386 1028 1442 P.
1056 1386 1126 1443 Le
1144 1387 1335 1443 Tellier
1362 1385 1639 1452 Jcsnitam,
1666 1389 1821 1459 112
1848 1386 1937 1453 qui

322 1493 536 1559 putatur
550 1482 771 1556 falsasse
785 1480 924 1536 hunc
952 1481 1145 1536 locum.
1170 1479 1238 1536 Ut
1258 1488 1439 1535 autem
1469 1488 1676 1549 pateat.
1696 1494 1857 1544 quam
1882 1476 1932 1533 id

323 1576 394 1631 sit
417 1575 636 1638 talium,
671 1586 786 1630 rem
806 1571 877 1627 ab
906 1570 1117 1644 origine
1150 1578 1412 1642 repetam,
1437 1581 1494 1625 et
1521 1570 1767 1640 quaedam
1791 1586 1821 1624 a
1848 1586 1933 1624 me

323 1669 613 1725 observata
669 1667 984 1737 adiungam.
1046 1663 1197 1722 Felix
1257 1664 1604 1734 Urgeltanus
1674 1662 1928 1719 haeresim

2046 451 2367 505 nominatim
2410 448 2596 504 Hilarii
2651 449 2815 504 verba
2850 449 3143 520 allegasse,
3194 468 3357 521 quam
3414 455 3468 509 in
3516 472 3651 513 mss.

2044 543 2448 611 exemplaribus
2493 550 2797 609 exstarent,
2833 558 2943 597 non
2989 554 3173 599 autem
3227 545 3374 613 ipsos
3424 547 3649 609 codices

2042 635 2379 704 corrupisse.
2409 634 2516 690 Sed
2561 650 2683 689 cum
2730 636 2800 689 ab
2843 635 3084 691 Alcuino
3107 636 3174 692 de
3217 638 3338 694 loco
3377 640 3438 697 S.
3464 641 3656 699 Hilarii

2044 737 2353 796 urgeretur,
2380 726 2720 781 simillimum
2750 743 2879 783 vero
2911 737 3017 793 est,
3047 745 3171 785 eum
3203 738 3447 788 tentasse
3477 734 3528 787 in
3554 735 3653 790 ali-

2042 834 2152 889 quo
2176 818 2389 886 codice,
2420 819 2473 874 in
2506 835 2612 889 quo
2661 820 2941 889 legeretur
2972 821 3249 891 adoratur,
3305 825 3653 885 substituere

2040 912 2342 980 adoptatur.
2374 910 2788 978 Nonnumquam
2822 913 2977 966 etiam
3007 912 3108 981 (ait
3154 916 3220 968 de
3253 914 3530 972 haereticis
3556 916 3651 973 lsi-

2038 1003 2211 1059 dorus
2239 1004 2274 1059 l.
2317 1020 2397 1069 ιιι,
2428 1004 2678 1060 Senteut.
2729 1019 2851 1074 cap.
2888 1004 2991 1079 12),
3021 1004 3372 1078 blasphemias
3401 1025 3525 1064 suas
3573 1010 3651 1066 la-

2040 1097 2171 1150 tenti
2197 1095 2319 1149 dolo
2347 1097 2399 1150 in
2434 1096 2578 1151 libris
2626 1107 2925 1151 nostrorum
2965 1099 3225 1167 inserunt,
3253 1100 3648 1174 doctrinamque

2039 1203 2213 1242 veram
2226 1187 2575 1242 adulterando
2598 1199 2944 1259 corrumpunt
2968 1207 2987 1245 :
3003 1189 3202 1246 scilicet
3224 1193 3299 1247 rel
3323 1192 3646 1266 adjicienda,

2038 1280 2332 1353 quaintpia
2361 1292 2500 1347 sunt,
2534 1282 2612 1337 rel
2640 1284 2955 1354 auferendo,
2985 1301 3101 1355 qui?
3131 1287 3221 1355 pia
3248 1298 3391 1342 sunt.
3421 1287 3478 1343 Id
3511 1304 3643 1359 ergo

2038 1383 2144 1440 est,
2169 1373 2318 1443 quod
2355 1372 2653 1429 Hincmaro
2700 1377 2947 1431 narranti
2980 1376 3048 1433 de
3076 1375 3259 1435 Felice
3309 1379 3535 1436 credere
3562 1396 3645 1437 rc-

2040 1465 2156 1518 nuit
2180 1463 2559 1535 Constantius,
2585 1469 2834 1539 quamvis
2865 1479 2940 1525 tot
2972 1472 3087 1526 sint
3108 1471 3346 1541 adjecta,
3368 1488 3494 1545 qua:
3518 1490 3639 1529 nar-

2038 1559 2309 1615 rationem
2356 1563 2708 1618 caulirmettt.

2109 1654 2237 1711 205.
2282 1655 2611 1712 Hincmarus
2666 1658 2718 1711 in
2750 1672 2918 1728 apere
2969 1657 3037 1715 de
3077 1676 3183 1716 non
3244 1661 3385 1717 trina
3431 1661 3640 1718 dcilale

321 1778 502 1829 suam,
527 1760 799 1818 Christum
831 1775 953 1815 esse
972 1756 1140 1812 lilium
1170 1757 1259 1811 Dei
1292 1755 1633 1825 adeptivum,
1658 1772 1778 1810 cum
1808 1755 1928 1810 aliis
1958 1749 2008 1809 B
2034 1747 2299 1804 adversus
2321 1749 2746 1807 Gutltescalcum
2778 1753 3104 1809 tnnnacltutn
3137 1754 3214 1810 sic
3237 1764 3469 1813 testatur
3500 1775 3512 1811 :
3541 1758 3646 1814 Fe-

318 1854 654 1913 teSIitnoniis
680 1854 926 1917 Patrum,
963 1864 1074 1907 tum
1110 1853 1210 1907 hoc
1233 1851 1292 1908 S.
1329 1850 1521 1905 Hilarii
1557 1849 1592 1904 Ι.
1629 1866 1669 1904 ιι
1701 1849 1770 1905 de
1810 1848 1932 1903 'l‘ri-

318 1953 422 2007 nit.
452 1964 504 2005 c.
537 1948 607 2004 i7
633 1946 900 2018 probabat
934 1944 1133 2001 :Aliud
1163 1942 1493 2015 intelligitur,
1528 1941 1672 1997 aliud
1702 1940 1926 2008 videtur,

317 2042 467 2098 aliud
512 2041 700 2107 oculis,
747 2040 894 2094 aliud
938 2040 1114 2093 animo
1156 2036 1494 2109 conspicitur.
1542 2031 1693 2088 Parit
1747 2031 1927 2104 Virgo,
1971 2094 1976 2099 _

316 2149 506 2211 partus
532 2152 564 2192 a
595 2133 706 2189 Deo
733 2140 807 2188 est
841 2148 861 2187 :
895 2132 1069 2202 iulans
1099 2131 1257 2203 vagit,
1299 2127 1569 2184 laudantes
1615 2126 1786 2196 angeli
1827 2142 1924 2180 au-

317 2234 537 2288 diuntur
562 2247 581 2286 :
612 2230 773 2302 panni
803 2228 1040 2294 sordent,
1073 2225 1213 2282 Deus
1240 2225 1510 2279 adoratur.
1545 2220 1630 2277 Ita
1650 2220 1928 2294 'potestatis

317 2326 554 2398 dignitas
614 2341 717 2379 non
765 2324 1043 2388 amittitur,
1095 2321 1218 2375 dum
1263 2318 1433 2372 carnis
1480 2314 1747 2371 humilitas
1795 2314 1895 2368 ado

315 2428 523 2493 ptatur.

393 2513 525 2569 9.00.
567 2511 756 2568 Patres
812 2511 1029 2566 concilii
1094 2503 1601 2564 Francol’ordiens‘ts
1664 2503 1928 2560 adversus

315 2605 676 2680 Elipandum,
708 2617 764 2661 et
808 2601 1048 2660 Felicem
1084 2602 1427 2673 obiecerunt,
1461 2614 1561 2656 eos
1602 2596 1929 2654 testimoniis

312 2703 543 2761 Patrum
573 2701 845 2772 corruptis
870 2699 1059 2755 dolose
1081 2698 1228 2753 abuti
1254 2714 1269 2752 :
1298 2694 1405 2753 Sed
1426 2704 1627 2767 tempus
1655 2700 1749 2759 est,
1780 2703 1835 2746 ut
1858 2690 1927 2746 ad

315 2794 676 2853 discutiendos
730 2810 911 2849 sensus
963 2790 1124 2847 libelli
1162 2790 1317 2845 vestri
1365 2789 1633 2843 ueniamus
1663 2831 1677 2855 ,
1722 2786 1775 2839 in
1825 2799 1927 2855 quo

310 2901 622 2948 sanctorum
646 2886 879 2960 ,Patrum
924 2904 1015 2957 per
1046 2887 1160 2941 loca
1191 2882 1480 2939 testimonia
1518 2881 1808 2936 invenimus
1836 2894 1928 2948 po-

314 2986 443 3053 sita,
465 2984 558 3040 sed
578 2982 735 3039 mala:
760 2982 995 3054 perﬁdiw
1024 2996 1215 3035 veneno
1245 2989 1513 3049 corrupta,
1536 2986 1585 3031 et
1613 2977 1748 3030 inter
1773 2974 1927 3044 ﬂores

315 3080 698 3152 pulcherrimos
749 3077 899 3147 ﬁdei__
926 3076 1195 3129 catholica:
1240 3073 1495 3146 anguinos
1541 3070 1734 3126 erroris
1775 3067 1927 3123 vestri

2034 1839 2111 1893 lia:
2142 1838 2463 1913 Orgelitanw
2489 1847 2753 1915 quondam
2778 1846 3005 1900 ciuitatis
3031 1849 3306 1919 episcopus
3357 1851 3562 1921 infelix,
3589 1852 3642 1907 in

2037 1930 2174 1987 libro
2203 1933 2340 1988 beati
2382 1932 2607 2003 Hilarii,
2650 1936 2738 1990 ubi
2787 1936 2928 1991 idem
2956 1950 3167 1993 sanctus
3196 1941 3422 2006 dixerat,
3450 1956 3639 1997 cannis

2035 2040 2321 2082 ιιιιιιιιιτΑς
2362 2043 2674 2097 nonanus,
2706 2041 2935 2099 tempore
2974 2029 3153 2086 Caroli
3182 2032 3364 2107 Magni
3406 2036 3640 2107 impera-

2032 2120 2159 2173 toris
2176 2136 2533 2194 qnoscumque
2555 2122 2675 2177 Itinc
2702 2123 2906 2178 codices
2935 2126 3173 2197 arripere
3204 2130 3395 2199 potuit,
3444 2130 3498 2183 in
3529 2147 3637 2185 om-

2033 2212 2182 2267 nibus
2203 2215 2539 2282 adulterabit,
2554 2230 2743 2271 CARNIS
2761 2232 3055 2273 nouimus
3078 2234 3418 2287 suasurus,
3446 2231 3501 2276 ut
3521 2225 3641 2293 quia

2030 2322 2123 2378 per
2144 2306 2406 2361 veritatem
2434 2324 2540 2362 non
2571 2318 2795 2379 poterat,
2828 2310 2892 2364 de
2915 2309 3187 2365 mendacio
3208 2329 3358 2366 suam
3381 2313 3639 2386 astipula-

2032 2410 2179 2455 retur
2199 2403 2530 2456 sententiam.

2102 2493 2230 2549 204.
2261 2492 2476 2550 Rursus
2511 2495 2835 2551 Hincmarus
2884 2513 2998 2552 rem
3041 2498 3292 2554 eamdem
3342 2509 3551 2570 narrat,
3576 2518 3640 2557 ac

2029 2586 2391 2657 gravissimos
2453 2596 2621 2643 testes
2651 2588 2876 2645 exhibet
2939 2590 2990 2645 in
3028 2591 3242 2660 praefat.
3301 2603 3518 2651 tractat.
3572 2596 3640 2653 de

2033 2680 2412 2751 praedestinat.
2439 2700 2453 2737 :
2483 2682 2631 2738 Sicut
2658 2683 2914 2754 ipsorum,
2939 2685 3026 2753 qui
3045 2688 3400 2758 interfuerunt
3421 2693 3644 2747 concil.'o

2032 2770 2515 2846 (Aquisgranensi)
2561 2776 2812 2831 relatione
2846 2777 3126 2833 didicimus
3150 2821 3167 2849 ,
3210 2786 3468 2847 quomodo
3509 2785 3640 2839 dirae

2032 2867 2290 2921 memoria:
2317 2866 2553 2923 Donmus
2583 2868 2803 2924 Carolus
2850 2867 3103 2938 Felicem,
3135 2874 3397 2944 infelicent
3423 2876 3632 2949 Orgeli.

2031 2967 2167 3014 tam:
2194 2961 2422 3015 ciuitatis
2451 2961 2773 3035 episcopum,
2807 2964 3049 3035 synodali
3081 2964 3287 3022 decreto
3340 2969 3641 3025 Itwreticum

2030 3054 2404 3125 comprobavit,
2457 3065 2610 3124 atque
2657 3054 2961 3109 damnatum
3019 3060 3288 3131 comperit,
3332 3062 3489 3116 etiam
3518 3065 3644 3117 reri-

314 3142 493 3227 dentes
524 3173 765 3226 insertos.
791 3166 1052 3223 Tacuistis
1095 3142 1327 3222 nominav
1353 3167 1622 3229 librorum,
1656 3174 1708 3219 et
1751 3180 1929 3217 nume-

2036 3159 2173 3203 ctum
2212 3149 2429 3215 invenit,
2473 3151 2595 3222 quia
2625 3159 2873 3220 corrupto
2904 3153 3201 3207 muneribus
3218 3156 3432 3228 juniore
3458 3156 3641 3212 biblio-

315 3281 438 3319 rum
461 3262 833 3334 capitulorum,
858 3270 909 3315 ut
932 3261 1017 3331 dif
1015 3260 1205 3330 [icilius
1232 3276 1380 3314 error
1401 3267 1562 3312 uester
1596 3256 1930 3327 investigare-

316 3366 404 3413 tur
434 3374 453 3412 :
480 3365 530 3412 et
559 3373 623 3411 ea:
650 3356 744 3410 hoc
766 3354 877 3409 solo
906 3353 1235 3426 perspicuum
1283 3359 1377 3410 est.
1407 3367 1607 3406 errasse
1637 3365 1722 3403 vos
1748 3348 1928 3402 rolun-

317 3451 471 3505 tarie.
508 3449 578 3505 Et
610 3456 795 3520 postea
829 3465 842 3501 :
885 3443 953 3501 Et
986 3446 1296 3507 invenimus,
1328 3446 1463 3499 sicut
1489 3452 1537 3498 et
1563 3452 1680 3497 ante
1717 3439 1929 3515 praefati

312 3560 493 3599 sumus
512 3585 527 3607 ,
557 3541 836 3597 certissime
876 3558 962 3595 vos
997 3540 1211 3596 illorum
1251 3537 1573 3593 sanctissima
1599 3537 1793 3606 scripta
1821 3534 1928 3590 lue-

320 3638 498 3691 reticre
550 3635 822 3708 pravitatis
872 3649 1062 3688 veneno
1115 3631 1378 3703 infecisse,
1415 3640 1462 3684 et
1514 3638 1926 3684 iurassenmsss

315 3732 496 3800 verba,
530 3746 645 3801 quae
665 3745 919 3800 nusquam
945 3726 997 3780 in
1026 3741 1205 3781 eorum
1235 3725 1452 3797 legimus
1482 3723 1648 3776 libris.

388 3823 524 3880 20L
568 3822 831 3895 Egregius
861 3818 1114 3875 catbolici
1154 3817 1424 3890 dogmatis
1454 3813 1706 3871 defensor
1734 3821 1925 3869 contra

311 3916 563 3974 Felicem
593 3917 811 3986 vigebat
851 3923 978 3969 tunc
1024 3911 1310 3979 Alcuinus,
1357 3910 1447 3977 qui
1482 3909 1630 3963 illum
1683 3907 1717 3960 1.
1752 3921 1803 3961 vr
1845 3904 1925 3960 sic

310 4012 624 4067 insectatur
650 4028 664 4064 :
701 4008 925 4079 Insuper
951 4015 998 4061 et
1021 4004 1257 4078 qutedam
1284 4002 1589 4057 calliditatis
1618 4009 1721 4055 tua:
1748 3999 1924 4068 nequi-

308 4108 389 4160 tia
412 4101 697 4169 subtrahis;
734 4117 851 4174 quia
897 4111 1039 4154 luant
1095 4098 1331 4155 haeresim
1373 4096 1622 4149 damnare
1662 4093 1922 4147 uidentur.

312 4196 579 4267 Qua'datn
601 4211 723 4250 vero
748 4202 994 4249 consueta
1020 4193 1112 4247 tibi
1139 4191 1364 4247 versutia
1406 4189 1678 4243 immutare
1726 4201 1828 4240 non
1860 4183 1924 4237 ti-

220 4349 237 4362 ,
303 4308 447 4357 mes,
477 4286 606 4343 utin
634 4286 780 4343 libris
810 4287 947 4342 beati
994 4282 1188 4338 Hilarii
1229 4283 1408 4356 ﬂcisse
1446 4281 1672 4335 videris:
1708 4279 1795 4332 ubi
1833 4277 1923 4331 ille

304 4381 616 4456 prwcipuus
642 4377 845 4445 doctor,
874 4387 921 4432 et
948 4375 1235 4430 catholicus
1263 4373 1358 4439 ait,
1389 4371 1665 4427 Potestatis
1696 4368 1923 4439 dignitas

306 4491 418 4529 non
432 4473 710 4534 amittitur,
732 4481 785 4524 tu
801 4471 1010 4525 omnino
1026 4467 1401 4538 perversissime
1415 4465 1565 4531 dicis,
1582 4475 1917 4527 ADOPTATUR,

2030 3240 2260 3295 thecario
2304 3242 2561 3313 Aquensis
2607 3243 2793 3310 palatii
2833 3244 3021 3298 librant
3054 3245 3189 3301 beati
3246 3246 3448 3303 Hilarii
3488 3252 3638 3318 rasit,

2030 3343 2077 3388 et
2109 3333 2196 3388 ubi
2243 3334 2494 3407 scriptum
2534 3346 2668 3405 erat,
2696 3338 2819 3405 quia
2867 3338 2921 3391 in
2975 3335 3071 3392 Dei
3100 3339 3215 3409 ﬁlio
3264 3356 3454 3398 cantus
3477 3359 3638 3399 nuut-

2029 3444 2183 3483 ιιτΑς
2211 3444 2519 3499 Αυοιιιιτυιι,
2545 3430 2781 3498 immisit,
2815 3446 3004 3487 CABNIS
3055 3448 3345 3492 nuutuns
3392 3451 3636 3494 suoru-

2030 3537 2161 3577 TOR.

2097 3616 2227 3672 205.
2268 3614 2455 3686 Itaque
2512 3617 2841 3674 Hincmarus
2891 3620 3125 3677 afﬁrmat
3156 3665 3171 3690 ,
3209 3622 3635 3696 confirmatque,

2028 3710 2251 3765 nemine
2291 3719 2440 3779 tunc,
2478 3728 2655 3783 neque
2715 3722 2906 3783 postea
2948 3715 3289 3787 refragante,
3320 3716 3498 3775 locum
3539 3722 3638 3775 lli-

2029 3802 2152 3859 larii
2199 3802 2571 3875 depravatum
2607 3805 2775 3862 fuisse
2809 3824 2822 3860 :
2851 3805 3014 3879 idque
3052 3808 3120 3865 de
3161 3807 3348 3866 Felice
3378 3811 3644 3870 haeretica

2028 3908 2239 3966 narrat,
2273 3900 2434 3971 cujus
2492 3900 2736 3967 fraudes,
2770 3911 2825 3957 et
2870 3902 3109 3973 perjnria
3165 3904 3386 3961 aliunde
3416 3921 3642 3978 perspe-

2033 4006 2120 4053 cta
2154 4004 2304 4051 sunt.
2338 3998 2473 4051 Cum
2499 3997 2644 4052 enim
2668 3996 2821 4053 Felix
2850 3982 3105 4056 haeresim
3137 4015 3291 4054 suam
3315 4000 3646 4058 dissemina-

2026 4103 2134 4157 ret,
2172 4092 2225 4147 in
2256 4089 2497 4147 concilio
2555 4091 2950 4161 Ratisponensi
2991 4108 3135 4148 anno
3184 4095 3291 4149 792
3329 4096 3636 4165 convictus,

2027 4200 2275 4241 errorem
2316 4183 2612 4253 altjuravit,
2652 4183 2813 4257 11h
2840 4195 3006 4255 atque
3038 4186 3237 4240 iterum
3265 4187 3460 4242 eodem
3492 4202 3640 4244 anno

2028 4276 2083 4333 in
2114 4278 2349 4334 concilio
2381 4277 2632 4333 Romano
2687 4280 2789 4333 sub
2819 4278 3097 4334 Hadriano
3149 4282 3408 4351 pontitirc
3440 4299 3452 4337 :
3487 4279 3641 4338 Fecit

2023 4373 2175 4427 illum
2221 4372 2566 4428 orthodoxam
2611 4374 2666 4427 in
2718 4373 2941 4430 vinculis
2981 4374 3233 4442 libellum,
3290 4378 3641 4434 anathemati-

2024 4484 2173 4538 znns,
2224 4477 2273 4521 et
2313 4466 2631 4538 conﬁrmans
2684 4469 2819 4523 inter
2860 4479 3068 4537 cetera,
3110 4487 3439 4543 nequaquam
3466 4474 3639 4543 ﬁlium

301 4569 402 4624 ubi
429 4568 609 4622 beatus
642 4563 881 4621 Hilarius
909 4564 983 4617 ait
1015 4577 1315 4624 ADOBATUB.
1350 4559 1467 4615 Non
1509 4572 1641 4628 ergo
1671 4555 1921 4612 assentiri
1951 4536 2001 4597 ι)
2030 4556 2129 4614 Dei
2162 4536 2487 4630 adaptivum
2529 4576 2658 4628 esse,
2684 4561 2818 4615 sicut
2848 4536 3076 4625 dixerat,
3119 4536 3209 4617 sed
3259 4536 3557 4634 proprium,
3589 4576 3640 4623 et

302 4676 611 4733 possumus
639 4658 982 4721 Constantio,
1015 4656 1103 4728 qui
1145 4655 1385 4711 al'lirmat
1411 4696 1427 4723 ,
1470 4653 1757 4709 Alcuinutn
1790 4650 1923 4705 satis

304 4752 648 4827 signiﬁcare,
682 4767 743 4808 se
772 4751 980 4809 nullum
1007 4749 1209 4805 vidisse
1255 4748 1525 4813 codicem,
1555 4747 1606 4800 in
1629 4762 1736 4815 quo
1776 4743 1925 4813 lege-

306 4856 472 4903 retur
499 4844 801 4916 adoptatur.
831 4841 1005 4898 immo
1050 4840 1314 4897 Alcuinus
1361 4855 1466 4893 non
1520 4837 1801 4893 debuis~et
1849 4836 1922 4889 ita

308 4949 531 5013 aperte.
564 4948 621 4995 et
648 4939 822 5010 palam
872 4936 1106 4993 Felicem
1158 4934 1510 5005 redarguere,
1545 4933 1645 4986 nisi
1677 4946 1741 4986 ex
1775 4930 1926 4985 codi-

310 5035 472 5089 cibus
528 5042 712 5088 certus
762 5042 931 5096 esset,
1007 5028 1275 5085 Hilarium
1327 5026 1611 5095 scripsisse
1646 5024 1921 5087 ndoratur,

311 5141 447 5182 cum
476 5122 734 5181 facillime
772 5134 955 5193 posset
983 5140 1012 5178 a
1051 5121 1237 5179 Felice
1265 5117 1488 5176 revinci.
1516 5118 1609 5174 Sic
1643 5118 1923 5184 .-\lcuinus,

312 5233 443 5275 cum
494 5215 762 5287 Elipando
789 5216 954 5271 verita
985 5212 1231 5286 qumdatn
1260 5227 1326 5268 ex
1353 5209 1532 5267 ofﬁcio
1570 5208 1800 5266 Gothico
1831 5209 1926 5263 ob-

310 5310 530 5383 jicienti
578 5309 892 5382 respondet,
941 5308 1065 5379 quia
1095 5306 1311 5363 codices
1344 5306 1491 5375 ipsos
1533 5319 1640 5358 non
1673 5299 1925 5369 viderat,

314 5408 493 5465 solum
517 5404 761 5474 coniicit,
793 5413 883 5459 aut
901 5418 965 5459 ea
986 5402 1152 5459 verba
1175 5401 1228 5455 in
1257 5398 1537 5455 codicibus
1564 5413 1670 5453 non
1689 5404 1926 5461 exstare,

321 5500 485 5575 113
518 5510 612 5555 aut
661 5499 882 5556 codices
911 5493 1180 5567 ejusmodi
1232 5491 1510 5565 liturgicos
1566 5506 1688 5547 esse
1741 5504 1932 5545 eorru-

315 5608 465 5668 ptos,
497 5606 556 5650 ut
587 5605 775 5665 postea
805 5593 1004 5650 dicam.

389 5690 521 5745 202.
552 5690 630 5744 Ex
662 5690 751 5744 liis
782 5698 984 5750 autem,
1015 5702 1135 5758 qua!
1167 5685 1359 5741 Patres
1409 5680 1625 5738 concilii
1678 5677 1926 5736 Franco-

318 5783 639 5854 lordiensis,
657 5792 713 5840 et
738 5782 1002 5841 Alcuinus
1056 5779 1318 5837 adversus
1370 5775 1610 5834 Felicem
1662 5774 1929 5845 referunt,

2028 4668 2207 4707 verum
2235 4652 2520 4708 Dominum
2550 4665 2786 4709 nostrum
2814 4654 3001 4711 Iesum
3018 4656 3282 4713 Christum
3307 4656 3357 4710 F
3362 4660 3513 4715 ilium
3543 4660 3642 4716 Dei

2029 4747 2303 4817 confiteor.
2332 4745 2486 4802 Unde
2534 4756 2581 4802 et
2628 4749 2796 4820 ipsum
2827 4750 3174 4805 orthodoxam
3198 4768 3350 4806 suam
3407 4752 3640 4809 libellum

2027 4857 2182 4915 super
2212 4853 2546 4896 sacrosancta
2588 4840 2685 4897 Dei
2728 4844 2975 4915 mysteria
3015 4845 3070 4899 in
3103 4854 3281 4900 nostro
3318 4848 3642 4921 patriarcltio

2031 4949 2225 5003 ponens
2239 4935 2437 5008 juravit
2463 4934 2539 4988 sic
2566 4944 2756 4999 tenere,
2783 4945 2831 4989 et
2856 4936 3111 5006 conﬁteri.
3135 4936 3203 4993 Et
3229 4944 3415 4993 iterum
3439 4942 3490 4995 in
3515 4958 3638 4995 con-

2033 5026 2255 5095 fessione
2279 5042 2434 5095 super
2456 5043 2644 5099 corpus
2661 5028 2795 5082 beati
2820 5026 2971 5083 Petri
2995 5029 3219 5103 apostoli
3246 5033 3416 5103 ipsum
3444 5048 3641 5103 ponens

2035 5116 2385 5174 orthodoxam
2438 5137 2594 5174 suum
2625 5121 2890 5183 libellam,
2925 5123 3168 5177 similiter
3211 5133 3257 5176 et
3290 5124 3401 5178 illic
3410 5124 3638 5196 jurarit,

2036 5220 2171 5278 ete.,
2214 5220 2271 5265 ut
2326 5225 2582 5267 narratur
2623 5213 2675 5267 in
2716 5216 2957 5269 concilio
3009 5212 3259 5269 Romano
3306 5217 3410 5269 sub
3458 5216 3644 5272 Leone

2040 5317 2174 5376 papa
2205 5303 2293 5373 Ill,
2335 5315 2447 5360 act.
2480 5305 2536 5373 Ξ,
2570 5305 2716 5376 quod
2756 5322 2900 5361 anno
2926 5304 3130 5362 Christi
3161 5304 3266 5362 799
3293 5306 3637 5364 celebratum

2037 5397 2158 5452 luit.

2108 5489 2236 5547 206.
2260 5490 2348 5547 Ex
2392 5490 2496 5546 hoc
2523 5492 2642 5561 ipso
2667 5490 2910 5548 concilio
2950 5501 3185 5558 constat,
3220 5489 3482 5558 Felicem,
3514 5506 3638 5548 cum

2039 5584 2263 5641 domum
2293 5585 2572 5650 rediisset,
2607 5584 2804 5640 iterum
2839 5583 3098 5639 ltmresim
3131 5599 3530 5656 pt‘opugnasse,
3565 5593 3645 5640 tat

2038 5677 2477 5735 confessionibus
2519 5677 2634 5732 suis
2676 5676 2876 5747 juratis
2918 5678 3269 5748 contemptis.
3313 5675 3513 5731 Coacta
3547 5692 3640 5749 sy-

2040 5774 2185 5832 nodo
2201 5772 2688 5831 Francolordiensi
2706 5786 2852 5829 anno
2866 5771 2972 5832 79A
2997 5788 3184 5831 rursus
3207 5772 3500 5831 damnatus
3526 5781 3647 5830 est:
