4086 6184
481 239 589 299 519

1773 235 2056 297 C(ELIUS
2094 233 2460 298 SEDULIUS.

3689 231 3794 288 520

480 367 538 414 et
563 372 685 413 cum
719 353 984 412 Alcttinus
1011 353 1300 425 epistolam
1329 353 1396 410 ad
1417 354 1593 426 ipsum
1609 354 1876 422 dedisset,
1908 365 1966 410 ut
2008 353 2074 410 ad
2100 353 2159 417 Α
2182 371 2307 412 nem
2332 357 2383 410 in
2413 353 2605 410 codice
2633 348 2996 410 Germanensi
3027 347 3293 405 accidisse
3325 347 3412 403 vel
3440 346 3598 418 lapsu
3622 346 3796 402 libra-

479 451 677 506 bonam
713 451 921 520 frugem
950 463 1010 505 se
1040 448 1353 520 reciperet,
1387 448 1600 521 integro
1630 448 1820 505 libello
1851 461 2083 518 restion-

477 542 562 600 dit
589 553 642 598 et
677 542 862 613 pejora
892 543 1082 607 etiam,
1113 557 1276 613 quam
1304 553 1488 609 antea,
1516 542 1722 598 docuit.
1752 541 1890 596 llinc
1918 556 2082 596 occa-

478 637 690 694 sionem
714 637 946 707 sumpsit
968 637 1232 692 Alcuimts
1255 647 1463 708 septem
1481 637 1650 692 libros
1672 636 1937 692 adversus
1966 633 2088 690 feli-

481 745 600 788 cem
630 729 927 786 scribendi.
961 729 1159 785 Missns
1188 731 1351 785 etiam
1373 729 1475 785 luit
1495 729 1821 797 Leidratlus,
1857 727 1943 782 vel
1967 726 2088 782 Lai-

480 819 715 887 dradus,
741 831 834 876 aut
857 820 1178 888 Laidracus,
1203 820 1648 894 archiepiscopus
1670 817 2081 892 Lugdunensis,

488 912 788 986 Urgellam,
821 913 887 968 ad
915 913 1102 970 sedem
1155 913 1327 984 ipsam
1359 913 1580 982 Felicis,
1629 922 1689 968 ut
1729 912 1872 967 hunc
1898 912 1966 967 ab
1997 927 2089 966 cr-

487 1022 615 1064 rore
644 1013 956 1063 revocaret.
993 1005 1149 1062 Felix
1178 1015 1542 1064 commeatum
1588 1022 1618 1061 a
1650 1005 1922 1062 Leidrado
1949 1003 2094 1060 obti-

492 1098 613 1154 nuit
653 1097 891 1154 adeundi
924 1097 1182 1154 Carolum
1225 1099 1503 1170 Magnum,
1535 1099 1779 1169 adeoque
1810 1097 1864 1152 in
1895 1096 2094 1167 Aquis-

489 1193 751 1265 granensi
792 1192 996 1265 palatio
1041 1204 1376 1264 congregata
1431 1192 1642 1264 synodo
1673 1193 1940 1247 Alcuinus
1967 1205 2092 1246 cum

486 1286 670 1344 Felice
697 1287 1023 1354 decertavit,
1064 1302 1300 1356 eumque
1344 1285 1413 1341 ad
1463 1285 1788 1356 ejurandam
1839 1281 2092 1338 haeresim

492 1381 698 1453 adegit,
727 1396 850 1436 cum
907 1381 1070 1451 paulo
1125 1389 1253 1436 ante
1295 1379 1484 1434 Romae
1508 1379 1674 1434 etiam
1725 1379 1916 1432 eodem
1951 1389 2096 1429 anno

491 1475 597 1532 799
629 1473 861 1532 haeresis
915 1473 1195 1528 Feliciana
1239 1472 1295 1527 in
1324 1471 1559 1528 concilio
1585 1486 1614 1526 a
1639 1469 1825 1526 Leone
1859 1481 1998 1538 papa
2032 1465 2095 1520 Ill

492 1568 692 1625 fuisset
711 1569 1045 1639 proscripta.

563 1662 694 1718 207.
747 1662 937 1717 Exstat
969 1659 1169 1716 Felicis
1209 1659 1265 1715 in
1305 1657 1542 1715 concilio
1571 1653 2000 1728 Aquisgranensi
2030 1652 2098 1708 ab

2187 450 2276 516 rii,
2307 449 2395 520 qui
2429 447 2604 517 primo
2634 445 2860 516 scripsit
2880 443 3155 508 adoratur,
3186 450 3236 497 et
3273 439 3422 496 illico
3446 455 3505 495 se
3527 440 3796 507 correxit,

2187 553 2280 598 ant
2313 542 2624 598 erasionem
2658 540 2981 612 provenisse
3032 536 3165 592 vitio
3219 535 3665 592 membranarum
3694 549 3798 589 non

2189 637 2326 691 satis
2379 633 2723 706 mquabiliter
2765 632 3084 703 politarum,
3121 638 3301 685 tamen
3332 629 3386 684 in
3438 637 3570 684 nota
3592 626 3663 682 ad
3690 627 3798 683 loc.

2187 727 2246 784 S.
2281 727 2471 782 llilarii
2502 727 2540 780 l.
2577 742 2638 789 ll,
2670 740 2793 794 cap.
2819 724 2911 791 27,
2941 725 3010 778 ita
3033 737 3258 778 sensum
3289 736 3449 777 suum
3472 727 3796 790 aperuerat:

2194 820 2362 876 Penes
2390 838 2484 875 nos
2506 828 2578 875 est
2603 819 2734 874 liber
2765 817 3086 874 Corbeiensis
3107 826 3228 872 ante
3255 833 3421 872 annos
3451 815 3559 872 800
3581 817 3802 886 scriptus

2193 922 2477 985 postremas
2501 913 2656 966 hasce
2703 910 2934 982 syllabas
2957 925 3174 965 r'rtt'run
3197 911 3310 965 loco
3332 908 3515 963 abroso
3543 908 3800 963 exhibens.

2193 1004 2314 1060 Etsi
2339 1008 2476 1059 ntala
2504 1005 2725 1077 forsitan
2756 1004 2888 1074 ﬁde,
2915 1020 3019 1058 non
3049 1014 3220 1058 tamen
3262 1003 3397 1058 male
3427 1004 3711 1076 ascriptum
3733 1012 3804 1058 est

2195 1115 2530 1156 ADOPTA‘I‘UR.
2579 1100 2850 1171 Loquitur
2872 1115 2902 1155 e
2932 1114 3029 1154 sua
3068 1099 3372 1154 sententia.

2266 1194 2395 1250 209.
2433 1196 2622 1265 Itaque
2663 1194 2840 1250 codex
2891 1191 3312 1258 Germanensis,
3339 1191 3454 1262 qui,
3487 1188 3806 1246 Constantio

2198 1289 2319 1361 ipso
2368 1289 2596 1357 fatente,
2631 1297 2880 1358 tempore
2933 1285 3118 1344 Caroli
3165 1286 3341 1358 Magni
3392 1287 3444 1340 in
3476 1286 3806 1341 bibliotheca

2200 1383 2634 1454 Aquisgranensi
2656 1381 2936 1449 exstabat,
2964 1380 3244 1436 Hincmari
3276 1378 3608 1448 narrationi,
3648 1379 3808 1434 fidem

2201 1478 2476 1533 conciliat.
2512 1476 2618 1532 Sed
2646 1484 2732 1532 est
2768 1484 2825 1532 et
2874 1475 3014 1530 alius
3042 1474 3213 1530 codex
3275 1473 3435 1546 116
3471 1473 3632 1544 longe
3681 1480 3809 1528 ante

2201 1572 2384 1629 Caroli
2441 1571 2623 1643 Magni
2676 1580 2926 1642 tempora
2985 1569 3272 1639 scriptus,
3336 1565 3669 1623 Veronensis
3725 1565 3810 1620 ni-

2204 1667 2426 1732 mirum,
2450 1665 2504 1720 in
2537 1664 2831 1736 quoprima
2867 1661 3031 1718 lectio
3052 1661 3202 1717 clare
3233 1669 3318 1715 est
3340 1659 3613 1724 adorator,
3648 1671 3810 1728 quam

491 1757 812 1827 episcopatu
861 1754 978 1824 jam
1017 1751 1257 1823 depositi
1300 1751 1575 1808 catholica
1625 1750 1750 1805 ﬁdei
1801 1748 2099 1815 confessio,

2214 1763 2400 1832 aliquis
2418 1762 2467 1815 in
2484 1760 2767 1832 adoptatur
2781 1767 2992 1813 mutare
3014 1756 3208 1811 voluit.
3225 1753 3527 1810 Audiamus
3541 1751 3812 1808 blaﬂ'eium

494 1865 600 1921 qua
650 1850 748 1919 ait,
781 1864 842 1904 se
882 1847 949 1902 ad
985 1847 1290 1904 Ecclesiam
1334 1863 1401 1903 ex
1433 1856 1549 1902 toto
1575 1846 1743 1902 corde
1771 1844 1969 1900 reverti
1998 1860 2102 1898 non

493 1941 725 2015 qualibet
755 1939 1113 2006 simulatione,
1134 1941 1224 1994 sed
1251 1941 1503 1995 velamine
1523 1938 1797 2011 falsitatis,
1823 1939 1956 1992 sicut
1999 1938 2102 1990 du-

495 2037 643 2105 dum,
686 2035 821 2107 quod
848 2034 984 2090 Deus
1015 2036 1133 2100 scit,
1167 2034 1279 2100 sed,
1306 2044 1360 2089 ut
1391 2035 1525 2100 dixi,
1554 2051 1675 2089 vera
1707 2034 1879 2087 cordis
1917 2033 2105 2086 credu-

496 2129 665 2198 litate,
690 2139 738 2184 et
777 2129 880 2184 oris
911 2129 1258 2202 professione.
1287 2127 1452 2199 Atqui
1484 2127 1627 2183 idem
1678 2128 1830 2184 Felix
1883 2127 2103 2197 Lugdu-

485 2238 632 2298 Inum
662 2223 789 2279 exul
831 2221 1036 2278 missus
1057 2221 1354 2295 diligenter,
1386 2228 1431 2275 et
1455 2219 1814 2292 fraudulenter
1843 2223 2108 2274 instaura-

499 2320 592 2385 vit,
624 2326 878 2391 quantum
916 2318 1052 2372 inse
1100 2318 1223 2388 fuit,
1249 2332 1452 2371 omnem
1503 2316 1807 2388 pravitatem
1851 2316 2108 2386 dogmatis

498 2413 606 2480 sui,
637 2420 697 2467 ut
726 2418 918 2466 narrat
965 2410 1288 2481 Agobardus
1321 2410 1475 2466 initio
1523 2409 1647 2464 libri
1672 2409 1937 2464 adversus
1958 2408 2108 2464 Feli-

499 2521 623 2563 cem
673 2513 797 2577 post
828 2505 992 2576 hujus
1022 2505 1232 2561 obitum
1287 2503 1500 2575 scripti.
1530 2501 1884 2558 Constantius
1917 2511 2109 2558 contra

501 2601 863 2659 Cermonium
923 2610 1122 2672 urget,
1174 2599 1319 2671 quod
1363 2599 1592 2654 Albinus
1642 2607 1763 2669 post
1813 2597 2108 2653 concilium

506 2697 959 2769 Aquisgrancnse
1004 2695 1213 2751 nullam
1271 2693 1433 2763 hujus
1476 2693 1722 2748 criminis
1776 2693 2110 2748 mentionem

505 2787 782 2860 injecerit.
810 2787 1131 2858 RespOndet
1176 2785 1530 2852 Germonius,
1579 2787 1835 2841 Albinum
1871 2786 2114 2840 noluisse

506 2893 896 2963 corruptorum
920 2880 1171 2937 codicum
1201 2881 1524 2936 tnetnoriam
1574 2880 1836 2936 refricare
1864 2879 2020 2952 115
2045 2895 2115 2936 ne

507 2977 804 3032 molestum
823 2974 878 3028 id
909 2983 1061 3030 esset
1080 2989 1202 3029 cum
1249 2972 1392 3040 aliis,
1427 2982 1538 3027 tum
1569 2971 1759 3037 Felici,
1785 2973 1876 3043 qui
1909 2973 2116 3040 palino-

509 3070 659 3126 diam
693 3068 993 3134 cecinerat,
1027 3077 1086 3121 et
1118 3081 1299 3120 mores
1329 3065 1399 3120 ad
1423 3076 1708 3120 externam
1739 3064 1958 3119 virtutis
1985 3079 2110 3134 spe-

506 3165 651 3220 ciem
691 3160 924 3232 lingens,
951 3158 1153 3214 multos
1181 3159 1235 3214 in
1277 3158 1361 3212 sui
1395 3156 1813 3212 admirationem
1849 3165 2111 3212 traxerat.
2141 3145 2191 3210 C

510 3255 620 3314 Sed
647 3264 706 3310 ιιι
758 3267 860 3325 ego
903 3259 1059 3324 puto,
1090 3252 1341 3317 Albinus,
1383 3249 1638 3322 quamvis
1665 3251 1872 3306 nomini
1919 3250 2118 3306 Felicis

509 3350 844 3420 pepercerit,
879 3363 992 3402 rem
1027 3355 1208 3401 tamen
1242 3344 1417 3414 ipsam
1447 3360 1553 3398 non
1583 3343 1818 3400 obscure
1845 3342 2119 3414 significa-

510 3443 590 3499 vit
616 3442 654 3498 l.
685 3457 724 3496 tt
753 3440 1022 3498 adversus
1052 3437 1400 3510 Elipandum,
1435 3437 1525 3492 ubi
1554 3438 1622 3493 de
1661 3435 2006 3492 orationibus
2032 3433 2116 3489 of-

513 3537 622 3593 ficii
656 3535 860 3606 gotltici
893 3533 1148 3602 loquens,
1180 3532 1258 3587 sic
1281 3529 1448 3585 habet
1474 3547 1488 3583 :
1524 3528 1592 3584 Et
1618 3530 1822 3584 videtur
1849 3547 1882 3581 a
1910 3527 2121 3598 quibus-

513 3630 636 3685 dam
657 3628 1046 3702 corruptoribus
1078 3643 1171 3697 pro
1199 3640 1460 3682 ASSUIPTI
1483 3624 1708 3679 hominis
1735 3636 1984 3679 ADOPTI'I
2012 3637 2122 3676 esse

512 3723 810 3796 positum...
841 3719 910 3775 Et
942 3724 1074 3792 forte
1103 3718 1176 3773 ibi
1207 3719 1263 3773 in
1302 3716 1682 3789 antiquioribus
1737 3713 2118 3787 exemplaribus

515 3832 773 3876 usuum
818 3814 1050 3869 hominis
1095 3813 1323 3885 positum
1370 3811 1492 3882 fuit,
1541 3811 1633 3865 sed
1681 3819 1984 3880 corruptum
2026 3823 2121 3880 po-

513 3923 692 3969 stea...
722 3911 854 3966 Ideo
883 3909 1050 3980 magis
1076 3905 1447 3962 cestimandum
1473 3915 1573 3972 est,
1592 3905 1838 3979 juniores
1867 3903 2120 3975 quoslibet

515 4004 675 4080 hujus
696 4019 840 4060 nova:
866 4000 1193 4074 inﬁdelitatis
1223 4000 1417 4054 catenis
1451 3996 1744 4071 colligatos,
1777 3998 1845 4052 ad
1874 3997 2122 4068 perditio-

515 4116 632 4156 nem
654 4099 738 4155 sui
765 4098 1003 4170 ipsorum
1033 4095 1176 4149 dicta
1223 4101 1526 4148 sanctorum
1579 4107 1912 4164 corrumpere
1941 4091 2124 4146 docto-

517 4207 654 4257 rum,
679 4200 727 4244 et
769 4204 986 4244 suorum
1018 4187 1240 4258 pessima
1280 4185 1570 4258 pertinacia
1625 4183 1892 4239 maculare
1938 4200 2122 4239 nomen

516 4297 856 4360 parentum...
891 4281 961 4338 Et
993 4282 1090 4337 hoc
1115 4297 1178 4337 ea:
1203 4297 1262 4338 eo
1285 4280 1392 4337 veri
1431 4296 1539 4336 esse
1570 4278 1740 4335 simile
1758 4279 1981 4346 videtur,
1999 4281 2123 4351 quia

521 4378 1006 4451 probatissimorum
1033 4377 1090 4431 in
1120 4373 1312 4430 Christi
1345 4373 1581 4430 Ecclesia
1603 4375 1898 4440 doctorum,
1933 4384 1981 4428 et
2011 4390 2123 4428 om-

518 4471 665 4526 nibus
704 4468 1097 4542 acceptabilium
1125 4467 1414 4522 catholicas
1443 4467 1726 4522 sententias
1756 4464 1832 4520 vel
1880 4479 2123 4536 perverso

2204 1856 2419 1930 praefat.
2453 1855 2520 1910 ad
2555 1855 2726 1910 Hilar.
2779 1871 2792 1906 :
2841 1851 3082 1906 Primum
3113 1851 3272 1922 igitur
3302 1866 3396 1920 pro
3423 1857 3684 1918 comperto
3717 1845 3814 1900 ha-

2207 1953 2408 2019 beatur,
2457 1952 2511 2004 in
2544 1947 2643 2004 hoc
2691 1947 2826 2004 libro
2874 1961 3163 2004 anonnun
3201 1947 3454 2016 scriptum
3486 1960 3614 2008 esse,
3668 1943 3814 1996 nullo

2205 2044 2494 2099 abrasionis
2542 2043 2779 2114 uestigio,
2824 2042 2975 2096 nulla
3003 2039 3471 2112 superinductionis
3497 2037 3810 2109 suspicione,

2209 2146 2261 2191 at
2291 2153 2408 2190 cum
2436 2146 2550 2207 post
2581 2151 2694 2190 eam
2723 2135 3000 2188 dictionem
3030 2151 3060 2187 a
3089 2134 3264 2202 capite
3292 2141 3591 2186 resumatur
3615 2147 3809 2197 versus,

2210 2235 2263 2287 in
2295 2249 2480 2300 vacuo,
2513 2232 2652 2302 quod
2682 2240 2936 2296 remanet,
2958 2231 3154 2299 spatio,
3173 2233 3275 2282 sire
3293 2225 3496 2292 eadem,
3526 2225 3628 2279 sire
3658 2225 3813 2296 paulo

2211 2328 2484 2401 posteriori
2532 2344 2691 2382 manu
2743 2339 3060 2381 anupn'run
3113 2323 3373 2396 adjectum
3421 2319 3598 2392 fuisse.
3637 2317 3810 2372 Priori

2213 2421 2364 2478 verbo
2394 2422 2538 2476 nulla
2566 2420 2778 2492 quidem
2801 2421 3034 2490 irrogata
3062 2426 3134 2472 est
3158 2414 3491 2480 contumelia,
3524 2412 3616 2467 sed
3645 2410 3813 2465 lineo~

2214 2516 2280 2570 lis
2305 2514 2667 2589 superpositis,
2695 2523 2847 2586 atque
2877 2512 2922 2568 Ii
2950 2513 3004 2565 in
3023 2509 3283 2582 superiori
3311 2507 3544 2578 margine
3566 2505 3811 2574 ascripta,

2215 2611 2481 2666 indicatur
2509 2610 2574 2665 de
2616 2625 2780 2674 more,
2810 2608 3069 2677 adjectam
3117 2604 3395 2658 dictionem
3425 2600 3678 2654 anteriori
3697 2599 3814 2652 sub-

2213 2704 2532 2760 stituendam
2562 2719 2690 2772 esse,
2725 2705 2778 2757 in
2807 2701 2928 2756 aliis
2947 2709 3114 2755 tamen
3144 2697 3402 2752 codicibus
3428 2693 3615 2750 certius
3646 2694 3814 2748 adhuc

2217 2799 2568 2853 testimonium
2592 2810 2972 2862 neoumsunuu
3095 2791 3161 2845 In
3194 2789 3340 2845 verba
3384 2803 3706 2844 auorrnun
3725 2803 3813 2841 ea-

2218 2895 2332 2948 dem
2365 2894 2658 2947 litterarum
2708 2892 2901 2963 ﬁgura,
2930 2888 3066 2942 idem
3088 2902 3301 2959 prorsus
3323 2883 3599 2936 atramenti
3629 2881 3770 2934 color
3796 2894 3814 2946 ;

2219 2996 2271 3040 at
2295 2986 2390 3041 levi
2413 2985 2620 3039 cultello
2658 2984 2822 3054 fuisse
2847 2980 2972 3036 olim
3015 2987 3257 3052 apparet,
3281 2977 3368 3048 qui
3396 2976 3618 3041 litteras,
3648 2983 3697 3028 et
3731 2990 3817 3027 su-

2220 3077 2510 3150 perpositas
2557 3073 2775 3129 lincolas
2819 3072 3077 3127 abducere
3107 3069 3338 3133 tentarit,
3371 3085 3432 3120 ac
3455 3067 3650 3120 delere.
3686 3065 3813 3131 Qua:

2219 3171 2427 3244 quidem
2476 3170 2652 3225 omnia
2677 3169 2731 3222 in
2765 3169 2857 3222 has
2879 3168 3210 3237 conjecturas
3239 3181 3316 3218 me
3366 3159 3677 3234 pertrahunt
3712 3176 3728 3214 :
3757 3159 3818 3213 li-

2217 3267 2376 3338 quido
2405 3266 2652 3337 primunt,
2672 3260 2920 3332 nullaque
2955 3258 3274 3314 hmsitatione
3314 3257 3550 3312 exaravit
3573 3252 3819 3308 librarius

2221 3371 2505 3414 suons'run
2532 3375 2545 3410 :
2572 3363 2623 3408 at
2651 3355 2756 3408 sive
2801 3352 2864 3407 ab
2896 3354 3029 3424 ipso,
3062 3349 3168 3405 alia
3193 3349 3524 3422 postmodum
3554 3348 3822 3417 exctnpta-

2221 3451 2299 3504 ria
2325 3450 2652 3520 inspiciente,
2689 3447 2794 3501 sive
2845 3446 2908 3500 ab
2937 3444 3041 3499 alio
3085 3445 3325 3516 qquiam
3354 3456 3671 3498 ADOPTATUR
3725 3439 3821 3491 ad-

2220 3542 2386 3596 ditum
2406 3551 2503 3607 est,
2533 3549 2578 3595 et
2600 3539 2776 3606 simul,
2811 3548 2864 3592 ut
2911 3552 3195 3593 soons'run
3217 3542 3618 3607 expungeretur,
3654 3531 3821 3585 moni-

2220 3647 2352 3693 tum.
2382 3636 2525 3692 Alter
2548 3636 2736 3693 easinde
2759 3635 2993 3702 accessit,
3017 3634 3106 3704 qui
3134 3631 3362 3687 secunda
3389 3630 3537 3684 lectio
3567 3644 3670 3681 non
3698 3643 3821 3699 pro-

2222 3732 2484 3797 babatur;
2535 3743 2804 3804 prepterea
2858 3730 3066 3784 verbum
3109 3740 3427 3783 ADOPTATUR
3480 3732 3697 3778 conatus
3747 3729 3822 3776 est

2223 3826 2452 3896 auferre,
2477 3824 2770 3878 abrasionis
2811 3821 3076 3877 nubeculis
3118 3821 3172 3874 id
3202 3820 3331 3876 satis
3368 3816 3692 3872 testantibus.
3741 3813 3821 3869 lla

2223 3919 2469 3975 Malfeins
2496 3918 2814 3989 prudenter.

2293 4010 2424 4066 2l0.
2457 4011 2562 4065 Pro
2591 4009 2826 4066 lectione
2851 4007 3150 4080 ,adOptatur
3181 4006 3317 4062 duos
3347 4012 3562 4062 veteres
3602 4000 3822 4058 codices

2225 4103 2436 4176 profert
2464 4101 2844 4168 Constantius,
2899 4098 3273 4157 Colbcrtinnm
3313 4107 3368 4154 et
3395 4097 3822 4160 Carnutensem,

2223 4213 2365 4269 quos
2389 4197 2468 4252 ait
2495 4213 2660 4251 annos
2682 4211 2791 4268 prce
2811 4210 2864 4250 se
2885 4194 3017 4267 ferre
3047 4194 3248 4248 circiter
3269 4191 3428 4259 mille,
3452 4199 3512 4246 et
3549 4187 3824 4258 antiquio-

2226 4304 2315 4345 res
2365 4304 2490 4345 esse
2535 4287 2716 4344 Caroli
2747 4287 2923 4358 Magni
2977 4285 3334 4355 temporibus.
3364 4283 3566 4339 Contra
3596 4279 3824 4337 Cermo-

2226 4384 2351 4439 nius
2393 4384 2751 4439 vehementer
2791 4381 3005 4437 dubitat
3036 4379 3106 4436 de
3153 4388 3301 4433 tanta
3332 4377 3523 4432 horum
3570 4374 3823 4431 codicum

2226 4479 2576 4549 antiquitate,
2623 4487 2684 4533 ut
2713 4487 2866 4534 certo
2895 4474 3111 4532 deliniri
3140 4474 3334 4545 possit,
3359 4488 3456 4530 eos
3495 4480 3624 4528 ante
3649 4471 3826 4525 luere-

516 4539 852 4635 interpretari
875 4578 1052 4630 sensu,
1078 4562 1159 4616 uel
1183 4561 1387 4631 perﬁda
1413 4575 1503 4616 vos
1533 4561 1810 4614 immutare
1838 4562 2111 4616 temeritate

2228 4574 2311 4628 sin
2346 4571 2676 4627 Felicianam
2700 4585 2822 4627 esse
2864 4569 3191 4640 descriptos,
3223 4566 3435 4623 etiamsi
3462 4579 3637 4621 annos
3665 4561 3827 4618 circi-

519 4660 842 4732 aguovimus,
878 4657 1037 4713 veluti
1080 4655 1136 4710 in
1163 4655 1425 4726 aliquibus
1453 4654 1782 4726 probavimus
1822 4654 1971 4721 locis,
1997 4655 2122 4708 dum

518 4753 590 4810 ad
615 4769 710 4808 nos
737 4768 830 4823 per
856 4749 1089 4807 Felicem
1104 4749 1231 4805 olim
1255 4759 1505 4816 vestrum,
1535 4764 1675 4802 nunc
1694 4757 1867 4802 autem
1886 4757 2122 4803 nostrum

520 4843 948 4914 commilitonem,
974 4843 1231 4916 pluriores
1260 4844 1416 4900 vestri
1443 4842 1633 4898 erroris
1673 4853 2010 4916 pervenerunt
2034 4844 2120 4900 lit-

520 4941 728 4998 terulat.

590 5035 721 5091 208.
740 5033 934 5090 Omnia
961 5046 1092 5105 ergo
1117 5046 1188 5090 eo
1228 5047 1328 5089 nos
1347 5031 1576 5103 ducunt,
1605 5043 1668 5090 ut
1690 5033 1962 5091 liincmari
1986 5048 2116 5091 nar-

520 5131 794 5190 rationem
821 5143 1010 5186 veram
1060 5142 1186 5185 esse
1232 5126 1546 5185 credamus.
1567 5127 1819 5186 Profecto
1850 5131 1901 5184 in
1926 5130 2119 5186 codice

519 5223 716 5282 Hilarii
762 5221 1145 5290 Germanensi,
1177 5221 1270 5293 qui
1314 5230 1475 5278 antea
1499 5220 1604 5278 fuit
1656 5222 2029 5291 Corbeiensis,
2064 5232 2120 5280 et

513 5318 646 5373 olim
690 5315 869 5372 fuerat
919 5313 1380 5386 Aquisgranensis
1410 5356 1424 5382 ,
1481 5313 1837 5372 Constantius
1891 5316 2117 5388 vestigia

517 5411 887 5482 corruptionis
931 5409 1221 5468 Felicianae
1253 5408 1476 5480 reperit,
1527 5408 1785 5465 nimirum
1838 5410 2118 5482 adoptatur

517 5503 572 5559 in
607 5503 730 5561 loco
759 5504 997 5572 abraso;
1027 5504 1159 5574 quin
1191 5501 1358 5558 etiam
1409 5503 1742 5574 suspicatur,
1796 5503 1944 5559 hunc
1993 5518 2118 5560 esse

517 5598 788 5666 codicem,
835 5613 1000 5670 quem
1024 5612 1053 5652 a
1084 5596 1512 5654 bibliothecario
1555 5597 1773 5669 juniore
1801 5597 2120 5655 muneribus

512 5701 778 5763 corrupto
825 5692 1185 5764 depravatum
1241 5691 1574 5749 Hincmarus
1623 5695 2001 5765 conqueritur.
2051 5697 2120 5751 Et

511 5781 763 5856 quamvis
804 5779 1155 5858 inﬂindiciis
1175 5781 1537 5841 Constantius
1561 5781 1821 5856 afﬁrmet,
1853 5786 2118 5846 mutatio-

2229 4677 2313 4722 ter
2339 4664 2488 4721 mille
2517 4679 2629 4735 pra:
2659 4679 2720 4721 se
2750 4663 2950 4720 lerant.
2983 4662 3173 4734 Neque
3213 4675 3346 4716 sane
3396 4655 3668 4730 ejusmodi
3695 4664 3826 4710 sunt

2228 4761 2476 4816 rationes
2506 4774 2536 4814 a
2567 4757 2892 4814 Constantio
2912 4756 3258 4828 allataa,qu:e
3287 4754 3341 4810 in
3367 4762 3477 4810 tam
3507 4750 3691 4806 fallaci
3737 4748 3827 4820 ju-

2226 4851 2444 4909 dicandi
2479 4851 2694 4908 ratione
2719 4849 2937 4924 probari
2959 4850 3216 4906 debeant.

2296 4947 2430 5003 2H.
2469 4945 2627 5015 Quod
2686 4945 2733 5002 si
2759 4945 3029 5002 editiones
3075 4943 3326 5015 antiquas
3379 4937 3822 5002 consideremus,

2228 5039 2315 5096 ha:
2355 5039 2700 5111 potissimum
2748 5038 3076 5108 scripturam
3104 5037 3356 5091 adoratur
3404 5032 3730 5106 praeferunt,
3767 5040 3828 5085 ut

2227 5136 2396 5192 editio
2427 5135 2579 5192 Badii
2609 5133 2857 5190 Ascensii
2883 5131 3108 5188 Parisiis
3139 5147 3268 5186 ann.
3300 5128 3460 5196 1510,
3483 5127 3608 5183 duae
3632 5125 3828 5182 editio—

2228 5245 2328 5286 nes
2355 5229 2862 5298 Basileenses,qute
2892 5225 3092 5282 deinde
3121 5230 3431 5280 consecuta:
3462 5229 3616 5286 sunt,
3651 5218 3827 5273 altera

2229 5322 2389 5389 1525,
2423 5322 2652 5378 Erasmo
2673 5330 3020 5386 recensente,
3051 5319 3224 5375 altera
3248 5317 3408 5382 1555,
3441 5325 3496 5372 et
3515 5313 3690 5370 editio
3717 5311 3826 5367 Lu-

2227 5414 2409 5471 dovici
2441 5415 2630 5482 Mirmi,
2659 5429 2821 5486 quam
2844 5413 3101 5480 omnibus,
3133 5425 3248 5483 qua:
3272 5418 3412 5477 ante,
3454 5416 3503 5463 et
3538 5416 3655 5480 post
3703 5421 3829 5478 pro-

2222 5508 2384 5577 diere,
2415 5507 2800 5580 castigatiorem
2824 5505 3088 5563 censebat
3133 5503 3508 5560 Constantius.
3541 5498 3670 5555 Haec.
3701 5513 3826 5554 rara

2222 5611 2329 5671 est,
2363 5602 2519 5674 117
2545 5615 2709 5672 quam
2752 5614 2875 5655 cum
2927 5598 3039 5668 jam
3092 5597 3416 5666 desperaret
3465 5591 3828 5649 Constantius

2221 5694 2504 5767 detegere,
2526 5696 2578 5750 in
2609 5709 2807 5767 magno
2827 5692 3251 5750 Carmelitarum
3273 5697 3544 5748 conventu
3591 5685 3826 5743 invenit.

2222 5789 2418 5848 Exstat
2442 5790 2608 5850 etiam
2637 5787 2694 5847 in
2723 5787 2971 5862 Collegio
3014 5787 3268 5848 Romano
3293 5785 3374 5847 sic
3403 5783 3668 5858 inscripta
3695 5799 3712 5839 :
3746 5779 3823 5840 ο.
