4086 6184
321 151 426 220 δυ

1693 149 2230 215 PROLEGOMENA.

3524 164 3632 229 82!

322 267 523 326 Hilarii
579 265 911 322 Pictauorum
953 266 1179 344 episcopi
1236 267 1619 325 lucubrationes
1653 269 1777 326 olim
1830 286 1920 343 per
1946 274 1996 333 Α
2026 282 2142 323 cum
2173 264 2310 322 Lud.
2348 264 2522 324 Μῖνιιῆ
2562 270 2749 338 editio,
2782 287 2886 344 qua
2918 274 3099 329 Roma:
3144 277 3214 331 ad
3242 279 3356 350 ejus
3404 281 3639 351 recogni-

317 358 448 416 Des.
474 357 757 414 Erasmum
775 360 900 414 Rot.
923 361 1066 415 haud
1094 360 1433 417 mediocribus
1461 361 1737 418 sudoribus
1753 378 1923 417 emen-

316 455 478 522 datat,
510 472 650 511 nunc
690 456 859 511 denuo
903 456 1303 529 uigilantissima
1347 473 1473 511 cura
1495 457 1564 511 ad
1590 456 1751 527 [idem
1779 456 1924 511 mira:

315 550 641 622 antiquitatis
658 550 1037 624 exemplarium
1050 551 1349 623 recognitae.
1366 549 1615 619 Parisiis,
1631 567 1696 606 ea:
1709 550 1770 622 of
1770 549 1925 615 ﬁcina

320 642 528 700 Caroli:
552 641 801 698 Guillard
840 643 933 699 sub
965 642 1093 699 Sole
1108 643 1302 700 Aurea.
1321 642 1588 700 Praefatur
1615 641 1925 699 Ludovicus

322 736 559 794 Μίνωας.
588 736 961 795 Nihilominus
1009 736 1360 794 Constantius
1401 736 1588 807 plures
1639 735 1773 791 alias
1828 748 1927 804 pro

321 843 458 886 voce
479 826 760 902 adoptatur
783 828 1014 899 profert,
1039 828 1297 886 videlicet
1323 827 1533 884 Martini
1564 826 1735 898 Lipsii
1760 826 1923 889 1514,

318 919 508 979 Grittei
524 919 898 991 1570,Gillotii
913 915 1923 991 1572,1’arisienses1605,1631.1652.

314 1013 614 1071 Notaverat
637 1029 767 1071 vero
787 1012 1166 1083 Constantius,
1185 1014 1240 1070 in
1271 1013 1617 1085 praefatione,
1646 1010 1925 1069 Gillotium

320 1114 528 1166 textum
556 1106 750 1163 Hilarii
778 1106 1047 1163 illibatum
1100 1105 1410 1178 reliquisse,
1444 1105 1741 1161 editionem
1764 1118 1926 1159 recu-

316 1218 437 1261 sant
477 1217 626 1258 anno
668 1201 806 1259 1570
836 1201 1242 1257 mendosiorem
1285 1200 1453 1272 priori
1497 1215 1659 1264 esse;
1701 1197 1929 1255 editioni

318 1292 614 1353 Parisiensi
638 1294 779 1353 1605
799 1294 998 1352 deinde
1020 1295 1264 1367 repetita:
1280 1310 1395 1365 prae
1410 1292 1757 1349 multitudine
1775 1307 1931 1347 men-

319 1389 518 1447 dorum
546 1389 709 1445 facile
737 1386 1125 1444 anteferendus
1168 1386 1344 1443 videri
1374 1385 1733 1442 Basileenses.
1771 1383 1933 1455 Equi-

320 1480 445 1540 dem
464 1484 519 1539 in
534 1480 760 1539 editioni
785 1478 1080 1538 Parisiensi
1102 1481 1244 1535 1572
1255 1490 1310 1536 et
1326 1479 1467 1536 1605
1482 1479 1735 1535 mendum
1756 1477 1808 1533 in
1827 1476 1932 1532 hoc

322 1574 446 1649 ipso
463 1576 588 1633 loco
604 1575 823 1631 invenio
848 1593 861 1631 :
886 1572 974 1629 Ita
995 1575 1264 1646 potestatis
1281 1574 1507 1645 dignitas
1522 1588 1623 1626 non
1640 1570 1931 1625 admittitur

322 1668 562 1743 (corrige
595 1669 896 1737 amittitur),
928 1667 1052 1722 dum
1079 1668 1250 1721 carnis
1273 1664 1539 1721 huntilitas
1555 1665 1854 1735 adoptatur.

388 1764 520 1819 212.
563 1761 661 1819 His
707 1772 989 1833 permotus
1039 1761 1426 1829 Constantius,
1473 1768 1530 1815 et
1554 1757 1765 1815 duobus
1822 1756 1929 1811 illis

321 1856 607 1914 codicibus
637 1852 958 1912 Corbeiensi
996 1864 1054 1911 et
1082 1854 1441 1919 Carnutensi,
1472 1868 1610 1924 quos
1633 1858 1759 1906 ante
1789 1847 1931 1904 Feli-

321 1965 440 2006 cem
473 1958 732 2005 exaratos
760 1947 1135 2014 existimabat,
1168 1948 1221 2001 in
1252 1945 1495 2002 editione
1526 1959 1624 2000 sua
1651 1943 1709 1999 S.
1740 1940 1931 1996 llilarii

323 2041 562 2113 praetulit
590 2040 883 2097 lectionem
912 2039 1218 2113 adoptatur.
1256 2038 1373 2094 Etsi
1398 2046 1579 2093 autem
1613 2035 1756 2092 idem
1787 2034 1931 2090 Con-

322 2134 560 2191 stantius
592 2132 951 2199 indicaverat,
981 2130 1303 2189 codicemS.
1330 2129 1518 2185 Hilarii
1549 2128 1760 2183 nullum
1792 2127 1930 2182 anti-

321 2229 570 2301 quiorem
589 2235 807 2284 exstare
819 2225 1010 2283 codice
1028 2224 1267 2281 basilica:
1286 2224 1581 2292 Vaticanae,
1596 2233 1651 2279 et
1666 2223 1824 2292 hujus
1836 2235 1929 2275 co-

323 2320 458 2379 dicis
477 2324 661 2379 varias
691 2322 959 2379 lectiones
973 2321 1145 2377 Roma
1165 2320 1233 2377 ad
1246 2337 1305 2378 se
1331 2322 1527 2377 missas
1549 2320 1663 2375 suis
1689 2319 1826 2374 locis
1847 2318 1930 2373 in-

321 2418 560 2487 serebat,
579 2428 758 2474 tamen
782 2417 850 2473 ad
866 2420 1011 2473 hunc
1034 2418 1212 2473 locum
1233 2432 1334 2488 pro
1360 2415 1629 2486 scriptura
1644 2417 1929 2487 adoptatur

321 2510 567 2566 codicem
600 2510 841 2567 basilicae
871 2509 1149 2566 Vaticana:
1181 2526 1248 2565 ne
1280 2508 1581 2566 nominavit
1610 2507 1854 2578 quidem.

392 2605 526 2661 213.
568 2603 923 2674 Germonius,
955 2605 1046 2676 qui
1076 2620 1186 2661 non
1213 2604 1564 2677 probaverat,
1595 2619 1623 2655 a
1654 2601 1927 2657 Constan-

322 2699 402 2756 tio
458 2701 736 2770 praelatam
790 2701 960 2757 fuisse
1012 2701 1340 2773 scripturam
1387 2698 1690 2769 adoptatur,
1745 2706 1930 2753 certus

322 2789 446 2849 ﬁeri
491 2792 686 2861 voluit,
732 2806 986 2863 quaenam
1012 2791 1177 2848 lectio
1204 2798 1449 2847 exstaret
1477 2788 1529 2844 in
1562 2786 1756 2844 codice
1786 2786 1931 2842 basi-

321 2882 440 2940 licae
471 2884 770 2953 \‘aticauae,
804 2893 970 2955 atque
1000 2884 1076 2940 ita
1105 2883 1314 2955 primus
1345 2882 1464 2953 ipse
1490 2882 1723 2938 edoctus
1750 2897 1781 2935 a
1804 2878 1932 2935 Tel-

323 2976 484 3033 lierio
510 3022 524 3046 ,
559 2978 969 3050 corruptionem
997 2978 1117 3049 ejus
1144 2977 1353 3034 codicis
1375 2976 1657 3047 evolgavit
1681 3018 1695 3042 ,
1739 2976 1792 3031 in
1823 2990 1931 3045 quo

2028 359 2219 413 tionem
2243 361 2322 413 usi
2346 363 2550 431 fuerant
2574 364 2761 432 fratres
2783 368 2970 434 nostri,
2994 368 3139 421 nobis
3155 369 3372 437 deesset,
3406 371 3637 444 adeoque

2030 469 2146 521 nec,
2166 453 2291 525 quid
2304 455 2357 508 in
2378 471 2438 509 eo
2452 455 2725 529 legeretur,
2743 461 3080 516 constaret.N
3087 480 3211 536 eque
3224 481 3341 521 vero
3372 466 3440 520 ad
3458 465 3638 522 lectio-

2030 562 2148 601 nem
2174 547 2607 619 conﬁrntandarn,
2632 569 2789 623 quam
2815 554 3031 611 aliunde
3056 558 3184 612 satis
3216 570 3409 615 certam
3437 579 3637 635 semper

2030 642 2345 712 censuimus,
2365 644 2558 699 codicis
2586 644 2748 718 hujus
2775 651 3084 706 auctoritate
3112 670 3205 708 nos
3229 671 3375 726 egere
3405 664 3525 711 tunc
3551 673 3639 711 ar-

2032 734 2370 793 bitrabamur.
2421 736 2619 794 Nostro
2647 740 3054 799 silentio-motus
3084 746 3436 817 disceptator,
3465 760 3545 816 et,
3577 761 3637 805 ut

2031 827 2289 896 suspicari
2341 837 2451 897 est,
2493 832 2722 887 codicem
2750 834 2897 888 illum
2934 836 3034 890 sibi
3072 837 3245 906 favere
3272 852 3441 907 ratus,
3473 841 3638 896 virum

2030 918 2404 988 doctissimum,
2451 931 2507 976 ut
2545 939 2659 977 eum
2689 923 2961 998 diligenter
2990 927 3283 999 inspiceret,
3316 932 3636 989 sollicitavit.

2102 1014 2232 1073 215.
2271 1016 2458 1088 Itaque
2490 1033 2615 1073 eum
2646 1019 2846 1088 editio,
2892 1037 3019 1093 quae
3050 1023 3229 1080 codici
3262 1025 3503 1083 basilicae
3534 1023 3641 1083 Va-

2032 1106 2236 1165 ticana:
2280 1110 2477 1165 collata
2512 1110 2721 1181 fuerat,
2771 1113 3027 1169 exhibeat
3050 1118 3328 1186 adoratur,
3355 1130 3407 1175 et
3437 1119 3641 1176 Bandi-

2033 1201 2179 1269 nius,
2228 1202 2574 1276 Maurinique
2609 1205 2818 1261 variam
2852 1206 3141 1265 lectionem
3173 1211 3240 1266 ad
3280 1212 3424 1269 hunc
3457 1214 3639 1270 locum

2034 1308 2144 1349 non
2170 1297 2558 1366 ascripserint,
2587 1312 2995 1370 consequenter
3028 1304 3324 1361 tenendum
3359 1315 3465 1374 est,
3492 1308 3640 1364 viros

2033 1385 2348 1458 diligentes,
2377 1391 2571 1461 quales
2597 1390 2956 1450 Constantius
2988 1397 3146 1452 nobis
3170 1397 3453 1469 describit,
3487 1400 3541 1455 in
3572 1416 3640 1457 co

2033 1478 2223 1535 codice
2278 1483 2555 1552 reperisse
2613 1485 2878 1555 scriptum
2930 1486 3202 1544 adoratur.
3276 1490 3346 1545 Et
3390 1492 3640 1563 quamvis

2033 1572 2370 1633 adverterint
2400 1576 2643 1633 litteram
2673 1596 2699 1631 r
2729 1579 2781 1634 in
2815 1580 2938 1637 loco
2986 1585 3246 1652 ampliori
3297 1601 3459 1642 eraso
3489 1604 3520 1644 a
3553 1603 3642 1644 se-

1959 1676 2008 1736 B
2034 1666 2211 1722 cunda
2241 1674 2403 1724 manu
2436 1681 2715 1727 exaratam
2748 1673 2916 1731 fuisse
2943 1720 2957 1744 ,
2976 1684 3157 1733 tamen
3182 1678 3234 1733 id
3264 1682 3640 1739 necessarium

2035 1775 2143 1815 non
2189 1760 2464 1818 duxerunt
2510 1780 2778 1832 monere,
2825 1766 2969 1837 quod
3014 1785 3199 1825 veram
3231 1775 3640 1831 correctionem

2031 1854 2263 1924 alicujus
2288 1856 2495 1913 erroris
2524 1857 2840 1927 putaverint
2872 1874 2997 1915 esse
3017 1901 3033 1927 ,
3068 1871 3129 1916 ut
3150 1863 3316 1918 multa
3340 1864 3544 1921 suntin
3572 1881 3641 1923 eo

2031 1948 2223 2005 codice
2249 1950 2330 2006 sic
2353 1961 2627 2007 correcta.
2679 1952 2827 2009 Sane
2848 1952 3227 2024 Constantius,
3257 1958 3349 2029 qui
3380 1960 3432 2013 itt
3464 1961 3645 2030 primo

2033 2043 2195 2099 etiam
2239 2044 2387 2101 libro
2423 2045 2615 2101 Hilarii
2656 2046 2955 2104 editionem
2983 2048 3151 2104 Mira-i
3180 2052 3402 2122 allegat,
3429 2055 3641 2125 aliqua-

2033 2144 2193 2193 tenus
2242 2139 2525 2210 negligens
2569 2140 2747 2196 videri
2797 2152 3006 2211 potest,
3058 2144 3203 2213 quod
3250 2147 3465 2203 eamad
3497 2149 3642 2207 hunc

2033 2226 2212 2284 locum
2246 2229 2477 2285 secundi
2509 2231 2634 2286 libri
2661 2234 2954 2289 consulere
2991 2251 3099 2291 non
3130 2239 3425 2294 curaverit.
3495 2239 3635 2306 Quid

2032 2330 2216 2377 autem
2268 2321 2315 2377 si
2360 2324 2762 2381 Consuluisset?
2809 2326 3053 2398 Legisset
3102 2330 3154 2384 in
3194 2345 3254 2385 ea
3297 2334 3637 2390 contrarium

2031 2415 2138 2470 sibi
2166 2416 2395 2472 verbum
2429 2418 2701 2489 adoratur,
2738 2429 2793 2476 et
2826 2437 2951 2476 cum
2984 2422 3131 2479 inter
3162 2430 3345 2479 varias
3372 2426 3640 2485 lectiones

2032 2508 2209 2564 Roma
2250 2511 2449 2566 missas
2487 2513 2648 2585 119
2684 2513 2886 2569 nullam
2930 2515 3358 2587 discrepantiam
3398 2519 3640 2579 adhunc

2032 2602 2213 2659 locum
2264 2613 2550 2671 notasset,
2583 2607 2918 2664 concludere
2957 2608 3283 2676 debuisset,
3336 2613 3396 2669 in
3446 2613 3641 2672 codice

2032 2694 2280 2751 basilicae
2311 2695 2593 2753 Vaticana:
2625 2696 2733 2770 legi
2757 2702 3035 2755 adoratur.

2103 2790 2231 2847 216.
2275 2790 2382 2847 Sed
2416 2794 2586 2849 multo
2612 2803 2743 2849 ante
2771 2795 2914 2850 idem
2944 2795 3168 2851 verbum
3192 2797 3443 2854 adoratur
3476 2799 3529 2855 in
3571 2816 3640 2858 eo

2032 2881 2223 2940 codice
2268 2883 2585 2952 exstitisse,
2647 2886 2998 2942 manifestum
3064 2897 3151 2944 est
3194 2905 3259 2945 ex
3315 2890 3633 2957 collatione,

2033 2991 2193 3048 quam
2219 2976 2672 3048 diligentissimus
2704 2979 2785 3034 vir
2805 2978 3033 3035 Latinus
3065 2981 3312 3037 Latinius
3342 2993 3639 3039 exsecutus

325 3086 475 3127 nunc
517 3071 716 3144 legitur
754 3073 1031 3138 adoratur,
1079 3071 1175 3128 sed
1204 3080 1389 3137 antea,
1417 3079 1476 3125 ut
1502 3070 1745 3133 videtur.
1782 3069 1926 3140 lege-
1955 3076 2001 3140 C
2032 3082 2137 3128 est.
2179 3072 2411 3129 Exstant
2445 3072 2564 3144 ejus
2604 3074 2771 3129 variae
2797 3073 3087 3140 lectiones,
3128 3086 3182 3131 et
3209 3077 3642 3134 animadversio-

322 3161 486 3219 batur
515 3163 820 3235 adoptatur.
881 3164 961 3220 Ex
1006 3180 1114 3235 quo
1159 3164 1319 3235 plane
1367 3163 1676 3236 colligitur,
1714 3163 1923 3218 nullttm

323 3271 448 3314 esse
474 3256 658 3314 locum
682 3257 1003 3330 suspicandi
1025 3256 1272 3315 fraudem
1303 3258 1468 3315 ullam
1499 3267 1593 3314 aut
1619 3258 1674 3313 in
1697 3256 1927 3314 Germo-

322 3349 415 3405 nio
438 3390 455 3418 ,
490 3358 585 3406 aut
607 3350 663 3407 in
690 3350 972 3409 Tellierio.
1006 3350 1177 3407 Nemo
1197 3350 1267 3408 de
1289 3340 1521 3407 lectione
1542 3350 1706 3422 hujus
1721 3349 1926 3406 codicis

323 3446 553 3502 verbum
605 3446 776 3502 ullum
821 3447 877 3502 in
926 3445 1027 3502 hac
1073 3445 1453 3503 controversia
1504 3443 1753 3514 fecerat,
1800 3458 1923 3499 cum

322 3536 658 3594 Germonius
693 3547 838 3610 part.
872 3553 931 3606 ιι,
965 3553 1017 3594 c.
1048 3538 1081 3593 9
1110 3539 1179 3595 de
1208 3536 1345 3595 Cod.
1374 3547 1621 3607 corrupt.
1665 3536 1922 3607 scripsit:

332 3631 470 3699 Quia
519 3641 690 3688 tamen
723 3633 908 3705 religio
950 3642 1024 3688 est
1052 3631 1179 3687 mihi
1204 3632 1485 3704 quidquam
1513 3632 1922 3704 praetermittere,

329 3728 468 3798 quod
488 3727 558 3782 ad
572 3729 834 3783 ueritatem
846 3727 1209 3783 elucidandam
1222 3730 1457 3800 conferre
1475 3726 1659 3797 possit,
1695 3742 1798 3779 non
1815 3724 1926 3779 dis-

330 3819 587 3875 simulabo
614 3836 745 3887 rem,
773 3837 889 3890 qua:
911 3821 1113 3876 videtur
1142 3819 1714 3885 latuisselCoustantio,
1747 3832 1927 3890 nempe

328 3911 383 3967 in
400 3930 459 3968 eo
480 3914 659 3971 codice
668 3915 911 3987 primitus
927 3915 1181 3983 scriptum
1201 3914 1362 3985 fuisse
1391 3915 1552 3987 118
1567 3927 1919 3969 anorra'run:

324 4005 402 4063 ita
428 4009 567 4063 enim
596 4010 769 4083 accepi
796 4009 861 4065 ab
891 4009 1237 4065 eruditissimo
1258 4009 1370 4064 viro
1394 4050 1410 4077 ,
1442 4008 1530 4078 qui
1563 4005 1751 4062 librum
1770 3998 1925 4060 illum

326 4112 519 4175 rogatu
548 4118 663 4159 meo
684 4103 961 4175 diligenter
988 4103 1238 4173 inspexit.

396 4194 526 4252 214.
569 4199 685 4269 Age
722 4212 886 4266 vero,
934 4195 1183 4268 apertius
1224 4194 1329 4252 hoc
1359 4195 1538 4267 ipsum
1582 4193 1923 4250 demonstre-

329 4305 472 4347 mus.
506 4290 864 4348 Constantius
895 4290 966 4347 ad
993 4305 1148 4346 suam
1172 4289 1365 4345 llilarii
1391 4287 1694 4346 editionem
1734 4287 1804 4344 de
1833 4301 1927 4344 co-

326 4385 450 4443 dice
497 4385 740 4443 basilica:
798 4385 1075 4442 Vaticana
1126 4384 1182 4440 in
1234 4384 1387 4455 praef.
1440 4400 1496 4439 n.
1535 4383 1573 4437 2
1610 4383 1692 4439 sic
1715 4381 1921 4439 habet:

2033 3184 2133 3226 nes
2175 3167 2232 3225 in
2276 3152 2339 3225 S.
2380 3168 2667 3233 llilarium,
2696 3170 2960 3226 editionis
3000 3169 3330 3227 Parisiensis
3365 3173 3469 3228 sub
3502 3173 3634 3229 Sole

2029 3278 2199 3320 aureo
2229 3263 2372 3320 15M
2396 3305 2411 3329 ,
2443 3279 2565 3335 quae
2610 3272 2696 3320 est
2739 3263 2908 3320 editio
2944 3263 3202 3320 Ludovici
3234 3265 3433 3332 Mirari,
3464 3267 3518 3321 in
3548 3266 3638 3321 Bi—

2028 3357 2303 3414 bliotheca
2328 3357 2451 3427 ejus
2476 3373 2634 3414 sacra
2669 3367 2725 3412 et
2753 3358 3008 3427 profana,
3041 3373 3166 3429 pag.
3192 3358 3262 3413 58
3283 3374 3442 3431 seqq.
3473 3359 3638 3414 Initio

2028 3451 2150 3509 haec
2176 3461 2261 3508 est
2281 3451 2601 3507 annotatio:
2632 3450 2732 3505 Die
2752 3466 2866 3506 xm
2897 3449 3148 3504 Januarii
3172 3451 3334 3517 1561,
3365 3451 3553 3523 collegi
3575 3470 3638 3507 ea;

2030 3543 2207 3599 codice
2235 3542 2467 3598 basilica:
2507 3543 2571 3598 S.
2606 3541 2752 3596 Petri
2782 3543 2930 3597 mira:
2958 3541 3222 3596 vetustatis
3241 3582 3253 3606 ,
3288 3543 3477 3597 litteris
3507 3562 3636 3614 pene

2028 3635 2339 3709 majusculis
2386 3636 2618 3707 scripto,
2667 3635 2841 3689 varias
2893 3635 3169 3701 lectiones,
3221 3650 3339 3705 qua:
3387 3644 3636 3690 notantur

2028 3738 2151 3783 nota
2181 3727 2248 3782 Ρ.
2273 3725 2353 3782 De
2378 3726 2632 3782 Trinitate
2659 3726 2792 3781 liber
2819 3728 3042 3798 primus,
3071 3735 3178 3782 etc.
3212 3727 3454 3783 Annotat
3478 3744 3640 3784 accu-

2028 3821 2307 3877 ratissime
2356 3819 2603 3876 Latinius
2652 3820 2833 3875 varias
2881 3819 3147 3875 lectiones
3179 3818 3246 3875 ad
3275 3819 3537 3877 12libros
3566 3820 3637 3877 de

2027 3912 2301 3970 Trinitate
2325 3954 2341 3979 ,
2374 3911 2440 3967 ad
2472 3911 2671 3967 librum
2712 3918 2907 3967 contra
2939 3909 3363 3980 Constantium,
3397 3910 3466 3967 ad
3497 3911 3636 3967 duos

2028 4006 2203 4064 libros
2248 4004 2315 4062 ad
2355 4002 2771 4070 Constantium,
2821 4003 2890 4059 ad
2931 4002 3128 4058 librum
3173 4011 3368 4059 contra
3393 4003 3639 4059 Ariatms

2027 4100 2118 4157 vel
2162 4099 2495 4155 Auxentium
2517 4143 2530 4167 ,
2583 4097 2650 4152 ad
2680 4096 2971 4168 epistolam
3002 4096 3297 4160 Auxentii,
3338 4095 3401 4150 ad
3435 4094 3633 4150 librum

2029 4192 2099 4248 de
2122 4190 2394 4264 Synodis:
2425 4197 2482 4246 et
2512 4190 2566 4245 in
2601 4189 2706 4245 hoc
2734 4188 2877 4244 libro
2900 4188 2969 4243 ad
3002 4187 3169 4244 verba
3190 4229 3204 4255 ,
3244 4188 3377 4242 Vere
3402 4186 3634 4260 Spiritus

2028 4284 2216 4354 sancti,
2236 4282 2419 4354 hisque
2439 4282 2734 4338 nominibus
2756 4297 2860 4335 non
2887 4280 3215 4352 simpliciter,
3241 4280 3461 4350 subjicit
3484 4280 3633 4336 illico

2031 4380 2137 4435 hoc
2178 4376 2450 4433 monitum
2477 4393 2489 4430 :
2524 4373 2797 4429 Hactenus
2828 4373 2975 4429 habet
3008 4372 3272 4444 exemplar
3304 4373 3533 4428 basilicce
3565 4372 3629 4428 S.

329 4477 530 4534 Nullus
550 4479 840 4534 desiderari
868 4495 1018 4551 posse
1040 4477 1241 4534 videtur
1270 4477 1556 4549 antiquior,
1581 4492 1738 4549 quam
1766 4474 1853 4547 qui
1871 4474 1925 4529 iu
1950 4479 2005 4541 D
2033 4471 2201 4539 Petri,
2231 4472 2285 4524 in
2314 4485 2413 4540 quo
2442 4467 2645 4540 aliquot
2676 4464 3066 4537 quinterniones
3090 4464 3295 4519 desunt.

325 4569 541 4624 archiva
581 4569 850 4625 Vaticana:
883 4569 1132 4626 Ecclesia:
1159 4578 1476 4625 asservatur.
1495 4607 1510 4624 .
1533 4609 1548 4625 .
1566 4608 1585 4627 .
1618 4569 1725 4625 Sed
1751 4568 1805 4622 in
1833 4582 1929 4622 an-

328 4663 475 4733 tiquo
498 4662 674 4717 codice
705 4678 809 4718 non
839 4662 1135 4734 negandum
1160 4670 1233 4717 est
1262 4662 1452 4717 menda
1472 4677 1581 4716 esse
1610 4662 1845 4731 antiqua.
1870 4700 1885 4716 .
1912 4700 1926 4714 .

327 4754 468 4810 Eam
508 4756 570 4809 ob
606 4771 713 4809 rem
738 4754 935 4810 codicis
971 4756 1130 4829 hujus
1158 4756 1457 4827 antiquitati
1484 4755 1618 4809 nihil
1643 4754 1931 4811 inconsulte

328 4847 638 4915 tribuimus,
671 4864 732 4903 ea
760 4856 964 4903 tantum
992 4851 1038 4903 ei
1074 4864 1317 4903 concessa
1343 4848 1706 4914 veneratione,
1745 4858 1803 4902 ut
1829 4847 1933 4901 lec-

328 4944 498 4998 tiones
520 4957 691 4999 r-norn
715 4957 889 4998 omnes
907 4983 921 5008 ,
954 4944 1008 4996 in
1029 4943 1221 5012 quibus
1249 4958 1282 4996 a
1303 4943 1503 4997 cwteris
1524 4941 1809 5013 discrepat,
1844 4940 1929 4994 di-

329 5034 553 5106 ligenter
580 5047 975 5091 annotaremus.
1016 5034 1135 5090 Has
1164 5053 1197 5091 a
1225 5034 1433 5090 Joanne
1451 5031 1705 5107 'Baptista
1731 5032 1932 5090 Bandi-

329 5128 452 5195 nio,
494 5126 758 5185 Vaticana:
796 5130 1025 5186 basilica:
1044 5129 1332 5196 canonico,
1363 5145 1481 5183 cum
1517 5144 1704 5184 nouam
1731 5127 1931 5182 Hilarii

329 5222 613 5277 editionem
636 5233 865 5292 pararet,
882 5224 1128 5279 collectas
1154 5221 1300 5277 nobis
1332 5222 1717 5293 descripserunt
1746 5223 1951 5293 fratres»

330 5315 519 5383 nostri,
536 5315 626 5386 qui
640 5313 824 5372 Romae
840 5325 1133 5383 versantur,
1148 5325 1198 5372 et
1218 5315 1472 5371 nonnulla
1487 5331 1648 5386 opera
1667 5331 1758 5388 per
1772 5330 1826 5369 se
1847 5330 1935 5369 ac-

330 5418 511 5464 curate
520 5418 966 5481 recognoscentes,
987 5410 1187 5465 laudati
1204 5408 1459 5465 Canonici
1471 5408 1798 5481 diligentiam
1821 5425 1936 5479 pro-

333 5501 607 5557 baverunt.
639 5502 698 5558 1n
724 5503 980 5560 secundis
1013 5502 1279 5560 Vindiciis
1307 5502 1451 5557 idem
1480 5501 1835 5559 Constantius
1859 5500 1939 5557 sic

333 5595 511 5653 refert
548 5604 688 5667 part.
722 5613 806 5664 ut,
833 5612 883 5653 e.
917 5598 972 5665 ὅ,
1000 5596 1071 5653 de
1099 5596 1293 5654 eodem
1322 5596 1513 5654 codice
1528 5596 1795 5668 loquens:
1830 5593 1939 5652 Sed

336 5688 403 5747 de
423 5691 538 5749 loco
559 5707 695 5748 nunc
715 5699 1046 5747 controverso
1074 5707 1168 5747 nos
1199 5692 1350 5748 silere
1373 5691 1506 5749 bona
1519 5688 1648 5762 fides
1668 5686 1938 5763 compulit,

717 5785 991 5847 PATROL.
1043 5783 1223 5846 XIX.

2104 4564 2234 4618 217.
2280 4560 2347 4618 Ut
2394 4568 2579 4617 autem
2625 4558 2977 4631 perspicuum
3034 4557 3109 4612 sit
3154 4568 3356 4628 quanta
3400 4571 3531 4614 cura
3585 4566 3641 4615 et

2033 4659 2311 4730 diligentia
2339 4654 2589 4711 Latinius
2612 4654 2666 4709 in
2690 4653 2884 4710 codice
2910 4667 2979 4709 ex
2992 4650 3303 4722 pendendo,
3338 4659 3395 4707 et
3426 4651 3638 4709 Hilario

2032 4749 2387 4819 illustrando,
2418 4755 2673 4806 versatus
2720 4746 2908 4813 fuerit,
2942 4759 3145 4816 paucas
3170 4744 3290 4815 ejus
3308 4760 3431 4801 cum
3460 4746 3645 4802 varias

2035 4847 2303 4902 lectiones
2327 4886 2342 4912 ,
2389 4851 2503 4900 tum
2534 4841 2884 4913 conjecturas
2920 4841 3215 4896 annotabo.
3258 4839 3377 4895 Lib.
3408 4858 3445 4908 ι,
3482 4858 3632 4897 num.

2035 4939 2154 4995 sive
2182 4954 2304 5010 cap.
2341 4938 2368 4993 1
2403 4936 2470 4993 de
2499 4935 2702 4992 Trinit.
2741 4937 2791 4990 in
2817 4933 3062 4990 editione
3084 4933 3254 4989 Miraci
3281 4951 3294 4987 :
3327 4934 3481 4999 Quod
3510 4935 3640 4988 alte-

2037 5049 2156 5087 rum
2196 5032 2308 5086 sine
2351 5030 2521 5084 altera
2546 5072 2561 5097 ,
2604 5029 2656 5084 in
2700 5027 2893 5085 cndice
2927 5025 3166 5083 basilicae
3198 5025 3472 5082 Vaticana:
3498 5025 3638 5096 quod

2040 5128 2190 5184 aliud
2217 5127 2329 5182 sine
2352 5126 2537 5181 altero.
2590 5124 2682 5181 Sic
2711 5124 2845 5196 legit
2882 5123 3237 5181 Constantius
3258 5162 3274 5189 ,
3304 5121 3404 5176 sed
3436 5120 3640 5175 nullam

2039 5220 2472 5292 discrepantiam
2523 5217 2815 5289 scripturae
2874 5215 3160 5272 observat.
3209 5211 3353 5267 Ibid.
3400 5212 3454 5266 in
3505 5211 3641 5268 edit.

2041 5315 2164 5372 Mir.
2191 5332 2205 5369 :
2235 5312 2440 5387 pabulis
2471 5311 2592 5367 laeta
2619 5309 2963 5383 vagantibus;
2993 5309 3047 5363 in
3076 5305 3203 5363 cod.
3230 5304 3390 5360 hasil.
3424 5304 3641 5363 Vatic.:

2044 5407 2236 5479 pabula
2265 5406 2381 5461 laete
2407 5404 2737 5477 uagantibus.
2762 5400 3124 5459 Constantius
3152 5396 3356 5466 pabulis
3388 5398 3507 5453 ltrta
3528 5416 3647 5454 eua-

2045 5500 2309 5575 gantibus,
2341 5506 2399 5553 et
2418 5498 2601 5554 solum
2640 5504 2795 5552 notat
2822 5509 2888 5549 ex
2919 5507 3051 5547 mss.
3081 5489 3408 5545 Colbertino
3430 5498 3487 5546 et
3510 5489 3650 5548 Ger-

2049 5593 2298 5651 manensi
2330 5590 2630 5647 vacantibus
2673 5603 2771 5660 pro
2810 5582 3165 5657 evagantibus.
3209 5581 3344 5639 Ibid.
3391 5583 3513 5640 Mir.
3541 5625 3556 5652 ,
3592 5599 3658 5640 ea:

2053 5688 2278 5760 pascuis,
2325 5685 2454 5743 cod.
2499 5685 2617 5742 bas.
2660 5682 2802 5751 Vat.,
2842 5695 2906 5735 ea:
2944 5687 3123 5751 pastu.
3184 5675 3539 5734 Constantius
3588 5692 3653 5731 ea:

3287 5769 3368 5828 1'1
