4086 6184
306 120 413 177 ηδ

276 324 925 395 ἐοηθοιίοιιθειαιιιίῳιδ
969 340 1133 389 manu
1169 324 1339 382 factas
1371 325 1516 381 idem
1543 327 1786 382 Muretus
1817 326 1915 382 ob-

293 422 501 469 servat.
531 414 847 486 Optandunt
878 430 1011 472 sane
1037 415 1257 482 fuisset,
1290 426 1349 471 nt
1378 418 1561 474 varias
1594 417 1688 473 bas
1719 418 1914 474 Mureli

292 508 566 566 lectiones
607 524 760 565 cum.
791 510 956 576 notis,
989 525 1123 580 quas
1157 511 1529 578 intermiscet,
1584 526 1698 581 prte
1738 510 1913 566 oculis

296 601 588 658 baba'sset
613 601 991 657 Constantius.
1025 602 1156 657 Nam
1182 618 1320 674 quas
1350 602 1521 658 Roma
1550 619 1580 658 a
1607 603 1771 659 sociis
1800 605 1913 659 suis

294 696 497 751 missas
531 694 769 762 accepit,
816 695 1022 765 Oppido
1064 711 1205 752 rara:
1255 705 1404 763 sunt,
1452 711 1630 769 neque
1674 696 1806 752 satis
1843 695 1911 752 ad

294 790 579 859 exemplar
605 788 995 849 conformatae:
1022 799 1076 843 ut
1099 806 1224 845 cum
1247 790 1284 843 l.
1306 805 1384 857 rx,
1412 804 1463 845 c.
1488 789 1579 854 65,
1612 797 1767 844 notat
1797 807 1809 845 :
1842 787 1910 843 In

266 880 637 947 «solileartq
678 891 726 935 et
750 879 873 934 Bas.
900 880 1021 935 Vat.
1056 896 1577 949 CONSUIIABUNTUR,
1621 897 1744 937 cum
1793 881 1910 936 Mu-

291 988 447 1029 retus
474 974 541 1030 ad
574 974 737 1033 verba
769 989 892 1044 cap.
922 989 1009 1029 us
1042 974 1290 1040 ejusdem
1321 974 1470 1039 libri,
1512 975 1700 1045 futura:
1724 976 1908 1027 volun-

291 1068 419 1123 tatis
449 1068 746 1139 agitandus,
778 1078 975 1129 contra
1003 1069 1426 1134 animadvertat,
1464 1071 1515 1125 in
1554 1070 1727 1125 veteri
1760 1070 1911 1123 codi-

289 1176 358 1217 ce
378 1160 442 1218 S.
471 1162 623 1218 Petri
644 1161 841 1219 deesse
869 1163 1288 1232 quaternionem
1317 1178 1487 1232 usque
1510 1163 1579 1218 ad
1602 1162 1769 1217 verba
1796 1178 1912 1217 mea

289 1268 572 1328 suntcap.
613 1259 706 1315 75.
740 1259 1015 1314 Praeterea
1045 1258 1315 1325 Muretus,
1348 1274 1469 1313 cum
1513 1258 1792 1326 scriptura
1814 1273 1908 1312 co-

260 1376 264 1380 Α
289 1350 435 1406 dicis
462 1350 619 1407 initio
648 1352 927 1407 recentior
954 1351 1048 1419 sit,
1078 1365 1249 1419 prone
1277 1349 1437 1407 linem
1466 1350 1646 1419 libris
1679 1351 1749 1406 de
1788 1348 1908 1404 Tri-

284 1442 485 1510 tritate,
517 1442 586 1498 ad
610 1443 778 1501 verba
808 1443 1114 1501 Nativitatis
1146 1442 1461 1514 signiﬁcatio
1487 1451 1583 1508 est,
1611 1449 1745 1508 etc.,
1768 1441 1908 1496 lianc

284 1546 479 1593 notam
498 1535 781 1607 appiugit:
808 1534 915 1589 Hic
936 1536 1118 1606 incipit
1143 1536 1359 1606 antiqua
1382 1536 1664 1605 scriptura.
1686 1534 1745 1589 ln
1765 1534 1906 1589 libro

1144 174 1149 178 .
1675 109 2192 175 PROLEGOMENA
2204 153 2218 171 .

296 218 409 300 jain
454 240 584 289 tunc
639 231 838 288 factum
900 232 1146 305 conspici
1200 232 1470 288 adoratur.
1518 224 2209 290 Similes'ﬂlias'k'lr’brm
2229 228 2282 283 in
2310 228 2665 288 Constantium
2695 233 3053 307 imperatorem
3074 238 3168 308 fol.
3196 239 3331 297 276:
3367 240 3617 315 Ejusdem

3510 131 3616 190 526
3662 202 3667 205 Α

2018 320 2087 371 ad
2109 318 2473 379 Constantium
2500 325 2858 398 imperatorem
2872 330 3036 391 libros
3053 333 3201 397 duos,
3214 334 3310 406 fol.
3343 334 3449 401 288
3472 353 3492 401 ;
3516 336 3621 393 Ad-

2016 426 2189 467 versus
2215 415 2528 469 Auxentium
2558 416 2998 476 Mediolanensem
3023 423 3208 503 librum
3236 426 3331 497 fol.
3355 426 3501 493 294;
3529 427 3621 483 Li-

2017 506 2159 560 brum
2192 507 2257 562 de
2288 508 2515 580 Synodis
2541 521 2721 567 contra
2762 514 2980 570 Arianos
3004 518 3099 588 fol.
3134 517 3259 587 500.
3294 518 3359 575 1η
3394 520 3493 575 hoc
3530 538 3619 577 vo-

2016 599 2212 656 lumine
2237 599 2493 660 habentur
2521 622 2653 662 xvnt
2691 607 2821 678 folia
2860 610 3061 667 diverso
3089 612 3383 669 charactere
3413 632 3516 670 non
3544 617 3620 671 ita

2015 693 2230 759 antiquo
2259 696 2472 766 scripta,
2503 708 2548 752 et
2571 708 2686 771 post
2728 700 2911 771 folium
2956 702 3060 758 192
3112 704 3296 763 desunt
3324 705 3454 775 folia
3480 717 3617 763 octo.

2016 782 2083 839 In
2112 787 2216 856 ﬁne
2245 788 2362 843 libri
2398 791 2582 865 desunt
2625 792 2753 865 folia
2780 792 2872 863 24,
2914 795 2969 848 in
3006 795 3190 867 quibus
3229 799 3507 867 erthiber
3553 801 3620 855 de

2017 878 2265 949 Synodis.
2333 882 2484 938 Folio
2516 885 2584 941 55
2605 885 2799 940 inserta
2846 886 3003 961 124
3030 899 3150 947 sunt
3174 888 3284 946 Ittec
3307 894 3536 949 carmina
3563 895 3616 946 in

2014 969 2223 1025 laudent
2269 972 2375 1029 SS.
2410 974 2589 1031 Mauri
2616 987 2663 1031 et
2683 976 2985 1057 Benedicti;
3020 980 3123 1048 Qui
3153 983 3381 1043 benedici
3407 985 3614 1056 cupitis,

2014 1065 2121 1119 huc.
2151 1070 2329 1136 festive
2350 1071 2561 1136 currite,
2591 1069 2859 1127 Benedicti
2884 1074 3047 1143 patris
3078 1091 3226 1142 opem
3249 1077 3483 1147 quwrite,
3511 1086 3619 1132 etc.

1986 1202 1989 1207 .
2016 1158 2350 1241 Describitur
2373 1162 2586 1229 integer
2611 1164 2870 1237 hymnus,
2900 1167 3063 1237 cujus
3086 1169 3211 1223 linis
3240 1178 3324 1225 est
3350 1188 3361 1223 :
3397 1170 3512 1237 Quo
3539 1184 3627 1224 se-

2013 1251 2103 1320 qui
2133 1268 2227 1307 nos
2255 1252 2410 1311 donet
2431 1253 2690 1321 Christus.
2720 1257 2861 1333 Casu
2886 1259 3048 1315 incidi
3073 1261 3123 1315 in
3153 1272 3432 1331 attetorem
3456 1262 3617 1335 hujus

2014 1342 2221 1416 hymni.
2256 1349 2499 1405 Joannes
2522 1351 2785 1407 Mezlerus
2816 1352 2883 1409 de
2910 1352 3025 1408 Vir.
3059 1355 3259 1411 illustr.
3296 1356 3616 1425 monasterii

2013 1437 2073 1493 S.
2101 1438 2239 1495 Galli
2271 1440 2638 1499 Eckerardum
2667 1445 2942 1501 seniorem
2965 1487 2979 1509 ,
3028 1446 3128 1517 qui
3158 1448 3618 1516 obiitanno.966,

2012 1544 2134 1586 cum
2157 1531 2359 1602 laudat,
2388 1535 2470 1591 sic
2495 1536 2663 1592 refert
2689 1554 2701 1590 :
2734 1537 2958 1611 Scripsit
2985 1541 3274 1615 sequentias
3297 1557 3316 1594 :
3346 1540 3451 1606 Qui
3471 1541 3621 1596 bene-

293 1642 489 1687 autem
508 1630 578 1693 de
602 1630 844 1702 Synodis
873 1631 1139 1693 adversus
1164 1630 1435 1698 -Arianos,
1461 1631 1528 1685 ad
1559 1629 1722 1685 verba
1748 1672 1763 1697 ,
1794 1645 1906 1684 cer-
1934 1614 1986 1677 B
2012 1622 2117 1679 dici
2146 1626 2356 1696 cupitis,
2386 1636 2495 1683 etc.

288 1734 501 1795 tumque
516 1724 625 1792 ﬁlii
648 1740 760 1780 vere
786 1722 907 1793 ﬁlii,
941 1732 1073 1787 ete.,
1102 1724 1182 1780 sic
1202 1734 1356 1779 uetat
1384 1741 1397 1777 :
1429 1722 1713 1793 Hucusque
1742 1722 1905 1775 codex

293 1818 354 1874 S.
391 1816 456 1870 P.
483 1815 613 1872 Hac
643 1816 904 1889 (reliqua)
929 1827 1048 1871 sunt
1073 1818 1388 1887 conferenda
1417 1832 1534 1872 cum
1563 1815 1733 1870 Vatic.
1759 1815 1907 1868 codi-

292 1911 460 1977 cibus,
486 1919 543 1965 ut
572 1924 764 1967 revera
792 1910 1043 1976 contulit,
1072 1924 1137 1964 ac
1162 1909 1583 1979 discrepantiam
1596 1907 1903 1964 lectionum

292 2004 458 2061 simili
482 2003 648 2058 modo
675 2018 743 2059 ex
769 2002 890 2058 Vat.
924 2001 1051 2059 cod.
1079 2003 1313 2071 margini
1342 2001 1560 2073 adjecit.

364 2095 493 2151 222.
536 2095 655 2151 Alia
677 2094 1367 2165 deindequtestiosuborta
1380 2106 1461 2149 est
1486 2096 1553 2149 de
1578 2094 1902 2163 antiquitate

290 2190 521 2255 codicis,
548 2189 639 2260 qui
665 2190 716 2244 in
747 2188 990 2244 archivio
1013 2188 1256 2244 basilica:
1270 2187 1541 2244 Vaticana:
1562 2199 1898 2244 asservatur.

289 2283 373 2339 Ac
398 2283 633 2352 primum
664 2282 915 2347 adverto,
942 2291 1191 2337 nonantc
1211 2284 1471 2338 stt-culum
1505 2296 1571 2335 xv
1586 2282 1649 2334 ad
1684 2280 1900 2337 tabula-

287 2375 486 2430 larium
514 2374 753 2429 basilicae
781 2372 840 2430 S.
873 2374 1016 2429 Petri
1051 2374 1206 2446 123
1234 2374 1479 2429 codicem
1510 2375 1569 2429 S.
1600 2373 1789 2427 llilarii
1821 2375 1901 2426 vi-

287 2467 409 2524 deri
441 2468 676 2523 delatum
711 2486 724 2521 :
757 2466 1047 2536 siquidem,
1079 2466 1397 2537 Aipbrosius
1428 2466 1860 2521 Camalduletnis
1883 2507 1898 2530 ,

287 2561 384 2631 qui
428 2557 843 2631 diligentissime
882 2559 1059 2614 ubivis
1083 2560 1301 2613 co‘dices
1332 2570 1566 2628 veteres,
1596 2560 1900 2629 praesertim

266 2663 612 2715 sanctorum
648 2653 891 2720 Patrum,
929 2653 1313 2724 investigabat,
1348 2654 1536 2708 Romae
1559 2652 1789 2723 primum
1824 2653 1905 2706 bi-

291 2748 624 2804 bliothecam
655 2745 956 2811 Pontificis,
1004 2745 1203 2801 deinde
1234 2745 1615 2799 bibliothecam
1645 2743 1704 2799 S.
1755 2744 1900 2798 Petri

290 2840 668 2912 perlustravit,
697 2849 754 2896 et
785 2839 857 2895 de
874 2840 980 2895 hac
1018 2841 1097 2895 sic
1124 2838 1291 2894 refert
1319 2842 1374 2894 in
1422 2838 1757 2894 Marteniana
1786 2838 1897 2892 col-

2078 1717 2205 1773 224.
2250 1719 2594 1777 Mabillouius
2621 1722 2691 1778 de
2720 1723 2799 1779 Re
2827 1724 3057 1795 diplom.
3102 1726 3311 1796 profert
3348 1728 3510 1783 etiam
3542 1727 3624 1781 in—

2007 1814 2365 1883 scriptionem
2399 1817 2551 1881 anni,
2585 1834 2694 1888 quo
2724 1818 2960 1877 collatus
2989 1830 3081 1891 est
3096 1822 3269 1881 codex
3300 1821 3525 1887 llilarii,
3548 1821 3621 1879 .ab

2005 1905 2457 1976 incerto-quodam
2489 1909 2632 1983 libris
2668 1908 2867 1965 Hilarii
2903 1912 2969 1969 de
3003 1912 3265 1967 Trinitate
3306 1912 3531 1984 (melius
3558 1913 3624 1967 li-

2007 1996 2099 2050 bro
2129 1998 2182 2050 in
2211 1995 2576 2054 Constantium
2619 2000 2878 2073 dixisset)
2909 2003 3296 2077 .subjunctam.
3369 2005 3624 2061 Advertit

2008 2104 2155 2159 eum,
2180 2092 2270 2160 qui
2297 2093 2606 2163 catalogum
2636 2095 2887 2150 ecclesiae
2910 2095 3186 2169 Vaticana:
3216 2096 3511 2167 ordinavit,
3547 2098 3625 2152 le-

2005 2184 2153 2253 gisse
2184 2182 2422 2251 Contuli,
2452 2193 2559 2241 etc.
2594 2185 2853 2255 Pulzalis,
2885 2197 2941 2244 et
2965 2189 3299 2260 explicuisse
3325 2189 3393 2246 de
3423 2189 3623 2260 oppido

2008 2276 2316 2332 Putrazzio.
2345 2278 2466 2349 Ipse
2493 2295 2644 2346 vero,
2678 2282 2930 2352 quamvis
2961 2284 3205 2339 codicem
3234 2299 3344 2339 non
3375 2284 3573 2340 viderit
3604 2327 3620 2348 .

2006 2385 2074 2424 ex
2104 2370 2281 2425 forma
2306 2370 2687 2430 cbaracterum
2720 2375 2786 2429 ad
2830 2391 2891 2433 se
2936 2378 3254 2433 transmissa
3283 2379 3572 2435 contendit
3602 2422 3618 2445 ,

2006 2460 2298 2530 legendum
2327 2463 2469 2536 apud
2492 2463 2710 2521 Kasulis
2738 2482 2836 2535 pro
2868 2466 3124 2536 Putzalis,
3148 2481 3204 2525 et
3241 2470 3499 2542 intelligit
3522 2470 3625 2525 Ca—

2008 2556 2180 2609 sulam
2207 2557 2394 2612 urbem
2421 2559 2716 2627 provincia:
2739 2559 3042 2616 Bizacenze.

2078 2646 2205 2701 ἥδ.
2236 2648 2373 2704 Cum
2395 2662 2577 2705 autem
2609 2666 2801 2707 omnes
2831 2654 3183 2713 consentiant
3202 2655 3255 2710 in
3279 2658 3423 2711 anno
3453 2673 3620 2728 quar-

2009 2738 2282 2793 todecimo
2323 2742 2486 2811 regis,
2536 2759 2701 2813 quem
2750 2744 2996 2815 plerique
3044 2746 3490 2815 Trasamundum,
3529 2751 3624 2806 alii

2006 2829 2483 2901 Transamundum,
2509 2835 2562 2890 in
2585 2837 2780 2893 codice
2806 2840 2987 2895 vocari
3010 2840 3309 2911 affirmant,
3328 2858 3437 2911 quo
3455 2844 3624 2899 colla‘

254 2935 531 2991 -lectione
559 2936 756 3006 Script.
792 2943 926 2991 tom.
957 2950 1017 3000 tt,
1050 2935 1157 2990 col.
1189 2933 1318 3000 545,
1363 2935 1522 3005 epist.
1558 2934 1623 2990 16
1658 2952 1671 2990 :
1699 2933 1899 2988 Biblio-
1970 2926 1977 2933 ’
2006 2933 2093 2980 lus
2116 2935 2201 2982 est
2226 2926 2420 2996 codeX,
2452 2929 2659 2985 nullum
2694 2930 2912 2987 videtur
2938 2947 3232 3004 Superesse
3282 2935 3505 2995 dubium
3549 2938 3621 2994 de

292 3029 496 3084 thecam
523 3028 583 3084 S.
617 3028 763 3083 Petri
782 3028 957 3084 videre
986 3029 1146 3097 volui,
1173 3044 1388 3097 sperans
1430 3028 1629 3100 aliquid
1664 3027 1904 3082 inventu-
1930 3006 1978 3072 (ἶ
2009 3018 2127 3089 ejus
2157 3028 2319 3076 aetate
2345 3023 2495 3079 circa
2534 3038 2735 3081 annum
2766 3024 2871 3081 500
2910 3028 3309 3087 tonstituenda.
3354 3029 3463 3086 Sed
3494 3046 3623 3102 pos-

294 3140 417 3179 rum
465 3124 604 3178 novi.
642 3124 925 3178 Audieram
960 3123 1097 3178 enim
1142 3123 1411 3194 complura
1448 3139 1560 3178 esse
1592 3123 1853 3177 volumina
1883 3140 1909 3177 β

292 3215 384 3269 sed
415 3212 547 3267 nihil
568 3214 778 3268 omnino
804 3215 1051 3268 memoria
1070 3215 1282 3287 dignum
1304 3215 1496 3269 inveni.
1532 3212 1630 3269 Via:
1652 3231 1819 3284 pauca
1842 3230 1905 3269 ea:

292 3307 448 3361 rebus
477 3307 755 3362 notissimis
784 3305 1000 3375 aliendi,
1034 3307 1178 3370 uilia,
1205 3315 1315 3363 etc.
1363 3304 1708 3363 Mabillonius
1729 3308 1797 3363 de
1826 3307 1905 3363 Re

295 3400 554 3470 diplom.,
582 3417 633 3471 p.
654 3399 783 3463 356,
814 3401 867 3454 in
896 3400 1131 3455 secunda
1160 3409 1317 3455 :etate
1340 3403 1630 3470 scriptura:
1664 3415 1905 3455 romana:

295 3494 397 3558 ait,
431 3493 708 3551 laudatum
730 3493 976 3549 codicem
1004 3496 1269 3563 scriptum
1299 3508 1422 3550 esse
1447 3494 1539 3549 sub
1561 3495 1714 3563 ﬁnem
1737 3495 1906 3564 quarti

295 3589 497 3656 strculi,
534 3598 625 3642 aut
667 3589 875 3643 ineunte
912 3588 1089 3659 quinta
1120 3603 1138 3642 :
1168 3588 1264 3643 sed
1294 3587 1468 3642 voluit
1499 3587 1682 3641 dicere
1704 3628 1718 3649 ,
1751 3595 1812 3641 ut
1838 3602 1903 3641 es

298 3678 555 3739 contextu
590 3683 715 3755 ipso
734 3682 1033 3752 colligitur,
1064 3685 1155 3737 sub
1196 3682 1349 3751 ﬁnem
1392 3680 1555 3751 quinti
1581 3681 1778 3746 strculi,
1818 3690 1907 3735 aut

297 3775 507 3830 ineunte
528 3783 673 3843 sexto
697 3791 715 3829 :
737 3786 902 3847 atque
933 3776 1002 3828 ita
1032 3776 1275 3829 correxit
1318 3776 1370 3828 in
1415 3771 1694 3845 Supplem.
1728 3774 1794 3828 de
1830 3774 1908 3830 Ile

297 3869 551 3940 diplom.,
580 3885 633 3940 p.
660 3869 751 3931 78.
785 3868 877 3924 79.
905 3867 962 3923 ln
993 3867 1099 3923 fine
1131 3866 1260 3921 libri
1296 3867 1349 3922 in
1374 3864 1747 3935 Constantium
1777 3866 1908 3937 [cgi-

299 3971 389 4025 tur
418 3962 701 4033 inscriptio
729 3961 1012 4031 cujusdam
1043 3960 1304 4027 stuliosi,
1351 3962 1443 4031 qui
1482 3959 1725 4015 codicem
1773 3976 1907 4015 con-

301 4056 593 4113 tulitanno
617 4054 685 4110 14
712 4054 1073 4111 Trasamundi
1098 4055 1266 4125 regis,
1289 4055 1379 4125 qui
1403 4070 1598 4115 annus.
1630 4066 1689 4109 ut
1719 4054 1911 4110 obser-

288 4158 393 4205 .vat
424 4147 774 4205 Mabillonins
802 4163 869 4204 ex
895 4147 1204 4213 llolstcnio,
1234 4147 1494 4203 convenit
1522 4162 1667 4202 anno
1690 4146 1815 4202 510.

369 4242 498 4299 ΞΞἿ.
536 4242 590 4296 In
621 4241 811 4297 codice
835 4238 1211 4296 Alexandrino
1237 4241 1509 4295 Vaticana:
1539 4240 1905 4308 bibli0tltecte,

298 4350 535 4390 numero
561 4334 721 4401 i598,
752 4331 992 4387 chartae.
1024 4330 1079 4387 in
1111 4332 1203 4399 8°,
1226 4332 1386 4388 initio
1426 4340 1602 4389 exstat
1632 4334 1907 4402 catalogus

2007 3129 2269 3171 sunntsne
2299 3116 2431 3171 certi
2459 3130 2584 3173 esse
2613 3118 2681 3174 de
2727 3121 2959 3175 veritate
3010 3121 3171 3193 hujus
3204 3124 3622 3195 inscriptionis?

2009 3208 2168 3279 Saepe
2196 3210 2511 3280 huiusmodi
2540 3212 2974 3283 subscriptiones
3011 3226 3105 3270 aut
3134 3217 3203 3271 ab
3230 3217 3432 3288 ignaris
3460 3219 3624 3274 libra-

2007 3304 2104 3359 riis
2131 3304 2345 3360 additas
2376 3306 2568 3375 fuisse,
2603 3317 2698 3363 aut
2730 3308 2857 3364 dolo
2896 3309 3040 3364 malo
3085 3311 3351 3380 invectas,
3402 3325 3459 3367 ut
3500 3330 3623 3383 prc-

2011 3396 2143 3451 tium
2167 3398 2448 3453 codicibus
2474 3409 2836 3469 quum-eretur,
2861 3400 2976 3455 dixi
3016 3418 3181 3472 supra
3217 3419 3367 3460 num.
3401 3405 3527 3475 159,
3566 3418 3622 3461 et

2009 3505 2162 3545 num.
2198 3490 2302 3546 160
2327 3493 2683 3561 comprobavi
2725 3494 3076 3562 apertissimo
3107 3497 3362 3568 exemplo
3392 3476 3621 3554 alterius

2009 3585 2215 3640 codicis
2266 3586 2513 3654 ejusdem
2561 3585 2800 3643 basilicze
2832 3587 3147 3657 Vaticana,
3197 3591 3288 3669 qui
3337 3600 3620 3647 correctus

2009 3675 2207 3730 dicitur
2236 3676 2390 3732 initio
2416 3678 2602 3733 saeculi
2634 3693 2687 3733 v.
2722 3679 3065 3736 Mabillonius
3088 3680 3207 3755 ipse
3237 3682 3399 3751 hujus
3426 3685 3501 3738 rei
3526 3698 3621 3739 ex-

2010 3770 2447 3837 perientissimus
2500 3784 2569 3825 ex
2629 3771 2792 3825 simili
2845 3774 3195 3844 supposititia
3254 3775 3623 3845 inscriptione

2010 3862 2291 3933 deceptus
2326 3863 2619 3933 aliquando
2686 3863 2832 3932 fuit,
2893 3875 2950 3922 et
2982 3867 3418 3947 instrumentum
3470 3882 3617 3933 anno

2012 3955 2117 4010 5M
2168 3962 2452 4013 exaratum
2488 3959 2541 4012 in
2591 3957 2828 4015 tabulam
2864 3959 3053 4028 primae
3100 3961 3278 4015 aetatis
3331 3967 3619 4032 scrlptura:

2009 4064 2251 4104 romanae
2289 4049 2513 4117 retulit,
2563 4061 2763 4122 putans
2799 4065 2924 4108 esse
2964 4062 3355 4117 testamentum
3394 4051 3457 4108 C.
3489 4052 3618 4108 Julii

2010 4141 2279 4208 Czesaris;
2341 4157 2502 4215 quam
2554 4143 2800 4200 fraudem
2830 4146 3065 4215 ipsemet
3109 4161 3242 4202 casu
3289 4154 3479 4217 postea
3523 4146 3621 4201 de-

1974 4240 1979 4241 “
2013 4235 2172 4290 texit.

2084 4329 2210 4384 226.
2240 4328 2392 4385 llaud
2422 4330 2614 4401 ignoro
2640 4330 2916 4402 equidem,
2950 4298 3206 4389 standum
3246 4304 3370 4389 esse
3408 4348 3505 4404 pro
3526 4348 3619 4389 ve-

299 4426 650 4483 bibliodtecaa
678 4425 923 4480 basilica:
954 4423 1252 4491 Vaticana),
1276 4425 1642 4495 conscriptus,
1677 4436 1733 4481 ut
1757 4426 1907 4481 vide-
1932 4397 1989 4458 Β
2013 4425 2173 4479 ritate
2203 4425 2621 4495 subscriptionis
2646 4467 2661 4490 ,
2702 4424 2803 4480 nisi
2854 4425 3037 4481 adsint
3075 4426 3427 4482 fundamenta
3461 4426 3621 4481 dubi-

250 4514 265 4521 ’
300 4514 414 4585 tur,
446 4519 649 4575 stt-culo
683 4533 796 4572 xvn
831 4516 1076 4573 ineunte.
1105 4518 1198 4574 Sic
1223 4519 1275 4573 in
1307 4519 1407 4574 hoc
1427 4519 1675 4589 catalogo
1696 4519 1905 4574 descri-

299 4611 457 4669 bitur
477 4612 650 4667 codex
676 4610 740 4667 S.
768 4610 955 4666 Hilarii
980 4652 995 4678 ,
1019 4612 1111 4681 qui
1139 4612 1190 4666 in
1218 4611 1461 4668 arcltivio
1488 4613 1724 4668 basilica:
1757 4612 1909 4669 Vati-

301 4718 460 4760 cante
485 4703 807 4772 custoditur,
843 4719 964 4775 pag.
993 4703 1030 4757 4
1058 4719 1214 4760 versa
1247 4722 1260 4757 :
1293 4702 1355 4761 S.
1388 4705 1588 4759 Hilarii
1615 4706 1744 4761 liber
1772 4706 1909 4760 anti-

303 4797 556 4869 quissimo
584 4794 876 4852 charactere
905 4805 1022 4850 ante
1060 4797 1202 4851 mille
1228 4807 1278 4851 et
1309 4808 1508 4851 centum
1556 4815 1718 4856 annos
1747 4800 1910 4869 scrip-

304 4899 392 4944 tus
420 4905 440 4944 :
468 4890 594 4962 folio
621 4891 757 4946 enim
781 4890 890 4946 288
908 4896 1210 4946 annotatum
1236 4898 1309 4945 est
1341 4905 1359 4944 :
1386 4890 1593 4946 Contuli
1622 4893 1675 4947 in
1705 4895 1912 4947 nomine

302 4981 521 5039 Domini
544 4984 709 5039 nostri
736 4982 864 5038 Iesu
894 4984 1089 5039 Christi
1120 4982 1420 5039 Putrasulis
1440 4987 1746 5041 constitutus
1773 5003 1913 5041 anno

260 5070 497 5147 'quarlo
522 5076 727 5131 'decimo
755 5074 1141 5131 Transamun’di
1179 5077 1335 5151 regis.
1366 5077 1447 5133 Ad
1495 5079 1792 5149 marginem
1822 5094 1909 5134 ca-

305 5167 473 5237 talogi
515 5167 679 5239 hujus
722 5166 929 5239 legitur
977 5176 1104 5225 nota
1149 5168 1341 5225 eodem
1386 5170 1724 5237 charactere,
1764 5169 1918 5227 Circa

244 5265 261 5271 ’
306 5254 506 5315 annum
536 5257 742 5315 Domini
772 5260 902 5329 500,
930 5269 986 5318 et
1010 5260 1079 5317 ad
1109 5270 1295 5317 voCem
1327 5260 1631 5317 Putrasulis
1653 5263 1759 5318 alia
1788 5273 1915 5319 nota

309 5348 509 5409 eodeni
554 5355 892 5419 charactere,
924 5353 1091 5409 Locus
1121 5355 1174 5408 in
1203 5354 1386 5425 Africa
1414 5356 1469 5409 in
1499 5355 1767 5425 provincia
1798 5354 1917 5410 Nu-

315 5440 497 5502 midiae
520 5446 656 5504 inter
686 5448 968 5514 Tunetum,
999 5458 1046 5503 et
1074 5452 1246 5502 arcem
1276 5446 1477 5503 Culeta:
1499 5487 1515 5516 ,
1568 5448 1722 5504 hodie
1768 5448 1920 5519 uulgo

312 5538 831 5598 rnrasccto‘itictus.
878 5540 1064 5611 Pergit
1098 5539 1294 5599 deinde
1331 5539 1629 5609 descriptio
1665 5538 1870 5595 codicis
1905 5558 1919 5595 :

316 5630 557 5691 Continet
586 5630 761 5691 a’utem
792 5632 947 5690 libros
975 5632 1140 5689 xn‘de
1170 5630 1426 5689 Trinitats
1454 5641 1633 5689 contra
1663 5632 1920 5700 Arianos;

2011 4519 2181 4574 laudi.
2214 4517 2284 4575 At
2329 4518 2385 4574 in
2432 4534 2491 4575 re
2538 4529 2726 4575 nostra
2772 4520 3062 4575 dubitandi
3104 4521 3303 4576 adsunt
3336 4535 3437 4576 nec
3480 4520 3622 4575 levia

2011 4611 2227 4682 quidem
2260 4611 2635 4668 fundamenta.
2666 4611 2961 4669 Character
2987 4612 3195 4689 codicis
3230 4612 3286 4667 in
3319 4611 3618 4683 speciminc

2013 4704 2288 4761 exhibitus
2328 4719 2355 4757 a
2398 4703 2717 4761 Mabillonio
2756 4705 2962 4760 nullum
2996 4690 3133 4775 prae
3150 4720 3211 4761 se
3259 4705 3363 4760 fert
3404 4712 3613 4761 certum

2015 4800 2276 4855 iudicium
2294 4809 2457 4857 tantm
2484 4802 2795 4869 vetustatis,
2819 4808 2880 4855 ut
2900 4799 2969 4855 ad
2996 4801 3258 4856 saeculum
3287 4815 3338 4855 vr
3372 4798 3621 4856 revocari

2017 4895 2191 4964 possit
2224 4914 2238 4950 :
2268 4903 2429 4965 atque
2471 4896 2542 4950 ita
2573 4894 2854 4953 existimat
2879 4910 2987 4951 non
3030 4893 3207 4950 solum
3249 4893 3577 4951 Germonius
3606 4934 3620 4953 .

2016 4986 2112 5041 sed
2136 4988 2300 5041 etiam
2326 4985 2569 5041 Malfeius
2594 4985 2649 5042 in
2682 4987 2895 5056 prtclat.
2927 4986 2993 5041 ad
3020 4986 3319 5041 editionem
3362 4986 3422 5042 S.
3475 4983 3621 5038 llila-

2019 5079 2107 5135 rii.
2137 5077 2324 5148 Neque
2344 5077 2508 5134 aliter
2539 5080 2864 5136 mihivisum
2897 5089 2977 5136 eSt
2996 5080 3153 5152 125
3171 5077 3419 5135 codicem
3443 5077 3620 5144 ipsum

2019 5170 2352 5243 inwicienti.
2386 5171 2699 5241 Specimen,
2733 5172 2878 5244 quod
2898 5173 3127 5250 prmbuit
3151 5170 3513 5233 Mabillonius,
3542 5178 3629 5222 at-

2021 5280 2126 5336 que
2169 5280 2235 5319 es
2266 5262 2584 5319 Mabillonio
2612 5262 2723 5319 duo
2764 5264 2990 5319 Maurini
3033 5271 3286 5319 auctores
3333 5260 3623 5315 Tractatns

2023 5354 2373 5428 Diplomatici
2416 5354 2612 5425 gallice
2668 5364 2801 5412 tom.
2834 5355 2943 5420 III,
2990 5354 3252 5424 majorem
3298 5359 3622 5407 vetustatem

2026 5466 2140 5523 prae
2163 5465 2224 5507 se
2247 5448 2392 5504 ferre
2414 5448 2652 5514 videtur,
2686 5464 2846 5519 quam
2875 5447 3159 5517 exemplar
3182 5447 3354 5515 ipsum
3388 5444 3629 5500 basilicas

2029 5544 2325 5599 Vaticana.
2389 5539 2541 5596 Hunc
2579 5541 2726 5595 enim
2765 5539 3012 5595 codicem
3053 5537 3366 5606 intelligunt
3405 5536 3513 5591 duo
3552 5536 3629 5591 illi

2002 5634 2275 5702 'Maurini,
2308 5640 2431 5687 cttm
2476 5647 2597 5704 pag.
2624 5631 2730 5688 265
2764 5630 2990 5686 codicem
3034 5646 3129 5684 ms.
3178 5628 3494 5711 Vaticanum
3536 5643 3631 5699 apa
