4086 6184
497 229 602 293 827

1794 226 2076 290 εοιειιιυε
2118 224 2479 292 ειειιιιιιυε.

3693 210 3801 274 Si!

487 343 708 417 pellant.
735 341 876 399 Sane
903 340 1095 402 Hilarii
1117 349 1297 401 textus
1319 354 1426 399 non
1455 344 1620 405 estin
1651 344 1788 400 duas
1814 345 2098 401 columnas
2123 348 2173 410 Α
2204 356 2420 414 semper
2449 339 2555 397 fuit
2598 336 2740 395 ratio
2770 304 3078 402 dubitandi,
3125 345 3195 388 an
3220 344 3287 388 ex
3316 326 3588 387 sententia
3612 325 3805 383 Hilarii

489 436 715 507 divisus,
743 448 803 493 ut
824 446 951 493 sunt
976 452 1171 494 omnes
1194 437 1435 505 codices,
1465 453 1606 509 quos
1628 447 1778 494 certo
1803 440 2005 494 scimus
2030 439 2097 494 ad

484 544 607 586 eam
636 530 1021 601 antiquitatem
1059 530 1377 602 pervenire,
1413 539 1469 586 et
1499 539 1630 586 sunt
1667 532 1829 587 etiam
1866 532 1974 586 duo
2018 530 2096 586 illi

489 623 710 679 codices
738 622 1085 681 Veronenses
1116 623 1329 691 Hilarii,
1369 639 1600 695 quorum
1650 624 1929 694 specimen
1969 622 2101 677 Mal-

480 715 626 773 feius
656 718 709 773 in
738 716 949 788 praefat.
979 717 1049 774 ad
1070 733 1238 790 opera
1265 717 1324 775 S.
1355 718 1812 775 llilariiexbibet.
1837 718 2095 774 Omnium

483 808 861 866 characterum
906 809 1081 865 forma
1108 809 1425 880 sequiorem
1453 817 1669 866 {etatem
1697 809 1910 866 redolet
1936 827 1949 862 :
1981 823 2098 865 ver-

483 903 556 960 ba
576 911 702 973 apto
732 901 1022 959 intervallo
1054 904 1196 958 inter
1222 918 1283 959 se
1316 911 1570 974 separata
1601 911 1760 971 sunt,
1800 901 1946 973 quod
1976 916 2095 959 cer-

483 996 757 1054 tissimum
786 1007 1169 1069 argumentum
1213 1005 1437 1070 putatur
1464 1009 1525 1056 ut
1554 998 1773 1056 codices
1803 1015 1913 1055 non
1942 998 2094 1058 valde

487 1090 696 1161 antiqui
716 1089 1128 1148 existimentur.
1152 1090 1209 1149 Si
1229 1091 1476 1149 codicem
1505 1100 1716 1149 attente
1731 1091 2007 1163 expendas
2028 1090 2093 1148 ad

482 1185 745 1257 regulas,
804 1200 939 1257 quas
985 1184 1359 1244 Trombellius
1414 1187 1482 1244 de
1540 1188 1677 1243 Arte
1724 1185 2094 1258 cognoscendi

488 1287 704 1334 aetatem
737 1276 987 1334 codicum
1007 1278 1167 1335 nobis
1192 1278 1442 1348 tradidit,
1475 1279 1593 1336 sine
1615 1279 1723 1335 ulla
1757 1278 2097 1335 haesitatione

489 1372 739 1444 colliges,
788 1373 1035 1430 codicem
1063 1373 1270 1430 sarculo
1298 1390 1395 1430 vnt
1425 1383 1520 1430 aut
1553 1390 1610 1429 ιιι
1639 1388 1763 1429 esse
1808 1373 2094 1444 scriptum.

558 1464 688 1519 227.
721 1465 780 1520 In
812 1465 1220 1537 subscriptione
1260 1466 1381 1537 ipsa
1415 1466 1586 1522 multa
1633 1466 1890 1522 falsitatis
1932 1481 2096 1538 argu-

487 1565 670 1615 menta
699 1559 908 1631 profert
934 1559 1264 1617 Germonius
1298 1579 1310 1615 :
1344 1577 1467 1617 nam
1497 1577 1620 1618 cum
1645 1562 1697 1617 in
1729 1561 1834 1617 ﬁne
1863 1561 2097 1617 aliorum

485 1653 648 1709 etiam
680 1653 944 1710 librorum
975 1655 1171 1711 llilarii
1198 1656 1413 1728 legatur
1439 1656 1757 1712 charactere
1785 1656 1917 1711 satis
1946 1655 2096 1712 claro

2202 435 2469 503 adoratur,
2494 448 2563 488 an
2593 431 2896 501 adoptatur,
2931 435 3154 499 prmstet
3181 425 3385 495 legere.
3421 420 3648 477 Etiamsi
3677 433 3809 474 vero

2202 526 2400 597 aliquis
2430 524 2565 581 velit
2609 524 2837 603 lingere,
2888 520 3114 577 verbum
3163 517 3445 588 adoptatur
3501 513 3683 584 aliqua
3737 527 3805 566 ex

2201 631 2355 693 parte
2406 619 2545 676 trahi
2575 634 2743 691 posse
2788 616 2859 674 ad
2903 613 3236 688 probandam
3290 608 3546 667 haeresim
3590 606 3808 673 Felicis,

2203 723 2384 771 tamen
2438 727 2630 770 omnes
2684 711 3039 768 consentiunt
3072 705 3265 763 Hilarii
3316 713 3561 761 mentem
3602 701 3812 774 longis-

2199 808 2337 864 sime
2364 808 2433 865 ab
2454 823 2517 864 ea
2550 807 2744 864 haeresi
2774 805 3000 874 distare,
3031 813 3091 859 ut
3116 817 3183 860 ex
3212 799 3516 858 innumeris
3540 796 3678 854 locis
3693 798 3812 867 ejus

2200 916 2426 973 operum
2477 911 2675 972 patet:
2708 915 2830 972 qua:
2881 913 3011 955 vera
3061 904 3148 953 est
3209 895 3350 951 ratio
3415 885 3814 963 interpretandi

2200 996 2366 1052 verba
2397 994 2719 1051 obscuriora
2750 1008 2872 1066 quae
2908 993 2961 1048 in
2989 990 3236 1047 Patribus
3274 1001 3683 1058 nonnumquam
3713 997 3815 1041 oc-

2199 1097 2450 1146 currunt.
2482 1088 2781 1160 Propterea
2831 1085 3177 1158 Agobardus,
3208 1084 3326 1156 qui,
3348 1081 3532 1139 Felice
3560 1082 3676 1137 vita
3699 1080 3815 1153 jam

2197 1182 2407 1256 functo,
2465 1182 2723 1239 haeresim
2778 1180 3115 1237 Felicianam
3157 1176 3512 1250 impugnavit,
3565 1175 3815 1232 codicem

2199 1276 2391 1332 Hilarii
2422 1285 2636 1345 nactus,
2670 1275 2724 1331 in
2755 1290 2863 1346 quo
2894 1273 3178 1346 legebatur
3206 1271 3511 1344 adoptatur,
3545 1285 3613 1326 ex
3657 1285 3813 1336 pra:-

2197 1371 2516 1428 cedentibtts
2546 1381 2603 1427 et
2637 1369 3100 1442 consequentibus
3149 1366 3204 1423 id
3254 1365 3481 1423 verbum
3513 1363 3819 1421 declaravit

2199 1482 2299 1538 pro
2323 1467 2623 1521 assumitur.
2654 1464 2877 1521 Crimen
2898 1477 3027 1519 vero
3057 1460 3233 1517 falsati
3257 1458 3469 1517 codicis
3497 1458 3605 1514 nan
3637 1458 3812 1527 obje-

2200 1558 2297 1627 cit,
2343 1559 2459 1615 sive
2488 1557 2542 1613 id
2566 1557 2924 1629 ignoraverit,
2965 1556 3085 1611 sive
3137 1556 3342 1610 amicos
3384 1551 3622 1619 Felicis,
3672 1565 3818 1622 quos

2200 1651 2381 1706 adhuc
2411 1665 2703 1721 superesse
2732 1648 3001 1720 queritur,
3026 1647 3309 1704 offendere
3349 1645 3617 1702 noluerit.
3650 1644 3819 1701 Certe

488 1742 718 1813 Contuli,
770 1746 856 1801 vel
911 1744 1122 1800 Contuli
1173 1748 1229 1800 in
1280 1747 1491 1802 nomine
1519 1746 1732 1802 Domini
1769 1748 1933 1801 nostri
1967 1744 2095 1800 Iesu.
2125 1747 2174 1807 B
2202 1760 2381 1816 neque
2405 1744 2499 1799 illa
2523 1743 2750 1800 crimina
2779 1741 2982 1813 attigit,
3007 1757 3127 1813 quae
3150 1742 3204 1798 in
3224 1739 3457 1797 concilio
3487 1739 3819 1796 Francofor-

486 1834 707 1905 Christi,
736 1837 925 1906 verba,
957 1854 1079 1910 quae
1109 1838 1164 1894 in
1195 1837 1304 1895 ﬁne
1333 1839 1461 1895 libri
1492 1851 1683 1896 contra
1714 1839 2094 1895 Constantium

485 1930 779 1997 adduntur,
803 1930 942 2003 apud
967 1930 1181 1987 Kasulis
1214 1934 1520 1989 constitutus
1542 1951 1679 1989 anno
1708 1933 2095 2005 quartodecimo

482 2016 834 2078 Trasamundi
872 2026 1030 2096 regis,
1090 2024 1344 2081 videntur
1386 2041 1510 2082 esse
1560 2026 1793 2082 diversae
1822 2024 2014 2081 forma:
2041 2034 2096 2082 et

483 2118 817 2188 posterioris
864 2119 1066 2184 aetatis,
1101 2130 1160 2175 ut
1187 2128 1416 2191 apparet
1461 2120 1511 2175 in
1548 2120 1862 2190 Speciminc
1894 2120 2095 2177 tabula:

482 2210 904 2269 Mabilloniante.
938 2211 1053 2269 Hoc
1082 2212 1260 2283 ipsum
1291 2211 1491 2285 arguit,
1525 2213 1671 2284 quod
1700 2230 1761 2269 ea
1792 2213 1900 2269 alio
1930 2214 2095 2271 modo

480 2304 553 2362 ab
600 2303 721 2360 aliis
752 2304 1008 2375 leguntur
1047 2314 1102 2360 et
1131 2304 1506 2376 explicantur,
1537 2320 1662 2362 cum
1696 2306 1878 2377 priora
1927 2306 2093 2362 verba

480 2398 907 2470 subscriptionis
957 2398 1101 2454 illico
1129 2397 1197 2455 ab
1228 2398 1485 2455 omnibus
1527 2398 1924 2471 intelligantur.
1951 2400 2091 2467 Quin

484 2497 649 2552 etiam
682 2493 923 2550 Mall‘eius
954 2509 1130 2566 neque
1176 2492 1437 2559 Putzalis,
1498 2504 1557 2549 ut
1593 2494 1726 2564 legit
1753 2493 2087 2564 Holstenins,

482 2603 662 2661 neque
690 2587 835 2659 apud
866 2584 1107 2655 Kasulis,
1143 2597 1204 2641 ut
1231 2586 1359 2657 legit
1388 2585 1759 2656 Mabillonius,
1792 2589 2004 2658 probat,
2037 2598 2093 2645 et

481 2702 584 2759 pro
622 2682 972 2741 Trasamundi
995 2688 1083 2742 vel
1112 2685 1504 2743 Transamundi
1532 2685 1674 2742 aliud
1708 2700 1908 2742 nomen
1957 2684 2093 2740 scri—

483 2789 635 2853 ptum
660 2794 785 2837 esse
815 2781 1117 2837 existimat.
1150 2780 1426 2838 Prmterea
1479 2782 1536 2836 in
1562 2780 1663 2836 hac
1692 2778 2091 2849 subscriptione

484 2874 763 2930 nonnullae
801 2874 1001 2931 littera:
1023 2881 1181 2931 extra
1215 2873 1414 2930 lineam
1449 2872 1740 2943 tamlonge
1762 2876 2086 2936 excurrunt,

481 2977 542 3025 ut
590 2969 727 3026 nihil
777 2969 957 3026 simile
1010 2970 1065 3026 in
1097 2968 1374 3026 codicibus
1404 2968 1589 3025 saeculi
1623 2982 1678 3022 Vt
1708 2974 1805 3022 aut
1832 2982 1903 3023 vn
1934 2979 2090 3036 repe-

479 3060 576 3116 riri
599 3061 789 3118 sciam.
823 3060 971 3116 Nihil
999 3076 1132 3131 ergo
1161 3061 1298 3116 certi
1346 3067 1618 3131 superest,
1676 3074 1743 3115 ex
1801 3073 1908 3130 quo
1955 3067 2089 3114 aetas

2199 1838 2372 1895 diensi
2405 1837 2664 1894 adversus
2697 1836 2939 1893 Felicem
2964 1836 3196 1908 probata
3229 1833 3470 1891 fuerant.

2266 1931 2395 1987 250.
2439 1931 2699 2003 'l'heologi
2749 1928 3028 1999 scolastici
3084 1928 3291 2000 antiqui
3334 1944 3461 1984 cum
3511 1927 3571 1984 S.
3603 1927 3816 1984 Tltoma

2197 2039 2306 2080 non
2344 2024 2504 2079 aliam
2534 2024 2796 2079 videntur
2838 2023 3128 2079 lectionem
3172 2020 3481 2092 agnovisse,
3515 2022 3621 2078 nisi
3651 2022 3819 2094 adop-

2196 2128 2373 2185 tatur,
2433 2132 2498 2173 ac
2560 2118 2619 2174 S.
2682 2117 2946 2172 Hilarium
3002 2118 3285 2190 improprie
3337 2116 3578 2172 locutum
3645 2116 3817 2172 fuisse

2194 2213 2555 2285 respondent.
2600 2211 2660 2269 S.
2689 2212 2928 2268 Thomas
2969 2221 3109 2282 part.
3142 2227 3226 2278 ιιι,
3250 2228 3305 2283 ιι.
3331 2214 3423 2277 25,
3458 2219 3563 2266 art.
3611 2212 3671 2278 4,
3733 2210 3817 2268 sic

2196 2315 2577 2377 argumentum
2622 2304 2916 2375 proponit:
2960 2304 3179 2359 Videtur
3228 2304 3365 2373 quod
3407 2303 3666 2370 Christus,
3735 2320 3819 2359 se-

2194 2400 2423 2455 cundum
2444 2400 2585 2471 quod
2609 2400 2781 2466 homo,
2806 2404 2874 2453 sit
2898 2400 3040 2471 ﬁlius
3064 2397 3162 2454 Dei
3186 2399 3482 2467 adaptivus.
3508 2398 3651 2452 Dicit
3677 2399 3819 2453 enim

2197 2493 2437 2550 Hilarius
2467 2496 2530 2550 de
2555 2493 2763 2550 Christo
2800 2496 2954 2567 127
2984 2495 3196 2566 loquens
3226 2511 3243 2549 :
3278 2492 3555 2549 Potestatis
3583 2494 3817 2566 dignitas

2192 2604 2298 2642 non
2327 2588 2606 2655 amittitur,
2670 2587 2795 2641 dum
2824 2588 2996 2642 carnis
3025 2586 3325 2642 humanitas
3366 2587 3671 2658 adoptatur.
3703 2586 3820 2643 Re-

2192 2683 2427 2753 spondet
2452 2703 2464 2737 :
2494 2682 2575 2736 Ad
2606 2682 2833 2753 primum
2860 2699 2981 2757 ergo
3020 2682 3321 2750 dicendum,
3347 2683 3486 2754 quod
3510 2682 3644 2737 sicut
3673 2681 3819 2751 ﬁlia-

2200 2778 2274 2831 tio
2299 2795 2402 2833 non
2429 2778 2635 2850 praprie
2666 2778 2898 2833 convenit
2942 2786 3165 2843 naturae,
3217 2778 3293 2832 ila
3347 2793 3439 2833 nec
3475 2775 3712 2847 adoptio.
3747 2774 3818 2830 Et

2192 2869 2307 2924 ideo
2340 2887 2455 2925 cum
2510 2870 2722 2940 dicitur,
2779 2872 2918 2941 quod
2948 2870 3121 2925 carnis
3169 2868 3475 2923 humanitas
3500 2868 3818 2940 adaptatur,

2191 2963 2481 3035 impropria
2529 2971 2602 3017 est
2660 2962 2871 3030 locutio,
2918 2972 2967 3017 et
3017 2962 3272 3033 accipitur
3315 2960 3385 3015 ibi
3414 2961 3679 3032 adoptatio
3708 2977 3820 3032 pro

2190 3054 2384 3110 unione
2416 3054 2658 3110 humana:
2685 3064 2887 3110 natura:
2914 3054 2983 3109 ad
3008 3071 3279 3127 personant
3311 3052 3459 3108 Filii.
3512 3053 3587 3109 Ac
3618 3063 3827 3109 notan-

480 3151 689 3208 codicis
716 3153 918 3208 saeculo
945 3167 997 3207 vt
1031 3151 1247 3207 deliniri
1271 3152 1463 3223 possit,
1496 3151 1746 3223 quamvis
1774 3151 1958 3222 negari
1989 3165 2087 3207 ne-
2119 3133 2165 3199 C
2195 3147 2322 3205 dum
2370 3149 2426 3205 S.
2476 3148 2745 3205 Thomam
2794 3150 2995 3221 legisse
3044 3149 3337 3204 humanitas
3364 3190 3380 3216 ,
3429 3147 3519 3205 ubi
3568 3146 3825 3219 plcrique

480 3253 646 3314 queat
671 3244 1001 3301 veneranda:
1052 3243 1394 3316 antiquitatis
1422 3258 1550 3301 eum
1595 3258 1741 3313 esse,
1784 3259 1848 3300 ac
1898 3258 2094 3315 magno

483 3334 539 3391 in
568 3336 745 3406 pretio
768 3334 1102 3392 habendum.

554 3425 684 3483 228.
714 3426 893 3483 Erunt
917 3428 1173 3495 fortasse,
1222 3427 1316 3499 qui
1376 3436 1646 3501 quaerant,
1697 3436 1818 3483 utra
1875 3426 2090 3483 tandem

482 3520 646 3579 lectio
674 3524 911 3595 genuina
959 3524 1031 3580 sit
1078 3524 1295 3592 Hilarii,
1346 3524 1613 3579 humilitas
1662 3523 1965 3595 adaptatur,
2023 3537 2092 3578 an

484 3615 759 3671 adoratur.
793 3615 1037 3673 Maﬂ'eius
1068 3631 1139 3674 ex
1194 3632 1295 3673 suo
1347 3616 1538 3674 codice
1585 3615 1819 3688 colligit,
1879 3613 2092 3669 libenter

484 3711 693 3782 quidem
738 3725 1022 3767 ADOBATUR
1071 3711 1260 3766 lectum
1309 3710 1432 3766 olim
1473 3711 1682 3782 fuisse:
1714 3708 1779 3764 de
1831 3725 1892 3763 ea
1920 3717 2092 3763 tamen

483 3805 703 3861 lectione
729 3806 1012 3875 antiquitus
1033 3821 1260 3877 quoque,
1288 3814 1336 3859 et
1358 3804 1517 3859 multo
1539 3813 1658 3859 ante
1686 3804 1844 3877 126
1867 3802 2092 3857 Felicem

489 3899 850 3971 Orgelitanum
896 3899 1187 3954 dubitatum
1228 3915 1353 3953 esse.
1388 3898 1521 3954 Tam
1550 3897 1727 3954 facilis
1763 3905 1847 3954 est
1872 3911 2093 3969 permu-

486 3990 621 4047 tatio
669 3991 860 4047 harum
890 4006 1085 4047 vocum
1119 3991 1172 4046 in
1224 3990 1537 4059 codicibus,
1597 3999 1659 4046 ut
1710 3994 1824 4045 sive
1855 3987 2091 4044 Hilarius

487 4084 773 4156 scripserit
802 4083 1074 4148 adoratur,
1127 4085 1243 4140 sive
1270 4083 1574 4154 adoptatur,
1622 4081 1783 4137 valde
1811 4080 2091 4152 probabile

483 4181 559 4235 sit
586 4188 871 4251 utramque
898 4177 1193 4236 lectionem
1219 4177 1385 4235 etiam
1413 4186 1539 4234 ante
1569 4176 1807 4234 Felicem
1838 4177 1891 4231 in
1940 4175 2092 4233 codi—

486 4272 640 4328 cibus
669 4271 969 4328 exstitisse.
1024 4270 1083 4328 ld
1110 4271 1242 4328 satis
1292 4271 1490 4342 probat
1518 4271 1691 4328 codex
1726 4268 2086 4337 Veronensis,

484 4367 578 4439 qui
605 4382 749 4424 unus
776 4365 897 4424 sine
943 4367 1321 4424 controversia
1363 4375 1606 4439 tempora
1635 4365 1838 4423 Felicis
1866 4374 2089 4423 antece-

483 4461 583 4517 dit.
618 4461 910 4534 Conjicere
940 4476 1071 4533 ergo
1095 4476 1407 4533 possumus,
1430 4458 1672 4517 Felicem
1696 4476 1888 4516 revera
1918 4460 1971 4514 in
1998 4458 2097 4514 ali-

2194 3245 2381 3316 legunt
2408 3244 2698 3300 humilitas.

2260 3338 2386 3395 251.
2420 3339 2638 3395 Gabriel
2669 3339 2940 3411 Vasquez,
2967 3338 3251 3410 theologus
3286 3337 3815 3403 acutissimus,cum

2192 3434 2694 3502 animadvertisset,
2727 3433 2779 3489 in
2804 3426 3081 3489 nonnullis‘
3104 3432 3385 3489 codicibus
3408 3431 3515 3504 legi
3535 3430 3817 3499 aduratur,

2194 3528 2337 3585 hanc
2397 3528 2685 3585 lectionem
2733 3528 2894 3599 longe
2952 3525 3347 3599 prailerendam
3417 3540 3538 3582 esse
3597 3525 3825 3579 censuit

2199 3634 2337 3679 tom.
2371 3623 2415 3692 Ι,
2438 3623 2492 3679 in
2521 3640 2580 3678 ιιι
2621 3632 2791 3695 part.,
2823 3639 2879 3694 q.
2909 3621 3001 3693 25,
3028 3621 3176 3694 disp.
3200 3623 3290 3688 89,
3321 3637 3443 3693 cap.
3475 3636 3586 3677 xv:
3616 3620 3828 3689 Quane-

2192 3717 2267 3772 vis
2298 3716 2352 3771 in
2400 3714 2659 3788 aliquibus
2713 3714 2979 3771 codicibus
3004 3725 3233 3770 recenter
3258 3714 3463 3770 excusis
3512 3714 3579 3768 sit
3604 3714 3825 3769 verbum

2192 3808 2327 3863 illud
2356 3824 2689 3875 anorruun,
2743 3809 2798 3863 in
2825 3807 2946 3863 aliis
2975 3816 3147 3863 tamen
3173 3808 3363 3879 legitur
3404 3821 3685 3864 sponsum
3711 3823 3727 3858 :
3763 3808 3828 3863 in

2192 3918 2294 3971 quo
2320 3901 2477 3972 facile
2504 3900 2671 3974 potuit
2699 3900 2901 3955 incuria
2929 3901 3241 3971 scriptorum
3268 3915 3413 3954 error
3458 3899 3643 3969 aliquis
3681 3898 3827 3953 irre-

2192 4010 2331 4066 pere.
2367 3993 2519 4064 Hanc
2562 4010 2680 4049 vero
2713 4010 2821 4048 esse
2867 3992 3137 4048 lectionem
3165 4007 3483 4065 germanam,
3512 4007 3578 4045 ea:
3614 3989 3826 4059 optimo

2195 4104 2369 4157 sensu,
2393 4104 2541 4159 quem
2567 4087 2738 4143 reddit
2767 4087 2975 4143 verbum
3002 4103 3307 4153 anonnun,
3356 4085 3486 4140 mihi
3505 4084 3665 4140 habeo
3690 4101 3829 4156 per-

2192 4198 2563 4238 suasum:cum
2592 4191 2760 4238 tamen
2792 4181 2999 4237 verbum
3019 4196 3342 4238 ADOPTATOR
3362 4181 3447 4235 vix
3476 4181 3699 4251 aliquem
3721 4180 3828 4237 bo-

2191 4292 2317 4331 num
2337 4292 2545 4332 sensum
2566 4277 2850 4350 exprimere
2870 4276 3054 4332 valeat.
3068 4276 3567 4348 JudiciumVazquii
3581 4274 3829 4347 probam

2192 4367 2497 4426 Cardinalis
2510 4369 2578 4426 de
2595 4369 2828 4442 Lugoide
2845 4370 3113 4427 Incarnat.
3133 4370 3277 4441 disp.
3298 4370 3385 4437 31,
3404 4378 3538 4426 sect.
3561 4369 3675 4438 l,et
3692 4368 3823 4426 alii.

2266 4465 2395 4521 252.
2439 4465 2759 4523 Contrarias
2789 4465 3193 4538 quodammodo
3249 4464 3334 4520 his
3380 4473 3467 4521 est
3502 4462 3828 4521 eruditissi-

484 4570 596 4625 quo
642 4530 829 4612 codice
860 4530 1135 4627 reperisse
1170 4553 1470 4625 adoptatur,
1503 4542 1647 4625 quod
1681 4552 1907 4609 verbum
1958 4552 2091 4608 arri-
2118 4530 2174 4590 D
2199 4575 2319 4616 mus
2341 4561 2616 4628 Petavius,
2659 4560 2751 4630 qui
2779 4530 2823 4616 ιξ
2849 4576 2924 4617 vn
2964 4559 3034 4617 de
3063 4560 3360 4627 [acarnaL’
3390 4574 3513 4629 cap.
3543 4559 3598 4627 ι,
3630 4565 3824 4629 putat,

490 4646 631 4717 puit,
673 4650 800 4720 quia
837 4664 951 4705 sua:
1006 4647 1203 4703 haeresi
1251 4646 1435 4703 lavere
1482 4646 1846 4704 existimabat.
1891 4645 2097 4702 Contra

489 4740 754 4797 Alcuinus
783 4742 839 4796 in
871 4740 1081 4797 Hilario
1109 4740 1325 4811 legebat
1361 4739 1632 4808 adorator,
1678 4738 1821 4810 quod
1874 4755 2094 4796 sensum

489 4847 707 4903 quoque
754 4834 1034 4903 postulare
1063 4832 1353 4890 censebat.
1411 4835 1482 4888 At
1521 4830 1699 4900 Felix,
1732 4832 1817 4887 vel
1845 4832 1989 4903 quod
2018 4832 2097 4888 illi

489 4933 691 4994 praesto
739 4939 847 4980 non
878 4935 1023 4982 esset
1050 4924 1243 4993 codex,
1278 4926 1333 4981 in
1365 4940 1472 4997 quo
1519 4924 1726 4997 legerat
1778 4926 2092 4999 adoptatur,

484 5022 575 5077 vel
606 5020 745 5092 quod
782 5022 973 5090 vellet,
993 5038 1059 5079 ex
1082 5022 1205 5079 aliis
1226 5023 1528 5091 codicibus,
1559 5022 1613 5078 in
1642 5023 1840 5095 quibus
1873 5024 2092 5095 legeba-

2200 4653 2379 4710 minus
2404 4652 2685 4711 cohaerere
2712 4668 2837 4710 cum
2869 4653 3320 4711 antecedentibus
3339 4652 3613 4718 adaratur,
3644 4665 3825 4723 quam

2201 4747 2505 4818 adoptatur,
2536 4746 2826 4819 minusque
2855 4755 3035 4817 aptam
3061 4745 3366 4801 orationem
3392 4744 3586 4809 videri,
3617 4742 3665 4798 si
3686 4758 3827 4800 ver-

2200 4839 2327 4895 bum
2353 4838 2623 4909 adoratur,
2652 4838 2797 4910 quod
2820 4838 3147 4911 przecedenti
3178 4836 3406 4910 periodo
3429 4836 3662 4908 positum
3691 4834 3826 4895 fue-

2202 4942 2307 4999 rat,
2336 4939 2640 5001 repetatur.
2673 4931 2831 5000 Quod
2862 4939 3044 4988 autem
3076 4931 3259 4999 docet,
3292 4930 3413 4987 sine
3436 4929 3628 4986 idonea
3657 4938 3823 4987 vete-

2196 5039 2316 5079 rum
2367 5023 2618 5080 codicum
2686 5023 3009 5081 auctoritate
3074 5039 3182 5081 non
3247 5038 3372 5080 esse
3427 5018 3820 5094 reponendum

488 5124 575 5172 tur
602 5114 872 5182 adoratur,
918 5114 974 5171 id
1004 5117 1228 5173 verbum
1279 5116 1490 5186 abesse,
1547 5125 1601 5172 et
1637 5117 1784 5173 aliud
1815 5118 2091 5191 adoptatur
2192 5117 2447 5173 adoratur
2494 5134 2592 5189 pro
2634 5119 2920 5189 adoptatur
2949 5163 2966 5188 ,
3021 5135 3123 5176 nec
3164 5128 3349 5175 temere
3394 5118 3818 5177 assentiendum

481 5208 796 5279 subrogari,
820 5205 1041 5264 codices
1062 5207 1532 5281 Aquisgranenses
1554 5210 1834 5281 corrumpi
1856 5211 2084 5280 curavit,
2191 5210 2482 5268 Hincmaro
2526 5211 2595 5269 de
2638 5228 2900 5284 germana
2948 5212 3185 5270 lectione
3216 5211 3432 5283 Hilarii,
3463 5211 3516 5269 id
3547 5224 3698 5269 certe
3724 5211 3822 5269 fa-

482 5309 542 5354 ut
574 5300 898 5358 Hincmarus
928 5308 1181 5357 testatur.
2188 5303 2292 5359 cile
2323 5303 2535 5360 admitti
2560 5312 2773 5375 potest:
2803 5304 2898 5361 sed
2928 5305 2983 5361 in
3013 5303 3116 5362 hoc
3145 5304 3313 5361 cardo
3332 5304 3651 5377 quaestionis
3675 5318 3820 5361 ver-

486 5458 499 5471 .
550 5391 677 5449 229.
711 5394 841 5451 Post
866 5393 1122 5451 haeresim
1152 5389 1487 5449 Felicianam
1515 5390 1759 5464 ejusdem
1791 5394 2082 5451 verbimu-
2190 5396 2343 5466 titur,
2365 5397 2469 5452 utri
2495 5397 2716 5453 lectioni
2739 5399 2910 5470 magis
2932 5397 3152 5455 faveant
3172 5397 3390 5456 codices
3411 5405 3539 5455 ante
3560 5395 3815 5456 Felicem

477 5485 612 5541 talio
633 5486 691 5543 in
715 5487 997 5545 codicibus
1026 5486 1245 5555 accidit,
1279 5487 1367 5544 vel
1411 5488 1535 5560 quia
1568 5487 1815 5545 nonnulli
1863 5489 2079 5547 codices
2184 5492 2402 5564 scripti,
2437 5501 2490 5548 ct
2519 5507 2586 5548 an
2612 5491 2749 5549 ﬁdes
2776 5495 2963 5564 negari
2996 5494 3167 5565 possit
3197 5493 3493 5550 Hincmaro
3520 5492 3665 5548 idem
3689 5489 3815 5549 lac-

471 5575 732 5649 dcscripti
781 5596 848 5637 ex
896 5581 1169 5654 corruptis
1197 5597 1229 5637 a
1260 5579 1443 5637 Felice
1493 5581 1859 5653 prtclerebant
1907 5582 2075 5655 adop-

460 5671 608 5722 tatur
636 5684 656 5722 :
685 5679 739 5726 et
766 5672 1017 5729 catholici
1048 5673 1293 5731 nonnulli
1321 5673 1544 5731 verbum
1575 5673 1819 5746 spurium
1862 5675 1914 5733 id
1936 5692 2069 5733 cen-

446 5767 647 5825 sentes
693 5761 745 5821 in
793 5767 1045 5822 adoretur
1103 5767 1519 5834 convertebant,
1572 5768 1660 5826 vel
1709 5770 1834 5841 quia
1875 5771 2067 5829 eadem

2181 5596 2292 5641 tum
2322 5587 2496 5649 semel
2536 5596 2700 5659 atque
2721 5586 2921 5645 iterum
2946 5589 3212 5659 narranti,
3264 5586 3559 5645 accedente
3580 5586 3815 5645 Alcnini

2178 5681 2512 5750 testimonio,
2568 5681 2885 5754 fraudisque
2911 5683 3157 5756 vestigiis
3189 5683 3246 5741 in
3274 5682 3467 5742 codice
3501 5679 3814 5753 Δαυίδῃ-ι-

2174 5774 2333 5831 nensi
2359 5774 2869 5845 perseverantibus.
