4086 6184
278 270 390 325 5'39

1661 263 2041 323 PROLEGOM
2050 265 2181 321 ENA
2194 308 2209 323 .

3494 270 3600 327 550

334 385 465 442 255.
492 385 740 442 ΜςιίΥείιιε
767 386 818 439 in
844 384 1064 440 Prmfnt.
1086 383 1152 440 ad
1174 399 1339 457 opera
1359 384 1417 441 S.
1446 382 1634 438 llilarii
1659 381 1884 439 verbum
1910 380 1966 443 Α
1991 395 2138 436 mum
2155 396 2336 437 cxxvu
2363 382 2442 439 sic
2474 382 2636 440 habet
2662 401 2675 440 :
2699 383 2892 456 Gaique
2917 401 2949 438 a
2973 383 3133 441 Patre
3161 384 3412 441 Ecclesia:
3436 387 3602 441 luere-

263 480 552 551 adoptatur
578 479 984 551 prznferendum
1015 487 1224 544 censet,
1269 479 1393 549 quia
1430 476 1720 548 elegantiae
1762 490 1886 530 ora-

265 577 423 634 toriae
452 573 505 630 id
538 573 714 643 magis
752 572 1025 643 congruit,
1052 586 1119 626 ne
1148 570 1289 627 idem
1323 570 1545 626 verbum
1575 575 1879 652 repetatur,

265 678 327 725 ut
358 669 541 726 aiebat
573 668 741 723 etiam
774 666 1030 721 Petavius
1058 681 1074 731 ;
1106 678 1161 720 et
1189 664 1313 736 quia
1348 663 1588 720 Hilarius
1616 677 1684 720 ex
1716 675 1888 732 oppo-

266 764 391 820 sitis
438 762 723 818 mirilicum
757 761 961 833 aliquid
989 770 1309 832 aucupatur.
1344 759 1452 817 Sed
1483 758 1711 814 minime
1753 772 1885 813 con-

264 866 403 925 stat,
437 872 503 912 an
555 855 762 911 Hilario
814 856 920 911 hoc
966 856 1090 912 loco
1121 870 1253 909 cura
1284 852 1393 907 nlla
1426 852 1589 908 fuerit
1614 853 1685 908 de
1712 866 1883 923 oppo-

265 951 407 1015 sitis,
439 965 617 1021 neque
646 949 871 1005 difﬁcile
916 958 1004 1006 est
1047 949 1201 1018 plura
1240 948 1409 1003 verba
1437 946 1579 1018 apud
1622 962 1745 1003 eum
1803 946 1883 1001 sic

264 1044 499 1113 repetita
534 1042 797 1113 reperire.
857 1044 1017 1114 128
1054 1042 1182 1098 Mihi
1229 1041 1452 1111 quidem
1507 1039 1653 1095 aliud
1700 1039 1881 1110 agenti

263 1135 407 1191 libro
433 1152 471 1202 ι,
503 1151 629 1206 cap.
662 1137 750 1205 55,
781 1135 1058 1191 occurrit:
1085 1134 1384 1190 Natirilatis
1424 1135 1737 1207 signiﬁcatio
1780 1143 1876 1199 est,

260 1231 376 1286 sola
404 1231 695 1287 nativitatis
740 1232 995 1302 professio
1040 1240 1116 1287 est
1149 1247 1168 1285 :
1193 1232 1278 1284 ubi
1328 1247 1446 1285 vero
1486 1229 1761 1285 creationis
1805 1240 1879 1284 est

258 1342 473 1389 nomen,
503 1326 575 1380 ibi
614 1341 773 1380 causa
820 1324 1053 1395 ejusdem
1098 1325 1376 1379 creotionis
1429 1324 1660 1379 anterior
1690 1332 1787 1378 est.
1819 1322 1876 1377 In

258 1418 506 1475 editione
526 1418 745 1489 quidem
776 1418 1072 1474 Parisiensi
1099 1418 1227 1474 anui
1249 1418 1390 1475 1572
1410 1418 1606 1490 legitur
1628 1418 1877 1488 professio

256 1512 325 1565 sit
359 1528 381 1566 :
425 1510 521 1567 sed
543 1510 720 1567 codex
752 1511 811 1566 S.
858 1509 1029 1578 Petri,
1053 1510 1148 1582 qui
1170 1510 1238 1565 ab
1266 1509 1370 1564 hoc
1399 1509 1520 1565 loco
1549 1510 1875 1579 scripturam

256 1606 474 1676 profert
498 1607 803 1678 antiquam,
834 1606 1055 1663 exhibet
1078 1607 1332 1678 professio
1376 1616 1473 1672 est,
1518 1615 1576 1660 nt
1620 1604 1878 1662 observat

252 1698 539 1768 Muretus,
571 1710 735 1771 atque
783 1701 858 1755 ita
918 1700 1271 1757 Constantius
1298 1709 1354 1758 et
1401 1699 1646 1757 Mal'l'eius
1691 1700 1875 1769 legunt

250 1793 384 1849 sine
416 1793 524 1848 ulla
547 1795 832 1864 scripturae
858 1794 1141 1850 varietate.

322 1887 459 1943 254.
483 1885 622 1955 Quid
654 1897 835 1944 autem
851 1903 953 1960 ego
982 1888 1240 1969 sentiam,
1294 1889 1338 1944 si
1371 1888 1722 1958 aperiendum
1771 1888 1872 1953 sit,

242 1979 524 2050 judicium
546 1980 825 2037 Francisci
860 1983 1093 2059 Snarez,
1149 1999 1258 2055 quo
1288 1999 1452 2040 nemo
1501 1985 1758 2040 solertius
1785 1998 1875 2038 ra-

247 2072 441 2128 tiones
464 2072 591 2130 biuc
621 2073 750 2129 inde
780 2075 1100 2146 expendere
1123 2078 1282 2149 solet,
1317 2078 1549 2135 libenter
1574 2077 1874 2147 amplectar

241 2168 300 2222 in
334 2182 397 2222 ιιι
429 2176 595 2237 part.,
648 2184 705 2240 q.
734 2168 829 2231 25.
859 2170 1004 2242 disp.
1036 2170 1130 2236 48,
1179 2180 1314 2227 seet.
1346 2170 1381 2225 4
1429 2189 1441 2225 :
1497 2170 1579 2225 Ad
1604 2170 1873 2225 Hilarium

238 2261 533 2330 respondet
560 2259 628 2314 D.
679 2261 924 2333 Thomas,
971 2274 1020 2318 et
1057 2266 1400 2320 communiter
1429 2263 1761 2327 Scholastici,
1793 2278 1873 2318 nt-

237 2368 480 2409 PBOPRIE
512 2371 721 2411 vocasse
746 2372 1084 2413 Αυοιιτιοιιειι
1114 2360 1288 2414 carnis
1331 2360 1558 2430 gratiam
1588 2358 1866 2413 unionis...

235 2448 355 2501 Alii
385 2451 681 2515 coniectant
709 2452 1008 2505 mendosam
1033 2468 1143 2507 esse
1169 2453 1397 2507 litteram
1427 2451 1647 2520 Hilarii,
1680 2460 1727 2505 et
1781 2451 1869 2505 ubi

235 2541 445 2611 legitur
468 2556 782 2598 Αοοντλτυιι
805 2542 1081 2615 legendum
1100 2562 1208 2601 esse
1225 2561 1581 2601 nonnon...
1614 2543 1706 2601 Sic
1731 2545 1867 2598 enim

236 2636 442 2708 Optime
472 2636 689 2705 quadrat
719 2638 854 2691 ratio
878 2655 894 2690 :
923 2639 1145 2693 ostendit
1170 2639 1329 2705 enim,
1361 2643 1685 2710 majestatem
1714 2635 1866 2691 Chri-

231 2730 307 2783 sti
339 2745 449 2782 non
502 2745 610 2784 esse
658 2730 985 2786 imminutam
1040 2732 1179 2786 inter
1213 2734 1437 2804 vagitus,
1466 2740 1599 2799 etc.,
1626 2732 1864 2801 quando-

232 2821 464 2894 quidem
518 2822 574 2876 in
628 2822 762 2893 ipsis
812 2823 1084 2879 adoratur.
1124 2822 1195 2878 Et
1225 2824 1333 2879 [nec
1364 2824 1513 2878 lectio
1559 2822 1774 2877 habetur
1807 2822 1863 2877 in

230 2916 473 2972 editione
497 2915 779 2972 Parisiensi
823 2921 946 2973 anni
973 2918 1110 2975 1544
1134 2919 1327 2991 (Miraei
1351 2918 1452 2973 sub
1476 2918 1604 2975 Sole
1626 2916 1860 2989 Aureo).

229 3009 598 3080 Juxta'quam
629 3010 898 3069 lectionem
950 3013 1041 3067 illa
1087 3013 1368 3084 particula,
1397 3012 1524 3067 dum
1549 3013 1730 3069 carnis
1761 3012 1864 3066 hu-

230 3107 456 3161 militas
480 3108 764 3175 aduratur,
814 3125 918 3163 non
946 3118 1019 3162 est
1045 3108 1329 3163 ctmsaliter
1354 3108 1701 3163 sumenda....
1736 3108 1860 3162 Non

1990 476 2126 531 ditas
2145 494 2235 549 per
2254 478 2587 551 adoptionem
2610 480 2862 553 corporis,
2884 479 3024 551 quod
3045 496 3107 534 ex
3128 481 3323 554 virgine
3348 496 3603 554 praesum-

1988 578 2171 641 pturus
2192 582 2338 639 esset,
2369 573 2677 646 desponsata
2703 574 2786 629 sit.
2814 573 2888 630 Ita
2920 574 3064 630 enim
3095 589 3163 632 ex
3192 590 3325 631 mss.
3359 576 3602 632 restituit

1987 660 2358 729 Constantius,
2390 680 2515 722 cum
2540 667 2591 721 in
2620 667 2835 723 excusis
2866 666 3140 737 legeretur
3164 684 3257 739 per
3276 667 3600 740 adeptionem

1987 758 2239 829 corporis.
2272 758 2587 814 Lectionem
2611 758 2914 837 Constantii
2943 778 3033 830 per
3050 761 3381 830 adoptionem
3397 761 3602 819 conﬁr-

1987 858 2099 903 mat
2150 865 2253 905 non
2303 851 2477 907 solum
2529 852 2777 909 Malleius
2807 870 2872 910 ex
2915 854 3100 909 codice
3132 853 3453 921 Veronensi,
3500 857 3599 913 sed

1983 941 2147 995 etiam
2183 943 2426 998 Muretus
2451 959 2517 1000 ex
2541 945 2731 1001 codice
2744 944 3027 1013 Vaticano,
3052 960 3283 1016 quocum
3302 948 3597 1006 editionem

1982 1033 2343 1091 Parisiensem
2375 1036 2507 1092 anni
2535 1037 2680 1093 1579.
2700 1037 2767 1094 ad
2799 1053 2865 1094 eo
2894 1038 3151 1095 collatam
3180 1053 3303 1096 esse
3333 1040 3594 1100 diximus.

2582 1129 2812 1187 CAPUT
2852 1130 2989 1186 Vill.

2075 1223 2215 1288 Quid
2243 1224 2299 1276 in
2324 1239 2453 1277 nova
2482 1223 2581 1278 hac
2613 1224 2822 1280 Sedulii
2850 1227 3073 1281 editione
3100 1228 3385 1295 prtestitum
3412 1231 3499 1284 sit.

2052 1315 2179 1370 237.
2223 1315 2558 1372 Cum-multa
2592 1320 2701 1373 sint
2732 1320 2785 1373 in
2814 1321 2993 1389 poetis
3019 1321 3212 1389 sacris,
3243 1337 3380 1393 quos
3420 1322 3599 1382 adhuc

1980 1410 2252 1475 recensui,
2283 1410 2599 1481 Prudentio,
2634 1412 2951 1481 Dracontio,
2985 1413 3250 1483 Juvenco,
3284 1417 3597 1473 communia

1978 1516 2100 1556 cum
2132 1499 2376 1569 Sedulio,
2405 1519 2467 1558 ea
2499 1504 2769 1559 interdum
2805 1505 3047 1561 indicare
3090 1515 3320 1575 tantum,
3355 1508 3599 1579 plerum-

1977 1609 2081 1663 que
2110 1596 2339 1651 omnino
2363 1597 2785 1667 praetermittere
2832 1607 3197 1669 opportunum
3243 1601 3424 1655 visum
3473 1600 3599 1660 fuit.

1977 1686 2125 1757 Opus
2163 1688 2347 1759 igitur,
2399 1689 2665 1760 laborque
2697 1692 3000 1763 praecipuus
3032 1692 3193 1764 hujus
3225 1693 3484 1751 editionis
3513 1685 3602 1752 est

1901 1774 1951 1835 Β
1978 1796 2164 1837 veram
2196 1784 2520 1853 scripturam
2550 1800 2581 1841 e
2622 1800 2755 1840 mss.
2792 1802 2989 1842 eruere
3020 1797 3075 1843 et
3112 1791 3450 1846 constituere
3488 1809 3499 1845 :
3547 1792 3601 1848 si

1979 1877 2107 1947 quid
2139 1877 2305 1933 variis
2345 1878 2674 1935 lectionibus
2721 1880 2926 1937 addere
2955 1883 3249 1952 oportebit,
3298 1884 3353 1940 id
3384 1886 3594 1944 eisdem

1978 1970 2202 2026 scholiis
2230 1971 2609 2029 concludetur.
2644 1972 2777 2030 Cum
2808 1975 2951 2031 enim
2980 1978 3209 2033 carmini
3238 1993 3455 2050 prosam
3490 1980 3589 2038 Se-

1977 2064 2111 2120 dulii
2137 2065 2409 2136 subjicere
2439 2066 2801 2139 decreverim,
2834 2071 3221 2128 inconcinnnm
3251 2084 3402 2131 esset
3426 2075 3594 2132 variis

1976 2163 2305 2220 lectionibus
2331 2176 2489 2222 notas
2520 2167 3050 2224 eommentariumve
3073 2168 3430 2241 subiungere,
3450 2186 3595 2243 pra}.

1975 2256 2166 2311 sertim
2190 2272 2311 2312 cum
2337 2272 2497 2329 prosa
2527 2260 2643 2328 ipsa
2670 2258 2874 2315 efficiat
2916 2274 2984 2316 ne
3007 2260 3193 2316 multis
3221 2262 3590 2321 notationibus

1974 2363 2113 2418 opus
2142 2348 2232 2405 sit.

2045 2442 2173 2500 258.
2215 2443 2657 2502 Consentaneum
2689 2455 2774 2503 est
2823 2461 3037 2517 prosam
3088 2449 3209 2504 loco
3255 2449 3588 2522 interpreta-

1973 2535 2138 2590 tionis
2166 2536 2327 2592 simul
2359 2553 2481 2594 cum
2515 2539 2758 2595 carmine
2788 2538 2954 2597 edere
2987 2558 3000 2595 :
3034 2556 3103 2597 ex
3128 2556 3234 2613 qua
3264 2556 3373 2598 non
3404 2543 3585 2600 solum

1971 2644 2127 2684 mens
2156 2641 2333 2701 poeta:
2376 2631 2579 2687 clarius
2610 2633 2961 2703 perspicitur,
3009 2635 3105 2690 sed
3152 2645 3209 2691 et
3249 2650 3378 2692 vera
3423 2636 3585 2694 lectio

1968 2724 2273 2794 saepissime
2296 2723 2672 2781 confirmatur.
2697 2727 2914 2783 Utinam
2943 2729 3050 2784 alia
3078 2728 3406 2787 haberemus
3427 2739 3584 2787 vete-

1969 2829 2029 2870 ra
2064 2816 2336 2887 exempla,
2370 2818 2437 2874 ad
2470 2833 2591 2887 qua:
2632 2833 2849 2889 prosam
2898 2820 3071 2892 ipsam
3123 2823 3310 2879 multis
3336 2824 3391 2880 in
3447 2825 3586 2881 locis

1968 2913 2238 2982 castigare
2259 2927 2543 2984 possemus
2570 2915 2583 2968 l
2616 2914 2755 2970 Vere
2783 2916 2931 2971 enim
2961 2919 3332 2988 pronuntiavit
3361 2920 3584 2977 Gallan—
3636 2946 3645 2953 ο

1967 3003 2087 3059 dius
2111 3006 2164 3060 in
2194 3006 2424 3063 Dissert.
2454 3008 2521 3063 dc
2552 3009 2774 3065 Sedulio
2803 3010 2870 3065 ad
2905 3020 3037 3067 tom.
3091 3028 3143 3067 Ix
3174 3012 3438 3070 Biblioth.
3472 3015 3579 3071 Pa~

1968 3107 2111 3155 trum
2137 3118 2149 3155 :
2183 3100 2283 3156 Ubi
2306 3103 2525 3171 primunt
2554 3104 2623 3158 ad
2645 3108 2756 3178 ejus
2785 3105 2803 3178 (
2830 3120 3005 3175 prosze
3027 3106 3048 3177 )
3069 3107 3339 3163 lecticam
3362 3112 3584 3167 accessi-

228 3208 410 3271 potest
440 3216 563 3272 ergo
592 3201 686 3255 illa
712 3169 973 3271 particula
999 3202 1218 3256 reddere
1245 3217 1478 3267 causam,
1507 3201 1596 3254 sed
1624 3203 1853 3272 signant,
1888 3169 1937 3234 (ἶ
1967 3210 2100 3255 mus.
2129 3203 2235 3247 tum
2268 3194 2407 3249 illud
2435 3195 2698 3252 Ciceronis
2728 3200 3025 3255 succurrit:
3063 3201 3222 3273 130
3261 3200 3340 3258 De
3372 3202 3583 3260 Latinis

229 3302 290 3347 ut
320 3308 508 3346 sensus
527 3293 613 3357 sit,
634 3292 763 3348 dum
791 3291 1071 3360 adoratnr,
1100 3294 1155 3347 id
1178 3303 1272 3362 est,
1302 3294 1557 3364 siquidem
1577 3294 1852 3348 adoratur.

227 3384 304 3439 Et
338 3384 517 3438 solum
545 3386 706 3441 rideri
731 3394 897 3458 potest
927 3387 1116 3440 durum
1146 3387 1197 3440 in
1220 3386 1317 3439 hac
1348 3387 1586 3455 lectione,
1613 3390 1735 3458 quia
1762 3388 1856 3442 illa

227 3480 504 3552 particula
530 3480 583 3533 in
627 3482 889 3534 communi
916 3498 1035 3548 usu,
1069 3489 1114 3534 et
1169 3478 1360 3534 Latina
1390 3482 1711 3552 praprietate
1750 3496 1855 3534 non

228 3574 448 3628 videtur
475 3572 624 3626 illam
648 3575 1079 3648 signiﬁcationem
1105 3574 1330 3629 habere:
1364 3583 1435 3628 est
1468 3583 1637 3627 tamen
1660 3573 1857 3628 nihilo-

228 3669 415 3721 minus
442 3667 728 3738 probabilis
770 3667 947 3733 lectio,
980 3677 1027 3722 et
1064 3669 1354 3739 responsio.
1387 3667 1496 3723 Sed
1527 3684 1628 3722 non
1652 3678 1726 3722 est
1746 3669 1855 3721 alia

228 3762 642 3828 contemnenda,
662 3778 821 3832 quam
851 3762 1037 3815 habent
1061 3762 1370 3817 recentiores
1392 3761 1617 3825 codices,
1643 3777 1857 3831 eamque

229 3868 350 3909 esse
371 3852 641 3922 antiquam
686 3863 736 3908 et
764 3869 1084 3909 communem
1132 3864 1335 3909 constat
1365 3870 1428 3909 ea:
1461 3854 1528 3907 ι).
1582 3851 1780 3908 Thoma
1807 3863 1855 3908 et

230 3945 611 4001 Scholasticis.
637 3944 703 3999 Et
728 3956 892 4015 potest
908 3947 1123 4002 reddere
1146 3949 1273 4002 satis
1293 3963 1597 4019 germanum
1623 3963 1852 4002 sensum.

229 4038 407 4093 Docet
431 4040 573 4093 enim
617 4056 677 4095 eo
707 4041 822 4095 loco
854 4040 1094 4095 Hilarius
1122 4086 1134 4108 ,
1201 4041 1356 4095 Verbi
1403 4046 1723 4113 majestatem
1749 4058 1854 4096 non

230 4135 407 4206 fuisse
433 4133 759 4188 imminutam
790 4128 852 4190 ob
884 4138 1290 4209 assumptionem
1336 4149 1527 4191 nostra:
1554 4147 1852 4197 natura...

235 4228 398 4283 Unde
453 4230 736 4294 concludit,
795 4247 862 4285 ea:
886 4230 1183 4285 humilitate
1220 4233 1391 4286 carnis
1434 4231 1604 4285 Verbo
1626 4236 1851 4301 coniun-

229 4338 358 4392 εισι,
406 4342 508 4379 non
548 4327 708 4397 fuisse
738 4326 890 4381 Verbi
912 4328 1265 4397 majestatem,
1291 4337 1337 4381 et
1368 4328 1657 4400 potentiam
1689 4327 1854 4381 amis-

232 4436 350 4473 εαηι
358 4461 371 4472 .

309 4511 445 4567 235.
486 4513 652 4569 Addit
676 4514 926 4580 Snarius,
957 4524 1013 4570 nt
1035 4515 1301 4572 doctrinae
1330 4516 1389 4573 S.
1424 4517 1649 4574 Thomas
1672 4519 1844 4590 magis

1963 3288 1981 3357 (
2005 3287 2164 3342 libris
2186 3286 2205 3359 )
2227 3305 2328 3360 quo
2356 3306 2435 3343 me
2456 3298 2672 3359 certam,
2697 3291 2870 3346 nescio
2888 3308 2907 3347 :
2928 3294 2999 3347 ita
3021 3295 3262 3350 ntendose
3280 3304 3324 3349 et
3340 3296 3579 3353 scribun-

1959 3389 2062 3449 tur,
2083 3390 2133 3434 et
2149 3390 2381 3436 veneunt.
2406 3382 2542 3437 Illud
2561 3382 2721 3438 etiam
2747 3384 3152 3441 incommodum
3183 3388 3404 3460 accidit,
3428 3391 3575 3462 quod

1960 3487 2136 3542 neque
2180 3473 2500 3530 Callandius
2547 3476 2832 3546 exemplar
2886 3493 3066 3547 prosa!
3114 3494 3144 3533 a
3191 3481 3382 3537 Jureto
3431 3498 3577 3540 anno

1961 3565 2103 3620 1585
2131 3565 2337 3621 editum
2372 3567 2543 3621 vidit:
2579 3584 2753 3639 neque
2784 3570 2916 3625 mihi
2950 3572 3084 3627 illud
3128 3576 3369 3632 nancisci
3396 3577 3573 3636 licuit.

1959 3656 2273 3712 Gallandins
2292 3660 2522 3715 contulit
2545 3661 2933 3718 Bibliothecam
2955 3664 3179 3720 Patrum
3205 3667 3573 3726 Parisiensem

1958 3750 2084 3804 anni
2119 3750 2273 3815 1624,
2331 3766 2394 3807 ac
2438 3752 2897 3823 Lugdunensem:
2936 3757 3019 3813 bis
3064 3760 3401 3830 antiquiores
3435 3763 3573 3820 alias

1959 3858 2061 3913 ego
2085 3858 2196 3913 ιιι-τη
2223 3845 2474 3900 manibus
2495 3844 2682 3913 habui,
2708 3857 2765 3901 nt
2790 3863 2914 3904 mox
2936 3848 3133 3905 dicam.
3157 3851 3409 3924 Suspicio
3435 3854 3573 3911 mihi

1961 3945 2085 3993 nata
2113 3948 2220 4004 ess,
2256 3953 2499 4008 prosam,
2523 3940 2965 4012 quandoquidem
2999 3959 3120 4000 eam
3155 3944 3380 4002 Sedulio
3408 3947 3571 4020 abju-

1956 4031 2140 4088 dicare
2166 4041 2354 4088 contra
2384 4033 2564 4101 Bedm,
2598 4034 2937 4107 aliorumque
2983 4038 3229 4107 ejusdem
3280 4039 3390 4096 lere
3422 4051 3561 4097 tem-

1959 4126 2107 4197 poris
2144 4126 2519 4182 auctoritatem
2564 4144 2668 4182 non
2697 4129 2844 4196 licet,
2874 4130 2943 4183 ab
2967 4130 3150 4201 aliquo
3181 4132 3565 4202 interpolalam

1958 4233 2105 4286 esse,
2132 4220 2265 4275 etin
2295 4220 2620 4291 quibusdam
2667 4221 2804 4278 locis
2848 4222 2914 4276 ad
2946 4224 3260 4281 mendosam
3302 4228 3567 4285 carminis

1956 4314 2282 4384 Scripturam
2310 4314 2797 4371 accommodatam.
2831 4315 2973 4372 Sane
3000 4332 3124 4373 cum
3157 4334 3317 4391 prosa
3345 4321 3571 4378 liberius
3645 4392 3651 4398 ο

1957 4404 2229 4463 interdum
2263 4417 2544 4477 evagetur,
2574 4422 2757 4462 veram
2780 4408 3036 4464 carminis
3062 4410 3348 4469 lectionem
3375 4429 3407 4469 e
3435 4414 3570 4471 solis

1958 4515 2089 4555 mss.
2121 4499 2531 4573 exemplaribus
2561 4501 2822 4573 colligere
2868 4502 3175 4573 smpissime
3206 4520 3432 4563 necesse
3457 4517 3564 4565 est.

312 4555 445 4567 ...μη
677 4555 926 4580 υ..........,
1036 4555 1300 4572 suum...
1330 4555 1389 4573 υ.
1434 4555 1649 4574 ...υ.....,
1672 4555 1844 4590 ...οδω

230 4602 779 4675 ροιιειιιεειι,ςνιιιίτιηι
809 4607 1025 4662 ttnionis
1043 4608 1222 4663 solere
1243 4608 1519 4665 interdum
1550 4623 1646 4679 per
1668 4618 1846 4665 trans-

1969 4594 2023 4652 ‘th
2045 4603 2225 4652 autem
2256 4555 2308 4651 in
2346 4559 2603 4667 promptu
2632 4555 2723 4652 sit”
2730 4597 3023 4668 explicatio
3066 4610 3339 4669 notarum,
3369 4602 3564 4675 quibus

230 4696 502 4752 lationem
550 4706 605 4753 et
657 4699 1030 4771 metaphoram
1084 4701 1432 4771 ad0ptionem
1496 4703 1729 4759 vocari:
1775 4705 1842 4761 In

228 4806 344 4860 qua
372 4794 694 4861 metaphora,
729 4792 1009 4864 subjunglt
1034 4835 1049 4859 ,
1080 4794 1135 4847 in
1166 4809 1224 4848 eo
1254 4811 1408 4849 sensu
1434 4806 1643 4866 sumpta
1667 4798 1846 4853 nullus

228 4893 308 4938 est
345 4898 511 4948 error,
542 4885 633 4937 sed
662 4885 811 4939 nobis
836 4886 1060 4941 carenda
1088 4895 1185 4955 est,
1218 4898 1327 4942 tum
1351 4889 1494 4958 quia,
1527 4892 1841 4958 utostendi-

229 4990 380 5040 mus,
410 4990 524 5029 rere
552 4985 601 5029 et
627 4978 838 5047 praprie
874 4978 974 5033 illa
1014 4995 1117 5033 non
1163 4989 1238 5035 est
1256 4979 1487 5050 adoptio,
1524 4990 1633 5035 tum
1689 4983 1843 5037 etiam

225 5068 363 5139 quia
384 5068 685 5142 ntetaphora
713 5070 806 5125 illa
827 5072 1089 5127 rarissime
1116 5082 1192 5128 est
1218 5074 1433 5141 usitata,
1464 5083 1509 5128 et
1532 5082 1698 5147 potest
1734 5093 1844 5132 esse

226 5164 446 5217 occasio
463 5166 675 5220 erroris.
713 5167 871 5239 129
907 5166 1039 5235 Quae
1068 5167 1287 5239 quidem
1319 5182 1447 5225 vera
1500 5178 1649 5235 sunt,
1699 5170 1743 5225 si
1771 5170 1842 5226 de

227 5254 640 5325 significatione
688 5257 1154 5329 jurisperitorum,
1204 5269 1297 5317 aut
1337 5261 1502 5317 veluti
1536 5262 1842 5334 theologica

226 5346 396 5403 verbi
452 5349 704 5422 adoptare
751 5366 939 5408 sermo
965 5350 1037 5407 sit
1090 5372 1102 5407 :
1160 5353 1400 5426 alioquin
1450 5354 1594 5424 apud
1624 5364 1841 5412 veteres

226 5439 462 5496 Latinos
493 5443 688 5515 adopto
732 5443 1002 5500 interdum
1044 5445 1364 5516 simpliciter
1395 5446 1732 5519 significabat
1757 5464 1842 5501 as-

225 5544 407 5593 sumo,
449 5530 724 5587 interdum
746 5549 956 5587 assumo
976 5536 1028 5588 in
1055 5535 1222 5605 ﬁlium
1244 5552 1263 5603 ;
1285 5535 1430 5607 quod
1450 5534 1743 5591 discrimen
1772 5551 1838 5593 ex

226 5632 558 5693 argumento
585 5632 642 5681 et
669 5640 729 5681 re
761 5625 873 5696 ipsa
901 5626 1287 5697 colligebatur.

309 5735 439 5793 236.
480 5736 710 5795 Sanctus
734 5739 952 5811 quidem
984 5741 1239 5809 llilarius,
1271 5745 1372 5801 etsi
1400 5745 1700 5817 saepissime
1720 5761 1842 5802 ver-

226 5821 371 5923 bm!)
403 5846 613 5927 assumo
628 5831 733 5923 hac
756 5834 815 5924 in
838 5850 902 5925 ire
926 5850 1185 5930 usurpare
1209 5836 1371 5927 solet,
1399 5848 1576 5931 tamen
1604 5838 1670 5931 ad
1692 5840 1841 5948 Ιρετιῐς

1936 5836 2203 5928 lectiones
2225 5835 2437 5902 habuit,
2461 5850 2611 5891 num.
2640 5835 2728 5891 82.
2752 5860 2826 5877 -ι-
2846 5835 2962 5891 Col.
2983 5834 3165 5893 Editlo
3183 5837 3550 5938 Coloniensis.

1949 4690 2221 4748 editiones
2249 4701 2466 4747 veteres
2502 4698 2559 4747 et
2582 4690 2803 4747 codices
2831 4707 2961 4748 mss.
2989 4692 3042 4748 in
3064 4691 3289 4752 scholiis
3317 4695 3561 4755 indican-

1951 4794 2057 4853 tur,
2090 4785 2325 4843 indicem
2358 4801 2545 4843 earum
2573 4786 2827 4842 subtexo.

2020 4900 2140 4955 Alb.
2172 4901 2357 4959 Codex
2406 4902 2749 4959 bibliothecae
2778 4902 3045 4959 Albaniae.
3098 4904 3236 4962 Vide
3273 4922 3423 4965 num.
3465 4910 3556 4967 80.

1949 5023 2018 5033 —
2043 4992 2167 5048 Ald.
2204 4993 2377 5048 Editio
2406 4993 2554 5061 Aldi,
2586 4995 2656 5051 de
2700 5010 2827 5067 qua,
2855 5011 3003 5051 num.
3038 4996 3162 5053 101.
3194 5029 3267 5041 --
3291 5000 3431 5055 Alm.
3462 5000 3559 5055 Al-

1947 5086 2272 5143 meloveenii
2302 5086 2496 5141 codex.
2523 5086 2661 5144 Vide
2680 5103 2737 5143 n.
2771 5088 2864 5145 81.
2893 5119 2966 5131 -
2984 5089 3120 5161 Aug.
3143 5088 3328 5147 Codex
3355 5090 3555 5147 biblio-

1945 5180 2119 5237 thecze
2148 5177 2440 5249 Angelieaa,
2473 5193 2622 5233 num.
2656 5180 2744 5235 79.
2771 5209 2845 5221 ——
2871 5182 3050 5235 Arata.
3097 5180 3280 5238 Codex
3320 5182 3554 5239 Amtze-

1946 5275 2217 5343 nii,num.
2261 5274 2349 5328 81.
2394 5302 2466 5315 -
2511 5271 2696 5329 Barth.
2731 5274 2958 5331 Codices
3001 5275 3229 5345 Barthii,
3262 5291 3412 5332 num.
3458 5278 3552 5346 85,

1945 5370 2073 5427 155.
2102 5399 2174 5410 --
2208 5368 2389 5423 Burm.
2439 5367 2586 5424 Petri
2631 5367 2870 5425 Secundi
2900 5370 3196 5426 Burmanni
3228 5370 3464 5439 codices,
3496 5382 3555 5429 et

1942 5462 2295 5532 conjecturae,
2347 5478 2401 5517 η.
2450 5459 2541 5517 82.
2572 5490 2643 5502 —
2689 5458 2842 5517 Cant.
2881 5460 3066 5518 Codex
3118 5461 3550 5536 Cantuariensis,

1946 5573 2097 5613 num.
2125 5558 2215 5615 83.
2248 5570 2367 5627 seq.
2396 5584 2468 5598 —
2500 5555 2663 5627 Capp.
2698 5555 2879 5611 Editio
2908 5555 3229 5625 Cappusoti,
3258 5572 3407 5613 num.
3456 5558 3548 5616 95.

1944 5683 2017 5693 --
2042 5649 2177 5707 Cell.
2208 5649 2392 5705 Editio
2420 5647 2669 5715 Cellarii,
2696 5663 2822 5703 num
2852 5648 2976 5704 126.
3002 5678 3077 5691 -
3102 5648 3232 5705 Cod.
3256 5667 3309 5705 a.
3334 5650 3383 5708 b.
3413 5669 3462 5708 c.
3488 5654 3548 5709 ά.

1939 5761 1984 5799 ε.
2037 5743 2287 5813 Quinque
2340 5740 2589 5810 Codices,
2650 5755 2719 5795 ex
2771 5739 2966 5811 quibus
2995 5742 3326 5801 Arntzenius
3369 5748 3549 5803 varias

3524 5926 3536 5952 l
