4086 6184
484 284 589 340 555

1872 286 2088 345 C(ELII
2116 286 2387 346 SEDULII

3679 279 3787 337 556

483 399 709 471 pelagus
738 399 1065 470 majestatis,
1086 406 1145 455 et
1167 398 1294 454 viris
1322 413 1538 471 quoque
1552 400 1903 473 peritissimis
1929 405 2088 477 136
2114 409 2160 469 Α
2189 404 2269 464 rei
2295 405 2336 437 "
2360 404 2580 475 cespitis
2606 401 2824 460 revolvi
2855 399 3084 471 vestigia
3104 441 3120 468 ,
3167 407 3388 470 totoque
3432 396 3552 453 nisu
3598 396 3796 454 melio-

485 489 911 557 formidandum,
939 506 1108 563 parva
1137 491 1158 522 ³
1188 491 1295 547 tiro
1321 491 1486 548 lintre
1525 495 1864 552 cucurrerim
1892 495 1914 528 ⁸
1939 513 1955 563 ;
1988 499 2087 554 hu-

483 584 573 656 jus
622 584 766 655 apud
799 593 852 640 te
887 585 1013 640 facti
1042 599 1234 640 causas
1278 601 1581 658 expurgcm
1615 589 1660 657 ⁵,
1713 599 1790 657 ut,
1824 605 1948 647 cum
2000 608 2087 649 me

487 694 597 735 non
644 677 906 733 audacem
954 678 1125 735 fuisse
1174 679 1511 750 probaveris,
1563 683 1658 739 sed
1707 684 1985 754 devotum,
2032 688 2087 743 iu

493 772 734 842 pectoris
765 772 837 827 tui
871 779 1083 843 portum
1117 772 1313 851 blanda
1368 776 1764 846 tranquillitate
1812 780 2043 851 recipias
2073 800 2084 835 :

489 880 674 935 quem,
717 864 1054 934 gubernante
1085 850 1195 920 Deo
1220 865 1263 933 °,
1296 866 1568 924 laetaberis
1617 869 1761 924 nulla
1796 850 2090 940 pertulisse

494 959 796 1029 naufragia.
827 958 964 1013 Cum
992 960 1345 1016 smcularibus
1378 962 1543 1032 igitur
1572 964 1591 994 ⁷
1627 963 1821 1019 studiis
1847 980 2089 1036 occupa-

490 1061 597 1119 tus,
631 1053 738 1106 vim
773 1053 1105 1120 impatientis
1131 1054 1153 1084 ⁸
1200 1052 1423 1124 ingenii,
1458 1055 1599 1125 quod
1629 1060 1649 1089 θ
1692 1056 1993 1114 divinitatis
2036 1060 2091 1115 in

492 1160 580 1199 me
628 1143 972 1214 providentia
1020 1145 1062 1175 ¹⁰
1099 1130 1402 1215 generavit,
1443 1162 1551 1202 non
1605 1149 1821 1205 utilitati
1868 1152 2088 1219 animm,

497 1239 593 1293 sed
647 1239 792 1295 inani
836 1239 965 1294 vitae
1021 1238 1415 1309 depcnderem,
1473 1251 1529 1296 et
1573 1241 1853 1299 litterariae
1912 1245 1951 1275 “
2006 1259 2097 1300 so-

497 1329 648 1386 lertia
708 1329 1050 1401 disciplina},
1084 1331 1295 1387 lusibus
1356 1331 1674 1389 infructuosi
1718 1337 1930 1406 operis,
1986 1353 2095 1392 non

494 1424 728 1493 auctori,
781 1424 1012 1479 serviret
1055 1425 1127 1491 ¹²;
1164 1424 1380 1480 tandem
1439 1425 1752 1484 misericors
1798 1429 1960 1494 Deus,
2012 1445 2099 1485 rc-

500 1532 616 1573 rum
640 1516 889 1571 conditor
922 1517 985 1585 ¹³,
1020 1518 1343 1574 clementius
1373 1518 1631 1577 fabricam
1664 1520 1749 1576 sui
1774 1521 1918 1592 juris
1957 1522 2102 1578 1"as-

505 1610 681 1678 pexit,
716 1620 771 1665 et
802 1610 999 1666 stultos
1051 1612 1102 1665 in
1138 1628 1223 1667 me
1256 1612 1543 1668 mundana:
1592 1615 1871 1683 sapientia:
1901 1616 2103 1672 diutius

504 1703 693 1759 haberi
734 1718 927 1760 sensus
955 1704 1230 1770 indoluit,
1273 1721 1335 1761 ac
1365 1707 1566 1763 fatuum
1617 1709 1915 1778 prudentia:
1947 1711 2103 1783 137

2190 503 2266 555 ris
2297 497 2534 563 arbitrii,
2558 496 2768 552 cultum
2813 492 3075 549 iliustrati
3108 490 3350 563 pectoris
3380 490 3494 547 Deo
3520 488 3704 546 dicavi
3725 491 3786 559 ¹⁸,

2189 605 2300 647 non
2348 589 2782 661 praesumptione
2826 585 3027 641 virium
3092 583 3368 639 sarcinam
3418 591 3583 638 tanta:
3627 582 3794 639 molis

2182 682 2488 753 arripiens,
2519 678 2615 735 sed
2642 691 2783 734 onus
2811 675 3015 732 Christi
3046 717 3062 743 ,
3106 675 3251 747 quod
3300 675 3422 731 leve
3466 675 3636 730 nimis
3687 684 3791 743 est,

2191 773 2384 828 humili
2433 786 2640 843 pronus
2684 769 2984 826 devotione
3028 767 3441 838 complectens,
3491 768 3651 839 culpa
3703 781 3793 824 me

2192 866 2403 922 scilicet
2427 866 2727 920 arbitratus
2748 861 2959 919 silentii
2986 863 3026 895 η
3051 877 3161 917 non
3190 876 3414 926 carere,
3458 860 3505 916 si
3531 860 3795 917 studiosa

2196 958 2397 1015 mentis
2430 956 2695 1023 ofﬁcium,
2735 953 2881 1026 quod
2927 952 3155 1008 vanitati
3198 951 3546 1020 detulissem,
3576 952 3793 1008 veritati

2195 1053 2529 1123 denegarem
2565 1067 2579 1104 :
2612 1064 2735 1105 cum
2761 1057 2818 1105 et
2843 1047 3024 1102 divina
3057 1057 3382 1103 reverenter
3411 1046 3456 1077 ¹⁰
3486 1045 3667 1102 asseri
3691 1089 3708 1115 ,
3741 1052 3797 1101 et

2198 1146 2434 1201 humana
2464 1143 2678 1215 possint
2705 1143 2747 1173 ’ί
2783 1143 3013 1197 honeste
3034 1138 3278 1195 tractari.
3315 1137 3570 1211 Angebar
3606 1153 3798 1196 rursus

2200 1240 2305 1296 alia
2329 1241 2373 1271 ”
2399 1238 2566 1293 animi
2596 1236 2838 1309 procella
2865 1235 3067 1291 turbati
3111 1235 3180 1303 ’⁸,
3228 1243 3283 1290 et
3308 1248 3486 1306 aegros
3523 1232 3799 1291 anhelitus

2202 1333 2293 1389 illa
2325 1330 2459 1387 mihi
2498 1330 2640 1387 ratio
2685 1329 2731 1362 "
2782 1343 2931 1399 saepe
2973 1327 3403 1394 commovebat,
3454 1340 3569 1397 qua
3619 1341 3708 1382 me
3753 1327 3799 1359 “

2203 1439 2460 1481 noveram
2483 1422 2569 1478 vel
2593 1432 2708 1492 tua,
2734 1431 2892 1492 pater
2914 1420 3254 1485 beatissime,
3280 1419 3370 1475 vel
3388 1419 3643 1489 aliorum,
3670 1434 3800 1491 quos

2204 1516 2376 1590 gratia
2414 1514 2668 1571 similiter
2696 1514 2939 1571 caelestis
2976 1512 3219 1568 illustrat
3242 1513 3310 1580 “,
3336 1511 3592 1584 quiddam
3620 1511 3800 1584 profe-

2207 1612 2350 1666 cisse
2367 1609 2637 1666 doctrina.
2655 1608 2996 1678 Quamquam
3016 1606 3120 1677 ipsi
3136 1616 3329 1663 cuncta
3348 1616 3715 1663 monstrantes
3733 1608 3801 1673 "',

2208 1703 2449 1774 aliquem
2496 1700 2733 1762 credatis
2779 1701 3070 1771 igniculum
3124 1701 3181 1756 in
3225 1716 3311 1757 me
3371 1715 3535 1773 posse
3574 1701 3801 1758 lucere:

507 1797 753 1852 mortalis
807 1797 1084 1866 ingenium
1140 1799 1386 1855 caelestis
1458 1800 1572 1855 sale
1635 1800 1900 1856 condivit.
1955 1802 2105 1857 Mox-
2135 1809 2183 1869 Β
2209 1795 2306 1851 sed
2338 1804 2528 1864 torpor
2567 1793 2752 1849 cordis
2790 1792 2973 1849 obtusi
3018 1794 3064 1826 ’⁸
3103 1802 3379 1865 tamquam
3433 1794 3593 1866 138
3634 1794 3808 1850 silicis

505 1907 611 1964 que
639 1893 683 1922 ¹³
712 1903 774 1945 ιιι
806 1894 987 1949 cordis
1018 1892 1208 1947 oculos
1248 1891 1478 1947 interior
1520 1893 1697 1963 caligo
1750 1894 1997 1951 deseruit
2038 1894 2104 1960 ³⁸,

504 2002 599 2055 per
650 1997 835 2044 sentes
865 1986 1085 2042 dumosi
1138 1985 1283 2039 ruris
1329 1985 1575 2040 errantia
1624 1985 1679 2040 in
1728 1985 1959 2043 herbam
2008 1986 2108 2043 flo-

2218 1904 2314 1960 per
2339 1902 2512 1943 venas
2537 1889 2602 1955 ²⁹,
2635 1886 2931 1942 scintillam
2961 1895 3181 1943 tenuem
3209 1886 3303 1943 vix
3326 1885 3551 1943 emittit.
3586 1886 3654 1941 Et
3682 1885 3736 1942 id
3765 1885 3812 1918 ³⁵

2217 1985 2393 2053 ipsum
2421 1981 2571 2052 parvi
2599 1980 2802 2037 fomitis
2824 1981 3244 2048 nutrimentum,
3266 1979 3413 2054 quod
3438 1980 3494 2038 in
3524 1994 3610 2037 me
3639 1980 3813 2054 potuit

2022 2076 2339 2137 SCHOLIA.

582 2180 636 2235 5.
676 2177 802 2234 Vet.
838 2177 889 2239 1,
916 2175 1171 2235 Monast.,
1202 2171 1553 2243 Poelmann.,
1604 2188 1781 2243 parva.
1813 2173 1948 2242 Reg.
1992 2175 2048 2241 2,
2079 2188 2107 2227 a

510 2268 596 2323 pr.
627 2263 952 2323 m.,_parvo,:
981 2246 1222 2323 plerique
1251 2242 1449 2323 nostri,
1507 2242 1628 2298 cum
1683 2244 1804 2300 aliis
1852 2245 2105 2312 aliorum,

513 2318 725 2398 parra."
741 2318 1081 2398 Utrumlibet
1103 2326 1246 2370 stare
1278 2320 1481 2398 potest.

581 2396 637 2449 4.
683 2392 803 2448 Vat.
841 2392 887 2455 1,
924 2387 1206 2453 mendose,
1244 2386 1518 2440 currerint.
1548 2386 1872 2456 Metaphora
1900 2389 2113 2458 poetica

519 2467 634 2521 lucc
664 2473 767 2530 est,
802 2461 898 2515 sed
943 2460 1012 2513 ab
1041 2459 1355 2514 oratoribus
1394 2460 1557 2512 etiam
1611 2458 1905 2530 aliquando
1953 2474 2113 2516 usur-

516 2544 663 2606 pata.

588 2610 643 2663 5.
685 2604 1065 2677 Wopkensius
1083 2610 1139 2657 et
1165 2600 1449 2657 Grunerus
1495 2608 1646 2677 recte
1677 2599 1969 2677 Cellarium
2016 2620 2114 2660 ex-

519 2679 768 2749 plodunt,
794 2671 891 2749 qui
923 2674 1168 2744 putabat,
1193 2687 1413 2749 sensum
1436 2673 1721 2749 postulare
1749 2671 1900 2729 liceat
1929 2692 2118 2746 expur—

522 2744 654 2821 ῂεηι.
679 2744 956 2821 Siquidem
980 2761 1262 2821 expurget):
1292 2745 1395 2798 hoc
1436 2744 1558 2798 loco
1596 2744 1744 2821 valet
1770 2761 1887 2821 age_,
1929 2744 2122 2819 expur-

525 2815 658 2892 gjem.
687 2815 998 2892 Ve‘l__etia_m
1049 2817 1270 2892 ponitur
1312 2829 1421 2892 pr0_
1466 2815 1782 2892 expurgaba.
1806 2815 1821 2818 ⁷
1842 2815 2122 2892 Grnuertts

526 2886 743 2962 quoque
797 2887 1190 2959 Wopkensiuzu
1243 2886 1619 2962 reprehendit,
1666 2888 1757 2962 qui
1812 2890 2125 2962 coniecerat

525 2957 798 3036 exponam,
831 2957 917 3015 vel
938 2974 1269 3036 expromam,
1292 2959 1416 3027 quia
1468 2957 1797 3036 insolentior
1830 2960 2123 3036 phras_iAs_ei

528 3026 809 3103 videbatur
837 3026 1125 3103 expurgare
1147 3030 1271 3099 facti
1297 3026 1495 3085 causas.
1518 3026 2016 3103 Certehujusmodi
2046 3033 2126 3087 lo-

528 3105 728 3175 quendi
764 3099 954 3156 formae
995 3099 1227 3175 istgrum
1260 3108 1567 3175 temporum
1600 3099 1962 3175 scriptoribus
1990 3104 2128 3175 satis

534 3169 663 3229 sunt
688 3176 1019 3242 frequentes.
1058 3169 1331 3241 Exponam
1362 3172 1553 3242 glossa
1576 3176 1664 3224 est
1691 3170 1746 3224 in
1773 3170 1951 3226 Vatic.
1981 3173 2032 3227 1.
2069 3174 2124 3228 lu

530 3246 662 3317 Reg.
700 3245 726 3298 1
760 3241 961 3317 g’lossa,
994 3243 1191 3317 utinam
1220 3256 1459 3295 excusem
1485 3255 1501 3294 :
1531 3241 1767 3311 futurum
1799 3245 2012 3316 optativi
2038 3262 2132 3317 pro

533 3313 1067 3390 Ῑιιῑὶιιό-ἱηίίὶεᾳῑἱυὶ.Δ
1364 3383 1398 3390 _
1497 3382 1509 3390 _
1833 3313 1841 3316 Ἴ
1899 3332 1915 3390 ς

610 3389 664 3443 6.
706 3386 836 3453 Reg.
874 3386 929 3453 1,
979 3384 1297 3456 gubernante
1356 3382 1613 3450 Domino;
1658 3383 1774 3453 alii,
1820 3387 2138 3457 gubernante

543 3458 672 3514 Deo.
846 3474 849 3477 ‘

610 3532 662 3586 7.
706 3529 828 3586 Vet.
864 3530 890 3584 1
927 3536 984 3584 et
1009 3525 1181 3590 Mon.,
1208 3525 1545 3581 swcularibus
1590 3543 1748 3598 ergo;
1792 3528 1915 3594 alii,
1969 3545 2135 3585 δατευ-

538 3603 733 3675 laribus
768 3602 964 3675 igitur.
1012 3598 1203 3675 Studia
1249 3598 1520 3675 sa'c‘ularia
1580 3610 1708 3653 sunt
1760 3601 2013 3675 profana,
2066 3603 2139 3657 si-

539 3668 893 3745 gnificatione
915 3671 1193 3745 frequenti
1219 3669 1360 3745 apud
1390 3668 1684 3745 scriptores
1710 3668 2135 3745 ecclesiasticos.

612 3745 668 3799 8.
695 3744 879 3799 Codex
914 3742 997 3808 B.,
1030 3742 1307 3815 patientis;
1336 3741 1528 3815 melius
1555 3742 1763 3808 caeteri,
1796 3743 2135 3815 impatientia,

543 3820 702 3882 cujus
731 3816 910 3883 glossa
942 3815 994 3868 in
1029 3811 1164 3882 Reg.
1198 3813 1249 3876 1,
1284 3811 1540 3865 ardentis.

613 3887 667 3942 9.
712 3886 965 3957 Plerique
995 3898 1125 3938 mss.
1157 3892 1213 3938 et
1261 3883 1416 3944 editi,
1455 3883 1638 3957 quod;
1677 3883 1941 3957 Qellarius
1969 3886 2143 3942 edidit

543 3974 716 4029 quam.
748 3953 1050 4029 afﬁrmans,
1085 3956 1157 4029 ita
1189 3964 1406 4029 exstare
1454 3953 1756 4029 in__Almel_:
1786 3957 1882 4029 sed
1912 3960 2143 4013 Arntze-

544 4023 670 4084 nius
698 4029 864 4084 etiam
898 4028 952 4082 in
983 4025 1177 4081 Almel.
1203 4023 1563 4093 deprehendit
1583 4027 1745 4096 quod,
1771 4027 1934 4097 idque
1959 4030 2142 4086 verius

543 4117 667 4157 esse
711 4101 764 4155 in
794 4097 1075 4155 Addeudis
1097 4101 1335 4166 agnovit.

617 4173 705 4228 10.
756 4172 891 4226 Cod.
922 4170 1012 4237 A.,
1043 4168 1364 4241 providentia
1388 4168 1443 4221 in
1496 4182 1607 4235 me;
1638 4168 1751 4237 alii,
1802 4171 1855 4223 iu
1908 4188 1986 4226 me
2019 4189 2144 4243 pro-

545 4244 795 4297 videntia.

622 4314 708 4367 11.
757 4312 867 4367 Ott.
901 4313 954 4379 1,
991 4311 1124 4381 Reg.
1159 4313 1213 4375 1,
1243 4313 1296 4379 5,
1331 4311 1629 4378 Almelov.,
1660 4312 1948 4369 litterarita.
1995 4314 2140 4371 Vatt.

549 4387 601 4453 1,
630 4387 688 4450 2.,
720 4383 855 4454 Reg.
895 4384 952 4451 2,
984 4398 1106 4438 cum
1136 4383 1259 4437 cod.
1297 4382 1467 4452 Lips.,
1500 4386 1863 4449 litteratoria;
1893 4387 2019 4441 cod.
2055 4390 2143 4455 A.,

544 4458 869 4512 litteratoritr
904 4457 1103 4516 etiam,
1148 4455 1244 4509 sed
1274 4455 1477 4527 omittit
1525 4456 1857 4527 disciplima;
1897 4457 2024 4513 cod.
2055 4458 2141 4525 13.,

547 4528 812 4582 litterulis.
846 4527 1215 4581 Tertullianus
1255 4526 1393 4580 dixit
1421 4526 1798 4591 litteratorius;
1837 4528 2002 4591 Ctel.,
2036 4532 2150 4583 Au-

550 4599 807 4676 relianus,
833 4606 888 4676 et
918 4597 1228 4676 Diomedes,
1281 4595 1543 4664 litterulis,
1575 4595 1673 4676 sed
1697 4599 1867 4668 magis
1888 4598 2140 4676 Latinum
2176 4615 2225 4676 ῃ

549 4680 633 4724 est
661 4670 966 4735 litterarius,
1010 4667 1154 4739 quod
1183 4683 1250 4722 ex
1280 4682 1550 4723 consensu
1577 4669 1845 4723 bonorum
1885 4671 2134 4727 codicum

552 4740 838 4795 restituere
861 4748 1106 4811 praestat,
1142 4739 1389 4808 quamvis
1416 4739 1661 4810 plerique
1682 4739 1812 4811 editi
1843 4741 2138 4799 exhibeant

548 4810 891 4866 litterator-iui.
928 4812 1222 4867 Arntzenio
1261 4812 1424 4865 etiam
1456 4815 1627 4881 magis
1666 4810 1912 4881 placebat
1940 4813 2139 4868 littera-

549 4883 662 4936 rire.
721 4881 880 4951 Apud
922 4882 1218 4951 scriptores
1275 4881 1439 4937 medii
1468 4889 1525 4938 et
1572 4880 1745 4936 infimi
1784 4883 1907 4949 :evi,
1941 4885 2140 4941 littera-

548 4955 685 5009 toria
711 4969 797 5006 ars
821 4962 938 5007 erat
964 4953 1339 5023 grammatica.

626 5023 716 5080 12.
768 5024 1020 5095 Plerique
1068 5039 1201 5079 mss.
1246 5026 1439 5088 nostri.
1496 5025 1694 5080 auctori
1724 5026 1977 5095 serviret;
2020 5028 2134 5094 alii,

552 5097 754 5151 auctori
773 5097 1067 5150 deserviret.
1094 5095 1239 5161 Ald.,
1268 5095 1388 5153 Vat.
1413 5098 1470 5163 2,
1495 5097 1695 5151 auctori
1714 5094 1823 5150 Deo
1844 5097 2138 5155 descrt'iret.

549 5168 684 5241 God.
716 5167 886 5241 B.,et
932 5166 1149 5241 schedia
1206 5168 1437 5241 Poelm.,
1489 5169 1688 5241 auctori
1717 5168 1948 5236 serviret,
1998 5170 2144 5241 quod

549 5240 722 5295 edidit
745 5238 1042 5304 Cellarius;
1077 5235 1210 5301 Deo,
1235 5238 1412 5309 glossa
1440 5250 1523 5295 est
1549 5239 1602 5295 in
1631 5240 1765 5309 Reg.
1795 5242 1853 5294 2.

627 5312 716 5367 15.
748 5310 885 5366 Cod.
921 5315 1012 5374 Α..
1046 5310 1332 5364 misericors
1360 5308 1501 5364 Deus
1522 5308 1758 5364 conditor
1786 5328 1998 5379 rcrum;
2026 5314 2139 5380 alii,

550 5383 841 5437 misericors
873 5380 1012 5436 Deus
1042 5398 1216 5436 rerum
1256 5384 1512 5437 conditor.
1543 5382 1893 5447 Arntzenius,
1922 5394 2140 5441 secutus

548 5454 781 5509 schedas
808 5454 1040 5516 Poelm.,
1073 5454 1274 5509 omittit
1302 5455 1461 5519 Deus,
1492 5469 1654 5526 quam
1685 5469 1872 5526 vocem
1904 5469 1936 5509 e
1961 5458 2141 5526 glossa

557 5535 774 5579 enatam
819 5536 991 5595 putat.
1032 5526 1192 5582 Deest
1222 5527 1384 5582 etiam
1435 5527 1487 5581 in
1512 5524 1660 5596 Reg.
1696 5526 1747 5580 1.
1778 5524 1849 5580 At
1891 5524 2027 5581 nihil
2055 5536 2140 5583 est

552 5610 652 5651 cur
682 5596 965 5668 lectionem
1017 5598 1215 5668 ubique
1270 5612 1615 5654 communem
1668 5598 2009 5655 deseramus.
2061 5598 2137 5655 Ea

552 5674 731 5721 exstat
754 5667 806 5737 in
858 5677 1087 5737 quatuor
1116 5667 1318 5725 nostris
1347 5683 1477 5725 mss.

628 5736 717 5812 14ἷ
759 5734 1016 5812 Ottobon.
1052 5740 1104 5804 1,
1136 5739 1272 5812 Reg.
1332 5742 1489 5812 1,__5,
1537 5742 1787 5812 fabricam
1828 5743 1910 5795 sui
1953 5742 2139 5812 juris;

550 5805 824 5865 accedunt
850 5808 942 5863 alii
971 5823 1099 5863 mas.
1122 5818 1178 5865 et
1204 5805 1711 5879 aditi.’Vatt.'1,-2,
1754 5813 1887 5883 Reg.
1926 5805 1984 5880 (Ξ,
2013 5805 2133 5869 cum

2218 2171 2380 2253 Aldo,
2412 2175 2494 2253 sui
2522 2176 2773 2253 fabricam
2788 2171 2954 2253 juris.
3159 2250 3168 2253 _
3332 2248 3342 2253 _
3416 2239 3429 2253 .

2292 2244 2380 2299 15.
2413 2244 2670 2302 Nonnulli
2712 2245 2917 2315 vulgati
2950 2257 3071 2296 mox
3113 2250 3213 2315 ut;
3242 2244 3441 2315 caeteri
3473 2257 3696 2315 mosque
3732 2251 3813 2299 ut.

2220 2314 2514 2384 Eleganter
2561 2319 2731 2373 cordis
2781 2311 2957 2370 oculos
2982 2354 2998 2381 ,
3033 2322 3092 2367 ut
3135 2311 3361 2378 Cicero,
3396 2312 3815 2384 Quintilianus,

2222 2397 2276 2441 et
2297 2382 2412 2453 alii,
2441 2392 2624 2444 mentis
2657 2389 2857 2445 oculos.
2894 2387 3013 2442 Mox
3045 2385 3254 2439 dumosi
3293 2383 3454 2451 ruris,
3482 2393 3540 2439 ut
3565 2382 3819 2455 Virgilius

2223 2458 2602 2539 dumosaAarva,
2636 2463 2856 2539 dumosa
2884 2474 3057 2539 rupes.
3134 2538 3137 2539 ν
3354 2527 3390 2539 __
3475 2527 3488 2539 .
3701 2527 3714 2539 .

2297 2531 2388 2586 16.
2430 2531 2540 2588 Ott.
2573 2527 2624 2601 1,
2655 2531 2843 2588 deserit
2876 2548 2894 2585 :
2932 2529 3110 2585 retine
3134 2538 3261 2584 cum
3290 2527 3524 2600 reliquis
3564 2527 3823 2584 omnibus

2225 2600 2478 2658 deseruit.

2297 2676 2384 2728 17.
2425 2675 2573 2731 Vatt.
2604 2680 2657 2740 1,
2686 2677 2743 2740 2,
2777 2674 2925 2740 ΑΜ..
2951 2672 3168 2730 schcdm
3196 2671 3436 2738 Poelm.,
3472 2674 3651 2745 ﬂoridi
3682 2687 3703 2728 :
3730 2671 3823 2728 alii

2224 2758 2345 2817 cum
2374 2745 2509 2817 Reg.
2546 2749 2596 2810 1,
2635 2750 2692 2813 2,
2717 2748 2773 2813 '5,
2801 2744 2914 2801 Ott.
2949 2748 3002 2812 1,
3032 2745 3204 2816 ﬂorei.

2300 2816 2389 2872 18.
2430 2816 2614 2874 Codex
2643 2819 2702 2873 Β.
2743 2833 2863 2873 cum
2893 2818 3149 2871 omnibus
3189 2816 3398 2872 nostris
3445 2831 3608 2883 mss.,
3634 2816 3824 2872 dicari.

2226 2887 2462 2954 Poelm.,
2490 2891 2839 2950 Arntzenius,
2873 2897 2929 2943 et
2955 2889 3075 2954 alii,
3104 2887 3356 2943 dedicari.

2311 2959 2395 3031 19.
2437 2962 2663 3017 δυιιθάιυ
2691 2962 2920 3024 Poelm.,
2952 2961 3119 3031 sancti
3144 2961 3428 3015 arbitratus
3450 2959 3828 3031 silentii,'_quod

2233 3045 2341 3085 non
2373 3030 2638 3105 intelligo,
2670 3033 2774 3088 nisi
2799 3030 3087 3105 legendum
3119 3032 3186 3086 sit
3214 3034 3347 3087 tanti
3379 3048 3477 3105 pro
3505 3030 3694 3087 sancti.
3723 3030 3828 3087 Sed

2234 3106 2477 3176 negtantig
2497 3104 2714 3176 quidem
2744 3104 3117 3159 necessarium
3146 3110 3253 3159 est.

2304 3172 2397 3246 20.
2445 3172 2563 3231 Vat.
2596 3178 2650 3243 1,
2683 3176 2859 3230 divina
2890 3190 3051 3246 opera
3086 3185 3393 3230 reverenter.

2307 3244 2399 3299 21.
2443 3247 2594 3320 Ald.,
2619 3258 2830 3320 possunt
2861 3244 3121 3303 .‘SCIICdlB
3148 3246 3358 3302 Poelm.
3387 3254 3597 3319 possent
3621 3263 3641 3302 :
3678 3245 3832 3319 pleri-

2237 3330 2342 3387 que
2375 3319 2589 3384 possint.

2306 3386 2400 3465 22.
2440 3390 2663 3465 Almel.,
2691 3388 2813 3444 Vet.
2844 3391 2898 3459 1,
2930 3389 3103 3459 Mon.,
3137 3396 3195 3444 et
3246 3389 3341 3446 alii
3381 3390 3609 3465 vulgati,
3655 3410 3832 3450 rursus

2239 3458 2345 3513 alia
2375 3475 2476 3531 pro
2502 3462 2611 3515 alia
2629 3478 2834 3516 rursus.

2308 3530 2579 3607 23’._Cod.
2611 3533 2673 3588 Β.
2710 3549 2818 3607 non
2850 3534 2990 3607 male
3017 3534 3247 3607 procella
3284 3537 3537 3594 turbatus.
3589 3537 3673 3594 Ex
3717 3537 3835 3594 Vir-

2241 3601 2456 3681 gilioLI.
2490 3619 2564 3672 Ix,
2598 3601 3259 3681 vers:_81l_,desitmptum
3273 3609 3654 3681 estepitheton
3675 3625 3836 3681 ceng

2241 3674 2543 3798 (inferimus;
2594 3676 2692 3732 sed
2720 3676 2976 3748 Virgilius
3021 3677 3075 3733 in
3110 3674 3525 3750 _singulari'ait,
3562 3698 3701 3755 regor
3723 3674 3840 3735 ἀη-

2263 3763 2309 3798 te
2336 3763 2349 3798 ι
2377 3764 2457 3798 αδ.

2263 3747 2457 3801 'telitus.

2311 3816 2403 3872 2t.
2444 3818 2701 3893 Ottobon.
2736 3818 2969 3893 1,7Ald.,
2999 3821 3220 3893 Almel.,
3256 3823 3384 3878 cod.
3431 3823 3493 3879 8.
3525 3842 3541 3880 :
3576 3822 3689 3879 Illa
3710 3824 3837 3879 mihi

2248 3904 2384 3958 saepe
2404 3891 2540 3944 ratio
2566 3908 2588 3954 ;
2610 3892 2722 3965 alii,
2755 3892 2848 3965 illa
2873 3891 3000 3946 mihi
3029 3895 3165 3948 ratio
3207 3891 3362 3965 sape.
3391 3893 3517 3951 Vet..
3536 3895 3583 3957 ,1
3632 3906 3692 3952 et
3735 3896 3843 3952 Mo-

2247 3962 2709 4036 nastcr._omnino
2737 3964 2995 4019 omittunt
3018 3982 3180 4036 stupe.

2314 4030 2405 4085 25.
2446 4032 2582 4103 ch.
2614 4035 2825 4111 5,_q_uia
2855 4052 2954 4111 me.
2997 4030 3129 4111 Reg.
3167 4038 3233 4111 1,
3278 4036 3390 4111 Ott.
3427 4039 3495 4106 1,
3536 4039 3698 4111 quia,
3748 4038 3841 4111 sed

2246 4100 2448 4157 factum
2478 4100 2580 4180 qua
2605 4123 2623 4159 :
2654 4100 2744 4160 alii
2776 4108 2951 4180 nostri
2983 4100 3249 4177 vel'quia,
3283 4109 3368 4165 vel
3411 4100 3561 4180 qua;
3590 4100 3697 4165 vel'
3737 4110 3845 4167 for-

2249 4183 2395 4248 tasse
2428 4177 2567 4243 quod
2597 4180 2646 4231 in
2676 4179 3004 4248 compendio
3050 4179 3376 4238 litterarum.
3420 4177 3469 4237 Ᾱ
3500 4196 3605 4236 ms.
3632 4181 3841 4239 Barthii

2247 4244 2406 4319 abest
2432 4263 2534 4314 me,
2564 4249 2710 4318 quod
2737 4244 3041 4319 elegantius
3069 4266 3192 4307 esse
3221 4253 3300 4307 ait
3328 4253 3583 4308 Barthius
3612 4253 3737 4309 libr.
3770 4271 3841 4310 xu

2251 4317 2511 4391 _Advcrs..
2537 4317 2659 4390 cap.
2687 4320 2775 4384 19,
2811 4317 3118 4391 prmsertim
3150 4338 3275 4378 cum
3319 4323 3581 4381 Sedulius
3621 4327 3848 4383 concise

2251 4388 2831 4466 lnqttijtﬂ'eCIetaAldQ
2848 4393 3064 4466 schedac
3078 4394 3316 4460 Poelm.,
3333 4396 3457 4466 quia
3478 4411 3717 4466 noveram
3742 4413 3847 4465 me;

2253 4457 2373 4513 Vat.
2401 4460 2456 4525 2,
2493 4462 2626 4533 Reg.
2653 4463 2709 4526 2,
2732 4479 2857 4534 qua,
2888 4464 2974 4521 vel
3002 4467 3125 4539 quia
3164 4457 3403 4521 noveram
3428 4482 3509 4522 me
3532 4483 3552 4523 :
3572 4457 3846 4541 plerique,

2251 4545 2351 4599 qua
2379 4547 2458 4585 1110
2482 4550 2745 4588 noveram.

2322 4600 2414 4657 9.6.
2459 4603 2581 4680 Vat.
2614 4607 2670 4680 1,_
2691 4606 2750 4673 ‘2,
2780 4606 3062 4680 illuminat.
3094 4607 3354 4664 Ottobon.
3391 4610 3443 4679 1,
3466 4609 3606 4680 Reg.
3635 4610 3766 4677 1,2,
3789 4615 3846 4679 3,

2246 4673 2498 4729 illustrat.
2544 4676 2887 4746 Poelmaun.,
2912 4678 3032 4735 Col.
3066 4680 3357 4735 illustrarat
3387 4698 3405 4736 :
3430 4673 3527 4737 alii
3552 4673 3691 4738 Editi
3725 4673 3851 4739 illa;

2244 4753 2390 4798 strat.
2406 4746 2530 4826 Rart
2543 4749 2664 4826 hius
2686 4750 2742 4826 iu_
2765 4764 2866 4805 suo
2882 4765 2987 4807 ms.
3010 4752 3219 4826 invenit
3234 4752 3519 4826 illuminat.
3537 4754 3682 4825 quod
3700 4756 3849 4826 glos-

2245 4817 2436 4871 semati
2460 4819 2838 4875 ascribendum
2858 4832 3089 4877 censent
3116 4823 3398 4880 Grunerus
3418 4835 3477 4880 et
3495 4817 3847 4882 Arnus-nius.

2428 4889 2527 4979 llis.
2561 4890 2746 4979 Barth.
2774 4908 3087 4979 quamquam
3107 4911 3194 4979 vos
3224 4894 3473 4979 ipsi
3499 4906 3685 4979 cuncta
3703 4914 3850 4979 nran-

2244 4967 2465 5035 s_lran_tcs
2497 5003 2512 5025 ,
2559 4962 2712 5035 quod
2766 4962 2961 5035 majori
3012 4962 3260 5035 emphasi
3319 4966 3523 5022 dictum
3575 4969 3853 5026 existimat

2250 5029 2523 5088 Barthius.
2557 5029 2614 5089 in
2650 5034 2786 5104 Reg.
2818 5029 3059 5107 1'glossa
3087 5029 3172 5093 est
3199 5054 3288 5094 vos
3308 5053 3471 5111 supra
3498 5039 3623 5109 ipsi,
3647 5049 3705 5096 et
3721 5040 3851 5097 mihi

2251 5114 2412 5169 supra
2444 5114 2805 5163 monstrantes.

2267 5242 2282 5252 _
2325 5172 2415 5228 28.
2460 5176 3005 5252 Nonnulliuscribunt
3047 5182 3301 5238 obtunsi:
3343 5182 3588 5252 plerique
3635 5183 3853 5247 obtusi:

2246 5242 2319 5301 de
2347 5260 2448 5314 qua
2475 5247 2751 5303 scribendi
2775 5253 3040 5307 varietate
3069 5253 3182 5308 dixi
3213 5242 3378 5309 etiam
3420 5253 3476 5309 in
3498 5242 3624 5310 'not.
3651 5255 3720 5310 ad
3748 5242 3849 5314 lu;

2249 5330 2496 5393 venena}
2527 5320 2881 5376 Cnmmunior
2907 5324 3179 5393 scriptura
3208 5336 3295 5381 est
3324 5324 3510 5380 obtusi.

2316 5388 2583 5466 291_Reg.
2619 5393 2691 5466 1_,_
2704 5400 2967 5466 tamquam
2989 5388 3152 5450 silicis
3176 5413 3326 5462 vena,
3358 5396 3455 5451 sed
3508 5399 3663 5466 prius
3689 5399 3848 5458 aliud

2247 5457 2366 5512 fuit.
2400 5457 2785 5542 Vet.],llion.
2820 5457 2984 5520 silicis
3028 5483 3190 5542 aena._
3210 5457 3531 5542 Communis
3570 5468 3850 5542 scriptura

2245 5541 2508 5602 tamquam
2537 5532 2697 5610 silicis
2741 5551 2830 5610 per
2869 5553 3042 5591 venas.
3075 5537 3248 5594 Valic.
3284 5540 3337 5604 1,
3381 5549 3643 5610 tamquam
3685 5532 3855 5601 silicis

2243 5617 2337 5682 per
2358 5618 2557 5682 venam.
2593 5606 2737 5682 Vat.“
2757 5608 2820 5682 2,
2830 5679 2840 5682 _
2852 5616 3120 5682 tamquam
3176 5626 3267 5681 per
3310 5627 3466 5665 ranas
3499 5606 3716 5671 silicis:
3764 5618 3850 5674 sic

2242 5672 2405 5756 etiam
2442 5677 2636 5759 Aldus.
2674 5677 2933 5750 Virgilius
2975 5672 3013 5738 1.
3051 5677 3137 5750 νϊ,
3171 5672 3320 5762 vefs.
3351 5684 3382 5738 7
3417 5702 3431 5739 :
3476 5684 3731 5742 Abstrusa
3786 5672 3849 5743 iri

2242 5757 2383 5797 venis
2411 5746 2593 5799 silicis.
3300 5755 3309 5765 ”
3492 5753 3505 5769 ‘

2241 5753 2383 5797 venis
2411 5753 2593 5802 silicis.
3206 5753 3211 5755 ’
3240 5753 3249 5762 ”
3300 5755 3309 5765 ”
3492 5753 3505 5769 ‘

2314 5817 2403 5872 50.
2432 5817 2631 5875 Almel.
2662 5830 2711 5877 et
2731 5823 2799 5876 ml
2823 5824 2995 5894 ipsum
3022 5836 3040 5879 ξ
3077 5825 3167 5882 alii
3198 5836 3245 5882 et
3274 5826 3331 5883 Μ
3361 5828 3549 5899 ipsum,
3584 5827 3850 5910 Imitattlf
