  <div class='ocr_page' id='page_1' title='image "/cluster/home/n/w/nwhite01/storage/ocr_20150623/19/hvd.32044096580451/279.png"; bbox 0 0 4086 6184; ppageno 0'>
   <div class='ocr_carea' id='block_1_1' title="bbox 397 277 504 334">
    <p class='ocr_par' dir='ltr' id='par_1_1' title="bbox 397 277 504 334">
     <span class='ocr_line' id='line_1_1' title="bbox 397 277 504 334; baseline 0.019 -2"><span class='ocrx_word' id='word_1_1' title='bbox 397 277 504 334; x_wconf 78' lang='grc'><strong>515</strong></span> 
     </span>
    </p>
   </div>
   <div class='ocr_carea' id='block_1_2' title="bbox 1796 279 2324 339">
    <p class='ocr_par' dir='ltr' id='par_1_2' title="bbox 1796 279 2324 339">
     <span class='ocr_line' id='line_1_2' title="bbox 1796 279 2324 339; baseline 0.002 -2"><span class='ocrx_word' id='word_1_2' title='bbox 1796 279 2017 339; x_wconf 76' lang='lat' dir='ltr'><strong>C(ELII</strong></span> <span class='ocrx_word' id='word_1_3' title='bbox 2054 280 2324 339; x_wconf 84' lang='lat' dir='ltr'><strong>SEDULll</strong></span> 
     </span>
    </p>
   </div>
   <div class='ocr_carea' id='block_1_3' title="bbox 3590 273 3703 339">
    <p class='ocr_par' dir='ltr' id='par_1_3' title="bbox 3590 273 3703 339">
     <span class='ocr_line' id='line_1_3' title="bbox 3590 273 3703 339; baseline 0 -2"><span class='ocrx_word' id='word_1_4' title='bbox 3590 273 3703 339; x_wconf 73' lang='lat' dir='ltr'><strong>5M</strong></span> 
     </span>
    </p>
   </div>
   <div class='ocr_carea' id='block_1_4' title="bbox 394 389 3703 475">
    <p class='ocr_par' dir='ltr' id='par_1_4' title="bbox 394 389 3703 475">
     <span class='ocr_line' id='line_1_4' title="bbox 394 389 3703 475; baseline -0.001 -25"><span class='ocrx_word' id='word_1_5' title='bbox 394 396 473 450; x_wconf 87' lang='lat' dir='ltr'><strong>ita</strong></span> <span class='ocrx_word' id='word_1_6' title='bbox 519 392 710 450; x_wconf 77' lang='lat' dir='ltr'><strong>sitiens</strong></span> <span class='ocrx_word' id='word_1_7' title='bbox 754 394 993 466; x_wconf 85' lang='lat' dir='ltr'><strong>epotavit</strong></span> <span class='ocrx_word' id='word_1_8' title='bbox 1013 434 1031 464; x_wconf 90' lang='lat'><strong>,</strong></span> <span class='ocrx_word' id='word_1_9' title='bbox 1081 403 1169 463; x_wconf 91' lang='lat' dir='ltr'><strong>ut,</strong></span> <span class='ocrx_word' id='word_1_10' title='bbox 1217 395 1323 453; x_wconf 85' lang='lat' dir='ltr'><strong>nisi</strong></span> <span class='ocrx_word' id='word_1_11' title='bbox 1354 410 1516 454; x_wconf 80' lang='lat' dir='ltr'><strong>sexus</strong></span> <span class='ocrx_word' id='word_1_12' title='bbox 1556 397 1774 455; x_wconf 92' lang='lat' dir='ltr'><strong>licentia</strong></span> <span class='ocrx_word' id='word_1_13' title='bbox 1827 400 1870 431; x_wconf 73' lang='grc' dir='ltr'><strong>δ’</strong></span> <span class='ocrx_word' id='word_1_14' title='bbox 1910 399 2005 455; x_wconf 89' lang='lat' dir='ltr'><strong>de—</strong></span> <span class='ocrx_word' id='word_1_15' title='bbox 2032 400 2088 464; x_wconf 81' lang='grc' dir='ltr'><strong>Α</strong></span> <span class='ocrx_word' id='word_1_16' title='bbox 2111 407 2296 471; x_wconf 90' lang='lat' dir='ltr'><strong>utpote</strong></span> <span class='ocrx_word' id='word_1_17' title='bbox 2318 408 2498 469; x_wconf 68' lang='lat' dir='ltr'><strong>nuptae</strong></span> <span class='ocrx_word' id='word_1_18' title='bbox 2519 396 2909 475; x_wconf 82' lang='lat' dir='ltr'><strong>convenientes</strong></span> <span class='ocrx_word' id='word_1_19' title='bbox 2939 401 3164 449; x_wconf 88' lang='lat' dir='ltr'><strong>ornatus</strong></span> <span class='ocrx_word' id='word_1_20' title='bbox 3190 432 3204 458; x_wconf 91' lang='lat'><strong>,</strong></span> <span class='ocrx_word' id='word_1_21' title='bbox 3230 404 3352 460; x_wconf 61' lang='lat' dir='ltr'><strong>quae</strong></span> <span class='ocrx_word' id='word_1_22' title='bbox 3370 390 3489 462; x_wconf 88' lang='lat' dir='ltr'><strong>jam</strong></span> <span class='ocrx_word' id='word_1_23' title='bbox 3519 389 3587 447; x_wconf 88' lang='lat' dir='ltr'><strong>de</strong></span> <span class='ocrx_word' id='word_1_24' title='bbox 3609 405 3703 447; x_wconf 66' lang='grc' dir='ltr'><strong>εον</strong></span> 
     </span>
    </p>
   </div>
   <div class='ocr_carea' id='block_1_5' title="bbox 400 485 2000 559">
    <p class='ocr_par' dir='ltr' id='par_1_5' title="bbox 400 485 2000 559">
     <span class='ocr_line' id='line_1_5' title="bbox 400 485 2000 559; baseline 0.005 -17"><span class='ocrx_word' id='word_1_25' title='bbox 400 485 617 556; x_wconf 80' lang='lat' dir='ltr'><strong>fuisset,</strong></span> <span class='ocrx_word' id='word_1_26' title='bbox 653 498 839 559; x_wconf 86' lang='lat' dir='ltr'><strong>posset</strong></span> <span class='ocrx_word' id='word_1_27' title='bbox 882 490 1047 546; x_wconf 89' lang='lat' dir='ltr'><strong>etiam</strong></span> <span class='ocrx_word' id='word_1_28' title='bbox 1092 490 1330 548; x_wconf 88' lang='lat' dir='ltr'><strong>edocere</strong></span> <span class='ocrx_word' id='word_1_29' title='bbox 1360 491 1428 557; x_wconf 79' lang='grc'><strong>⁸³,</strong></span> <span class='ocrx_word' id='word_1_30' title='bbox 1473 490 1602 548; x_wconf 90' lang='lat' dir='ltr'><strong>licet</strong></span> <span class='ocrx_word' id='word_1_31' title='bbox 1637 493 1693 547; x_wconf 93' lang='lat' dir='ltr'><strong>in</strong></span> <span class='ocrx_word' id='word_1_32' title='bbox 1735 493 2000 550; x_wconf 83' lang='lat' dir='ltr'><strong>membris</strong></span> 
     </span>
    </p>
   </div>
   <div class='ocr_carea' id='block_1_6' title="bbox 396 579 2001 658">
    <p class='ocr_par' dir='ltr' id='par_1_6' title="bbox 396 579 2001 658">
     <span class='ocr_line' id='line_1_6' title="bbox 396 579 2001 658; baseline 0.004 -23"><span class='ocrx_word' id='word_1_33' title='bbox 396 579 618 638; x_wconf 77' lang='lat' dir='ltr'><strong>feminei</strong></span> <span class='ocrx_word' id='word_1_34' title='bbox 659 583 909 653; x_wconf 90' lang='lat' dir='ltr'><strong>corporis</strong></span> <span class='ocrx_word' id='word_1_35' title='bbox 956 584 1171 639; x_wconf 89' lang='lat' dir='ltr'><strong>animus</strong></span> <span class='ocrx_word' id='word_1_36' title='bbox 1212 584 1284 639; x_wconf 86' lang='lat' dir='ltr'><strong>sit</strong></span> <span class='ocrx_word' id='word_1_37' title='bbox 1311 584 1506 640; x_wconf 78' lang='lat' dir='ltr'><strong>virilis.</strong></span> <span class='ocrx_word' id='word_1_38' title='bbox 1549 585 1629 642; x_wconf 90' lang='lat' dir='ltr'><strong>De</strong></span> <span class='ocrx_word' id='word_1_39' title='bbox 1669 586 2001 658; x_wconf 74' lang='lat' dir='ltr'><strong>quotidiana:</strong></span> 
     </span>
    </p>
   </div>
   <div class='ocr_carea' id='block_1_7' title="bbox 397 674 2002 750">
    <p class='ocr_par' dir='ltr' id='par_1_7' title="bbox 397 674 2002 750">
     <span class='ocr_line' id='line_1_7' title="bbox 397 674 2002 750; baseline 0.004 -23"><span class='ocrx_word' id='word_1_40' title='bbox 397 688 529 728; x_wconf 79' lang='lat' dir='ltr'><strong>vero</strong></span> <span class='ocrx_word' id='word_1_41' title='bbox 580 674 974 730; x_wconf 76' lang='lat' dir='ltr'><strong>misericordia:</strong></span> <span class='ocrx_word' id='word_1_42' title='bbox 1017 674 1422 746; x_wconf 88' lang='lat' dir='ltr'><strong>dispensatione</strong></span> <span class='ocrx_word' id='word_1_43' title='bbox 1469 677 1698 745; x_wconf 82' lang='lat' dir='ltr'><strong>reticeo,</strong></span> <span class='ocrx_word' id='word_1_44' title='bbox 1729 692 1893 750; x_wconf 89' lang='lat' dir='ltr'><strong>quam</strong></span> <span class='ocrx_word' id='word_1_45' title='bbox 1923 678 2002 733; x_wconf 88' lang='lat' dir='ltr'><strong>sic</strong></span> 
     </span>
    </p>
   </div>
   <div class='ocr_carea' id='block_1_8' title="bbox 397 767 2003 841">
    <p class='ocr_par' dir='ltr' id='par_1_8' title="bbox 397 767 2003 841">
     <span class='ocr_line' id='line_1_8' title="bbox 397 767 2003 841; baseline 0.005 -22"><span class='ocrx_word' id='word_1_46' title='bbox 397 775 653 833; x_wconf 80' lang='lat' dir='ltr'><strong>exercet;</strong></span> <span class='ocrx_word' id='word_1_47' title='bbox 685 767 958 835; x_wconf 88' lang='lat' dir='ltr'><strong>ut-sileat;</strong></span> <span class='ocrx_word' id='word_1_48' title='bbox 997 768 1078 824; x_wconf 92' lang='lat' dir='ltr'><strong>sie</strong></span> <span class='ocrx_word' id='word_1_49' title='bbox 1126 768 1376 841; x_wconf 79' lang='lat' dir='ltr'><strong>largitur,</strong></span> <span class='ocrx_word' id='word_1_50' title='bbox 1409 779 1467 825; x_wconf 92' lang='lat' dir='ltr'><strong>ut</strong></span> <span class='ocrx_word' id='word_1_51' title='bbox 1500 770 1687 826; x_wconf 82' lang='lat' dir='ltr'><strong>lateat.</strong></span> <span class='ocrx_word' id='word_1_52' title='bbox 1722 770 1932 827; x_wconf 88' lang='lat' dir='ltr'><strong>Iudicat</strong></span> <span class='ocrx_word' id='word_1_53' title='bbox 1958 770 2003 803; x_wconf 59' lang='grc'><strong>⁸⁵</strong></span> 
     </span>
    </p>
   </div>
   <div class='ocr_carea' id='block_1_9' title="bbox 403 856 1998 934">
    <p class='ocr_par' dir='ltr' id='par_1_9' title="bbox 403 856 1998 934">
     <span class='ocr_line' id='line_1_9' title="bbox 403 856 1998 934; baseline 0.005 -24"><span class='ocrx_word' id='word_1_54' title='bbox 403 865 583 912; x_wconf 89' lang='lat' dir='ltr'><strong>tamen</strong></span> <span class='ocrx_word' id='word_1_55' title='bbox 601 856 718 927; x_wconf 89' lang='lat' dir='ltr'><strong>ejus</strong></span> <span class='ocrx_word' id='word_1_56' title='bbox 749 857 966 915; x_wconf 86' lang='lat' dir='ltr'><strong>habitus</strong></span> <span class='ocrx_word' id='word_1_57' title='bbox 979 875 1208 931; x_wconf 85' lang='lat' dir='ltr'><strong>pauper,</strong></span> <span class='ocrx_word' id='word_1_58' title='bbox 1232 861 1322 918; x_wconf 92' lang='lat' dir='ltr'><strong>ubi</strong></span> <span class='ocrx_word' id='word_1_59' title='bbox 1339 876 1537 918; x_wconf 90' lang='lat' dir='ltr'><strong>census</strong></span> <span class='ocrx_word' id='word_1_60' title='bbox 1551 862 1802 934; x_wconf 87' lang='lat' dir='ltr'><strong>proliciat</strong></span> <span class='ocrx_word' id='word_1_61' title='bbox 1822 862 1998 919; x_wconf 85' lang='lat' dir='ltr'><strong>dives.</strong></span> 
     </span>
    </p>
   </div>
   <div class='ocr_carea' id='block_1_10' title="bbox 401 949 2003 1031">
    <p class='ocr_par' dir='ltr' id='par_1_10' title="bbox 401 949 2003 1031">
     <span class='ocr_line' id='line_1_10' title="bbox 401 949 2003 1031; baseline 0.006 -27"><span class='ocrx_word' id='word_1_62' title='bbox 401 949 471 1005; x_wconf 85' lang='lat' dir='ltr'><strong>Et</strong></span> <span class='ocrx_word' id='word_1_63' title='bbox 508 963 565 1007; x_wconf 90' lang='lat' dir='ltr'><strong>ut</strong></span> <span class='ocrx_word' id='word_1_64' title='bbox 589 953 899 1022; x_wconf 82' lang='lat' dir='ltr'><strong>magnitudo</strong></span> <span class='ocrx_word' id='word_1_65' title='bbox 926 955 972 987; x_wconf 78' lang='grc'><strong>⁸⁵</strong></span> <span class='ocrx_word' id='word_1_66' title='bbox 996 963 1158 1012; x_wconf 68' lang='lat' dir='ltr'><strong>tantae</strong></span> <span class='ocrx_word' id='word_1_67' title='bbox 1177 957 1502 1025; x_wconf 66' lang='lat' dir='ltr'><strong>prudentiie,</strong></span> <span class='ocrx_word' id='word_1_68' title='bbox 1522 959 1738 1030; x_wconf 88' lang='lat' dir='ltr'><strong>gemina</strong></span> <span class='ocrx_word' id='word_1_69' title='bbox 1754 960 2003 1031; x_wconf 91' lang='lat' dir='ltr'><strong>resplen-</strong></span> 
     </span>
    </p>
   </div>
   <div class='ocr_carea' id='block_1_11' title="bbox 402 1042 1999 1124">
    <p class='ocr_par' dir='ltr' id='par_1_11' title="bbox 402 1042 1999 1124">
     <span class='ocr_line' id='line_1_11' title="bbox 402 1042 1999 1124; baseline 0.006 -26"><span class='ocrx_word' id='word_1_70' title='bbox 402 1042 540 1099; x_wconf 89' lang='lat' dir='ltr'><strong>dens</strong></span> <span class='ocrx_word' id='word_1_71' title='bbox 572 1044 728 1117; x_wconf 60' lang='lat'><strong>15.5</strong></span> <span class='ocrx_word' id='word_1_72' title='bbox 753 1047 1037 1118; x_wconf 85' lang='lat' dir='ltr'><strong>lampade,</strong></span> <span class='ocrx_word' id='word_1_73' title='bbox 1067 1048 1191 1119; x_wconf 89' lang='lat' dir='ltr'><strong>plus</strong></span> <span class='ocrx_word' id='word_1_74' title='bbox 1223 1049 1451 1120; x_wconf 89' lang='lat' dir='ltr'><strong>luceret,</strong></span> <span class='ocrx_word' id='word_1_75' title='bbox 1486 1050 1651 1108; x_wconf 84' lang='lat' dir='ltr'><strong>habet</strong></span> <span class='ocrx_word' id='word_1_76' title='bbox 1678 1067 1999 1124; x_wconf 82' lang='lat' dir='ltr'><strong>germanam</strong></span> 
     </span>
    </p>
   </div>
   <div class='ocr_carea' id='block_1_12' title="bbox 404 1137 2002 1217">
    <p class='ocr_par' dir='ltr' id='par_1_12' title="bbox 404 1137 2002 1217">
     <span class='ocr_line' id='line_1_12' title="bbox 404 1137 2002 1217; baseline 0.006 -25"><span class='ocrx_word' id='word_1_77' title='bbox 404 1137 663 1205; x_wconf 88' lang='lat' dir='ltr'><strong>nomine,</strong></span> <span class='ocrx_word' id='word_1_78' title='bbox 712 1140 1014 1212; x_wconf 87' lang='lat' dir='ltr'><strong>meritoque</strong></span> <span class='ocrx_word' id='word_1_79' title='bbox 1057 1141 1420 1215; x_wconf 82' lang='lat' dir='ltr'><strong>Perpetuam,</strong></span> <span class='ocrx_word' id='word_1_80' title='bbox 1479 1146 1637 1200; x_wconf 91' lang='lat' dir='ltr'><strong>annis</strong></span> <span class='ocrx_word' id='word_1_81' title='bbox 1689 1145 1957 1217; x_wconf 88' lang='lat' dir='ltr'><strong>imparem</strong></span> <span class='ocrx_word' id='word_1_82' title='bbox 1986 1189 2002 1213; x_wconf 97' lang='lat'><strong>,</strong></span> 
     </span>
    </p>
   </div>
   <div class='ocr_carea' id='block_1_13' title="bbox 401 1227 2001 1311">
    <p class='ocr_par' dir='ltr' id='par_1_13' title="bbox 401 1227 2001 1311">
     <span class='ocr_line' id='line_1_13' title="bbox 401 1227 2001 1311; baseline 0.009 -29"><span class='ocrx_word' id='word_1_83' title='bbox 401 1227 561 1286; x_wconf 84' lang='lat' dir='ltr'><strong>lactis</strong></span> <span class='ocrx_word' id='word_1_84' title='bbox 592 1233 861 1304; x_wconf 66' lang='lat' dir='ltr'><strong>aequalem</strong></span> <span class='ocrx_word' id='word_1_85' title='bbox 882 1277 896 1302; x_wconf 94' lang='lat'><strong>,</strong></span> <span class='ocrx_word' id='word_1_86' title='bbox 936 1249 1056 1291; x_wconf 81' lang='lat' dir='ltr'><strong>aevo</strong></span> <span class='ocrx_word' id='word_1_87' title='bbox 1088 1243 1329 1293; x_wconf 87' lang='lat' dir='ltr'><strong>teneram</strong></span> <span class='ocrx_word' id='word_1_88' title='bbox 1352 1279 1367 1303; x_wconf 95' lang='lat'><strong>,</strong></span> <span class='ocrx_word' id='word_1_89' title='bbox 1418 1239 1692 1310; x_wconf 88' lang='lat' dir='ltr'><strong>probitate</strong></span> <span class='ocrx_word' id='word_1_90' title='bbox 1748 1241 2001 1311; x_wconf 58' lang='lat' dir='ltr'><strong>grandae-</strong></span> 
     </span>
    </p>
   </div>
   <div class='ocr_carea' id='block_1_14' title="bbox 405 1318 2003 1403">
    <p class='ocr_par' dir='ltr' id='par_1_14' title="bbox 405 1318 2003 1403">
     <span class='ocr_line' id='line_1_14' title="bbox 405 1318 2003 1403; baseline 0.008 -28"><span class='ocrx_word' id='word_1_91' title='bbox 405 1318 553 1387; x_wconf 85' lang='lat' dir='ltr'><strong>vam,</strong></span> <span class='ocrx_word' id='word_1_92' title='bbox 584 1338 730 1394; x_wconf 52' lang='lat' dir='ltr'><strong>quae,</strong></span> <span class='ocrx_word' id='word_1_93' title='bbox 756 1323 885 1381; x_wconf 90' lang='lat' dir='ltr'><strong>dum</strong></span> <span class='ocrx_word' id='word_1_94' title='bbox 914 1328 1155 1383; x_wconf 87' lang='lat' dir='ltr'><strong>nominis</strong></span> <span class='ocrx_word' id='word_1_95' title='bbox 1184 1328 1266 1384; x_wconf 91' lang='lat' dir='ltr'><strong>sui</strong></span> <span class='ocrx_word' id='word_1_96' title='bbox 1296 1328 1561 1400; x_wconf 82' lang='lat' dir='ltr'><strong>dignitate</strong></span> <span class='ocrx_word' id='word_1_97' title='bbox 1608 1333 1851 1403; x_wconf 89' lang='lat' dir='ltr'><strong>pascitur</strong></span> <span class='ocrx_word' id='word_1_98' title='bbox 1877 1378 1891 1400; x_wconf 93' lang='lat'><strong>,</strong></span> <span class='ocrx_word' id='word_1_99' title='bbox 1925 1333 2003 1388; x_wconf 89' lang='lat' dir='ltr'><strong>sic</strong></span> 
     </span>
    </p>
   </div>
   <div class='ocr_carea' id='block_1_15' title="bbox 402 1415 2003 1495">
    <p class='ocr_par' dir='ltr' id='par_1_15' title="bbox 402 1415 2003 1495">
     <span class='ocr_line' id='line_1_15' title="bbox 402 1415 2003 1495; baseline 0.007 -26"><span class='ocrx_word' id='word_1_100' title='bbox 402 1415 555 1482; x_wconf 89' lang='lat' dir='ltr'><strong>vivit,</strong></span> <span class='ocrx_word' id='word_1_101' title='bbox 593 1427 910 1489; x_wconf 83' lang='lat' dir='ltr'><strong>utnequeat</strong></span> <span class='ocrx_word' id='word_1_102' title='bbox 939 1420 1225 1491; x_wconf 88' lang='lat' dir='ltr'><strong>amittere,</strong></span> <span class='ocrx_word' id='word_1_103' title='bbox 1275 1423 1422 1495; x_wconf 92' lang='lat' dir='ltr'><strong>quod</strong></span> <span class='ocrx_word' id='word_1_104' title='bbox 1462 1434 1715 1480; x_wconf 87' lang='lat' dir='ltr'><strong>vocatur.</strong></span> <span class='ocrx_word' id='word_1_105' title='bbox 1766 1425 2003 1481; x_wconf 89' lang='lat' dir='ltr'><strong>lllustris</strong></span> 
     </span>
    </p>
   </div>
   <div class='ocr_carea' id='block_1_16' title="bbox 402 1511 2004 1593">
    <p class='ocr_par' dir='ltr' id='par_1_16' title="bbox 402 1511 2004 1593">
     <span class='ocr_line' id='line_1_16' title="bbox 402 1511 2004 1593; baseline 0.007 -28"><span class='ocrx_word' id='word_1_106' title='bbox 402 1511 639 1567; x_wconf 86' lang='lat' dir='ltr'><strong>maritali</strong></span> <span class='ocrx_word' id='word_1_107' title='bbox 669 1515 932 1584; x_wconf 88' lang='lat' dir='ltr'><strong>potentia,</strong></span> <span class='ocrx_word' id='word_1_108' title='bbox 967 1516 1235 1573; x_wconf 87' lang='lat' dir='ltr'><strong>illustrior</strong></span> <span class='ocrx_word' id='word_1_109' title='bbox 1271 1520 1536 1590; x_wconf 77' lang='lat' dir='ltr'><strong>religione</strong></span> <span class='ocrx_word' id='word_1_110' title='bbox 1558 1520 1745 1576; x_wconf 85' lang='lat' dir='ltr'><strong>divina</strong></span> <span class='ocrx_word' id='word_1_111' title='bbox 1768 1568 1781 1591; x_wconf 94' lang='lat'><strong>,</strong></span> <span class='ocrx_word' id='word_1_112' title='bbox 1814 1521 2004 1593; x_wconf 82' lang='lat' dir='ltr'><strong>proxi—</strong></span> 
     </span>
    </p>
   </div>
   <div class='ocr_carea' id='block_1_17' title="bbox 402 1605 2004 1688">
    <p class='ocr_par' dir='ltr' id='par_1_17' title="bbox 402 1605 2004 1688">
     <span class='ocr_line' id='line_1_17' title="bbox 402 1605 2004 1688; baseline 0.01 -32"><span class='ocrx_word' id='word_1_113' title='bbox 402 1614 545 1659; x_wconf 90' lang='lat' dir='ltr'><strong>mam</strong></span> <span class='ocrx_word' id='word_1_114' title='bbox 570 1605 869 1677; x_wconf 80' lang='lat' dir='ltr'><strong>virginitati</strong></span> <span class='ocrx_word' id='word_1_115' title='bbox 899 1609 946 1642; x_wconf 74' lang='grc'>⁸⁸</span> <span class='ocrx_word' id='word_1_116' title='bbox 976 1612 1223 1668; x_wconf 89' lang='lat' dir='ltr'><strong>continet</strong></span> <span class='ocrx_word' id='word_1_117' title='bbox 1252 1613 1508 1684; x_wconf 87' lang='lat' dir='ltr'><strong>palmam,</strong></span> <span class='ocrx_word' id='word_1_118' title='bbox 1545 1614 1598 1669; x_wconf 91' lang='lat' dir='ltr'><strong>in</strong></span> <span class='ocrx_word' id='word_1_119' title='bbox 1632 1616 1874 1688; x_wconf 90' lang='lat' dir='ltr'><strong>conjugii</strong></span> <span class='ocrx_word' id='word_1_120' title='bbox 1904 1614 2004 1672; x_wconf 78' lang='lat' dir='ltr'><strong>toe-</strong></span> 
     </span>
    </p>
   </div>
   <div class='ocr_carea' id='block_1_18' title="bbox 400 1694 2000 1783">
    <p class='ocr_par' dir='ltr' id='par_1_18' title="bbox 400 1694 2000 1783">
     <span class='ocr_line' id='line_1_18' title="bbox 400 1694 2000 1783; baseline 0.01 -32"><span class='ocrx_word' id='word_1_121' title='bbox 400 1694 531 1754; x_wconf 90' lang='lat' dir='ltr'><strong>dere</strong></span> <span class='ocrx_word' id='word_1_122' title='bbox 576 1714 803 1758; x_wconf 87' lang='lat' dir='ltr'><strong>manens</strong></span> <span class='ocrx_word' id='word_1_123' title='bbox 835 1703 1050 1774; x_wconf 88' lang='lat' dir='ltr'><strong>pudica.</strong></span> <span class='ocrx_word' id='word_1_124' title='bbox 1082 1704 1296 1762; x_wconf 71' lang='lat' dir='ltr'><strong>Cretera</strong></span> <span class='ocrx_word' id='word_1_125' title='bbox 1323 1748 1338 1774; x_wconf 92' lang='lat'><strong>,</strong></span> <span class='ocrx_word' id='word_1_126' title='bbox 1372 1718 1573 1780; x_wconf 72' lang='lat' dir='ltr'><strong>przeter</strong></span> <span class='ocrx_word' id='word_1_127' title='bbox 1627 1711 1955 1783; x_wconf 88' lang='lat' dir='ltr'><strong>conspicuos</strong></span> <span class='ocrx_word' id='word_1_128' title='bbox 1984 1752 2000 1778; x_wconf 90' lang='lat'><strong>,</strong></span> 
     </span>
    </p>
   </div>
   <div class='ocr_carea' id='block_1_19' title="bbox 2107 481 3702 558">
    <p class='ocr_par' dir='ltr' id='par_1_19' title="bbox 2107 481 3702 558">
     <span class='ocr_line' id='line_1_19' title="bbox 2107 481 3702 558; baseline -0.004 -11"><span class='ocrx_word' id='word_1_129' title='bbox 2107 506 2232 547; x_wconf 92' lang='lat' dir='ltr'><strong>rore</strong></span> <span class='ocrx_word' id='word_1_130' title='bbox 2260 490 2535 555; x_wconf 85' lang='lat' dir='ltr'><strong>diximus,</strong></span> <span class='ocrx_word' id='word_1_131' title='bbox 2565 490 2617 544; x_wconf 93' lang='lat' dir='ltr'><strong>in</strong></span> <span class='ocrx_word' id='word_1_132' title='bbox 2650 488 2808 558; x_wconf 88' lang='lat' dir='ltr'><strong>hujus</strong></span> <span class='ocrx_word' id='word_1_133' title='bbox 2857 500 3073 557; x_wconf 90' lang='lat' dir='ltr'><strong>quoque</strong></span> <span class='ocrx_word' id='word_1_134' title='bbox 3100 482 3345 539; x_wconf 90' lang='lat' dir='ltr'><strong>moribus</strong></span> <span class='ocrx_word' id='word_1_135' title='bbox 3372 481 3702 540; x_wconf 87' lang='lat' dir='ltr'><strong>invenimus.</strong></span> 
     </span>
    </p>
   </div>
   <div class='ocr_carea' id='block_1_20' title="bbox 2106 576 3704 653">
    <p class='ocr_par' dir='ltr' id='par_1_20' title="bbox 2106 576 3704 653">
     <span class='ocr_line' id='line_1_20' title="bbox 2106 576 3704 653; baseline -0.006 -12"><span class='ocrx_word' id='word_1_136' title='bbox 2106 584 2186 641; x_wconf 83' lang='lat' dir='ltr'><strong>Ad</strong></span> <span class='ocrx_word' id='word_1_137' title='bbox 2236 585 2355 639; x_wconf 62' lang='lat' dir='ltr'><strong>haec</strong></span> <span class='ocrx_word' id='word_1_138' title='bbox 2376 584 2420 617; x_wconf 79' lang='grc'><strong>⁸⁷</strong></span> <span class='ocrx_word' id='word_1_139' title='bbox 2448 597 2553 653; x_wconf 78' lang='lat' dir='ltr'><strong>ego</strong></span> <span class='ocrx_word' id='word_1_140' title='bbox 2576 596 2814 653; x_wconf 87' lang='lat' dir='ltr'><strong>congrua</strong></span> <span class='ocrx_word' id='word_1_141' title='bbox 2845 592 3036 635; x_wconf 89' lang='lat' dir='ltr'><strong>rursus</strong></span> <span class='ocrx_word' id='word_1_142' title='bbox 3075 577 3148 632; x_wconf 88' lang='lat' dir='ltr'><strong>ita</strong></span> <span class='ocrx_word' id='word_1_143' title='bbox 3176 576 3544 648; x_wconf 85' lang='lat' dir='ltr'><strong>responsione</strong></span> <span class='ocrx_word' id='word_1_144' title='bbox 3575 590 3704 646; x_wconf 88' lang='lat' dir='ltr'><strong>per-</strong></span> 
     </span>
    </p>
   </div>
   <div class='ocr_carea' id='block_1_21' title="bbox 2107 669 3706 749">
    <p class='ocr_par' dir='ltr' id='par_1_21' title="bbox 2107 669 3706 749">
     <span class='ocr_line' id='line_1_21' title="bbox 2107 669 3706 749; baseline -0.005 -15"><span class='ocrx_word' id='word_1_145' title='bbox 2107 680 2297 749; x_wconf 82' lang='lat' dir='ltr'><strong>lungar</strong></span> <span class='ocrx_word' id='word_1_146' title='bbox 2316 694 2329 730; x_wconf 89' lang='lat'><strong>:</strong></span> <span class='ocrx_word' id='word_1_147' title='bbox 2350 676 2448 741; x_wconf 87' lang='lat' dir='ltr'><strong>Nc,</strong></span> <span class='ocrx_word' id='word_1_148' title='bbox 2478 691 2683 747; x_wconf 64' lang='lat' dir='ltr'><strong>quasso,</strong></span> <span class='ocrx_word' id='word_1_149' title='bbox 2714 674 2955 741; x_wconf 89' lang='lat' dir='ltr'><strong>domine,</strong></span> <span class='ocrx_word' id='word_1_150' title='bbox 2981 672 3053 727; x_wconf 87' lang='lat' dir='ltr'><strong>mi</strong></span> <span class='ocrx_word' id='word_1_151' title='bbox 3078 679 3253 742; x_wconf 88' lang='lat' dir='ltr'><strong>pater,</strong></span> <span class='ocrx_word' id='word_1_152' title='bbox 3283 685 3445 742; x_wconf 88' lang='lat' dir='ltr'><strong>quem</strong></span> <span class='ocrx_word' id='word_1_153' title='bbox 3472 669 3706 742; x_wconf 76' lang='lat' dir='ltr'><strong>diligere</strong></span> 
     </span>
    </p>
   </div>
   <div class='ocr_carea' id='block_1_22' title="bbox 2109 764 3707 843">
    <p class='ocr_par' dir='ltr' id='par_1_22' title="bbox 2109 764 3707 843">
     <span class='ocr_line' id='line_1_22' title="bbox 2109 764 3707 843; baseline -0.004 -15"><span class='ocrx_word' id='word_1_154' title='bbox 2109 781 2160 828; x_wconf 92' lang='lat' dir='ltr'><strong>te</strong></span> <span class='ocrx_word' id='word_1_155' title='bbox 2192 771 2461 843; x_wconf 90' lang='lat' dir='ltr'><strong>proliteris</strong></span> <span class='ocrx_word' id='word_1_156' title='bbox 2487 812 2503 837; x_wconf 96' lang='lat'><strong>,</strong></span> <span class='ocrx_word' id='word_1_157' title='bbox 2556 770 2783 840; x_wconf 87' lang='lat' dir='ltr'><strong>abjicias</strong></span> <span class='ocrx_word' id='word_1_158' title='bbox 2814 785 2828 822; x_wconf 91' lang='lat'><strong>:</strong></span> <span class='ocrx_word' id='word_1_159' title='bbox 2858 783 3017 839; x_wconf 89' lang='lat' dir='ltr'><strong>quem</strong></span> <span class='ocrx_word' id='word_1_160' title='bbox 3064 766 3250 822; x_wconf 79' lang='lat' dir='ltr'><strong>fovere</strong></span> <span class='ocrx_word' id='word_1_161' title='bbox 3279 764 3491 821; x_wconf 85' lang='lat' dir='ltr'><strong>assoles</strong></span> <span class='ocrx_word' id='word_1_162' title='bbox 3516 807 3533 832; x_wconf 95' lang='lat'><strong>,</strong></span> <span class='ocrx_word' id='word_1_163' title='bbox 3567 766 3707 821; x_wconf 91' lang='lat' dir='ltr'><strong>invi-</strong></span> 
     </span>
    </p>
   </div>
   <div class='ocr_carea' id='block_1_23' title="bbox 2105 857 3703 928">
    <p class='ocr_par' dir='ltr' id='par_1_23' title="bbox 2105 857 3703 928">
     <span class='ocr_line' id='line_1_23' title="bbox 2105 857 3703 928; baseline -0.004 -7"><span class='ocrx_word' id='word_1_164' title='bbox 2105 865 2259 921; x_wconf 80' lang='lat' dir='ltr'><strong>diose</strong></span> <span class='ocrx_word' id='word_1_165' title='bbox 2299 864 2607 920; x_wconf 87' lang='lat' dir='ltr'><strong>deterreas.</strong></span> <span class='ocrx_word' id='word_1_166' title='bbox 2655 862 2870 918; x_wconf 86' lang='lat' dir='ltr'><strong>Nullum</strong></span> <span class='ocrx_word' id='word_1_167' title='bbox 2921 858 3191 928; x_wconf 88' lang='lat' dir='ltr'><strong>siquidem</strong></span> <span class='ocrx_word' id='word_1_168' title='bbox 3234 874 3300 913; x_wconf 77' lang='lat' dir='ltr'><strong>ex</strong></span> <span class='ocrx_word' id='word_1_169' title='bbox 3331 857 3414 913; x_wconf 87' lang='lat' dir='ltr'><strong>bis</strong></span> <span class='ocrx_word' id='word_1_170' title='bbox 3443 857 3703 915; x_wconf 89' lang='lat' dir='ltr'><strong>omnibus</strong></span> 
     </span>
    </p>
   </div>
   <div class='ocr_carea' id='block_1_24' title="bbox 2108 949 3701 1024">
    <p class='ocr_par' dir='ltr' id='par_1_24' title="bbox 2108 949 3701 1024">
     <span class='ocr_line' id='line_1_24' title="bbox 2108 949 3701 1024; baseline -0.005 -11"><span class='ocrx_word' id='word_1_171' title='bbox 2108 961 2248 1024; x_wconf 87' lang='lat' dir='ltr'><strong>vito,</strong></span> <span class='ocrx_word' id='word_1_172' title='bbox 2273 957 2341 1013; x_wconf 88' lang='lat' dir='ltr'><strong>de</strong></span> <span class='ocrx_word' id='word_1_173' title='bbox 2368 957 2569 1011; x_wconf 90' lang='lat' dir='ltr'><strong>nullius</strong></span> <span class='ocrx_word' id='word_1_174' title='bbox 2597 954 2842 1023; x_wconf 84' lang='lat' dir='ltr'><strong>meritis,</strong></span> <span class='ocrx_word' id='word_1_175' title='bbox 2878 963 2969 1008; x_wconf 87' lang='lat' dir='ltr'><strong>aut</strong></span> <span class='ocrx_word' id='word_1_176' title='bbox 3011 950 3373 1008; x_wconf 89' lang='lat' dir='ltr'><strong>instructione</strong></span> <span class='ocrx_word' id='word_1_177' title='bbox 3399 950 3445 983; x_wconf 76' lang='grc'>⁸⁸</span> <span class='ocrx_word' id='word_1_178' title='bbox 3474 949 3701 1017; x_wconf 79' lang='lat' dir='ltr'><strong>difﬁde;</strong></span> 
     </span>
    </p>
   </div>
   <div class='ocr_carea' id='block_1_25' title="bbox 2107 1042 3704 1117">
    <p class='ocr_par' dir='ltr' id='par_1_25' title="bbox 2107 1042 3704 1117">
     <span class='ocr_line' id='line_1_25' title="bbox 2107 1042 3704 1117; baseline -0.006 -9"><span class='ocrx_word' id='word_1_179' title='bbox 2107 1051 2203 1108; x_wconf 90' lang='lat' dir='ltr'><strong>sed</strong></span> <span class='ocrx_word' id='word_1_180' title='bbox 2254 1052 2308 1104; x_wconf 90' lang='lat' dir='ltr'><strong>in</strong></span> <span class='ocrx_word' id='word_1_181' title='bbox 2355 1060 2409 1105; x_wconf 93' lang='lat' dir='ltr'><strong>te</strong></span> <span class='ocrx_word' id='word_1_182' title='bbox 2450 1057 2675 1104; x_wconf 87' lang='lat' dir='ltr'><strong>cunctos</strong></span> <span class='ocrx_word' id='word_1_183' title='bbox 2723 1046 2949 1117; x_wconf 83' lang='lat' dir='ltr'><strong>aspicio,</strong></span> <span class='ocrx_word' id='word_1_184' title='bbox 2992 1042 3267 1113; x_wconf 86' lang='lat' dir='ltr'><strong>Quosdam</strong></span> <span class='ocrx_word' id='word_1_185' title='bbox 3316 1042 3704 1099; x_wconf 86' lang='lat' dir='ltr'><strong>collationibus</strong></span> 
     </span>
    </p>
   </div>
   <div class='ocr_carea' id='block_1_26' title="bbox 2106 1133 3703 1211">
    <p class='ocr_par' dir='ltr' id='par_1_26' title="bbox 2106 1133 3703 1211">
     <span class='ocr_line' id='line_1_26' title="bbox 2106 1133 3703 1211; baseline -0.006 -12"><span class='ocrx_word' id='word_1_186' title='bbox 2106 1143 2337 1199; x_wconf 83' lang='lat' dir='ltr'><strong>assiduae</strong></span> <span class='ocrx_word' id='word_1_187' title='bbox 2372 1140 2759 1211; x_wconf 83' lang='lat' dir='ltr'><strong>disputationis</strong></span> <span class='ocrx_word' id='word_1_188' title='bbox 2797 1138 2863 1193; x_wconf 90' lang='lat' dir='ltr'><strong>ad</strong></span> <span class='ocrx_word' id='word_1_189' title='bbox 2899 1137 3123 1193; x_wconf 86' lang='lat' dir='ltr'><strong>meliora</strong></span> <span class='ocrx_word' id='word_1_190' title='bbox 3158 1133 3357 1190; x_wconf 83' lang='lat' dir='ltr'><strong>vexisti</strong></span> <span class='ocrx_word' id='word_1_191' title='bbox 3390 1152 3406 1189; x_wconf 89' lang='lat'><strong>:</strong></span> <span class='ocrx_word' id='word_1_192' title='bbox 3434 1134 3703 1206; x_wconf 86' lang='lat' dir='ltr'><strong>quosdam</strong></span> 
     </span>
    </p>
   </div>
   <div class='ocr_carea' id='block_1_27' title="bbox 2106 1227 3701 1308">
    <p class='ocr_par' dir='ltr' id='par_1_27' title="bbox 2106 1227 3701 1308">
     <span class='ocr_line' id='line_1_27' title="bbox 2106 1227 3701 1308; baseline -0.004 -19"><span class='ocrx_word' id='word_1_193' title='bbox 2106 1235 2332 1308; x_wconf 69' lang='lat' dir='ltr'><strong>placida:</strong></span> <span class='ocrx_word' id='word_1_194' title='bbox 2358 1234 2674 1290; x_wconf 85' lang='lat' dir='ltr'><strong>maturitate</strong></span> <span class='ocrx_word' id='word_1_195' title='bbox 2704 1231 2997 1296; x_wconf 70' lang='lat' dir='ltr'><strong>doctrinm,</strong></span> <span class='ocrx_word' id='word_1_196' title='bbox 3027 1227 3305 1284; x_wconf 90' lang='lat' dir='ltr'><strong>desiderio</strong></span> <span class='ocrx_word' id='word_1_197' title='bbox 3328 1237 3538 1284; x_wconf 63' lang='lat' dir='ltr'><strong>sancta:</strong></span> <span class='ocrx_word' id='word_1_198' title='bbox 3565 1241 3701 1283; x_wconf 90' lang='lat' dir='ltr'><strong>con-</strong></span> 
     </span>
    </p>
   </div>
   <div class='ocr_carea' id='block_1_28' title="bbox 2109 1317 3707 1396">
    <p class='ocr_par' dir='ltr' id='par_1_28' title="bbox 2109 1317 3707 1396">
     <span class='ocr_line' id='line_1_28' title="bbox 2109 1317 3707 1396; baseline -0.006 -11"><span class='ocrx_word' id='word_1_199' title='bbox 2109 1329 2437 1385; x_wconf 71' lang='lat' dir='ltr'><strong>versationis</strong></span> <span class='ocrx_word' id='word_1_200' title='bbox 2470 1325 2708 1396; x_wconf 85' lang='lat' dir='ltr'><strong>implesti</strong></span> <span class='ocrx_word' id='word_1_201' title='bbox 2742 1343 2754 1379; x_wconf 90' lang='lat'><strong>:</strong></span> <span class='ocrx_word' id='word_1_202' title='bbox 2790 1322 3116 1393; x_wconf 89' lang='lat' dir='ltr'><strong>quibusdam</strong></span> <span class='ocrx_word' id='word_1_203' title='bbox 3158 1320 3470 1391; x_wconf 81' lang='lat' dir='ltr'><strong>exemplum</strong></span> <span class='ocrx_word' id='word_1_204' title='bbox 3527 1317 3707 1377; x_wconf 82' lang='lat' dir='ltr'><strong>factus</strong></span> 
     </span>
    </p>
   </div>
   <div class='ocr_carea' id='block_1_29' title="bbox 2109 1411 3706 1487">
    <p class='ocr_par' dir='ltr' id='par_1_29' title="bbox 2109 1411 3706 1487">
     <span class='ocr_line' id='line_1_29' title="bbox 2109 1411 3706 1487; baseline -0.007 -9"><span class='ocrx_word' id='word_1_205' title='bbox 2109 1439 2168 1479; x_wconf 87' lang='lat' dir='ltr'><strong>es</strong></span> <span class='ocrx_word' id='word_1_206' title='bbox 2193 1421 2261 1477; x_wconf 89' lang='lat' dir='ltr'><strong>ad</strong></span> <span class='ocrx_word' id='word_1_207' title='bbox 2290 1421 2518 1476; x_wconf 87' lang='lat' dir='ltr'><strong>salutem</strong></span> <span class='ocrx_word' id='word_1_208' title='bbox 2555 1436 2569 1473; x_wconf 89' lang='lat'><strong>:</strong></span> <span class='ocrx_word' id='word_1_209' title='bbox 2603 1418 2742 1473; x_wconf 88' lang='lat' dir='ltr'><strong>alios</strong></span> <span class='ocrx_word' id='word_1_210' title='bbox 2770 1418 2812 1450; x_wconf 67' lang='lat'><strong>“9</strong></span> <span class='ocrx_word' id='word_1_211' title='bbox 2854 1417 2992 1472; x_wconf 88' lang='lat' dir='ltr'><strong>intra</strong></span> <span class='ocrx_word' id='word_1_212' title='bbox 3028 1413 3193 1487; x_wconf 64' lang='grc'><strong>146</strong></span> <span class='ocrx_word' id='word_1_213' title='bbox 3220 1421 3375 1484; x_wconf 89' lang='lat' dir='ltr'><strong>septa</strong></span> <span class='ocrx_word' id='word_1_214' title='bbox 3402 1412 3588 1484; x_wconf 87' lang='lat' dir='ltr'><strong>gregis</strong></span> <span class='ocrx_word' id='word_1_215' title='bbox 3625 1411 3706 1468; x_wconf 90' lang='lat' dir='ltr'><strong>tui</strong></span> 
     </span>
    </p>
   </div>
   <div class='ocr_carea' id='block_1_30' title="bbox 2110 1504 3705 1572">
    <p class='ocr_par' dir='ltr' id='par_1_30' title="bbox 2110 1504 3705 1572">
     <span class='ocr_line' id='line_1_30' title="bbox 2110 1504 3705 1572; baseline -0.007 -2"><span class='ocrx_word' id='word_1_216' title='bbox 2110 1531 2240 1572; x_wconf 89' lang='lat' dir='ltr'><strong>oves</strong></span> <span class='ocrx_word' id='word_1_217' title='bbox 2267 1513 2440 1571; x_wconf 86' lang='lat' dir='ltr'><strong>fecisti</strong></span> <span class='ocrx_word' id='word_1_218' title='bbox 2474 1531 2487 1566; x_wconf 90' lang='lat'><strong>:</strong></span> <span class='ocrx_word' id='word_1_219' title='bbox 2514 1510 2707 1566; x_wconf 69' lang='lat' dir='ltr'><strong>alios90</strong></span> <span class='ocrx_word' id='word_1_220' title='bbox 2736 1508 3025 1572; x_wconf 84' lang='lat' dir='ltr'><strong>enutristi;</strong></span> <span class='ocrx_word' id='word_1_221' title='bbox 3062 1507 3245 1562; x_wconf 89' lang='lat' dir='ltr'><strong>omnia</strong></span> <span class='ocrx_word' id='word_1_222' title='bbox 3274 1505 3531 1561; x_wconf 89' lang='lat' dir='ltr'><strong>omnibus</strong></span> <span class='ocrx_word' id='word_1_223' title='bbox 3552 1505 3592 1537; x_wconf 74' lang='grc' dir='ltr'><strong>’ί</strong></span> <span class='ocrx_word' id='word_1_224' title='bbox 3623 1504 3705 1561; x_wconf 80' lang='lat' dir='ltr'><strong>ta-</strong></span> 
     </span>
    </p>
   </div>
   <div class='ocr_carea' id='block_1_31' title="bbox 2109 1598 3701 1675">
    <p class='ocr_par' dir='ltr' id='par_1_31' title="bbox 2109 1598 3701 1675">
     <span class='ocr_line' id='line_1_31' title="bbox 2109 1598 3701 1675; baseline -0.01 -8"><span class='ocrx_word' id='word_1_225' title='bbox 2109 1620 2226 1667; x_wconf 91' lang='lat' dir='ltr'><strong>ctus</strong></span> <span class='ocrx_word' id='word_1_226' title='bbox 2253 1623 2333 1675; x_wconf 90' lang='lat' dir='ltr'><strong>es,</strong></span> <span class='ocrx_word' id='word_1_227' title='bbox 2351 1616 2411 1663; x_wconf 92' lang='lat' dir='ltr'><strong>ut</strong></span> <span class='ocrx_word' id='word_1_228' title='bbox 2428 1620 2617 1662; x_wconf 90' lang='lat' dir='ltr'><strong>omnes</strong></span> <span class='ocrx_word' id='word_1_229' title='bbox 2640 1604 2824 1660; x_wconf 76' lang='lat' dir='ltr'><strong>salvos</strong></span> <span class='ocrx_word' id='word_1_230' title='bbox 2845 1601 3122 1659; x_wconf 86' lang='lat' dir='ltr'><strong>clliceres.</strong></span> <span class='ocrx_word' id='word_1_231' title='bbox 3139 1600 3354 1665; x_wconf 89' lang='lat' dir='ltr'><strong>Cesset,</strong></span> <span class='ocrx_word' id='word_1_232' title='bbox 3377 1598 3607 1655; x_wconf 86' lang='lat' dir='ltr'><strong>obsecro</strong></span> <span class='ocrx_word' id='word_1_233' title='bbox 3628 1600 3701 1668; x_wconf 79' lang='grc'><strong>⁹²,</strong></span> 
     </span>
    </p>
   </div>
   <div class='ocr_carea' id='block_1_32' title="bbox 2110 1691 3704 1774">
    <p class='ocr_par' dir='ltr' id='par_1_32' title="bbox 2110 1691 3704 1774">
     <span class='ocr_line' id='line_1_32' title="bbox 2110 1691 3704 1774; baseline -0.003 -20"><span class='ocrx_word' id='word_1_234' title='bbox 2110 1703 2471 1774; x_wconf 80' lang='lat' dir='ltr'><strong>plurimorum</strong></span> <span class='ocrx_word' id='word_1_235' title='bbox 2512 1698 2730 1769; x_wconf 87' lang='lat' dir='ltr'><strong>jactura</strong></span> <span class='ocrx_word' id='word_1_236' title='bbox 2777 1694 3112 1761; x_wconf 86' lang='lat' dir='ltr'><strong>verborum;</strong></span> <span class='ocrx_word' id='word_1_237' title='bbox 3167 1700 3388 1751; x_wconf 88' lang='lat' dir='ltr'><strong>cessent</strong></span> <span class='ocrx_word' id='word_1_238' title='bbox 3437 1691 3704 1765; x_wconf 85' lang='lat' dir='ltr'><strong>deinceps</strong></span> 
     </span>
    </p>
   </div>
   <div class='ocr_carea' id='block_1_33' title="bbox 1895 1843 2208 1906">
    <p class='ocr_par' dir='ltr' id='par_1_33' title="bbox 1895 1843 2208 1906">
     <span class='ocr_line' id='line_1_33' title="bbox 1895 1843 2208 1906; baseline -0.026 0"><span class='ocrx_word' id='word_1_239' title='bbox 1895 1843 2208 1906; x_wconf 86' lang='lat' dir='ltr'><strong>SCHOLIA.</strong></span> 
     </span>
    </p>
   </div>
   <div class='ocr_carea' id='block_1_34' title="bbox 473 1951 3703 2032">
    <p class='ocr_par' dir='ltr' id='par_1_34' title="bbox 473 1951 3703 2032">
     <span class='ocr_line' id='line_1_34' title="bbox 473 1951 3703 2032; baseline 0.001 -22"><span class='ocrx_word' id='word_1_240' title='bbox 473 1955 565 2032; x_wconf 74' lang='lat'><strong>82.</strong></span> <span class='ocrx_word' id='word_1_241' title='bbox 605 1956 971 2032; x_wconf 88' lang='lat' dir='ltr'><strong>Wopkensius</strong></span> <span class='ocrx_word' id='word_1_242' title='bbox 1016 1962 1324 2032; x_wconf 89' lang='lat' dir='ltr'><strong>suspicatur</strong></span> <span class='ocrx_word' id='word_1_243' title='bbox 1352 1974 1409 2019; x_wconf 84' lang='lat' dir='ltr'><strong>ut</strong></span> <span class='ocrx_word' id='word_1_244' title='bbox 1442 1965 1544 2019; x_wconf 86' lang='lat' dir='ltr'><strong>nisi</strong></span> <span class='ocrx_word' id='word_1_245' title='bbox 1587 1966 1736 2020; x_wconf 73' lang='lat' dir='ltr'><strong>sexui</strong></span> <span class='ocrx_word' id='word_1_246' title='bbox 1783 1966 1999 2020; x_wconf 79' lang='lat' dir='ltr'><strong>licentia</strong></span> <span class='ocrx_word' id='word_1_247' title='bbox 2031 1968 2075 2027; x_wconf 82' lang='grc' dir='ltr'><strong>Β</strong></span> <span class='ocrx_word' id='word_1_248' title='bbox 2103 1962 2240 2024; x_wconf 91' lang='lat' dir='ltr'><strong>0tt.,</strong></span> <span class='ocrx_word' id='word_1_249' title='bbox 2273 1960 2325 2027; x_wconf 83' lang='lat' dir='ltr'><strong>l,</strong></span> <span class='ocrx_word' id='word_1_250' title='bbox 2358 1957 2454 2032; x_wconf 88' lang='lat' dir='ltr'><strong>sed</strong></span> <span class='ocrx_word' id='word_1_251' title='bbox 2470 1956 2736 2032; x_wconf 90' lang='lat' dir='ltr'><strong>_obscure,</strong></span> <span class='ocrx_word' id='word_1_252' title='bbox 2766 1955 2883 2032; x_wconf 57' lang='lat' dir='ltr'><strong>hoc.</strong></span> <span class='ocrx_word' id='word_1_253' title='bbox 2908 1953 3044 2032; x_wconf 78' lang='lat' dir='ltr'><strong>Reg.</strong></span> <span class='ocrx_word' id='word_1_254' title='bbox 3068 1954 3120 2021; x_wconf 90' lang='grc'><strong>1,</strong></span> <span class='ocrx_word' id='word_1_255' title='bbox 3147 1953 3204 2032; x_wconf 89' lang='lat'><strong>2_,</strong></span> <span class='ocrx_word' id='word_1_256' title='bbox 3227 1951 3612 2032; x_wconf 78' lang='lat' dir='ltr'><strong>Poelm_.,_Vet.</strong></span> <span class='ocrx_word' id='word_1_257' title='bbox 3648 1956 3703 2025; x_wconf 87' lang='grc'><strong>1,</strong></span> 
     </span>
    </p>
   </div>
   <div class='ocr_carea' id='block_1_35' title="bbox 402 2027 1997 2111">
    <p class='ocr_par' dir='ltr' id='par_1_35' title="bbox 402 2027 1997 2111">
     <span class='ocr_line' id='line_1_35' title="bbox 402 2027 1997 2111; baseline 0.007 -31"><span class='ocrx_word' id='word_1_258' title='bbox 402 2027 649 2111; x_wconf 62' lang='lat' dir='ltr'><strong>defuisset</strong></span> <span class='ocrx_word' id='word_1_259' title='bbox 675 2046 693 2083; x_wconf 91' lang='lat'><strong><em>:</em></strong></span> <span class='ocrx_word' id='word_1_260' title='bbox 718 2027 828 2085; x_wconf 90' lang='lat' dir='ltr'><strong>non</strong></span> <span class='ocrx_word' id='word_1_261' title='bbox 866 2031 1009 2111; x_wconf 78' lang='lat' dir='ltr'><strong>enim</strong></span> <span class='ocrx_word' id='word_1_262' title='bbox 1040 2027 1288 2111; x_wconf 61' lang='lat' dir='ltr'><strong>intelligit</strong></span> <span class='ocrx_word' id='word_1_263' title='bbox 1315 2036 1442 2106; x_wconf 93' lang='lat' dir='ltr'><strong>quid</strong></span> <span class='ocrx_word' id='word_1_264' title='bbox 1484 2037 1741 2111; x_wconf 70' lang='lat' dir='ltr'><strong>sitsexns</strong></span> <span class='ocrx_word' id='word_1_265' title='bbox 1756 2038 1997 2111; x_wconf 79' lang='lat' dir='ltr'><strong>licentia.</strong></span> 
     </span>
    </p>
   </div>
   <div class='ocr_carea' id='block_1_36' title="bbox 400 2097 2002 2177">
    <p class='ocr_par' dir='ltr' id='par_1_36' title="bbox 400 2097 2002 2177">
     <span class='ocr_line' id='line_1_36' title="bbox 400 2097 2002 2177; baseline 0.007 -25"><span class='ocrx_word' id='word_1_266' title='bbox 400 2097 508 2177; x_wconf 61' lang='grc' dir='ltr'><strong>ξω</strong></span> <span class='ocrx_word' id='word_1_267' title='bbox 539 2098 985 2177; x_wconf 27' lang='lat' dir='ltr'><strong>satis‘commode</strong></span> <span class='ocrx_word' id='word_1_268' title='bbox 1004 2097 1271 2177; x_wconf 66' lang='lat' dir='ltr'><strong>explicari</strong></span> <span class='ocrx_word' id='word_1_269' title='bbox 1298 2097 1498 2177; x_wconf 75' lang='lat' dir='ltr'><strong>potest,</strong></span> <span class='ocrx_word' id='word_1_270' title='bbox 1521 2108 1624 2161; x_wconf 91' lang='lat' dir='ltr'><strong>nisi</strong></span> <span class='ocrx_word' id='word_1_271' title='bbox 1649 2107 1816 2163; x_wconf 81' lang='lat' dir='ltr'><strong>virilis</strong></span> <span class='ocrx_word' id='word_1_272' title='bbox 1845 2125 2002 2163; x_wconf 75' lang='lat' dir='ltr'><strong>sexus</strong></span> 
     </span>
    </p>
   </div>
   <div class='ocr_carea' id='block_1_37' title="bbox 402 2170 2003 2295">
    <p class='ocr_par' dir='ltr' id='par_1_37' title="bbox 402 2170 2003 2295">
     <span class='ocr_line' id='line_1_37' title="bbox 402 2170 2003 2295; baseline 0.008 -73"><span class='ocrx_word' id='word_1_273' title='bbox 402 2170 611 2295; x_wconf 62' lang='lat' dir='ltr'><strong>lielentia</strong></span> <span class='ocrx_word' id='word_1_274' title='bbox 655 2173 956 2245; x_wconf 75' lang='lat' dir='ltr'><strong>defuisset:</strong></span> <span class='ocrx_word' id='word_1_275' title='bbox 1003 2170 1350 2251; x_wconf 75' lang='lat' dir='ltr'><strong>subiungitur</strong></span> <span class='ocrx_word' id='word_1_276' title='bbox 1380 2170 1524 2235; x_wconf 82' lang='lat' dir='ltr'><strong>enim</strong></span> <span class='ocrx_word' id='word_1_277' title='bbox 1571 2180 1777 2235; x_wconf 86' lang='lat' dir='ltr'><strong>animus</strong></span> <span class='ocrx_word' id='word_1_278' title='bbox 1820 2182 1886 2234; x_wconf 85' lang='lat' dir='ltr'><strong>sit</strong></span> <span class='ocrx_word' id='word_1_279' title='bbox 1928 2182 2003 2235; x_wconf 88' lang='lat' dir='ltr'><strong>vi-</strong></span> 
     </span>
     <span class='ocr_line' id='line_1_38' title="bbox 406 2257 541 2295; baseline 0.007 -1"><span class='ocrx_word' id='word_1_280' title='bbox 406 2257 452 2295; x_wconf 80' lang='lat' dir='ltr'><strong>ri</strong></span> <span class='ocrx_word' id='word_1_281' title='bbox 477 2258 541 2295; x_wconf 78' lang='lat' dir='ltr'><strong>is.</strong></span> 
     </span>
    </p>
   </div>
   <div class='ocr_carea' id='block_1_38' title="bbox 406 2257 541 2296">
    <p class='ocr_par' dir='ltr' id='par_1_38' title="bbox 406 2257 541 2296">
     <span class='ocr_line' id='line_1_39' title="bbox 406 2257 541 2296; baseline 0.015 -2"><span class='ocrx_word' id='word_1_282' title='bbox 406 2257 541 2296; x_wconf 72' lang='grc' dir='ltr'><strong>νιιτε.</strong></span> 
     </span>
    </p>
   </div>
   <div class='ocr_carea' id='block_1_39' title="bbox 475 2327 2004 2409">
    <p class='ocr_par' dir='ltr' id='par_1_39' title="bbox 475 2327 2004 2409">
     <span class='ocr_line' id='line_1_40' title="bbox 475 2327 2004 2409; baseline 0.007 -26"><span class='ocrx_word' id='word_1_283' title='bbox 475 2327 567 2409; x_wconf 79' lang='lat'><strong>85_.</strong></span> <span class='ocrx_word' id='word_1_284' title='bbox 609 2329 735 2409; x_wconf 70' lang='lat' dir='ltr'><strong>.‘llss.</strong></span> <span class='ocrx_word' id='word_1_285' title='bbox 771 2347 961 2409; x_wconf 77' lang='lat' dir='ltr'><strong>omnes</strong></span> <span class='ocrx_word' id='word_1_286' title='bbox 986 2337 1183 2409; x_wconf 79' lang='lat' dir='ltr'><strong>nostri,</strong></span> <span class='ocrx_word' id='word_1_287' title='bbox 1207 2336 1371 2409; x_wconf 80' lang='lat' dir='ltr'><strong>etiam</strong></span> <span class='ocrx_word' id='word_1_288' title='bbox 1401 2337 1549 2392; x_wconf 86' lang='lat' dir='ltr'><strong>Vatt.</strong></span> <span class='ocrx_word' id='word_1_289' title='bbox 1571 2338 1623 2405; x_wconf 88' lang='grc'><strong>1,</strong></span> <span class='ocrx_word' id='word_1_290' title='bbox 1661 2338 1713 2393; x_wconf 92' lang='lat' dir='ltr'><strong>in</strong></span> <span class='ocrx_word' id='word_1_291' title='bbox 1742 2354 1853 2409; x_wconf 87' lang='lat' dir='ltr'><strong>quo</strong></span> <span class='ocrx_word' id='word_1_292' title='bbox 1874 2339 2004 2394; x_wconf 85' lang='lat' dir='ltr'><strong>reli-</strong></span> 
     </span>
    </p>
   </div>
   <div class='ocr_carea' id='block_1_40' title="bbox 404 2400 2004 2480">
    <p class='ocr_par' dir='ltr' id='par_1_40' title="bbox 404 2400 2004 2480">
     <span class='ocr_line' id='line_1_41' title="bbox 404 2400 2004 2480; baseline 0.008 -29"><span class='ocrx_word' id='word_1_293' title='bbox 404 2414 509 2470; x_wconf 90' lang='lat' dir='ltr'><strong>qua</strong></span> <span class='ocrx_word' id='word_1_294' title='bbox 539 2400 702 2480; x_wconf 77' lang='lat' dir='ltr'><strong>huius</strong></span> <span class='ocrx_word' id='word_1_295' title='bbox 730 2405 1058 2480; x_wconf 55' lang='lat' dir='ltr'><strong>praefationis</strong></span> <span class='ocrx_word' id='word_1_296' title='bbox 1078 2400 1489 2477; x_wconf 80' lang='lat' dir='ltr'><strong>desiderantur,</strong></span> <span class='ocrx_word' id='word_1_297' title='bbox 1523 2400 1690 2480; x_wconf 79' lang='lat' dir='ltr'><strong>posset</strong></span> <span class='ocrx_word' id='word_1_298' title='bbox 1707 2400 1863 2464; x_wconf 83' lang='lat' dir='ltr'><strong>etiam</strong></span> <span class='ocrx_word' id='word_1_299' title='bbox 1881 2411 2004 2464; x_wconf 89' lang='lat' dir='ltr'><strong>edo-</strong></span> 
     </span>
    </p>
   </div>
   <div class='ocr_carea' id='block_1_41' title="bbox 405 2473 2002 2554">
    <p class='ocr_par' dir='ltr' id='par_1_41' title="bbox 405 2473 2002 2554">
     <span class='ocr_line' id='line_1_42' title="bbox 405 2473 2002 2554; baseline 0.007 -28"><span class='ocrx_word' id='word_1_300' title='bbox 405 2488 547 2554; x_wconf 67' lang='lat' dir='ltr'><strong>cere,</strong></span> <span class='ocrx_word' id='word_1_301' title='bbox 588 2473 684 2529; x_wconf 86' lang='lat' dir='ltr'><strong>sed</strong></span> <span class='ocrx_word' id='word_1_302' title='bbox 730 2476 781 2529; x_wconf 91' lang='lat' dir='ltr'><strong>in</strong></span> <span class='ocrx_word' id='word_1_303' title='bbox 811 2476 965 2554; x_wconf 80' lang='lat' dir='ltr'><strong>_Re_g.</strong></span> <span class='ocrx_word' id='word_1_304' title='bbox 1010 2483 1081 2554; x_wconf 81' lang='lat'><strong>4,_</strong></span> <span class='ocrx_word' id='word_1_305' title='bbox 1108 2489 1276 2554; x_wconf 78' lang='lat' dir='ltr'><strong>posset</strong></span> <span class='ocrx_word' id='word_1_306' title='bbox 1325 2473 1484 2554; x_wconf 77' lang='lat' dir='ltr'><strong>etiam</strong></span> <span class='ocrx_word' id='word_1_307' title='bbox 1506 2473 1572 2554; x_wconf 80' lang='lat' dir='ltr'><strong>_et</strong></span> <span class='ocrx_word' id='word_1_308' title='bbox 1600 2481 1841 2554; x_wconf 66' lang='lat' dir='ltr'><strong>edocere,</strong></span> <span class='ocrx_word' id='word_1_309' title='bbox 1882 2497 2002 2552; x_wconf 73' lang='lat' dir='ltr'><strong>qum</strong></span> 
     </span>
    </p>
   </div>
   <div class='ocr_carea' id='block_1_42' title="bbox 403 2543 2005 2626">
    <p class='ocr_par' dir='ltr' id='par_1_42' title="bbox 403 2543 2005 2626">
     <span class='ocr_line' id='line_1_43' title="bbox 403 2543 2005 2626; baseline 0.007 -29"><span class='ocrx_word' id='word_1_310' title='bbox 403 2543 621 2626; x_wconf 77' lang='lat' dir='ltr'><strong>videtur</strong></span> <span class='ocrx_word' id='word_1_311' title='bbox 649 2546 862 2626; x_wconf 85' lang='lat' dir='ltr'><strong>_esse_in</strong></span> <span class='ocrx_word' id='word_1_312' title='bbox 894 2543 1118 2626; x_wconf 72' lang='lat' dir='ltr'><strong>Reg._l_,</strong></span> <span class='ocrx_word' id='word_1_313' title='bbox 1147 2549 1359 2607; x_wconf 90' lang='lat' dir='ltr'><strong>diversa</strong></span> <span class='ocrx_word' id='word_1_314' title='bbox 1392 2551 1607 2626; x_wconf 9' lang='lat' dir='ltr'><strong>lectiog:</strong></span> <span class='ocrx_word' id='word_1_315' title='bbox 1638 2553 1766 2626; x_wconf 80' lang='lat' dir='ltr'><strong>cod.</strong></span> <span class='ocrx_word' id='word_1_316' title='bbox 1793 2543 1878 2626; x_wconf 36' lang='lat' dir='ltr'><strong>_&#39;B.</strong></span> <span class='ocrx_word' id='word_1_317' title='bbox 1901 2543 2005 2625; x_wconf 77' lang='grc' dir='ltr'><strong>’ρο-</strong></span> 
     </span>
    </p>
   </div>
   <div class='ocr_carea' id='block_1_43' title="bbox 405 2618 2002 2680">
    <p class='ocr_par' dir='ltr' id='par_1_43' title="bbox 405 2618 2002 2680">
     <span class='ocr_line' id='line_1_44' title="bbox 405 2618 2002 2680; baseline 0.008 -13"><span class='ocrx_word' id='word_1_318' title='bbox 405 2618 582 2670; x_wconf 83' lang='lat' dir='ltr'><strong>luisset</strong></span> <span class='ocrx_word' id='word_1_319' title='bbox 594 2618 747 2672; x_wconf 84' lang='lat' dir='ltr'><strong>etiam</strong></span> <span class='ocrx_word' id='word_1_320' title='bbox 761 2618 966 2675; x_wconf 85' lang='lat' dir='ltr'><strong>docere.</strong></span> <span class='ocrx_word' id='word_1_321' title='bbox 978 2618 1022 2676; x_wconf 72' lang='grc' dir='ltr'>Ἀ</span> <span class='ocrx_word' id='word_1_322' title='bbox 1035 2620 1235 2676; x_wconf 84' lang='lat' dir='ltr'><strong>ld.cum</strong></span> <span class='ocrx_word' id='word_1_323' title='bbox 1258 2637 1389 2678; x_wconf 90' lang='lat' dir='ltr'><strong>mss.</strong></span> <span class='ocrx_word' id='word_1_324' title='bbox 1408 2623 1613 2680; x_wconf 85' lang='lat' dir='ltr'><strong>nostris</strong></span> <span class='ocrx_word' id='word_1_325' title='bbox 1632 2623 1776 2679; x_wconf 80' lang='lat' dir='ltr'><strong>facit.</strong></span> <span class='ocrx_word' id='word_1_326' title='bbox 1792 2618 2002 2680; x_wconf 81' lang='lat' dir='ltr'><strong>Poelm.</strong></span> 
     </span>
    </p>
   </div>
   <div class='ocr_carea' id='block_1_44' title="bbox 407 2691 2005 2767">
    <p class='ocr_par' dir='ltr' id='par_1_44' title="bbox 407 2691 2005 2767">
     <span class='ocr_line' id='line_1_45' title="bbox 407 2691 2005 2767; baseline 0.008 -29"><span class='ocrx_word' id='word_1_327' title='bbox 407 2698 577 2767; x_wconf 75' lang='lat' dir='ltr'><strong>posset</strong></span> <span class='ocrx_word' id='word_1_328' title='bbox 608 2698 655 2741; x_wconf 87' lang='lat' dir='ltr'><strong>et</strong></span> <span class='ocrx_word' id='word_1_329' title='bbox 709 2691 971 2767; x_wconf 20' lang='lat' dir='ltr'><strong>edoceret</strong></span> <span class='ocrx_word' id='word_1_330' title='bbox 998 2694 1323 2767; x_wconf 86' lang='lat' dir='ltr'><strong>Arntzenitts</strong></span> <span class='ocrx_word' id='word_1_331' title='bbox 1357 2704 1524 2763; x_wconf 78' lang='lat' dir='ltr'><strong>posset</strong></span> <span class='ocrx_word' id='word_1_332' title='bbox 1580 2705 1627 2750; x_wconf 90' lang='lat' dir='ltr'><strong>et</strong></span> <span class='ocrx_word' id='word_1_333' title='bbox 1670 2696 1870 2762; x_wconf 84' lang='lat' dir='ltr'><strong>docere,</strong></span> <span class='ocrx_word' id='word_1_334' title='bbox 1912 2696 2005 2767; x_wconf 93' lang='lat' dir='ltr'><strong>qui</strong></span> 
     </span>
    </p>
   </div>
   <div class='ocr_carea' id='block_1_45' title="bbox 410 2757 2002 2822">
    <p class='ocr_par' dir='ltr' id='par_1_45' title="bbox 410 2757 2002 2822">
     <span class='ocr_line' id='line_1_46' title="bbox 410 2757 2002 2822; baseline 0.007 -12"><span class='ocrx_word' id='word_1_335' title='bbox 410 2757 612 2812; x_wconf 86' lang='lat' dir='ltr'><strong>nullam</strong></span> <span class='ocrx_word' id='word_1_336' title='bbox 630 2761 1140 2820; x_wconf 86' lang='lat' dir='ltr'><strong>variamlectionem</strong></span> <span class='ocrx_word' id='word_1_337' title='bbox 1165 2757 1395 2820; x_wconf 76' lang='lat' dir='ltr'><strong>advertit</strong></span> <span class='ocrx_word' id='word_1_338' title='bbox 1429 2769 1481 2821; x_wconf 93' lang='lat' dir='ltr'><strong>in</strong></span> <span class='ocrx_word' id='word_1_339' title='bbox 1506 2767 1709 2821; x_wconf 87' lang='lat' dir='ltr'><strong>docere.</strong></span> <span class='ocrx_word' id='word_1_340' title='bbox 1730 2767 1821 2822; x_wconf 88' lang='lat' dir='ltr'><strong>Sic</strong></span> <span class='ocrx_word' id='word_1_341' title='bbox 1838 2757 2002 2821; x_wconf 72' lang='lat' dir='ltr'><strong>etiam</strong></span> 
     </span>
    </p>
   </div>
   <div class='ocr_carea' id='block_1_46' title="bbox 407 2826 2005 2908">
    <p class='ocr_par' dir='ltr' id='par_1_46' title="bbox 407 2826 2005 2908">
     <span class='ocr_line' id='line_1_47' title="bbox 407 2826 2005 2908; baseline 0.007 -27"><span class='ocrx_word' id='word_1_342' title='bbox 407 2826 540 2898; x_wconf 85' lang='lat' dir='ltr'><strong>legit</strong></span> <span class='ocrx_word' id='word_1_343' title='bbox 566 2829 883 2908; x_wconf 76' lang='lat' dir='ltr'><strong>llollandus,</strong></span> <span class='ocrx_word' id='word_1_344' title='bbox 915 2835 1005 2908; x_wconf 87' lang='lat' dir='ltr'><strong>qui</strong></span> <span class='ocrx_word' id='word_1_345' title='bbox 1037 2851 1102 2891; x_wconf 75' lang='lat' dir='ltr'><strong>ex</strong></span> <span class='ocrx_word' id='word_1_346' title='bbox 1129 2852 1230 2890; x_wconf 84' lang='lat' dir='ltr'><strong>ins.</strong></span> <span class='ocrx_word' id='word_1_347' title='bbox 1265 2836 1434 2893; x_wconf 87' lang='lat' dir='ltr'><strong>Scotti</strong></span> <span class='ocrx_word' id='word_1_348' title='bbox 1460 2847 1611 2893; x_wconf 89' lang='lat' dir='ltr'><strong>notat</strong></span> <span class='ocrx_word' id='word_1_349' title='bbox 1635 2839 1884 2908; x_wconf 83' lang='lat' dir='ltr'><strong>potuisset</strong></span> <span class='ocrx_word' id='word_1_350' title='bbox 1910 2855 2005 2907; x_wconf 89' lang='lat' dir='ltr'><strong>pro</strong></span> 
     </span>
    </p>
   </div>
   <div class='ocr_carea' id='block_1_47' title="bbox 408 2902 2005 2982">
    <p class='ocr_par' dir='ltr' id='par_1_47' title="bbox 408 2902 2005 2982">
     <span class='ocr_line' id='line_1_48' title="bbox 408 2902 2005 2982; baseline 0.008 -31"><span class='ocrx_word' id='word_1_351' title='bbox 408 2909 599 2982; x_wconf 75' lang='lat' dir='ltr'><strong>posset.</strong></span> <span class='ocrx_word' id='word_1_352' title='bbox 632 2902 778 2957; x_wconf 82' lang='lat' dir='ltr'><strong>Alm.</strong></span> <span class='ocrx_word' id='word_1_353' title='bbox 809 2902 1295 2982; x_wconf 21' lang='lat' dir='ltr'><strong>licet:in_»membris.</strong></span> <span class='ocrx_word' id='word_1_354' title='bbox 1312 2909 1460 2977; x_wconf 84' lang='lat' dir='ltr'><strong>Ald.,</strong></span> <span class='ocrx_word' id='word_1_355' title='bbox 1497 2902 1705 2982; x_wconf 77' lang='lat' dir='ltr'><strong>Poelm.</strong></span> <span class='ocrx_word' id='word_1_356' title='bbox 1729 2926 1849 2964; x_wconf 89' lang='lat' dir='ltr'><strong>cum</strong></span> <span class='ocrx_word' id='word_1_357' title='bbox 1878 2902 2005 2964; x_wconf 77' lang='lat' dir='ltr'><strong>nos-</strong></span> 
     </span>
    </p>
   </div>
   <div class='ocr_carea' id='block_1_48' title="bbox 412 2977 2004 3047">
    <p class='ocr_par' dir='ltr' id='par_1_48' title="bbox 412 2977 2004 3047">
     <span class='ocr_line' id='line_1_49' title="bbox 412 2977 2004 3047; baseline 0.008 -24"><span class='ocrx_word' id='word_1_358' title='bbox 412 2977 508 3025; x_wconf 86' lang='lat' dir='ltr'><strong>tris</strong></span> <span class='ocrx_word' id='word_1_359' title='bbox 550 2987 713 3047; x_wconf 86' lang='lat' dir='ltr'><strong>inss.,</strong></span> <span class='ocrx_word' id='word_1_360' title='bbox 747 2977 966 3047; x_wconf 71' lang='lat' dir='ltr'><strong>etcud.</strong></span> <span class='ocrx_word' id='word_1_361' title='bbox 1003 2978 1090 3047; x_wconf 78' lang='lat'><strong>8.,</strong></span> <span class='ocrx_word' id='word_1_362' title='bbox 1125 2980 1238 3032; x_wconf 86' lang='lat' dir='ltr'><strong>licet</strong></span> <span class='ocrx_word' id='word_1_363' title='bbox 1282 2981 1336 3033; x_wconf 88' lang='lat' dir='ltr'><strong>in</strong></span> <span class='ocrx_word' id='word_1_364' title='bbox 1383 2981 1639 3035; x_wconf 86' lang='lat' dir='ltr'><strong>membris.</strong></span> <span class='ocrx_word' id='word_1_365' title='bbox 1675 2983 2004 3037; x_wconf 73' lang='lat' dir='ltr'><strong>Arntzenius</strong></span> 
     </span>
    </p>
   </div>
   <div class='ocr_carea' id='block_1_49' title="bbox 408 3045 2003 3117">
    <p class='ocr_par' dir='ltr' id='par_1_49' title="bbox 408 3045 2003 3117">
     <span class='ocr_line' id='line_1_50' title="bbox 408 3045 2003 3117; baseline 0.009 -23"><span class='ocrx_word' id='word_1_366' title='bbox 408 3059 524 3117; x_wconf 69' lang='lat' dir='ltr'><strong>eum</strong></span> <span class='ocrx_word' id='word_1_367' title='bbox 573 3045 625 3117; x_wconf 85' lang='lat' dir='ltr'><strong>in</strong></span> <span class='ocrx_word' id='word_1_368' title='bbox 675 3046 934 3112; x_wconf 80' lang='lat' dir='ltr'><strong>membris,</strong></span> <span class='ocrx_word' id='word_1_369' title='bbox 989 3045 1130 3117; x_wconf 68' lang='lat' dir='ltr'><strong>quad</strong></span> <span class='ocrx_word' id='word_1_370' title='bbox 1185 3050 1487 3117; x_wconf 84' lang='lat' dir='ltr'><strong>planiorem</strong></span> <span class='ocrx_word' id='word_1_371' title='bbox 1539 3067 1758 3107; x_wconf 90' lang='lat' dir='ltr'><strong>sensum</strong></span> <span class='ocrx_word' id='word_1_372' title='bbox 1805 3053 2003 3108; x_wconf 82' lang='lat' dir='ltr'><strong>reddit.</strong></span> 
     </span>
    </p>
   </div>
   <div class='ocr_carea' id='block_1_50' title="bbox 413 3113 2004 3196">
    <p class='ocr_par' dir='ltr' id='par_1_50' title="bbox 413 3113 2004 3196">
     <span class='ocr_line' id='line_1_51' title="bbox 413 3113 2004 3196; baseline 0.007 -29"><span class='ocrx_word' id='word_1_373' title='bbox 413 3113 549 3196; x_wconf 73' lang='lat' dir='ltr'><strong>Reg.</strong></span> <span class='ocrx_word' id='word_1_374' title='bbox 586 3116 676 3196; x_wconf 89' lang='lat' dir='ltr'><strong>l,_</strong></span> <span class='ocrx_word' id='word_1_375' title='bbox 693 3132 790 3196; x_wconf 76' lang='lat' dir='ltr'><strong>pro</strong></span> <span class='ocrx_word' id='word_1_376' title='bbox 821 3118 932 3171; x_wconf 84' lang='lat' dir='ltr'><strong>div.</strong></span> <span class='ocrx_word' id='word_1_377' title='bbox 963 3113 1381 3196; x_wconf 53' lang='lat' dir='ltr'><strong>serijtt._liqt_et</strong></span> <span class='ocrx_word' id='word_1_378' title='bbox 1411 3125 1463 3196; x_wconf 82' lang='lat' dir='ltr'><strong>in</strong></span> <span class='ocrx_word' id='word_1_379' title='bbox 1510 3123 1791 3196; x_wconf 77' lang='lat' dir='ltr'><strong>membris:</strong></span> <span class='ocrx_word' id='word_1_380' title='bbox 1822 3124 2004 3193; x_wconf 86' lang='lat' dir='ltr'><strong>glossa</strong></span> 
     </span>
    </p>
   </div>
   <div class='ocr_carea' id='block_1_51' title="bbox 412 3185 2007 3261">
    <p class='ocr_par' dir='ltr' id='par_1_51' title="bbox 412 3185 2007 3261">
     <span class='ocr_line' id='line_1_52' title="bbox 412 3185 2007 3261; baseline 0.007 -23"><span class='ocrx_word' id='word_1_381' title='bbox 412 3185 465 3238; x_wconf 90' lang='lat' dir='ltr'><strong>in</strong></span> <span class='ocrx_word' id='word_1_382' title='bbox 495 3186 679 3261; x_wconf 71' lang='lat' dir='ltr'><strong>Rng</strong></span> <span class='ocrx_word' id='word_1_383' title='bbox 701 3185 849 3242; x_wconf 83' lang='lat' dir='ltr'><strong>:licet</strong></span> <span class='ocrx_word' id='word_1_384' title='bbox 875 3219 945 3228; x_wconf 86' lang='lat'><strong>-—</strong></span> <span class='ocrx_word' id='word_1_385' title='bbox 964 3185 1218 3261; x_wconf 82' lang='lat' dir='ltr'><strong>quamvis.</strong></span> <span class='ocrx_word' id='word_1_386' title='bbox 1239 3191 1530 3247; x_wconf 87' lang='lat' dir='ltr'><strong>Bollaudus</strong></span> <span class='ocrx_word' id='word_1_387' title='bbox 1562 3192 1723 3249; x_wconf 86' lang='lat' dir='ltr'><strong>habet</strong></span> <span class='ocrx_word' id='word_1_388' title='bbox 1738 3185 1854 3247; x_wconf 66' lang='lat' dir='ltr'><strong>licet</strong></span> <span class='ocrx_word' id='word_1_389' title='bbox 1883 3203 1929 3247; x_wconf 90' lang='lat' dir='ltr'><strong>et</strong></span> <span class='ocrx_word' id='word_1_390' title='bbox 1954 3197 2007 3249; x_wconf 84' lang='lat' dir='ltr'><strong>in</strong></span> 
     </span>
    </p>
   </div>
   <div class='ocr_carea' id='block_1_52' title="bbox 416 3258 2007 3335">
    <p class='ocr_par' dir='ltr' id='par_1_52' title="bbox 416 3258 2007 3335">
     <span class='ocr_line' id='line_1_53' title="bbox 416 3258 2007 3335; baseline 0.008 -29"><span class='ocrx_word' id='word_1_391' title='bbox 416 3258 684 3335; x_wconf 68' lang='lat' dir='ltr'><strong>membris,</strong></span> <span class='ocrx_word' id='word_1_392' title='bbox 746 3268 799 3312; x_wconf 91' lang='lat' dir='ltr'><strong>et</strong></span> <span class='ocrx_word' id='word_1_393' title='bbox 843 3258 1092 3335; x_wconf 22' lang='lat' dir='ltr'><strong>es‘mss.</strong></span> <span class='ocrx_word' id='word_1_394' title='bbox 1138 3262 1307 3335; x_wconf 80' lang='lat' dir='ltr'><strong>Scotti</strong></span> <span class='ocrx_word' id='word_1_395' title='bbox 1354 3271 1409 3319; x_wconf 88' lang='lat' dir='ltr'><strong>et</strong></span> <span class='ocrx_word' id='word_1_396' title='bbox 1461 3264 1750 3335; x_wconf 79' lang='lat' dir='ltr'><strong>Rosweydi</strong></span> <span class='ocrx_word' id='word_1_397' title='bbox 1802 3267 2007 3335; x_wconf 80' lang='lat' dir='ltr'><strong>profert</strong></span> 
     </span>
    </p>
   </div>
   <div class='ocr_carea' id='block_1_53' title="bbox 413 3329 1664 3404">
    <p class='ocr_par' dir='ltr' id='par_1_53' title="bbox 413 3329 1664 3404">
     <span class='ocr_line' id='line_1_54' title="bbox 413 3329 1664 3404; baseline 0.008 -26"><span class='ocrx_word' id='word_1_398' title='bbox 413 3342 565 3396; x_wconf 83' lang='lat' dir='ltr'><strong>quant</strong></span> <span class='ocrx_word' id='word_1_399' title='bbox 584 3336 630 3381; x_wconf 89' lang='lat' dir='ltr'><strong>et</strong></span> <span class='ocrx_word' id='word_1_400' title='bbox 655 3329 712 3383; x_wconf 86' lang='lat' dir='ltr'><strong>in</strong></span> <span class='ocrx_word' id='word_1_401' title='bbox 734 3331 990 3400; x_wconf 84' lang='lat' dir='ltr'><strong>membris,</strong></span> <span class='ocrx_word' id='word_1_402' title='bbox 1021 3333 1166 3404; x_wconf 88' lang='lat' dir='ltr'><strong>quod</strong></span> <span class='ocrx_word' id='word_1_403' title='bbox 1192 3335 1403 3390; x_wconf 83' lang='lat' dir='ltr'><strong>arutius</strong></span> <span class='ocrx_word' id='word_1_404' title='bbox 1428 3329 1664 3390; x_wconf 84' lang='lat' dir='ltr'><strong>videtur.</strong></span> 
     </span>
    </p>
   </div>
   <div class='ocr_carea' id='block_1_54' title="bbox 486 3418 2005 3493">
    <p class='ocr_par' dir='ltr' id='par_1_54' title="bbox 486 3418 2005 3493">
     <span class='ocr_line' id='line_1_55' title="bbox 486 3418 2005 3493; baseline 0.009 -24"><span class='ocrx_word' id='word_1_405' title='bbox 486 3418 577 3493; x_wconf 77' lang='lat'><strong>84.</strong></span> <span class='ocrx_word' id='word_1_406' title='bbox 622 3421 948 3493; x_wconf 82' lang='lat' dir='ltr'><strong>Arutzenius</strong></span> <span class='ocrx_word' id='word_1_407' title='bbox 977 3432 1148 3486; x_wconf 89' lang='lat' dir='ltr'><strong>notat,</strong></span> <span class='ocrx_word' id='word_1_408' title='bbox 1171 3423 1401 3480; x_wconf 86' lang='lat' dir='ltr'><strong>schedas</strong></span> <span class='ocrx_word' id='word_1_409' title='bbox 1425 3425 1631 3481; x_wconf 91' lang='lat' dir='ltr'><strong>Poelm.</strong></span> <span class='ocrx_word' id='word_1_410' title='bbox 1658 3440 1903 3493; x_wconf 89' lang='lat' dir='ltr'><strong>monere,</strong></span> <span class='ocrx_word' id='word_1_411' title='bbox 1929 3427 2005 3482; x_wconf 47' lang='lat' dir='ltr'><strong>lc&quot;</strong></span> 
     </span>
    </p>
   </div>
   <div class='ocr_carea' id='block_1_55' title="bbox 412 3491 2005 3568">
    <p class='ocr_par' dir='ltr' id='par_1_55' title="bbox 412 3491 2005 3568">
     <span class='ocr_line' id='line_1_56' title="bbox 412 3491 2005 3568; baseline 0.007 -25"><span class='ocrx_word' id='word_1_412' title='bbox 412 3491 646 3568; x_wconf 86' lang='lat' dir='ltr'><strong>gendum</strong></span> <span class='ocrx_word' id='word_1_413' title='bbox 678 3492 1035 3568; x_wconf 35' lang='grc' dir='ltr'><strong>ἰηᾴξσαιηῃοη</strong></span> <span class='ocrx_word' id='word_1_414' title='bbox 1063 3496 1272 3568; x_wconf 84' lang='lat' dir='ltr'><strong>jndicat</strong></span> <span class='ocrx_word' id='word_1_415' title='bbox 1303 3512 1323 3550; x_wconf 90' lang='lat'><strong><em>:</em></strong></span> <span class='ocrx_word' id='word_1_416' title='bbox 1353 3495 1505 3551; x_wconf 85' lang='lat' dir='ltr'><strong>addit</strong></span> <span class='ocrx_word' id='word_1_417' title='bbox 1528 3491 2005 3568; x_wconf 31' lang='lat' dir='ltr'><strong>Arntzenius,&#39;qno</strong></span> 
     </span>
    </p>
   </div>
   <div class='ocr_carea' id='block_1_56' title="bbox 402 3564 2006 3643">
    <p class='ocr_par' dir='ltr' id='par_1_56' title="bbox 402 3564 2006 3643">
     <span class='ocr_line' id='line_1_57' title="bbox 402 3564 2006 3643; baseline 0.008 -32"><span class='ocrx_word' id='word_1_418' title='bbox 402 3564 547 3643; x_wconf 66' lang='lat' dir='ltr'><strong>jure,</strong></span> <span class='ocrx_word' id='word_1_419' title='bbox 573 3578 675 3643; x_wconf 73' lang='lat' dir='ltr'><strong>non</strong></span> <span class='ocrx_word' id='word_1_420' title='bbox 702 3565 869 3643; x_wconf 57' lang='lat' dir='ltr'><strong>uideo.</strong></span> <span class='ocrx_word' id='word_1_421' title='bbox 896 3564 1166 3643; x_wconf 67' lang='lat' dir='ltr'><strong>Equidem</strong></span> <span class='ocrx_word' id='word_1_422' title='bbox 1194 3583 1375 3639; x_wconf 89' lang='lat' dir='ltr'><strong>neque</strong></span> <span class='ocrx_word' id='word_1_423' title='bbox 1403 3583 1509 3643; x_wconf 83' lang='lat' dir='ltr'><strong>ego</strong></span> <span class='ocrx_word' id='word_1_424' title='bbox 1524 3568 1713 3643; x_wconf 87' lang='lat' dir='ltr'><strong>video,</strong></span> <span class='ocrx_word' id='word_1_425' title='bbox 1728 3570 1866 3643; x_wconf 88' lang='lat' dir='ltr'><strong>quid</strong></span> <span class='ocrx_word' id='word_1_426' title='bbox 1891 3564 2006 3639; x_wconf 61' lang='lat' dir='ltr'><strong>ipse</strong></span> 
     </span>
    </p>
   </div>
   <div class='ocr_carea' id='block_1_57' title="bbox 412 3632 2007 3696">
    <p class='ocr_par' dir='ltr' id='par_1_57' title="bbox 412 3632 2007 3696">
     <span class='ocr_line' id='line_1_58' title="bbox 412 3632 2007 3696; baseline 0.006 -11"><span class='ocrx_word' id='word_1_427' title='bbox 412 3632 516 3685; x_wconf 81' lang='lat' dir='ltr'><strong>sibi</strong></span> <span class='ocrx_word' id='word_1_428' title='bbox 546 3634 698 3687; x_wconf 90' lang='lat' dir='ltr'><strong>velit.</strong></span> <span class='ocrx_word' id='word_1_429' title='bbox 717 3635 849 3691; x_wconf 84' lang='lat' dir='ltr'><strong>Nam</strong></span> <span class='ocrx_word' id='word_1_430' title='bbox 878 3632 1003 3693; x_wconf 86' lang='lat' dir='ltr'><strong>Ald.</strong></span> <span class='ocrx_word' id='word_1_431' title='bbox 1033 3654 1153 3694; x_wconf 90' lang='lat' dir='ltr'><strong>cum</strong></span> <span class='ocrx_word' id='word_1_432' title='bbox 1180 3632 1312 3695; x_wconf 74' lang='lat' dir='ltr'><strong>mss.</strong></span> <span class='ocrx_word' id='word_1_433' title='bbox 1340 3632 1544 3696; x_wconf 73' lang='lat' dir='ltr'><strong>nostris</strong></span> <span class='ocrx_word' id='word_1_434' title='bbox 1572 3632 1824 3695; x_wconf 76' lang='lat' dir='ltr'><strong>omnibus</strong></span> <span class='ocrx_word' id='word_1_435' title='bbox 1844 3632 2007 3695; x_wconf 71' lang='lat' dir='ltr'><strong>habet</strong></span> 
     </span>
    </p>
   </div>
   <div class='ocr_carea' id='block_1_58' title="bbox 412 3704 2007 3776">
    <p class='ocr_par' dir='ltr' id='par_1_58' title="bbox 412 3704 2007 3776">
     <span class='ocr_line' id='line_1_59' title="bbox 412 3704 2007 3776; baseline 0.007 -19"><span class='ocrx_word' id='word_1_436' title='bbox 412 3704 645 3771; x_wconf 82' lang='lat' dir='ltr'><strong>indicat,</strong></span> <span class='ocrx_word' id='word_1_437' title='bbox 704 3716 760 3762; x_wconf 89' lang='lat' dir='ltr'><strong>et</strong></span> <span class='ocrx_word' id='word_1_438' title='bbox 815 3709 929 3776; x_wconf 82' lang='lat' dir='ltr'><strong>ipse</strong></span> <span class='ocrx_word' id='word_1_439' title='bbox 985 3713 1312 3766; x_wconf 84' lang='lat' dir='ltr'><strong>Arntzenius</strong></span> <span class='ocrx_word' id='word_1_440' title='bbox 1366 3710 1533 3766; x_wconf 88' lang='lat' dir='ltr'><strong>edidit</strong></span> <span class='ocrx_word' id='word_1_441' title='bbox 1583 3710 1799 3765; x_wconf 78' lang='lat' dir='ltr'><strong>indirat.</strong></span> <span class='ocrx_word' id='word_1_442' title='bbox 1854 3714 2007 3768; x_wconf 85' lang='lat' dir='ltr'><strong>Poel-</strong></span> 
     </span>
    </p>
   </div>
   <div class='ocr_carea' id='block_1_59' title="bbox 414 3779 2004 3853">
    <p class='ocr_par' dir='ltr' id='par_1_59' title="bbox 414 3779 2004 3853">
     <span class='ocr_line' id='line_1_60' title="bbox 414 3779 2004 3853; baseline 0.009 -27"><span class='ocrx_word' id='word_1_443' title='bbox 414 3790 642 3853; x_wconf 74' lang='lat' dir='ltr'><strong>maunus</strong></span> <span class='ocrx_word' id='word_1_444' title='bbox 688 3779 740 3831; x_wconf 86' lang='lat' dir='ltr'><strong>in</strong></span> <span class='ocrx_word' id='word_1_445' title='bbox 798 3788 943 3836; x_wconf 81' lang='lat' dir='ltr'><strong>textu</strong></span> <span class='ocrx_word' id='word_1_446' title='bbox 975 3783 1193 3849; x_wconf 82' lang='lat' dir='ltr'><strong>iudicat,</strong></span> <span class='ocrx_word' id='word_1_447' title='bbox 1235 3782 1301 3837; x_wconf 88' lang='lat' dir='ltr'><strong>ad</strong></span> <span class='ocrx_word' id='word_1_448' title='bbox 1353 3798 1524 3853; x_wconf 84' lang='lat' dir='ltr'><strong>marg.</strong></span> <span class='ocrx_word' id='word_1_449' title='bbox 1557 3785 1775 3837; x_wconf 83' lang='lat' dir='ltr'><strong>indicat.</strong></span> <span class='ocrx_word' id='word_1_450' title='bbox 1805 3783 1917 3840; x_wconf 87' lang='lat' dir='ltr'><strong>Ott.</strong></span> <span class='ocrx_word' id='word_1_451' title='bbox 1954 3786 2004 3848; x_wconf 86' lang='grc'><strong>1,</strong></span> 
     </span>
    </p>
   </div>
   <div class='ocr_carea' id='block_1_60' title="bbox 412 3844 2003 3924">
    <p class='ocr_par' dir='ltr' id='par_1_60' title="bbox 412 3844 2003 3924">
     <span class='ocr_line' id='line_1_61' title="bbox 412 3844 2003 3924; baseline 0.008 -27"><span class='ocrx_word' id='word_1_452' title='bbox 412 3844 781 3924; x_wconf 58' lang='lat' dir='ltr'><strong>habitnsejns</strong></span> <span class='ocrx_word' id='word_1_453' title='bbox 827 3844 1062 3924; x_wconf 79' lang='lat' dir='ltr'><strong>pauper:</strong></span> <span class='ocrx_word' id='word_1_454' title='bbox 1115 3844 1306 3924; x_wconf 87' lang='lat' dir='ltr'><strong>reliqui</strong></span> <span class='ocrx_word' id='word_1_455' title='bbox 1359 3844 1528 3908; x_wconf 53' lang='lat' dir='ltr'><strong>nosrri</strong></span> <span class='ocrx_word' id='word_1_456' title='bbox 1562 3868 1691 3909; x_wconf 86' lang='lat' dir='ltr'><strong>niss.</strong></span> <span class='ocrx_word' id='word_1_457' title='bbox 1728 3870 1849 3909; x_wconf 90' lang='lat' dir='ltr'><strong>cum</strong></span> <span class='ocrx_word' id='word_1_458' title='bbox 1881 3844 2003 3910; x_wconf 74' lang='lat' dir='ltr'><strong>Ald.</strong></span> 
     </span>
    </p>
   </div>
   <div class='ocr_carea' id='block_1_61' title="bbox 413 3918 2005 3997">
    <p class='ocr_par' dir='ltr' id='par_1_61' title="bbox 413 3918 2005 3997">
     <span class='ocr_line' id='line_1_62' title="bbox 413 3918 2005 3997; baseline 0.007 -27"><span class='ocrx_word' id='word_1_459' title='bbox 413 3920 526 3997; x_wconf 55' lang='lat' dir='ltr'><strong>eius</strong></span> <span class='ocrx_word' id='word_1_460' title='bbox 555 3918 759 3997; x_wconf 61' lang='lat' dir='ltr'><strong>habitus</strong></span> <span class='ocrx_word' id='word_1_461' title='bbox 781 3918 1020 3997; x_wconf 66' lang='lat' dir='ltr'><strong>pauper.</strong></span> <span class='ocrx_word' id='word_1_462' title='bbox 1057 3918 1287 3992; x_wconf 70' lang='lat' dir='ltr'><strong>Poelm.,</strong></span> <span class='ocrx_word' id='word_1_463' title='bbox 1323 3924 1513 3979; x_wconf 80' lang='lat' dir='ltr'><strong>Arulz.</strong></span> <span class='ocrx_word' id='word_1_464' title='bbox 1542 3926 1656 3997; x_wconf 86' lang='lat' dir='ltr'><strong>ejus</strong></span> <span class='ocrx_word' id='word_1_465' title='bbox 1682 3943 1884 3995; x_wconf 78' lang='lat' dir='ltr'><strong>pauper</strong></span> <span class='ocrx_word' id='word_1_466' title='bbox 1908 3931 2005 3991; x_wconf 77' lang='lat' dir='ltr'><strong>Ita-</strong></span> 
     </span>
    </p>
   </div>
   <div class='ocr_carea' id='block_1_62' title="bbox 415 3987 2004 4069">
    <p class='ocr_par' dir='ltr' id='par_1_62' title="bbox 415 3987 2004 4069">
     <span class='ocr_line' id='line_1_63' title="bbox 415 3987 2004 4069; baseline 0.009 -28"><span class='ocrx_word' id='word_1_467' title='bbox 415 3987 568 4069; x_wconf 67' lang='lat' dir='ltr'><strong>biltts.</strong></span> <span class='ocrx_word' id='word_1_468' title='bbox 615 3987 841 4048; x_wconf 60' lang='lat' dir='ltr'><strong>Schedre</strong></span> <span class='ocrx_word' id='word_1_469' title='bbox 886 3987 1120 4069; x_wconf 73' lang='lat' dir='ltr'><strong>Poelm.,</strong></span> <span class='ocrx_word' id='word_1_470' title='bbox 1156 4006 1210 4050; x_wconf 83' lang='lat' dir='ltr'><strong>et</strong></span> <span class='ocrx_word' id='word_1_471' title='bbox 1256 3987 1501 4067; x_wconf 72' lang='lat' dir='ltr'><strong>ejusdem</strong></span> <span class='ocrx_word' id='word_1_472' title='bbox 1532 3987 1699 4053; x_wconf 65' lang='lat' dir='ltr'><strong>editio</strong></span> <span class='ocrx_word' id='word_1_473' title='bbox 1732 3987 1805 4052; x_wconf 33' lang='lat' dir='ltr'><strong>ad.</strong></span> <span class='ocrx_word' id='word_1_474' title='bbox 1833 3987 2004 4069; x_wconf 81' lang='lat' dir='ltr'><strong>marg.</strong></span> 
     </span>
    </p>
   </div>
   <div class='ocr_carea' id='block_1_63' title="bbox 416 4062 1088 4137">
    <p class='ocr_par' dir='ltr' id='par_1_63' title="bbox 416 4062 1088 4137">
     <span class='ocr_line' id='line_1_64' title="bbox 416 4062 1088 4137; baseline 0.015 -26"><span class='ocrx_word' id='word_1_475' title='bbox 416 4062 672 4132; x_wconf 76' lang='lat' dir='ltr'><strong>refulgent</strong></span> <span class='ocrx_word' id='word_1_476' title='bbox 701 4080 799 4135; x_wconf 84' lang='lat' dir='ltr'><strong>pro</strong></span> <span class='ocrx_word' id='word_1_477' title='bbox 824 4068 1088 4137; x_wconf 80' lang='lat' dir='ltr'><strong>proﬁciat.</strong></span> 
     </span>
    </p>
   </div>
   <div class='ocr_carea' id='block_1_64' title="bbox 490 4152 2007 4230">
    <p class='ocr_par' dir='ltr' id='par_1_64' title="bbox 490 4152 2007 4230">
     <span class='ocr_line' id='line_1_65' title="bbox 490 4152 2007 4230; baseline 0.005 -26"><span class='ocrx_word' id='word_1_478' title='bbox 490 4152 594 4230; x_wconf 77' lang='lat'><strong>85._</strong></span> <span class='ocrx_word' id='word_1_479' title='bbox 622 4153 927 4230; x_wconf 85' lang='lat' dir='ltr'><strong>ln_scltedis</strong></span> <span class='ocrx_word' id='word_1_480' title='bbox 972 4157 1180 4230; x_wconf 82' lang='lat' dir='ltr'><strong>Poelm.</strong></span> <span class='ocrx_word' id='word_1_481' title='bbox 1235 4166 1474 4225; x_wconf 89' lang='lat' dir='ltr'><strong>notatur,</strong></span> <span class='ocrx_word' id='word_1_482' title='bbox 1523 4166 1672 4230; x_wconf 84' lang='lat' dir='ltr'><strong>recte</strong></span> <span class='ocrx_word' id='word_1_483' title='bbox 1710 4158 1815 4230; x_wconf 86' lang='lat' dir='ltr'><strong>legi</strong></span> <span class='ocrx_word' id='word_1_484' title='bbox 1865 4168 1913 4213; x_wconf 86' lang='lat' dir='ltr'><strong>et</strong></span> <span class='ocrx_word' id='word_1_485' title='bbox 1952 4169 2007 4214; x_wconf 86' lang='lat' dir='ltr'><strong>ut</strong></span> 
     </span>
    </p>
   </div>
   <div class='ocr_carea' id='block_1_65' title="bbox 418 4224 2003 4297">
    <p class='ocr_par' dir='ltr' id='par_1_65' title="bbox 418 4224 2003 4297">
     <span class='ocr_line' id='line_1_66' title="bbox 418 4224 2003 4297; baseline 0.004 -20"><span class='ocrx_word' id='word_1_486' title='bbox 418 4224 745 4297; x_wconf 79' lang='lat' dir='ltr'><strong>magnitudo,</strong></span> <span class='ocrx_word' id='word_1_487' title='bbox 778 4244 951 4294; x_wconf 87' lang='lat' dir='ltr'><strong>neque</strong></span> <span class='ocrx_word' id='word_1_488' title='bbox 994 4228 1286 4284; x_wconf 87' lang='lat' dir='ltr'><strong>delendum</strong></span> <span class='ocrx_word' id='word_1_489' title='bbox 1325 4224 1565 4285; x_wconf 83' lang='lat' dir='ltr'><strong>esseut.</strong></span> <span class='ocrx_word' id='word_1_490' title='bbox 1614 4224 1794 4285; x_wconf 74' lang='lat' dir='ltr'><strong>Nostri</strong></span> <span class='ocrx_word' id='word_1_491' title='bbox 1847 4247 2003 4297; x_wconf 76' lang='lat' dir='ltr'><strong>mss.,</strong></span> 
     </span>
    </p>
   </div>
   <div class='ocr_carea' id='block_1_66' title="bbox 419 4295 2008 4373">
    <p class='ocr_par' dir='ltr' id='par_1_66' title="bbox 419 4295 2008 4373">
     <span class='ocr_line' id='line_1_67' title="bbox 419 4295 2008 4373; baseline 0.005 -25"><span class='ocrx_word' id='word_1_492' title='bbox 419 4295 653 4373; x_wconf 81' lang='lat' dir='ltr'><strong>et_ctliti,</strong></span> <span class='ocrx_word' id='word_1_493' title='bbox 684 4296 754 4350; x_wconf 83' lang='lat' dir='ltr'><strong>ita</strong></span> <span class='ocrx_word' id='word_1_494' title='bbox 774 4297 989 4373; x_wconf 62' lang='lat' dir='ltr'><strong>habent</strong></span> <span class='ocrx_word' id='word_1_495' title='bbox 1013 4310 1061 4355; x_wconf 85' lang='lat' dir='ltr'><strong>et</strong></span> <span class='ocrx_word' id='word_1_496' title='bbox 1107 4312 1184 4356; x_wconf 85' lang='lat' dir='ltr'><strong>ut.</strong></span> <span class='ocrx_word' id='word_1_497' title='bbox 1217 4303 1264 4357; x_wconf 85' lang='lat' dir='ltr'><strong>A</strong></span> <span class='ocrx_word' id='word_1_498' title='bbox 1295 4317 1398 4356; x_wconf 87' lang='lat' dir='ltr'><strong>ms.</strong></span> <span class='ocrx_word' id='word_1_499' title='bbox 1434 4301 1679 4373; x_wconf 77' lang='lat' dir='ltr'><strong>Bollandi</strong></span> <span class='ocrx_word' id='word_1_500' title='bbox 1710 4302 1900 4357; x_wconf 81' lang='lat' dir='ltr'><strong>aberat</strong></span> <span class='ocrx_word' id='word_1_501' title='bbox 1926 4295 2008 4373; x_wconf 80' lang='lat' dir='ltr'><strong>ge-</strong></span> 
     </span>
    </p>
   </div>
   <div class='ocr_carea' id='block_1_67' title="bbox 416 4365 2002 4443">
    <p class='ocr_par' dir='ltr' id='par_1_67' title="bbox 416 4365 2002 4443">
     <span class='ocr_line' id='line_1_68' title="bbox 416 4365 2002 4443; baseline 0.008 -26"><span class='ocrx_word' id='word_1_502' title='bbox 416 4365 829 4443; x_wconf 73' lang='lat' dir='ltr'><strong>titinttlanipade.</strong></span> <span class='ocrx_word' id='word_1_503' title='bbox 847 4369 957 4426; x_wconf 86' lang='lat' dir='ltr'><strong>Ott.</strong></span> <span class='ocrx_word' id='word_1_504' title='bbox 976 4373 989 4426; x_wconf 91' lang='grc' dir='ltr'><strong>Ι</strong></span> <span class='ocrx_word' id='word_1_505' title='bbox 1006 4414 1021 4438; x_wconf 94' lang='grc'><strong>,</strong></span> <span class='ocrx_word' id='word_1_506' title='bbox 1042 4373 1204 4443; x_wconf 68' lang='lat' dir='ltr'><strong>Rng</strong></span> <span class='ocrx_word' id='word_1_507' title='bbox 1220 4415 1234 4437; x_wconf 91' lang='lat'><strong>,</strong></span> <span class='ocrx_word' id='word_1_508' title='bbox 1249 4374 1306 4440; x_wconf 70' lang='lat'><strong>2,</strong></span> <span class='ocrx_word' id='word_1_509' title='bbox 1321 4373 1376 4438; x_wconf 82' lang='grc'><strong>5,</strong></span> <span class='ocrx_word' id='word_1_510' title='bbox 1393 4372 1516 4427; x_wconf 90' lang='lat' dir='ltr'><strong>cod.</strong></span> <span class='ocrx_word' id='word_1_511' title='bbox 1532 4372 1616 4438; x_wconf 91' lang='lat' dir='ltr'><strong>B.,</strong></span> <span class='ocrx_word' id='word_1_512' title='bbox 1633 4373 1775 4428; x_wconf 89' lang='lat' dir='ltr'><strong>Alm.</strong></span> <span class='ocrx_word' id='word_1_513' title='bbox 1789 4414 1804 4438; x_wconf 95' lang='lat'><strong>,</strong></span> <span class='ocrx_word' id='word_1_514' title='bbox 1822 4365 2002 4441; x_wconf 38' lang='lat' dir='ltr'><strong>Vatf‘z,</strong></span> 
     </span>
    </p>
   </div>
   <div class='ocr_carea' id='block_1_68' title="bbox 418 4437 2005 4515">
    <p class='ocr_par' dir='ltr' id='par_1_68' title="bbox 418 4437 2005 4515">
     <span class='ocr_line' id='line_1_69' title="bbox 418 4437 2005 4515; baseline 0.006 -26"><span class='ocrx_word' id='word_1_515' title='bbox 418 4445 474 4515; x_wconf 69' lang='lat' dir='ltr'><strong>et</strong></span> <span class='ocrx_word' id='word_1_516' title='bbox 503 4437 625 4515; x_wconf 80' lang='lat' dir='ltr'><strong>Ald.</strong></span> <span class='ocrx_word' id='word_1_517' title='bbox 652 4441 802 4515; x_wconf 62' lang='lat' dir='ltr'><strong>liabet</strong></span> <span class='ocrx_word' id='word_1_518' title='bbox 827 4437 1167 4513; x_wconf 44' lang='lat' dir='ltr'><strong>germanam?</strong></span> <span class='ocrx_word' id='word_1_519' title='bbox 1198 4437 1302 4499; x_wconf 24' lang='lat' dir='ltr'><strong>alii.</strong></span> <span class='ocrx_word' id='word_1_520' title='bbox 1320 4437 1473 4499; x_wconf 85' lang='lat' dir='ltr'><strong>habet</strong></span> <span class='ocrx_word' id='word_1_521' title='bbox 1496 4454 1543 4498; x_wconf 85' lang='lat' dir='ltr'><strong>et</strong></span> <span class='ocrx_word' id='word_1_522' title='bbox 1570 4437 1868 4515; x_wconf 75' lang='lat' dir='ltr'><strong>germanam</strong></span> <span class='ocrx_word' id='word_1_523' title='bbox 1884 4437 2005 4499; x_wconf 75' lang='lat' dir='ltr'><strong>cuni</strong></span> 
     </span>
    </p>
   </div>
   <div class='ocr_carea' id='block_1_69' title="bbox 420 4508 2007 4586">
    <p class='ocr_par' dir='ltr' id='par_1_69' title="bbox 420 4508 2007 4586">
     <span class='ocr_line' id='line_1_70' title="bbox 420 4508 2007 4586; baseline 0.005 -27"><span class='ocrx_word' id='word_1_524' title='bbox 420 4508 551 4577; x_wconf 80' lang='lat' dir='ltr'><strong>Reg.</strong></span> <span class='ocrx_word' id='word_1_525' title='bbox 576 4511 628 4564; x_wconf 74' lang='lat'><strong>4.</strong></span> <span class='ocrx_word' id='word_1_526' title='bbox 656 4508 962 4583; x_wconf 75' lang='lat' dir='ltr'><strong>Aliquando</strong></span> <span class='ocrx_word' id='word_1_527' title='bbox 986 4516 1206 4586; x_wconf 84' lang='lat' dir='ltr'><strong>quidem</strong></span> <span class='ocrx_word' id='word_1_528' title='bbox 1236 4526 1284 4570; x_wconf 90' lang='lat' dir='ltr'><strong>et</strong></span> <span class='ocrx_word' id='word_1_529' title='bbox 1305 4508 1671 4571; x_wconf 58' lang='lat' dir='ltr'><strong>omissum&#39;est</strong></span> <span class='ocrx_word' id='word_1_530' title='bbox 1694 4531 1724 4570; x_wconf 88' lang='lat' dir='ltr'><strong>a</strong></span> <span class='ocrx_word' id='word_1_531' title='bbox 1750 4516 2007 4580; x_wconf 72' lang='lat' dir='ltr'><strong>librariis,</strong></span> 
     </span>
    </p>
   </div>
   <div class='ocr_carea' id='block_1_70' title="bbox 420 4586 2011 4657">
    <p class='ocr_par' dir='ltr' id='par_1_70' title="bbox 420 4586 2011 4657">
     <span class='ocr_line' id='line_1_71' title="bbox 420 4586 2011 4657; baseline 0.006 -23"><span class='ocrx_word' id='word_1_532' title='bbox 420 4593 541 4634; x_wconf 89' lang='lat' dir='ltr'><strong>cum</strong></span> <span class='ocrx_word' id='word_1_533' title='bbox 561 4587 879 4652; x_wconf 69' lang='lat' dir='ltr'><strong>praecedens</strong></span> <span class='ocrx_word' id='word_1_534' title='bbox 901 4602 1004 4657; x_wconf 81' lang='lat' dir='ltr'><strong>vox</strong></span> <span class='ocrx_word' id='word_1_535' title='bbox 1028 4586 1095 4640; x_wconf 89' lang='lat' dir='ltr'><strong>iis</strong></span> <span class='ocrx_word' id='word_1_536' title='bbox 1124 4587 1317 4642; x_wconf 88' lang='lat' dir='ltr'><strong>litteris</strong></span> <span class='ocrx_word' id='word_1_537' title='bbox 1344 4588 1697 4641; x_wconf 86' lang='lat' dir='ltr'><strong>terminatur:</strong></span> <span class='ocrx_word' id='word_1_538' title='bbox 1722 4588 2011 4657; x_wconf 88' lang='lat' dir='ltr'><strong>aliquando</strong></span> 
     </span>
    </p>
   </div>
   <div class='ocr_carea' id='block_1_71' title="bbox 420 4656 2010 4727">
    <p class='ocr_par' dir='ltr' id='par_1_71' title="bbox 420 4656 2010 4727">
     <span class='ocr_line' id='line_1_72' title="bbox 420 4656 2010 4727; baseline 0.008 -25"><span class='ocrx_word' id='word_1_539' title='bbox 420 4658 599 4727; x_wconf 79' lang='lat' dir='ltr'><strong>tamen</strong></span> <span class='ocrx_word' id='word_1_540' title='bbox 628 4670 693 4709; x_wconf 77' lang='lat' dir='ltr'><strong>ex</strong></span> <span class='ocrx_word' id='word_1_541' title='bbox 742 4656 1069 4727; x_wconf 77' lang='lat' dir='ltr'><strong>prmcedenti</strong></span> <span class='ocrx_word' id='word_1_542' title='bbox 1099 4673 1230 4713; x_wconf 88' lang='lat' dir='ltr'><strong>voce</strong></span> <span class='ocrx_word' id='word_1_543' title='bbox 1271 4658 1558 4726; x_wconf 90' lang='lat' dir='ltr'><strong>repetitum</strong></span> <span class='ocrx_word' id='word_1_544' title='bbox 1587 4667 1691 4713; x_wconf 86' lang='lat' dir='ltr'><strong>est.</strong></span> <span class='ocrx_word' id='word_1_545' title='bbox 1724 4657 1790 4710; x_wconf 87' lang='lat' dir='ltr'><strong>Et</strong></span> <span class='ocrx_word' id='word_1_546' title='bbox 1815 4656 2010 4726; x_wconf 84' lang='lat' dir='ltr'><strong>quam-</strong></span> 
     </span>
    </p>
   </div>
   <div class='ocr_carea' id='block_1_72' title="bbox 420 4721 2092 4809">
    <p class='ocr_par' dir='ltr' id='par_1_72' title="bbox 420 4721 2092 4809">
     <span class='ocr_line' id='line_1_73' title="bbox 420 4721 2092 4809; baseline 0.004 -31"><span class='ocrx_word' id='word_1_547' title='bbox 420 4726 509 4809; x_wconf 69' lang='lat' dir='ltr'><strong>vis</strong></span> <span class='ocrx_word' id='word_1_548' title='bbox 551 4721 653 4809; x_wconf 49' lang='lat' dir='ltr'><strong>hoc</strong></span> <span class='ocrx_word' id='word_1_549' title='bbox 699 4721 819 4809; x_wconf 57' lang='lat' dir='ltr'><strong>luco</strong></span> <span class='ocrx_word' id='word_1_550' title='bbox 853 4744 950 4809; x_wconf 83' lang='lat' dir='ltr'><strong>pro</strong></span> <span class='ocrx_word' id='word_1_551' title='bbox 992 4731 1145 4809; x_wconf 72' lang='lat' dir='ltr'><strong>etiam</strong></span> <span class='ocrx_word' id='word_1_552' title='bbox 1189 4721 1553 4809; x_wconf 51' lang='lat' dir='ltr'><strong>surni&#39;possit,</strong></span> <span class='ocrx_word' id='word_1_553' title='bbox 1600 4729 1795 4783; x_wconf 88' lang='lat' dir='ltr'><strong>melius</strong></span> <span class='ocrx_word' id='word_1_554' title='bbox 1830 4721 2007 4786; x_wconf 81' lang='lat' dir='ltr'><strong>tamen</strong></span> <span class='ocrx_word' id='word_1_555' title='bbox 2037 4749 2092 4809; x_wconf 82' lang='lat' dir='ltr'><strong>D</strong></span> 
     </span>
    </p>
   </div>
   <div class='ocr_carea' id='block_1_73' title="bbox 421 4795 2008 4921">
    <p class='ocr_par' dir='ltr' id='par_1_73' title="bbox 421 4795 2008 4921">
     <span class='ocr_line' id='line_1_74' title="bbox 421 4795 2008 4921; baseline 0.007 -75"><span class='ocrx_word' id='word_1_556' title='bbox 421 4802 553 4918; x_wconf 52' lang='lat' dir='ltr'><strong>put&#39;o</strong></span> <span class='ocrx_word' id='word_1_557' title='bbox 592 4795 1036 4921; x_wconf 67' lang='lat' dir='ltr'><strong>illuddmnittere.</strong></span> <span class='ocrx_word' id='word_1_558' title='bbox 1071 4800 1208 4873; x_wconf 87' lang='lat' dir='ltr'><strong>Reg.</strong></span> <span class='ocrx_word' id='word_1_559' title='bbox 1255 4801 1311 4867; x_wconf 80' lang='lat'><strong>2,</strong></span> <span class='ocrx_word' id='word_1_560' title='bbox 1345 4795 1601 4865; x_wconf 74' lang='lat' dir='ltr'><strong>amittere,</strong></span> <span class='ocrx_word' id='word_1_561' title='bbox 1631 4816 1732 4871; x_wconf 86' lang='lat' dir='ltr'><strong>quo</strong></span> <span class='ocrx_word' id='word_1_562' title='bbox 1759 4810 2008 4857; x_wconf 84' lang='lat' dir='ltr'><strong>vocatur:</strong></span> 
     </span>
     <span class='ocr_line' id='line_1_75' title="bbox 421 4879 799 4921; baseline 0.013 -5"><span class='ocrx_word' id='word_1_563' title='bbox 421 4881 499 4919; x_wconf 65' lang='lat' dir='ltr'><strong>me</strong></span> <span class='ocrx_word' id='word_1_564' title='bbox 526 4879 604 4920; x_wconf 86' lang='lat' dir='ltr'><strong>ert</strong></span> <span class='ocrx_word' id='word_1_565' title='bbox 640 4885 739 4921; x_wconf 84' lang='lat' dir='ltr'><strong>ano</strong></span> <span class='ocrx_word' id='word_1_566' title='bbox 784 4906 799 4921; x_wconf 95' lang='lat'><strong>.</strong></span> 
     </span>
    </p>
   </div>
   <div class='ocr_carea' id='block_1_74' title="bbox 421 4879 799 4931">
    <p class='ocr_par' dir='ltr' id='par_1_74' title="bbox 421 4879 799 4931">
     <span class='ocr_line' id='line_1_76' title="bbox 421 4879 799 4931; baseline 0.013 -15"><span class='ocrx_word' id='word_1_567' title='bbox 421 4879 604 4920; x_wconf 61' lang='lat' dir='ltr'><strong>«ueteri</strong></span> <span class='ocrx_word' id='word_1_568' title='bbox 640 4879 799 4931; x_wconf 82' lang='lat' dir='ltr'><strong>quod.</strong></span> 
     </span>
    </p>
   </div>
   <div class='ocr_carea' id='block_1_75' title="bbox 493 4956 2010 5035">
    <p class='ocr_par' dir='ltr' id='par_1_75' title="bbox 493 4956 2010 5035">
     <span class='ocr_line' id='line_1_77' title="bbox 493 4956 2010 5035; baseline 0.007 -22"><span class='ocrx_word' id='word_1_569' title='bbox 493 4956 757 5035; x_wconf 76' lang='lat' dir='ltr'><strong>86._Vat.</strong></span> <span class='ocrx_word' id='word_1_570' title='bbox 801 4960 868 5027; x_wconf 82' lang='lat'><strong>2,</strong></span> <span class='ocrx_word' id='word_1_571' title='bbox 912 4960 1047 5035; x_wconf 80' lang='lat' dir='ltr'><strong>Reg.</strong></span> <span class='ocrx_word' id='word_1_572' title='bbox 1090 4962 1160 5026; x_wconf 88' lang='lat'><strong>2,</strong></span> <span class='ocrx_word' id='word_1_573' title='bbox 1192 4962 1261 5027; x_wconf 94' lang='lat'><strong>4,</strong></span> <span class='ocrx_word' id='word_1_574' title='bbox 1292 4961 1766 5035; x_wconf 81' lang='lat' dir='ltr'><strong>Ald.,virginitati.</strong></span> <span class='ocrx_word' id='word_1_575' title='bbox 1799 4962 1911 5018; x_wconf 90' lang='lat' dir='ltr'><strong>Ott.</strong></span> <span class='ocrx_word' id='word_1_576' title='bbox 1945 4966 2010 5024; x_wconf 96' lang='grc'><strong>1.</strong></span> 
     </span>
    </p>
   </div>
   <div class='ocr_carea' id='block_1_76' title="bbox 425 5029 2011 5107">
    <p class='ocr_par' dir='ltr' id='par_1_76' title="bbox 425 5029 2011 5107">
     <span class='ocr_line' id='line_1_78' title="bbox 425 5029 2011 5107; baseline 0.004 -24"><span class='ocrx_word' id='word_1_577' title='bbox 425 5029 564 5107; x_wconf 61' lang='lat' dir='ltr'><strong>Reg.</strong></span> <span class='ocrx_word' id='word_1_578' title='bbox 588 5030 675 5107; x_wconf 80' lang='lat' dir='ltr'><strong>2_a</strong></span> <span class='ocrx_word' id='word_1_579' title='bbox 700 5047 813 5107; x_wconf 81' lang='lat' dir='ltr'><strong>sec.</strong></span> <span class='ocrx_word' id='word_1_580' title='bbox 848 5047 948 5099; x_wconf 94' lang='lat' dir='ltr'><strong>m.,</strong></span> <span class='ocrx_word' id='word_1_581' title='bbox 981 5029 1199 5107; x_wconf 35' lang='lat' dir='ltr'><strong>Regaﬁ,</strong></span> <span class='ocrx_word' id='word_1_582' title='bbox 1235 5034 1378 5089; x_wconf 79' lang='lat' dir='ltr'><strong>Alm.</strong></span> <span class='ocrx_word' id='word_1_583' title='bbox 1400 5076 1415 5099; x_wconf 93' lang='lat'><strong>,</strong></span> <span class='ocrx_word' id='word_1_584' title='bbox 1464 5029 1813 5107; x_wconf 68' lang='lat' dir='ltr'><strong>uirginitatis,</strong></span> <span class='ocrx_word' id='word_1_585' title='bbox 1866 5036 2011 5103; x_wconf 88' lang='lat' dir='ltr'><strong>quod</strong></span> 
     </span>
    </p>
   </div>
   <div class='ocr_carea' id='block_1_77' title="bbox 421 5101 2008 5177">
    <p class='ocr_par' dir='ltr' id='par_1_77' title="bbox 421 5101 2008 5177">
     <span class='ocr_line' id='line_1_79' title="bbox 421 5101 2008 5177; baseline 0.004 -21"><span class='ocrx_word' id='word_1_586' title='bbox 421 5101 590 5156; x_wconf 88' lang='lat' dir='ltr'><strong>edidit</strong></span> <span class='ocrx_word' id='word_1_587' title='bbox 625 5101 1138 5177; x_wconf 8' lang='lat' dir='ltr'><strong>l’uelmauuus,’setl</strong></span> <span class='ocrx_word' id='word_1_588' title='bbox 1170 5107 1221 5160; x_wconf 88' lang='lat' dir='ltr'><strong>in</strong></span> <span class='ocrx_word' id='word_1_589' title='bbox 1250 5108 1368 5174; x_wconf 84' lang='lat' dir='ltr'><strong>ejus</strong></span> <span class='ocrx_word' id='word_1_590' title='bbox 1403 5101 1620 5161; x_wconf 80' lang='lat' dir='ltr'><strong>schedis</strong></span> <span class='ocrx_word' id='word_1_591' title='bbox 1644 5101 2008 5177; x_wconf 33' lang='lat' dir='ltr'><strong>improba—tum</strong></span> 
     </span>
    </p>
   </div>
   <div class='ocr_carea' id='block_1_78' title="bbox 423 5175 2006 5243">
    <p class='ocr_par' dir='ltr' id='par_1_78' title="bbox 423 5175 2006 5243">
     <span class='ocr_line' id='line_1_80' title="bbox 423 5175 2006 5243; baseline 0.006 -17"><span class='ocrx_word' id='word_1_592' title='bbox 423 5183 673 5243; x_wconf 82' lang='lat' dir='ltr'><strong>apparet.</strong></span> <span class='ocrx_word' id='word_1_593' title='bbox 704 5175 815 5231; x_wconf 84' lang='lat' dir='ltr'><strong>Ott.</strong></span> <span class='ocrx_word' id='word_1_594' title='bbox 850 5176 903 5236; x_wconf 90' lang='grc'><strong>1.</strong></span> <span class='ocrx_word' id='word_1_595' title='bbox 940 5176 1089 5239; x_wconf 82' lang='lat' dir='ltr'><strong>Ald.,</strong></span> <span class='ocrx_word' id='word_1_596' title='bbox 1118 5177 1291 5231; x_wconf 85' lang='lat' dir='ltr'><strong>codex</strong></span> <span class='ocrx_word' id='word_1_597' title='bbox 1323 5177 1412 5241; x_wconf 81' lang='grc' dir='ltr'><strong>Β..</strong></span> <span class='ocrx_word' id='word_1_598' title='bbox 1447 5178 1592 5232; x_wconf 84' lang='lat' dir='ltr'><strong>Alm.</strong></span> <span class='ocrx_word' id='word_1_599' title='bbox 1627 5186 1681 5232; x_wconf 79' lang='lat' dir='ltr'><strong>et</strong></span> <span class='ocrx_word' id='word_1_600' title='bbox 1711 5175 1801 5233; x_wconf 83' lang='lat' dir='ltr'><strong>alii</strong></span> <span class='ocrx_word' id='word_1_601' title='bbox 1834 5179 2006 5235; x_wconf 85' lang='lat' dir='ltr'><strong>nostri</strong></span> 
     </span>
    </p>
   </div>
   <div class='ocr_carea' id='block_1_79' title="bbox 423 5247 2005 5322">
    <p class='ocr_par' dir='ltr' id='par_1_79' title="bbox 423 5247 2005 5322">
     <span class='ocr_line' id='line_1_81' title="bbox 423 5247 2005 5322; baseline 0.003 -23"><span class='ocrx_word' id='word_1_602' title='bbox 423 5260 581 5322; x_wconf 76' lang='lat' dir='ltr'><strong>mss.,</strong></span> <span class='ocrx_word' id='word_1_603' title='bbox 606 5263 825 5322; x_wconf 58' lang='lat' dir='ltr'><strong>manens</strong></span> <span class='ocrx_word' id='word_1_604' title='bbox 848 5247 1305 5322; x_wconf 31' lang='lat' dir='ltr'><strong>pttdicaaBartltii</strong></span> <span class='ocrx_word' id='word_1_605' title='bbox 1322 5249 1520 5313; x_wconf 81' lang='lat' dir='ltr'><strong>codex,</strong></span> <span class='ocrx_word' id='word_1_606' title='bbox 1568 5265 1784 5304; x_wconf 85' lang='lat' dir='ltr'><strong>manens</strong></span> <span class='ocrx_word' id='word_1_607' title='bbox 1811 5266 2005 5322; x_wconf 80' lang='lat' dir='ltr'><strong>perpu-</strong></span> 
     </span>
    </p>
   </div>
   <div class='ocr_carea' id='block_1_80' title="bbox 421 5316 2009 5392">
    <p class='ocr_par' dir='ltr' id='par_1_80' title="bbox 421 5316 2009 5392">
     <span class='ocr_line' id='line_1_82' title="bbox 421 5316 2009 5392; baseline 0.005 -23"><span class='ocrx_word' id='word_1_608' title='bbox 421 5316 560 5392; x_wconf 75' lang='lat' dir='ltr'><strong>ilica.</strong></span> <span class='ocrx_word' id='word_1_609' title='bbox 604 5316 919 5392; x_wconf 85' lang='lat' dir='ltr'><strong>Poelmatini</strong></span> <span class='ocrx_word' id='word_1_610' title='bbox 948 5319 1119 5392; x_wconf 84' lang='lat' dir='ltr'><strong>editio</strong></span> <span class='ocrx_word' id='word_1_611' title='bbox 1159 5330 1215 5376; x_wconf 90' lang='lat' dir='ltr'><strong>et</strong></span> <span class='ocrx_word' id='word_1_612' title='bbox 1236 5320 1359 5375; x_wconf 73' lang='lat' dir='ltr'><strong>alia:</strong></span> <span class='ocrx_word' id='word_1_613' title='bbox 1382 5363 1396 5385; x_wconf 96' lang='lat'><strong>,</strong></span> <span class='ocrx_word' id='word_1_614' title='bbox 1444 5336 1746 5392; x_wconf 80' lang='lat' dir='ltr'><strong>permanens</strong></span> <span class='ocrx_word' id='word_1_615' title='bbox 1769 5316 1959 5392; x_wconf 74' lang='lat' dir='ltr'><strong>pudica</strong></span> <span class='ocrx_word' id='word_1_616' title='bbox 1989 5338 2009 5376; x_wconf 90' lang='lat'><strong><em>:</em></strong></span> 
     </span>
    </p>
   </div>
   <div class='ocr_carea' id='block_1_81' title="bbox 421 5388 2005 5465">
    <p class='ocr_par' dir='ltr' id='par_1_81' title="bbox 421 5388 2005 5465">
     <span class='ocr_line' id='line_1_83' title="bbox 421 5388 2005 5465; baseline 0.003 -23"><span class='ocrx_word' id='word_1_617' title='bbox 421 5388 518 5465; x_wconf 72' lang='lat' dir='ltr'><strong>sed</strong></span> <span class='ocrx_word' id='word_1_618' title='bbox 546 5389 598 5465; x_wconf 83' lang='lat' dir='ltr'><strong>in</strong></span> <span class='ocrx_word' id='word_1_619' title='bbox 629 5391 848 5447; x_wconf 88' lang='lat' dir='ltr'><strong>schedis</strong></span> <span class='ocrx_word' id='word_1_620' title='bbox 877 5391 1082 5465; x_wconf 69' lang='lat' dir='ltr'><strong>Poelm.</strong></span> <span class='ocrx_word' id='word_1_621' title='bbox 1101 5392 1399 5465; x_wconf 84' lang='lat' dir='ltr'><strong>repositum</strong></span> <span class='ocrx_word' id='word_1_622' title='bbox 1428 5388 1529 5447; x_wconf 80' lang='lat' dir='ltr'><strong>fuit</strong></span> <span class='ocrx_word' id='word_1_623' title='bbox 1558 5388 2005 5465; x_wconf 58' lang='lat' dir='ltr'><strong>manens&#39;pudica.</strong></span> 
     </span>
    </p>
   </div>
   <div class='ocr_carea' id='block_1_82' title="bbox 423 5457 2010 5534">
    <p class='ocr_par' dir='ltr' id='par_1_82' title="bbox 423 5457 2010 5534">
     <span class='ocr_line' id='line_1_84' title="bbox 423 5457 2010 5534; baseline 0.003 -19"><span class='ocrx_word' id='word_1_624' title='bbox 423 5457 482 5534; x_wconf 68' lang='lat' dir='ltr'><strong>id</strong></span> <span class='ocrx_word' id='word_1_625' title='bbox 509 5461 670 5517; x_wconf 89' lang='lat' dir='ltr'><strong>etiam</strong></span> <span class='ocrx_word' id='word_1_626' title='bbox 699 5468 870 5534; x_wconf 85' lang='lat' dir='ltr'><strong>magis</strong></span> <span class='ocrx_word' id='word_1_627' title='bbox 899 5463 1100 5534; x_wconf 90' lang='lat' dir='ltr'><strong>placuit</strong></span> <span class='ocrx_word' id='word_1_628' title='bbox 1126 5457 1444 5532; x_wconf 58' lang='lat' dir='ltr'><strong>A&#39;rntzenio,</strong></span> <span class='ocrx_word' id='word_1_629' title='bbox 1477 5466 1599 5534; x_wconf 88' lang='lat' dir='ltr'><strong>quia</strong></span> <span class='ocrx_word' id='word_1_630' title='bbox 1625 5457 1854 5531; x_wconf 81' lang='lat' dir='ltr'><strong>simplex</strong></span> <span class='ocrx_word' id='word_1_631' title='bbox 1890 5479 2010 5519; x_wconf 85' lang='lat' dir='ltr'><strong>ver-</strong></span> 
     </span>
    </p>
   </div>
   <div class='ocr_carea' id='block_1_83' title="bbox 420 5529 2006 5602">
    <p class='ocr_par' dir='ltr' id='par_1_83' title="bbox 420 5529 2006 5602">
     <span class='ocr_line' id='line_1_85' title="bbox 420 5529 2006 5602; baseline 0.004 -17"><span class='ocrx_word' id='word_1_632' title='bbox 420 5529 547 5586; x_wconf 87' lang='lat' dir='ltr'><strong>bum</strong></span> <span class='ocrx_word' id='word_1_633' title='bbox 573 5536 624 5587; x_wconf 90' lang='lat' dir='ltr'><strong>in</strong></span> <span class='ocrx_word' id='word_1_634' title='bbox 655 5534 756 5591; x_wconf 89' lang='lat' dir='ltr'><strong>bac</strong></span> <span class='ocrx_word' id='word_1_635' title='bbox 786 5529 1061 5593; x_wconf 77' lang='lat' dir='ltr'><strong>locutione</strong></span> <span class='ocrx_word' id='word_1_636' title='bbox 1088 5536 1336 5592; x_wconf 89' lang='lat' dir='ltr'><strong>usitatius</strong></span> <span class='ocrx_word' id='word_1_637' title='bbox 1366 5529 1625 5592; x_wconf 71' lang='lat' dir='ltr'><strong>occurrit.</strong></span> <span class='ocrx_word' id='word_1_638' title='bbox 1664 5529 1860 5602; x_wconf 68' lang='lat' dir='ltr'><strong>Nupta:</strong></span> <span class='ocrx_word' id='word_1_639' title='bbox 1907 5534 2006 5592; x_wconf 87' lang='lat' dir='ltr'><strong>de-</strong></span> 
     </span>
    </p>
   </div>
   <div class='ocr_carea' id='block_1_84' title="bbox 420 5603 2004 5682">
    <p class='ocr_par' dir='ltr' id='par_1_84' title="bbox 420 5603 2004 5682">
     <span class='ocr_line' id='line_1_86' title="bbox 420 5603 2004 5682; baseline 0.004 -25"><span class='ocrx_word' id='word_1_640' title='bbox 420 5603 688 5682; x_wconf 82' lang='lat' dir='ltr'><strong>sideratur</strong></span> <span class='ocrx_word' id='word_1_641' title='bbox 737 5608 1023 5682; x_wconf 52' lang='lat' dir='ltr'><strong>inpudice</strong></span> <span class='ocrx_word' id='word_1_642' title='bbox 1073 5606 1432 5682; x_wconf 25' lang='lat' dir='ltr'><strong>ll.AConjngii</strong></span> <span class='ocrx_word' id='word_1_643' title='bbox 1494 5609 1686 5682; x_wconf 70' lang='lat' dir='ltr'><strong>[mttere</strong></span> <span class='ocrx_word' id='word_1_644' title='bbox 1737 5608 2004 5678; x_wconf 82' lang='lat' dir='ltr'><strong>elegantia</strong></span> 
     </span>
    </p>
   </div>
   <div class='ocr_carea' id='block_1_85' title="bbox 417 5677 2004 5800">
    <p class='ocr_par' dir='ltr' id='par_1_85' title="bbox 417 5677 2004 5800">
     <span class='ocr_line' id='line_1_87' title="bbox 417 5677 2004 5800; baseline 0.006 -75"><span class='ocrx_word' id='word_1_645' title='bbox 417 5683 583 5800; x_wconf 52' lang='lat' dir='ltr'><strong>gnta,</strong></span> <span class='ocrx_word' id='word_1_646' title='bbox 635 5677 906 5735; x_wconf 82' lang='lat' dir='ltr'><strong>similibus</strong></span> <span class='ocrx_word' id='word_1_647' title='bbox 960 5679 1226 5751; x_wconf 75' lang='lat' dir='ltr'><strong>exemplis</strong></span> <span class='ocrx_word' id='word_1_648' title='bbox 1278 5677 1700 5736; x_wconf 71' lang='lat' dir='ltr'><strong>ab&#39;Arntzenio</strong></span> <span class='ocrx_word' id='word_1_649' title='bbox 1747 5693 2004 5751; x_wconf 90' lang='lat' dir='ltr'><strong>compro-</strong></span> 
     </span>
     <span class='ocr_line' id='line_1_88' title="bbox 453 5760 563 5800; baseline 0.009 -2"><span class='ocrx_word' id='word_1_650' title='bbox 453 5760 481 5799; x_wconf 82' lang='lat' dir='ltr'><strong>a</strong></span> <span class='ocrx_word' id='word_1_651' title='bbox 512 5760 563 5800; x_wconf 87' lang='lat' dir='ltr'><strong>a.</strong></span> 
     </span>
    </p>
   </div>
   <div class='ocr_carea' id='block_1_86' title="bbox 453 5760 563 5800">
    <p class='ocr_par' dir='ltr' id='par_1_86' title="bbox 453 5760 563 5800">
     <span class='ocr_line' id='line_1_89' title="bbox 453 5760 563 5800; baseline 0.009 -1"><span class='ocrx_word' id='word_1_652' title='bbox 453 5760 563 5800; x_wconf 86' lang='lat' dir='ltr'><strong>ata.</strong></span> 
     </span>
    </p>
   </div>
   <div class='ocr_carea' id='block_1_87' title="bbox 2035 3353 2082 3416">
    <p class='ocr_par' dir='ltr' id='par_1_87' title="bbox 2035 3353 2082 3416">
     <span class='ocr_line' id='line_1_90' title="bbox 2035 3353 2082 3416; baseline 0 0"><span class='ocrx_word' id='word_1_653' title='bbox 2035 3353 2082 3416; x_wconf 87' lang='lat' dir='ltr'><strong>C</strong></span> 
     </span>
    </p>
   </div>
   <div class='ocr_carea' id='block_1_88' title="bbox 2104 2028 2881 2097">
    <p class='ocr_par' dir='ltr' id='par_1_88' title="bbox 2104 2028 2881 2097">
     <span class='ocr_line' id='line_1_91' title="bbox 2104 2028 2881 2097; baseline -0.012 -8"><span class='ocrx_word' id='word_1_654' title='bbox 2104 2034 2336 2090; x_wconf 83' lang='lat' dir='ltr'><strong>Monast.</strong></span> <span class='ocrx_word' id='word_1_655' title='bbox 2362 2031 2430 2084; x_wconf 86' lang='lat' dir='ltr'><strong>ad</strong></span> <span class='ocrx_word' id='word_1_656' title='bbox 2460 2029 2569 2083; x_wconf 76' lang='lat' dir='ltr'><strong>Itwc</strong></span> <span class='ocrx_word' id='word_1_657' title='bbox 2620 2045 2733 2097; x_wconf 91' lang='lat' dir='ltr'><strong>ego.</strong></span> <span class='ocrx_word' id='word_1_658' title='bbox 2767 2028 2881 2097; x_wconf 86' lang='lat' dir='ltr'><strong>Reg</strong></span> 
     </span>
    </p>
   </div>
   <div class='ocr_carea' id='block_1_89' title="bbox 2111 2096 3708 2173">
    <p class='ocr_par' dir='ltr' id='par_1_89' title="bbox 2111 2096 3708 2173">
     <span class='ocr_line' id='line_1_92' title="bbox 2111 2096 3708 2173; baseline -0.003 -14"><span class='ocrx_word' id='word_1_659' title='bbox 2111 2105 2248 2173; x_wconf 82' lang='lat' dir='ltr'><strong>Reg.</strong></span> <span class='ocrx_word' id='word_1_660' title='bbox 2281 2104 2336 2171; x_wconf 84' lang='lat'><strong>&#39;5,</strong></span> <span class='ocrx_word' id='word_1_661' title='bbox 2371 2118 2462 2172; x_wconf 86' lang='lat' dir='ltr'><strong>ego</strong></span> <span class='ocrx_word' id='word_1_662' title='bbox 2489 2103 2557 2154; x_wconf 84' lang='lat' dir='ltr'><strong>ad</strong></span> <span class='ocrx_word' id='word_1_663' title='bbox 2583 2096 2741 2173; x_wconf 57' lang='lat' dir='ltr'><strong>haec;</strong></span> <span class='ocrx_word' id='word_1_664' title='bbox 2770 2096 3047 2153; x_wconf 43' lang='lat' dir='ltr'><strong>sic&#39;edidit</strong></span> <span class='ocrx_word' id='word_1_665' title='bbox 3082 2096 3435 2165; x_wconf 83' lang='lat' dir='ltr'><strong>Arntzenius,</strong></span> <span class='ocrx_word' id='word_1_666' title='bbox 3465 2099 3558 2167; x_wconf 91' lang='lat' dir='ltr'><strong>qui</strong></span> <span class='ocrx_word' id='word_1_667' title='bbox 3591 2096 3708 2155; x_wconf 78' lang='lat' dir='ltr'><strong>ele-</strong></span> 
     </span>
    </p>
   </div>
   <div class='ocr_carea' id='block_1_90' title="bbox 2107 2172 3705 2247">
    <p class='ocr_par' dir='ltr' id='par_1_90' title="bbox 2107 2172 3705 2247">
     <span class='ocr_line' id='line_1_93' title="bbox 2107 2172 3705 2247; baseline -0.003 -17"><span class='ocrx_word' id='word_1_668' title='bbox 2107 2172 2545 2247; x_wconf 84' lang='lat' dir='ltr'><strong>gantiamnotat,</strong></span> <span class='ocrx_word' id='word_1_669' title='bbox 2567 2172 2710 2247; x_wconf 77' lang='lat' dir='ltr'><strong>quod</strong></span> <span class='ocrx_word' id='word_1_670' title='bbox 2743 2184 3041 2247; x_wconf 79' lang='lat' dir='ltr'><strong>pronomen</strong></span> <span class='ocrx_word' id='word_1_671' title='bbox 3065 2186 3166 2247; x_wconf 74' lang='lat' dir='ltr'><strong>ego</strong></span> <span class='ocrx_word' id='word_1_672' title='bbox 3187 2179 3705 2247; x_wconf 68' lang='lat' dir='ltr'><strong>pratponatur,cum</strong></span> 
     </span>
    </p>
   </div>
   <div class='ocr_carea' id='block_1_91' title="bbox 2111 2239 3708 2312">
    <p class='ocr_par' dir='ltr' id='par_1_91' title="bbox 2111 2239 3708 2312">
     <span class='ocr_line' id='line_1_94' title="bbox 2111 2239 3708 2312; baseline -0.003 -11"><span class='ocrx_word' id='word_1_673' title='bbox 2111 2239 2227 2302; x_wconf 67' lang='lat' dir='ltr'><strong>lucc</strong></span> <span class='ocrx_word' id='word_1_674' title='bbox 2252 2246 2418 2302; x_wconf 82' lang='lat' dir='ltr'><strong>verba</strong></span> <span class='ocrx_word' id='word_1_675' title='bbox 2443 2239 2705 2299; x_wconf 78' lang='lat' dir='ltr'><strong>orationis</strong></span> <span class='ocrx_word' id='word_1_676' title='bbox 2737 2239 2898 2312; x_wconf 86' lang='lat' dir='ltr'><strong>paulo</strong></span> <span class='ocrx_word' id='word_1_677' title='bbox 2928 2239 3199 2311; x_wconf 77' lang='lat' dir='ltr'><strong>gravioris</strong></span> <span class='ocrx_word' id='word_1_678' title='bbox 3228 2239 3465 2311; x_wconf 88' lang='lat' dir='ltr'><strong>speciem</strong></span> <span class='ocrx_word' id='word_1_679' title='bbox 3496 2257 3612 2311; x_wconf 68' lang='lat' dir='ltr'><strong>pra:</strong></span> <span class='ocrx_word' id='word_1_680' title='bbox 3643 2258 3708 2298; x_wconf 85' lang='lat' dir='ltr'><strong>se</strong></span> 
     </span>
    </p>
   </div>
   <div class='ocr_carea' id='block_1_92' title="bbox 2108 2312 3705 2386">
    <p class='ocr_par' dir='ltr' id='par_1_92' title="bbox 2108 2312 3705 2386">
     <span class='ocr_line' id='line_1_95' title="bbox 2108 2312 3705 2386; baseline -0.002 -14"><span class='ocrx_word' id='word_1_681' title='bbox 2108 2318 2304 2373; x_wconf 83' lang='lat' dir='ltr'><strong>lerant.</strong></span> <span class='ocrx_word' id='word_1_682' title='bbox 2337 2316 2502 2371; x_wconf 89' lang='lat' dir='ltr'><strong>Multa</strong></span> <span class='ocrx_word' id='word_1_683' title='bbox 2522 2316 2739 2386; x_wconf 88' lang='lat' dir='ltr'><strong>quidem</strong></span> <span class='ocrx_word' id='word_1_684' title='bbox 2769 2321 2896 2368; x_wconf 91' lang='lat' dir='ltr'><strong>sunt</strong></span> <span class='ocrx_word' id='word_1_685' title='bbox 2924 2314 3083 2367; x_wconf 89' lang='lat' dir='ltr'><strong>istius</strong></span> <span class='ocrx_word' id='word_1_686' title='bbox 3110 2312 3258 2386; x_wconf 80' lang='lat' dir='ltr'><strong>modi</strong></span> <span class='ocrx_word' id='word_1_687' title='bbox 3286 2313 3535 2386; x_wconf 75' lang='lat' dir='ltr'><strong>exempla</strong></span> <span class='ocrx_word' id='word_1_688' title='bbox 3564 2330 3579 2366; x_wconf 90' lang='lat'><strong>:</strong></span> <span class='ocrx_word' id='word_1_689' title='bbox 3604 2313 3705 2369; x_wconf 87' lang='lat' dir='ltr'><strong>sed</strong></span> 
     </span>
    </p>
   </div>
   <div class='ocr_carea' id='block_1_93' title="bbox 2107 2384 3705 2459">
    <p class='ocr_par' dir='ltr' id='par_1_93' title="bbox 2107 2384 3705 2459">
     <span class='ocr_line' id='line_1_96' title="bbox 2107 2384 3705 2459; baseline -0.001 -16"><span class='ocrx_word' id='word_1_690' title='bbox 2107 2406 2215 2445; x_wconf 87' lang='lat' dir='ltr'><strong>non</strong></span> <span class='ocrx_word' id='word_1_691' title='bbox 2239 2390 2490 2459; x_wconf 88' lang='lat' dir='ltr'><strong>pauciora</strong></span> <span class='ocrx_word' id='word_1_692' title='bbox 2523 2384 2669 2448; x_wconf 80' lang='lat' dir='ltr'><strong>sunt,</strong></span> <span class='ocrx_word' id='word_1_693' title='bbox 2703 2386 2975 2456; x_wconf 85' lang='lat' dir='ltr'><strong>inquibus</strong></span> <span class='ocrx_word' id='word_1_694' title='bbox 3002 2384 3374 2459; x_wconf 78' lang='lat' dir='ltr'><strong>postponitur.</strong></span> <span class='ocrx_word' id='word_1_695' title='bbox 3407 2384 3466 2439; x_wconf 84' lang='lat' dir='ltr'><strong>In</strong></span> <span class='ocrx_word' id='word_1_696' title='bbox 3499 2384 3635 2456; x_wconf 84' lang='lat' dir='ltr'><strong>Reg.</strong></span> <span class='ocrx_word' id='word_1_697' title='bbox 3650 2387 3705 2459; x_wconf 76' lang='lat'><strong>_5</strong></span> 
     </span>
    </p>
   </div>
   <div class='ocr_carea' id='block_1_94' title="bbox 2106 2454 3706 2531">
    <p class='ocr_par' dir='ltr' id='par_1_94' title="bbox 2106 2454 3706 2531">
     <span class='ocr_line' id='line_1_97' title="bbox 2106 2454 3706 2531; baseline -0.002 -15"><span class='ocrx_word' id='word_1_698' title='bbox 2106 2454 2328 2517; x_wconf 78' lang='lat' dir='ltr'><strong>additur</strong></span> <span class='ocrx_word' id='word_1_699' title='bbox 2372 2476 2495 2531; x_wconf 84' lang='lat' dir='ltr'><strong>ergo</strong></span> <span class='ocrx_word' id='word_1_700' title='bbox 2518 2501 2533 2525; x_wconf 95' lang='lat'><strong>,</strong></span> <span class='ocrx_word' id='word_1_701' title='bbox 2563 2473 2758 2531; x_wconf 79' lang='lat' dir='ltr'><strong>nempe</strong></span> <span class='ocrx_word' id='word_1_702' title='bbox 2779 2454 2813 2523; x_wconf 63' lang='grc'><strong>,⁷</strong></span> <span class='ocrx_word' id='word_1_703' title='bbox 2827 2473 2921 2528; x_wconf 86' lang='lat' dir='ltr'><strong>ego</strong></span> <span class='ocrx_word' id='word_1_704' title='bbox 2941 2458 3008 2531; x_wconf 88' lang='lat' dir='ltr'><strong>ad</strong></span> <span class='ocrx_word' id='word_1_705' title='bbox 3038 2454 3150 2510; x_wconf 75' lang='lat' dir='ltr'><strong>luet:</strong></span> <span class='ocrx_word' id='word_1_706' title='bbox 3174 2472 3295 2529; x_wconf 88' lang='lat' dir='ltr'><strong>ergo</strong></span> <span class='ocrx_word' id='word_1_707' title='bbox 3343 2454 3616 2531; x_wconf 64' lang='lat' dir='ltr'><strong>congrua}</strong></span> <span class='ocrx_word' id='word_1_708' title='bbox 3647 2457 3706 2513; x_wconf 87' lang='lat' dir='ltr'><strong>in</strong></span> 
     </span>
    </p>
   </div>
   <div class='ocr_carea' id='block_1_95' title="bbox 2110 2528 3705 2600">
    <p class='ocr_par' dir='ltr' id='par_1_95' title="bbox 2110 2528 3705 2600">
     <span class='ocr_line' id='line_1_98' title="bbox 2110 2528 3705 2600; baseline -0.003 -12"><span class='ocrx_word' id='word_1_709' title='bbox 2110 2532 2334 2600; x_wconf 77' lang='lat' dir='ltr'><strong>reliquis</strong></span> <span class='ocrx_word' id='word_1_710' title='bbox 2364 2528 2537 2585; x_wconf 74' lang='lat' dir='ltr'><strong>deest.</strong></span> <span class='ocrx_word' id='word_1_711' title='bbox 2562 2530 2698 2586; x_wconf 83' lang='lat' dir='ltr'><strong>Cod.</strong></span> <span class='ocrx_word' id='word_1_712' title='bbox 2733 2530 2821 2591; x_wconf 78' lang='grc' dir='ltr'><strong>Β..</strong></span> <span class='ocrx_word' id='word_1_713' title='bbox 2853 2528 3245 2598; x_wconf 72' lang='lat' dir='ltr'><strong>perfringatur;</strong></span> <span class='ocrx_word' id='word_1_714' title='bbox 3274 2528 3459 2600; x_wconf 79' lang='lat' dir='ltr'><strong>retine</strong></span> <span class='ocrx_word' id='word_1_715' title='bbox 3483 2533 3705 2600; x_wconf 77' lang='lat' dir='ltr'><strong>perfun-</strong></span> 
     </span>
    </p>
   </div>
   <div class='ocr_carea' id='block_1_96' title="bbox 2107 2599 3699 2675">
    <p class='ocr_par' dir='ltr' id='par_1_96' title="bbox 2107 2599 3699 2675">
     <span class='ocr_line' id='line_1_99' title="bbox 2107 2599 3699 2675; baseline -0.001 -19"><span class='ocrx_word' id='word_1_716' title='bbox 2107 2599 2477 2675; x_wconf 30' lang='lat' dir='ltr'><strong>gar.’Sched;e</strong></span> <span class='ocrx_word' id='word_1_717' title='bbox 2508 2602 2715 2675; x_wconf 79' lang='lat' dir='ltr'><strong>Poelm.</strong></span> <span class='ocrx_word' id='word_1_718' title='bbox 2757 2600 3048 2675; x_wconf 60' lang='lat' dir='ltr'><strong>delendum</strong></span> <span class='ocrx_word' id='word_1_719' title='bbox 3077 2604 3304 2675; x_wconf 74' lang='lat' dir='ltr'><strong>censent</strong></span> <span class='ocrx_word' id='word_1_720' title='bbox 3353 2599 3699 2675; x_wconf 59' lang='lat' dir='ltr'><strong>demigrent],</strong></span> 
     </span>
    </p>
   </div>
   <div class='ocr_carea' id='block_1_97' title="bbox 2108 2671 3701 2743">
    <p class='ocr_par' dir='ltr' id='par_1_97' title="bbox 2108 2671 3701 2743">
     <span class='ocr_line' id='line_1_100' title="bbox 2108 2671 3701 2743; baseline -0.003 -13"><span class='ocrx_word' id='word_1_721' title='bbox 2108 2671 2257 2731; x_wconf 72' lang='lat' dir='ltr'><strong>Alm.</strong></span> <span class='ocrx_word' id='word_1_722' title='bbox 2280 2674 2443 2729; x_wconf 89' lang='lat' dir='ltr'><strong>habet</strong></span> <span class='ocrx_word' id='word_1_723' title='bbox 2475 2675 2544 2727; x_wconf 90' lang='lat' dir='ltr'><strong>mi</strong></span> <span class='ocrx_word' id='word_1_724' title='bbox 2568 2674 2808 2739; x_wconf 85' lang='lat' dir='ltr'><strong>domine;</strong></span> <span class='ocrx_word' id='word_1_725' title='bbox 2831 2672 2969 2743; x_wconf 87' lang='lat' dir='ltr'><strong>Reg.</strong></span> <span class='ocrx_word' id='word_1_726' title='bbox 3001 2672 3059 2738; x_wconf 82' lang='lat'><strong>2,</strong></span> <span class='ocrx_word' id='word_1_727' title='bbox 3089 2672 3299 2726; x_wconf 89' lang='lat' dir='ltr'><strong>omittit</strong></span> <span class='ocrx_word' id='word_1_728' title='bbox 3340 2672 3435 2726; x_wconf 82' lang='lat' dir='ltr'><strong>uti.</strong></span> <span class='ocrx_word' id='word_1_729' title='bbox 3470 2671 3593 2728; x_wconf 83' lang='lat' dir='ltr'><strong>Vat.</strong></span> <span class='ocrx_word' id='word_1_730' title='bbox 3642 2672 3701 2736; x_wconf 88' lang='lat'><strong>2,</strong></span> 
     </span>
    </p>
   </div>
   <div class='ocr_carea' id='block_1_98' title="bbox 2110 2744 3704 2815">
    <p class='ocr_par' dir='ltr' id='par_1_98' title="bbox 2110 2744 3704 2815">
     <span class='ocr_line' id='line_1_101' title="bbox 2110 2744 3704 2815; baseline 0 -15"><span class='ocrx_word' id='word_1_731' title='bbox 2110 2747 2233 2801; x_wconf 88' lang='lat' dir='ltr'><strong>Ald.</strong></span> <span class='ocrx_word' id='word_1_732' title='bbox 2259 2761 2381 2800; x_wconf 90' lang='lat' dir='ltr'><strong>cum</strong></span> <span class='ocrx_word' id='word_1_733' title='bbox 2414 2745 2632 2801; x_wconf 86' lang='lat' dir='ltr'><strong>schedis</strong></span> <span class='ocrx_word' id='word_1_734' title='bbox 2680 2745 2887 2800; x_wconf 78' lang='lat' dir='ltr'><strong>Poelm.</strong></span> <span class='ocrx_word' id='word_1_735' title='bbox 2946 2760 3009 2798; x_wconf 87' lang='lat' dir='ltr'><strong>ne</strong></span> <span class='ocrx_word' id='word_1_736' title='bbox 3028 2787 3043 2812; x_wconf 90' lang='lat'><strong>,</strong></span> <span class='ocrx_word' id='word_1_737' title='bbox 3072 2758 3247 2814; x_wconf 64' lang='lat' dir='ltr'><strong>quaeso</strong></span> <span class='ocrx_word' id='word_1_738' title='bbox 3276 2784 3292 2809; x_wconf 96' lang='lat'><strong>,</strong></span> <span class='ocrx_word' id='word_1_739' title='bbox 3323 2750 3472 2815; x_wconf 67' lang='lat' dir='ltr'><strong>pater</strong></span> <span class='ocrx_word' id='word_1_740' title='bbox 3496 2788 3511 2810; x_wconf 91' lang='lat'><strong>,</strong></span> <span class='ocrx_word' id='word_1_741' title='bbox 3564 2753 3619 2800; x_wconf 86' lang='lat' dir='ltr'><strong>et</strong></span> <span class='ocrx_word' id='word_1_742' title='bbox 3647 2744 3704 2800; x_wconf 87' lang='lat' dir='ltr'><strong>in</strong></span> 
     </span>
    </p>
   </div>
   <div class='ocr_carea' id='block_1_99' title="bbox 2115 2814 3703 2888">
    <p class='ocr_par' dir='ltr' id='par_1_99' title="bbox 2115 2814 3703 2888">
     <span class='ocr_line' id='line_1_102' title="bbox 2115 2814 3703 2888; baseline -0.001 -15"><span class='ocrx_word' id='word_1_743' title='bbox 2115 2817 2236 2873; x_wconf 84' lang='lat' dir='ltr'><strong>Vat.</strong></span> <span class='ocrx_word' id='word_1_744' title='bbox 2270 2817 2326 2881; x_wconf 82' lang='lat'><strong>2,</strong></span> <span class='ocrx_word' id='word_1_745' title='bbox 2359 2817 2575 2871; x_wconf 82' lang='lat' dir='ltr'><strong>videtur</strong></span> <span class='ocrx_word' id='word_1_746' title='bbox 2603 2816 2773 2871; x_wconf 82' lang='lat' dir='ltr'><strong>fuisse</strong></span> <span class='ocrx_word' id='word_1_747' title='bbox 2800 2832 2860 2869; x_wconf 88' lang='lat' dir='ltr'><strong>ne</strong></span> <span class='ocrx_word' id='word_1_748' title='bbox 2894 2831 3068 2888; x_wconf 70' lang='lat' dir='ltr'><strong>quiusa</strong></span> <span class='ocrx_word' id='word_1_749' title='bbox 3114 2823 3189 2880; x_wconf 89' lang='lat' dir='ltr'><strong>te,</strong></span> <span class='ocrx_word' id='word_1_750' title='bbox 3223 2814 3389 2888; x_wconf 77' lang='lat' dir='ltr'><strong>pater.</strong></span> <span class='ocrx_word' id='word_1_751' title='bbox 3442 2814 3703 2888; x_wconf 72' lang='lat' dir='ltr'><strong>Plerique</strong></span> 
     </span>
    </p>
   </div>
   <div class='ocr_carea' id='block_1_100' title="bbox 2114 2885 3702 2959">
    <p class='ocr_par' dir='ltr' id='par_1_100' title="bbox 2114 2885 3702 2959">
     <span class='ocr_line' id='line_1_103' title="bbox 2114 2885 3702 2959; baseline 0.001 -18"><span class='ocrx_word' id='word_1_752' title='bbox 2114 2905 2179 2942; x_wconf 87' lang='lat' dir='ltr'><strong>ne</strong></span> <span class='ocrx_word' id='word_1_753' title='bbox 2202 2905 2375 2959; x_wconf 76' lang='lat' dir='ltr'><strong>quwso</strong></span> <span class='ocrx_word' id='word_1_754' title='bbox 2394 2930 2407 2953; x_wconf 97' lang='lat'><strong>,</strong></span> <span class='ocrx_word' id='word_1_755' title='bbox 2435 2890 2643 2942; x_wconf 83' lang='lat' dir='ltr'><strong>domine</strong></span> <span class='ocrx_word' id='word_1_756' title='bbox 2664 2930 2678 2953; x_wconf 94' lang='lat'><strong>,</strong></span> <span class='ocrx_word' id='word_1_757' title='bbox 2724 2890 2794 2941; x_wconf 88' lang='lat' dir='ltr'><strong>mi</strong></span> <span class='ocrx_word' id='word_1_758' title='bbox 2818 2885 2986 2954; x_wconf 81' lang='lat' dir='ltr'><strong>pater.</strong></span> <span class='ocrx_word' id='word_1_759' title='bbox 3020 2887 3152 2957; x_wconf 88' lang='lat' dir='ltr'><strong>Reg.</strong></span> <span class='ocrx_word' id='word_1_760' title='bbox 3179 2887 3213 2941; x_wconf 58' lang='grc' dir='ltr'><strong>ἓ</strong></span> <span class='ocrx_word' id='word_1_761' title='bbox 3237 2896 3261 2954; x_wconf 87' lang='grc'><strong>,“</strong></span> <span class='ocrx_word' id='word_1_762' title='bbox 3302 2885 3434 2959; x_wconf 71' lang='lat' dir='ltr'><strong>Vat.</strong></span> <span class='ocrx_word' id='word_1_763' title='bbox 3457 2886 3517 2950; x_wconf 75' lang='lat'><strong>2,</strong></span> <span class='ocrx_word' id='word_1_764' title='bbox 3550 2887 3702 2955; x_wconf 78' lang='lat' dir='ltr'><strong>Ald.,</strong></span> 
     </span>
    </p>
   </div>
   <div class='ocr_carea' id='block_1_101' title="bbox 2114 2958 3710 3031">
    <p class='ocr_par' dir='ltr' id='par_1_101' title="bbox 2114 2958 3710 3031">
     <span class='ocr_line' id='line_1_104' title="bbox 2114 2958 3710 3031; baseline 0 -18"><span class='ocrx_word' id='word_1_765' title='bbox 2114 2958 2331 3030; x_wconf 82' lang='lat' dir='ltr'><strong>diligere</strong></span> <span class='ocrx_word' id='word_1_766' title='bbox 2352 2960 2610 3031; x_wconf 81' lang='lat' dir='ltr'><strong>proﬁteris</strong></span> <span class='ocrx_word' id='word_1_767' title='bbox 2643 2960 2774 3014; x_wconf 88' lang='lat' dir='ltr'><strong>:alii</strong></span> <span class='ocrx_word' id='word_1_768' title='bbox 2808 2959 2982 3014; x_wconf 91' lang='lat' dir='ltr'><strong>nostri</strong></span> <span class='ocrx_word' id='word_1_769' title='bbox 3025 2974 3185 3031; x_wconf 74' lang='lat' dir='ltr'><strong>tuss.,</strong></span> <span class='ocrx_word' id='word_1_770' title='bbox 3212 2958 3426 3030; x_wconf 80' lang='lat' dir='ltr'><strong>diligere</strong></span> <span class='ocrx_word' id='word_1_771' title='bbox 3467 2966 3517 3013; x_wconf 89' lang='lat' dir='ltr'><strong>te</strong></span> <span class='ocrx_word' id='word_1_772' title='bbox 3540 2960 3710 3031; x_wconf 74' lang='lat' dir='ltr'><strong>preﬁ—</strong></span> 
     </span>
    </p>
   </div>
   <div class='ocr_carea' id='block_1_102' title="bbox 2112 3029 3706 3100">
    <p class='ocr_par' dir='ltr' id='par_1_102' title="bbox 2112 3029 3706 3100">
     <span class='ocr_line' id='line_1_105' title="bbox 2112 3029 3706 3100; baseline -0.001 -16"><span class='ocrx_word' id='word_1_773' title='bbox 2112 3029 2256 3085; x_wconf 83' lang='lat' dir='ltr'><strong>leris.</strong></span> <span class='ocrx_word' id='word_1_774' title='bbox 2293 3029 2545 3087; x_wconf 83' lang='lat' dir='ltr'><strong>Barthius</strong></span> <span class='ocrx_word' id='word_1_775' title='bbox 2576 3033 2628 3086; x_wconf 92' lang='lat' dir='ltr'><strong>in</strong></span> <span class='ocrx_word' id='word_1_776' title='bbox 2658 3046 2758 3086; x_wconf 91' lang='lat' dir='ltr'><strong>suo</strong></span> <span class='ocrx_word' id='word_1_777' title='bbox 2786 3047 2887 3086; x_wconf 90' lang='lat' dir='ltr'><strong>ms.</strong></span> <span class='ocrx_word' id='word_1_778' title='bbox 2917 3031 3124 3100; x_wconf 88' lang='lat' dir='ltr'><strong>reperit</strong></span> <span class='ocrx_word' id='word_1_779' title='bbox 3151 3029 3389 3097; x_wconf 85' lang='lat' dir='ltr'><strong>deteras,</strong></span> <span class='ocrx_word' id='word_1_780' title='bbox 3442 3029 3587 3097; x_wconf 74' lang='lat' dir='ltr'><strong>quad</strong></span> <span class='ocrx_word' id='word_1_781' title='bbox 3617 3032 3706 3084; x_wconf 81' lang='lat' dir='ltr'><strong>vi-</strong></span> 
     </span>
    </p>
   </div>
   <div class='ocr_carea' id='block_1_103' title="bbox 2112 3100 3704 3172">
    <p class='ocr_par' dir='ltr' id='par_1_103' title="bbox 2112 3100 3704 3172">
     <span class='ocr_line' id='line_1_106' title="bbox 2112 3100 3704 3172; baseline -0.001 -15"><span class='ocrx_word' id='word_1_782' title='bbox 2112 3102 2269 3157; x_wconf 90' lang='lat' dir='ltr'><strong>detur</strong></span> <span class='ocrx_word' id='word_1_783' title='bbox 2293 3104 2618 3172; x_wconf 85' lang='lat' dir='ltr'><strong>approbare,</strong></span> <span class='ocrx_word' id='word_1_784' title='bbox 2650 3102 2775 3172; x_wconf 88' lang='lat' dir='ltr'><strong>quia</strong></span> <span class='ocrx_word' id='word_1_785' title='bbox 2807 3102 3026 3158; x_wconf 88' lang='lat' dir='ltr'><strong>Tacitus</strong></span> <span class='ocrx_word' id='word_1_786' title='bbox 3056 3111 3111 3155; x_wconf 92' lang='lat' dir='ltr'><strong>et</strong></span> <span class='ocrx_word' id='word_1_787' title='bbox 3144 3102 3401 3172; x_wconf 87' lang='lat' dir='ltr'><strong>Horatius</strong></span> <span class='ocrx_word' id='word_1_788' title='bbox 3427 3100 3504 3157; x_wconf 91' lang='lat' dir='ltr'><strong>ita</strong></span> <span class='ocrx_word' id='word_1_789' title='bbox 3536 3101 3704 3158; x_wconf 92' lang='lat' dir='ltr'><strong>locuti</strong></span> 
     </span>
    </p>
   </div>
   <div class='ocr_carea' id='block_1_104' title="bbox 2111 3171 3708 3244">
    <p class='ocr_par' dir='ltr' id='par_1_104' title="bbox 2111 3171 3708 3244">
     <span class='ocr_line' id='line_1_107' title="bbox 2111 3171 3708 3244; baseline 0.001 -17"><span class='ocrx_word' id='word_1_790' title='bbox 2111 3184 2258 3227; x_wconf 92' lang='lat' dir='ltr'><strong>sunt.</strong></span> <span class='ocrx_word' id='word_1_791' title='bbox 2288 3174 2523 3228; x_wconf 86' lang='lat' dir='ltr'><strong>Probum</strong></span> <span class='ocrx_word' id='word_1_792' title='bbox 2549 3171 2901 3229; x_wconf 88' lang='lat' dir='ltr'><strong>nihilominus</strong></span> <span class='ocrx_word' id='word_1_793' title='bbox 2934 3183 3018 3229; x_wconf 88' lang='lat' dir='ltr'><strong>est</strong></span> <span class='ocrx_word' id='word_1_794' title='bbox 3045 3172 3305 3227; x_wconf 87' lang='lat' dir='ltr'><strong>deterreas</strong></span> <span class='ocrx_word' id='word_1_795' title='bbox 3328 3214 3343 3233; x_wconf 89' lang='lat'><strong>,</strong></span> <span class='ocrx_word' id='word_1_796' title='bbox 3367 3243 3373 3244; x_wconf 14' lang='grc' dir='ltr'><em>γ</em></span> <span class='ocrx_word' id='word_1_797' title='bbox 3393 3171 3451 3227; x_wconf 91' lang='lat' dir='ltr'><strong>h.</strong></span> <span class='ocrx_word' id='word_1_798' title='bbox 3497 3188 3576 3239; x_wconf 83' lang='lat' dir='ltr'><strong>e.,</strong></span> <span class='ocrx_word' id='word_1_799' title='bbox 3604 3188 3708 3244; x_wconf 87' lang='lat' dir='ltr'><strong>per</strong></span> 
     </span>
    </p>
   </div>
   <div class='ocr_carea' id='block_1_105' title="bbox 2111 3243 3703 3314">
    <p class='ocr_par' dir='ltr' id='par_1_105' title="bbox 2111 3243 3703 3314">
     <span class='ocr_line' id='line_1_108' title="bbox 2111 3243 3703 3314; baseline 0.001 -16"><span class='ocrx_word' id='word_1_800' title='bbox 2111 3248 2378 3299; x_wconf 88' lang='lat' dir='ltr'><strong>terrorem</strong></span> <span class='ocrx_word' id='word_1_801' title='bbox 2408 3261 2438 3299; x_wconf 90' lang='lat' dir='ltr'><strong>a</strong></span> <span class='ocrx_word' id='word_1_802' title='bbox 2478 3256 2530 3301; x_wconf 88' lang='lat' dir='ltr'><strong>te</strong></span> <span class='ocrx_word' id='word_1_803' title='bbox 2558 3261 2842 3301; x_wconf 86' lang='lat' dir='ltr'><strong>removeas</strong></span> <span class='ocrx_word' id='word_1_804' title='bbox 2872 3286 2888 3310; x_wconf 94' lang='lat'><strong>,</strong></span> <span class='ocrx_word' id='word_1_805' title='bbox 2939 3254 2996 3299; x_wconf 90' lang='lat' dir='ltr'><strong>ut</strong></span> <span class='ocrx_word' id='word_1_806' title='bbox 3042 3246 3279 3314; x_wconf 79' lang='lat' dir='ltr'><strong>explicat</strong></span> <span class='ocrx_word' id='word_1_807' title='bbox 3309 3243 3703 3314; x_wconf 80' lang='lat' dir='ltr'><strong>Wopkensius,</strong></span> 
     </span>
    </p>
   </div>
   <div class='ocr_carea' id='block_1_106' title="bbox 2113 3316 3443 3385">
    <p class='ocr_par' dir='ltr' id='par_1_106' title="bbox 2113 3316 3443 3385">
     <span class='ocr_line' id='line_1_109' title="bbox 2113 3316 3443 3385; baseline -0.002 -15"><span class='ocrx_word' id='word_1_808' title='bbox 2113 3316 2205 3385; x_wconf 88' lang='lat' dir='ltr'><strong>qui</strong></span> <span class='ocrx_word' id='word_1_809' title='bbox 2237 3317 2433 3370; x_wconf 88' lang='lat' dir='ltr'><strong>similia</strong></span> <span class='ocrx_word' id='word_1_810' title='bbox 2466 3318 2629 3372; x_wconf 82' lang='lat' dir='ltr'><strong>etiam</strong></span> <span class='ocrx_word' id='word_1_811' title='bbox 2662 3319 2911 3385; x_wconf 72' lang='lat' dir='ltr'><strong>quaedam</strong></span> <span class='ocrx_word' id='word_1_812' title='bbox 2932 3316 3177 3384; x_wconf 61' lang='lat' dir='ltr'><strong>exempla</strong></span> <span class='ocrx_word' id='word_1_813' title='bbox 3215 3316 3443 3385; x_wconf 86' lang='lat' dir='ltr'><strong>profert.</strong></span> 
     </span>
    </p>
   </div>
   <div class='ocr_carea' id='block_1_107' title="bbox 2188 3387 3703 3454">
    <p class='ocr_par' dir='ltr' id='par_1_107' title="bbox 2188 3387 3703 3454">
     <span class='ocr_line' id='line_1_110' title="bbox 2188 3387 3703 3454; baseline -0.001 -11"><span class='ocrx_word' id='word_1_814' title='bbox 2188 3387 2278 3443; x_wconf 90' lang='lat'><strong>88.</strong></span> <span class='ocrx_word' id='word_1_815' title='bbox 2302 3388 2530 3443; x_wconf 65' lang='lat' dir='ltr'><strong>Schedze</strong></span> <span class='ocrx_word' id='word_1_816' title='bbox 2580 3390 2813 3453; x_wconf 83' lang='lat' dir='ltr'><strong>Poelm.,</strong></span> <span class='ocrx_word' id='word_1_817' title='bbox 2855 3389 3182 3442; x_wconf 81' lang='lat' dir='ltr'><strong>institutione</strong></span> <span class='ocrx_word' id='word_1_818' title='bbox 3213 3401 3312 3454; x_wconf 87' lang='lat' dir='ltr'><strong>pro</strong></span> <span class='ocrx_word' id='word_1_819' title='bbox 3339 3388 3703 3453; x_wconf 84' lang='lat' dir='ltr'><strong>instructione,</strong></span> 
     </span>
    </p>
   </div>
   <div class='ocr_carea' id='block_1_108' title="bbox 2111 3458 3709 3532">
    <p class='ocr_par' dir='ltr' id='par_1_108' title="bbox 2111 3458 3709 3532">
     <span class='ocr_line' id='line_1_111' title="bbox 2111 3458 3709 3532; baseline -0.001 -18"><span class='ocrx_word' id='word_1_820' title='bbox 2111 3471 2166 3516; x_wconf 86' lang='lat' dir='ltr'><strong>et</strong></span> <span class='ocrx_word' id='word_1_821' title='bbox 2189 3461 2631 3532; x_wconf 73' lang='lat' dir='ltr'><strong>ransolationibus</strong></span> <span class='ocrx_word' id='word_1_822' title='bbox 2661 3476 2760 3531; x_wconf 90' lang='lat' dir='ltr'><strong>pro</strong></span> <span class='ocrx_word' id='word_1_823' title='bbox 2791 3460 3169 3515; x_wconf 73' lang='lat' dir='ltr'><strong>collationibus.</strong></span> <span class='ocrx_word' id='word_1_824' title='bbox 3205 3458 3326 3515; x_wconf 82' lang='lat' dir='ltr'><strong>Vat.</strong></span> <span class='ocrx_word' id='word_1_825' title='bbox 3357 3458 3414 3527; x_wconf 73' lang='lat'><strong>2,</strong></span> <span class='ocrx_word' id='word_1_826' title='bbox 3449 3461 3621 3532; x_wconf 79' lang='lat' dir='ltr'><strong>factus</strong></span> <span class='ocrx_word' id='word_1_827' title='bbox 3635 3460 3709 3513; x_wconf 86' lang='lat' dir='ltr'><strong>ad</strong></span> 
     </span>
    </p>
   </div>
   <div class='ocr_carea' id='block_1_109' title="bbox 2112 3530 2588 3588">
    <p class='ocr_par' dir='ltr' id='par_1_109' title="bbox 2112 3530 2588 3588">
     <span class='ocr_line' id='line_1_112' title="bbox 2112 3530 2588 3588; baseline 0.011 -7"><span class='ocrx_word' id='word_1_828' title='bbox 2112 3530 2337 3585; x_wconf 75' lang='lat' dir='ltr'><strong>salutent</strong></span> <span class='ocrx_word' id='word_1_829' title='bbox 2369 3534 2488 3588; x_wconf 90' lang='lat' dir='ltr'><strong>sine</strong></span> <span class='ocrx_word' id='word_1_830' title='bbox 2517 3549 2588 3588; x_wconf 84' lang='lat' dir='ltr'><strong>es.</strong></span> 
     </span>
    </p>
   </div>
   <div class='ocr_carea' id='block_1_110' title="bbox 2889 2024 3701 2100">
    <p class='ocr_par' dir='ltr' id='par_1_110' title="bbox 2889 2024 3701 2100">
     <span class='ocr_line' id='line_1_113' title="bbox 2889 2024 3701 2100; baseline 0.002 -20"><span class='ocrx_word' id='word_1_831' title='bbox 2889 2069 2901 2080; x_wconf 96' lang='lat'><strong>.</strong></span> <span class='ocrx_word' id='word_1_832' title='bbox 2930 2024 3019 2100; x_wconf 35' lang='lat'><strong>4,:</strong></span> <span class='ocrx_word' id='word_1_833' title='bbox 3039 2025 3299 2100; x_wconf 83' lang='lat' dir='ltr'><strong>mendose</strong></span> <span class='ocrx_word' id='word_1_834' title='bbox 3330 2026 3413 2100; x_wconf 77' lang='lat' dir='ltr'><strong>ad</strong></span> <span class='ocrx_word' id='word_1_835' title='bbox 3450 2024 3555 2100; x_wconf 72' lang='lat' dir='ltr'><strong>liae</strong></span> <span class='ocrx_word' id='word_1_836' title='bbox 3586 2044 3701 2100; x_wconf 85' lang='lat' dir='ltr'><strong>ego.</strong></span> 
     </span>
    </p>
   </div>
   <div class='ocr_carea' id='block_1_111' title="bbox 2184 3603 3709 3676">
    <p class='ocr_par' dir='ltr' id='par_1_111' title="bbox 2184 3603 3709 3676">
     <span class='ocr_line' id='line_1_114' title="bbox 2184 3603 3709 3676; baseline 0.001 -19"><span class='ocrx_word' id='word_1_837' title='bbox 2184 3603 2442 3676; x_wconf 85' lang='lat' dir='ltr'><strong>89._Reg.</strong></span> <span class='ocrx_word' id='word_1_838' title='bbox 2467 3604 2533 3669; x_wconf 79' lang='lat'><strong>2,</strong></span> <span class='ocrx_word' id='word_1_839' title='bbox 2566 3603 2699 3659; x_wconf 82' lang='lat' dir='ltr'><strong>alios</strong></span> <span class='ocrx_word' id='word_1_840' title='bbox 2730 3604 2869 3658; x_wconf 88' lang='lat' dir='ltr'><strong>intra</strong></span> <span class='ocrx_word' id='word_1_841' title='bbox 2909 3612 3051 3676; x_wconf 83' lang='lat' dir='ltr'><strong>septa</strong></span> <span class='ocrx_word' id='word_1_842' title='bbox 3095 3603 3265 3674; x_wconf 87' lang='lat' dir='ltr'><strong>gregis</strong></span> <span class='ocrx_word' id='word_1_843' title='bbox 3312 3604 3571 3676; x_wconf 86' lang='lat' dir='ltr'><strong>accipiens</strong></span> <span class='ocrx_word' id='word_1_844' title='bbox 3625 3604 3709 3658; x_wconf 82' lang='lat' dir='ltr'><strong>tui</strong></span> 
     </span>
    </p>
   </div>
   <div class='ocr_carea' id='block_1_112' title="bbox 2111 3674 3769 3748">
    <p class='ocr_par' dir='ltr' id='par_1_112' title="bbox 2111 3674 3769 3748">
     <span class='ocr_line' id='line_1_115' title="bbox 2111 3674 3769 3748; baseline 0 -21"><span class='ocrx_word' id='word_1_845' title='bbox 2111 3691 2248 3748; x_wconf 73' lang='lat' dir='ltr'><strong>oves.</strong></span> <span class='ocrx_word' id='word_1_846' title='bbox 2276 3674 2405 3748; x_wconf 77' lang='lat' dir='ltr'><strong>Reg.</strong></span> <span class='ocrx_word' id='word_1_847' title='bbox 2437 3677 2489 3740; x_wconf 76' lang='grc'><strong>5,</strong></span> <span class='ocrx_word' id='word_1_848' title='bbox 2508 3676 2639 3730; x_wconf 84' lang='lat' dir='ltr'><strong>alios</strong></span> <span class='ocrx_word' id='word_1_849' title='bbox 2660 3676 2922 3745; x_wconf 85' lang='lat' dir='ltr'><strong>accipiens</strong></span> <span class='ocrx_word' id='word_1_850' title='bbox 2942 3674 3081 3729; x_wconf 83' lang='lat' dir='ltr'><strong>intra</strong></span> <span class='ocrx_word' id='word_1_851' title='bbox 3104 3682 3251 3748; x_wconf 78' lang='lat' dir='ltr'><strong>septa</strong></span> <span class='ocrx_word' id='word_1_852' title='bbox 3271 3674 3442 3748; x_wconf 79' lang='lat' dir='ltr'><strong>gregis</strong></span> <span class='ocrx_word' id='word_1_853' title='bbox 3464 3677 3541 3729; x_wconf 80' lang='lat' dir='ltr'><strong>tui</strong></span> <span class='ocrx_word' id='word_1_854' title='bbox 3566 3692 3708 3730; x_wconf 86' lang='lat' dir='ltr'><strong>ores.</strong></span> <span class='ocrx_word' id='word_1_855' title='bbox 3760 3728 3769 3735; x_wconf 86' lang='lat'><strong>_</strong></span> 
     </span>
    </p>
   </div>
   <div class='ocr_carea' id='block_1_113' title="bbox 2111 3745 3706 3817">
    <p class='ocr_par' dir='ltr' id='par_1_113' title="bbox 2111 3745 3706 3817">
     <span class='ocr_line' id='line_1_116' title="bbox 2111 3745 3706 3817; baseline 0 -17"><span class='ocrx_word' id='word_1_856' title='bbox 2111 3745 2243 3817; x_wconf 87' lang='lat' dir='ltr'><strong>Reg.</strong></span> <span class='ocrx_word' id='word_1_857' title='bbox 2273 3747 2324 3811; x_wconf 91' lang='grc'><strong>1,</strong></span> <span class='ocrx_word' id='word_1_858' title='bbox 2353 3746 2409 3812; x_wconf 89' lang='lat'><strong>4,</strong></span> <span class='ocrx_word' id='word_1_859' title='bbox 2460 3749 2592 3802; x_wconf 86' lang='lat' dir='ltr'><strong>alios</strong></span> <span class='ocrx_word' id='word_1_860' title='bbox 2631 3751 2769 3801; x_wconf 87' lang='lat' dir='ltr'><strong>intra</strong></span> <span class='ocrx_word' id='word_1_861' title='bbox 2809 3758 2955 3816; x_wconf 85' lang='lat' dir='ltr'><strong>septa</strong></span> <span class='ocrx_word' id='word_1_862' title='bbox 2983 3748 3059 3801; x_wconf 88' lang='lat' dir='ltr'><strong>tui</strong></span> <span class='ocrx_word' id='word_1_863' title='bbox 3085 3745 3253 3817; x_wconf 77' lang='lat' dir='ltr'><strong>gregis</strong></span> <span class='ocrx_word' id='word_1_864' title='bbox 3276 3745 3535 3815; x_wconf 79' lang='lat' dir='ltr'><strong>accipiens</strong></span> <span class='ocrx_word' id='word_1_865' title='bbox 3564 3763 3706 3800; x_wconf 83' lang='lat' dir='ltr'><strong>ores.</strong></span> 
     </span>
    </p>
   </div>
   <div class='ocr_carea' id='block_1_114' title="bbox 2111 3818 3711 3891">
    <p class='ocr_par' dir='ltr' id='par_1_114' title="bbox 2111 3818 3711 3891">
     <span class='ocr_line' id='line_1_117' title="bbox 2111 3818 3711 3891; baseline 0.001 -22"><span class='ocrx_word' id='word_1_866' title='bbox 2111 3818 2221 3891; x_wconf 78' lang='lat' dir='ltr'><strong>Ott.</strong></span> <span class='ocrx_word' id='word_1_867' title='bbox 2249 3818 2300 3881; x_wconf 93' lang='grc'><strong>1,</strong></span> <span class='ocrx_word' id='word_1_868' title='bbox 2340 3820 2454 3872; x_wconf 75' lang='lat' dir='ltr'><strong>\‘at.</strong></span> <span class='ocrx_word' id='word_1_869' title='bbox 2483 3821 2537 3883; x_wconf 79' lang='lat'><strong>2,</strong></span> <span class='ocrx_word' id='word_1_870' title='bbox 2572 3819 2722 3880; x_wconf 83' lang='lat' dir='ltr'><strong>Ald.,</strong></span> <span class='ocrx_word' id='word_1_871' title='bbox 2763 3819 2899 3891; x_wconf 76' lang='lat' dir='ltr'><strong>alios</strong></span> <span class='ocrx_word' id='word_1_872' title='bbox 2919 3820 3058 3872; x_wconf 91' lang='lat' dir='ltr'><strong>intra</strong></span> <span class='ocrx_word' id='word_1_873' title='bbox 3093 3826 3238 3889; x_wconf 87' lang='lat' dir='ltr'><strong>septa</strong></span> <span class='ocrx_word' id='word_1_874' title='bbox 3267 3819 3438 3891; x_wconf 82' lang='lat' dir='ltr'><strong>gregis</strong></span> <span class='ocrx_word' id='word_1_875' title='bbox 3483 3820 3559 3891; x_wconf 85' lang='lat' dir='ltr'><strong>tui</strong></span> <span class='ocrx_word' id='word_1_876' title='bbox 3588 3834 3711 3891; x_wconf 82' lang='lat' dir='ltr'><strong>ores</strong></span> 
     </span>
    </p>
   </div>
   <div class='ocr_carea' id='block_1_115' title="bbox 2111 3889 3706 3960">
    <p class='ocr_par' dir='ltr' id='par_1_115' title="bbox 2111 3889 3706 3960">
     <span class='ocr_line' id='line_1_118' title="bbox 2111 3889 3706 3960; baseline -0.002 -16"><span class='ocrx_word' id='word_1_877' title='bbox 2111 3890 2232 3944; x_wconf 86' lang='lat' dir='ltr'><strong>sine</strong></span> <span class='ocrx_word' id='word_1_878' title='bbox 2278 3891 2571 3959; x_wconf 81' lang='lat' dir='ltr'><strong>accipiens;</strong></span> <span class='ocrx_word' id='word_1_879' title='bbox 2628 3892 2722 3946; x_wconf 88' lang='lat' dir='ltr'><strong>sed</strong></span> <span class='ocrx_word' id='word_1_880' title='bbox 2771 3892 2822 3944; x_wconf 92' lang='lat' dir='ltr'><strong>in</strong></span> <span class='ocrx_word' id='word_1_881' title='bbox 2868 3889 2979 3945; x_wconf 91' lang='lat' dir='ltr'><strong>Ott.</strong></span> <span class='ocrx_word' id='word_1_882' title='bbox 3015 3891 3078 3952; x_wconf 87' lang='grc'><strong>1.</strong></span> <span class='ocrx_word' id='word_1_883' title='bbox 3128 3904 3159 3942; x_wconf 88' lang='lat' dir='ltr'><strong>a</strong></span> <span class='ocrx_word' id='word_1_884' title='bbox 3197 3889 3372 3945; x_wconf 79' lang='lat' dir='ltr'><strong>verbo</strong></span> <span class='ocrx_word' id='word_1_885' title='bbox 3390 3889 3706 3960; x_wconf 81' lang='lat' dir='ltr'><strong>quibusdam</strong></span> 
     </span>
    </p>
   </div>
   <div class='ocr_carea' id='block_1_116' title="bbox 2112 3961 3712 4031">
    <p class='ocr_par' dir='ltr' id='par_1_116' title="bbox 2112 3961 3712 4031">
     <span class='ocr_line' id='line_1_119' title="bbox 2112 3961 3712 4031; baseline 0.001 -17"><span class='ocrx_word' id='word_1_886' title='bbox 2112 3976 2282 4031; x_wconf 80' lang='lat' dir='ltr'><strong>usque</strong></span> <span class='ocrx_word' id='word_1_887' title='bbox 2312 3962 2377 4015; x_wconf 90' lang='lat' dir='ltr'><strong>ad</strong></span> <span class='ocrx_word' id='word_1_888' title='bbox 2411 3962 2646 4016; x_wconf 79' lang='lat' dir='ltr'><strong>enutristi</strong></span> <span class='ocrx_word' id='word_1_889' title='bbox 2672 3962 2851 4015; x_wconf 83' lang='lat' dir='ltr'><strong>omnia</strong></span> <span class='ocrx_word' id='word_1_890' title='bbox 2884 3962 3081 4016; x_wconf 87' lang='lat' dir='ltr'><strong>desunt</strong></span> <span class='ocrx_word' id='word_1_891' title='bbox 3102 3961 3155 4014; x_wconf 92' lang='lat' dir='ltr'><strong>in</strong></span> <span class='ocrx_word' id='word_1_892' title='bbox 3177 3971 3529 4025; x_wconf 83' lang='lat' dir='ltr'><strong>contextu,et</strong></span> <span class='ocrx_word' id='word_1_893' title='bbox 3562 3977 3712 4015; x_wconf 87' lang='lat' dir='ltr'><strong>mar-</strong></span> 
     </span>
    </p>
   </div>
   <div class='ocr_carea' id='block_1_117' title="bbox 2113 4032 3711 4102">
    <p class='ocr_par' dir='ltr' id='par_1_117' title="bbox 2113 4032 3711 4102">
     <span class='ocr_line' id='line_1_120' title="bbox 2113 4032 3711 4102; baseline 0.002 -19"><span class='ocrx_word' id='word_1_894' title='bbox 2113 4034 2224 4102; x_wconf 89' lang='lat' dir='ltr'><strong>gini</strong></span> <span class='ocrx_word' id='word_1_895' title='bbox 2256 4032 2437 4087; x_wconf 88' lang='lat' dir='ltr'><strong>addita</strong></span> <span class='ocrx_word' id='word_1_896' title='bbox 2473 4045 2618 4087; x_wconf 91' lang='lat' dir='ltr'><strong>sunt.</strong></span> <span class='ocrx_word' id='word_1_897' title='bbox 2673 4034 2947 4102; x_wconf 70' lang='lat' dir='ltr'><strong>Accipiens</strong></span> <span class='ocrx_word' id='word_1_898' title='bbox 2973 4075 2986 4097; x_wconf 96' lang='lat'><strong>,</strong></span> <span class='ocrx_word' id='word_1_899' title='bbox 3029 4033 3171 4102; x_wconf 87' lang='lat' dir='ltr'><strong>quod</strong></span> <span class='ocrx_word' id='word_1_900' title='bbox 3223 4040 3407 4088; x_wconf 82' lang='lat' dir='ltr'><strong>exstat</strong></span> <span class='ocrx_word' id='word_1_901' title='bbox 3436 4034 3493 4087; x_wconf 87' lang='lat' dir='ltr'><strong>in</strong></span> <span class='ocrx_word' id='word_1_902' title='bbox 3523 4032 3711 4087; x_wconf 85' lang='lat' dir='ltr'><strong>multis</strong></span> 
     </span>
    </p>
   </div>
   <div class='ocr_carea' id='block_1_118' title="bbox 2112 4103 3714 4173">
    <p class='ocr_par' dir='ltr' id='par_1_118' title="bbox 2112 4103 3714 4173">
     <span class='ocr_line' id='line_1_121' title="bbox 2112 4103 3714 4173; baseline 0.001 -16"><span class='ocrx_word' id='word_1_903' title='bbox 2112 4104 2381 4173; x_wconf 73' lang='lat' dir='ltr'><strong>vulgatis,</strong></span> <span class='ocrx_word' id='word_1_904' title='bbox 2416 4105 2607 4160; x_wconf 87' lang='lat' dir='ltr'><strong>aberat</strong></span> <span class='ocrx_word' id='word_1_905' title='bbox 2645 4106 2809 4160; x_wconf 86' lang='lat' dir='ltr'><strong>etiam</strong></span> <span class='ocrx_word' id='word_1_906' title='bbox 2864 4121 2891 4158; x_wconf 91' lang='lat' dir='ltr'><strong>a</strong></span> <span class='ocrx_word' id='word_1_907' title='bbox 2924 4120 3027 4159; x_wconf 86' lang='lat' dir='ltr'><strong>ms.</strong></span> <span class='ocrx_word' id='word_1_908' title='bbox 3079 4103 3322 4171; x_wconf 87' lang='lat' dir='ltr'><strong>Barthii,</strong></span> <span class='ocrx_word' id='word_1_909' title='bbox 3374 4105 3467 4173; x_wconf 88' lang='lat' dir='ltr'><strong>qui</strong></span> <span class='ocrx_word' id='word_1_910' title='bbox 3518 4111 3714 4160; x_wconf 78' lang='lat' dir='ltr'><strong>censet</strong></span> 
     </span>
    </p>
   </div>
   <div class='ocr_carea' id='block_1_119' title="bbox 2115 4175 3712 4247">
    <p class='ocr_par' dir='ltr' id='par_1_119' title="bbox 2115 4175 3712 4247">
     <span class='ocr_line' id='line_1_122' title="bbox 2115 4175 3712 4247; baseline 0.002 -22"><span class='ocrx_word' id='word_1_911' title='bbox 2115 4176 2308 4229; x_wconf 78' lang='lat' dir='ltr'><strong>melius</strong></span> <span class='ocrx_word' id='word_1_912' title='bbox 2355 4177 2586 4243; x_wconf 83' lang='lat' dir='ltr'><strong>abesse,</strong></span> <span class='ocrx_word' id='word_1_913' title='bbox 2633 4192 2795 4247; x_wconf 89' lang='lat' dir='ltr'><strong>quam</strong></span> <span class='ocrx_word' id='word_1_914' title='bbox 2847 4177 3058 4231; x_wconf 86' lang='lat' dir='ltr'><strong>adesse.</strong></span> <span class='ocrx_word' id='word_1_915' title='bbox 3085 4175 3248 4245; x_wconf 89' lang='lat' dir='ltr'><strong>Pejus</strong></span> <span class='ocrx_word' id='word_1_916' title='bbox 3279 4176 3500 4246; x_wconf 88' lang='lat' dir='ltr'><strong>quidem</strong></span> <span class='ocrx_word' id='word_1_917' title='bbox 3527 4183 3615 4231; x_wconf 85' lang='lat' dir='ltr'><strong>est</strong></span> <span class='ocrx_word' id='word_1_918' title='bbox 3651 4177 3712 4229; x_wconf 89' lang='lat' dir='ltr'><strong>in</strong></span> 
     </span>
    </p>
   </div>
   <div class='ocr_carea' id='block_1_120' title="bbox 2113 4247 3715 4319">
    <p class='ocr_par' dir='ltr' id='par_1_120' title="bbox 2113 4247 3715 4319">
     <span class='ocr_line' id='line_1_123' title="bbox 2113 4247 3715 4319; baseline 0 -19"><span class='ocrx_word' id='word_1_919' title='bbox 2113 4247 2235 4300; x_wconf 88' lang='lat' dir='ltr'><strong>cod.</strong></span> <span class='ocrx_word' id='word_1_920' title='bbox 2270 4247 2327 4302; x_wconf 80' lang='lat' dir='ltr'><strong>ll.</strong></span> <span class='ocrx_word' id='word_1_921' title='bbox 2359 4249 2635 4317; x_wconf 81' lang='lat' dir='ltr'><strong>aspiciens.</strong></span> <span class='ocrx_word' id='word_1_922' title='bbox 2669 4247 2907 4303; x_wconf 90' lang='lat' dir='ltr'><strong>Gruneri</strong></span> <span class='ocrx_word' id='word_1_923' title='bbox 2938 4247 3106 4302; x_wconf 90' lang='lat' dir='ltr'><strong>editio</strong></span> <span class='ocrx_word' id='word_1_924' title='bbox 3127 4250 3450 4319; x_wconf 85' lang='lat' dir='ltr'><strong>intersepta,</strong></span> <span class='ocrx_word' id='word_1_925' title='bbox 3484 4263 3592 4302; x_wconf 90' lang='lat' dir='ltr'><strong>non</strong></span> <span class='ocrx_word' id='word_1_926' title='bbox 3625 4248 3715 4301; x_wconf 87' lang='lat' dir='ltr'><strong>in-</strong></span> 
     </span>
    </p>
   </div>
   <div class='ocr_carea' id='block_1_121' title="bbox 2114 4319 3713 4392">
    <p class='ocr_par' dir='ltr' id='par_1_121' title="bbox 2114 4319 3713 4392">
     <span class='ocr_line' id='line_1_124' title="bbox 2114 4319 3713 4392; baseline 0.003 -23"><span class='ocrx_word' id='word_1_927' title='bbox 2114 4326 2194 4370; x_wconf 86' lang='lat' dir='ltr'><strong>tra</strong></span> <span class='ocrx_word' id='word_1_928' title='bbox 2221 4328 2398 4392; x_wconf 86' lang='lat' dir='ltr'><strong>septa;</strong></span> <span class='ocrx_word' id='word_1_929' title='bbox 2431 4319 2647 4392; x_wconf 74' lang='lat' dir='ltr'><strong>seliedm</strong></span> <span class='ocrx_word' id='word_1_930' title='bbox 2674 4320 2907 4392; x_wconf 72' lang='lat' dir='ltr'><strong>Poelm..</strong></span> <span class='ocrx_word' id='word_1_931' title='bbox 2932 4328 2989 4376; x_wconf 90' lang='lat' dir='ltr'><strong>et</strong></span> <span class='ocrx_word' id='word_1_932' title='bbox 3015 4319 3143 4374; x_wconf 90' lang='lat' dir='ltr'><strong>cod.</strong></span> <span class='ocrx_word' id='word_1_933' title='bbox 3168 4320 3257 4388; x_wconf 81' lang='lat'><strong>8.,</strong></span> <span class='ocrx_word' id='word_1_934' title='bbox 3286 4321 3363 4374; x_wconf 87' lang='lat' dir='ltr'><strong>tui</strong></span> <span class='ocrx_word' id='word_1_935' title='bbox 3383 4321 3575 4392; x_wconf 85' lang='lat' dir='ltr'><strong>gregis,</strong></span> <span class='ocrx_word' id='word_1_936' title='bbox 3587 4333 3713 4392; x_wconf 80' lang='lat' dir='ltr'><strong>non</strong></span> 
     </span>
    </p>
   </div>
   <div class='ocr_carea' id='block_1_122' title="bbox 2114 4390 3717 4461">
    <p class='ocr_par' dir='ltr' id='par_1_122' title="bbox 2114 4390 3717 4461">
     <span class='ocr_line' id='line_1_125' title="bbox 2114 4390 3717 4461; baseline 0.002 -21"><span class='ocrx_word' id='word_1_937' title='bbox 2114 4391 2286 4459; x_wconf 83' lang='lat' dir='ltr'><strong>gregis</strong></span> <span class='ocrx_word' id='word_1_938' title='bbox 2314 4393 2427 4444; x_wconf 74' lang='lat' dir='ltr'><strong>tui.-</strong></span> <span class='ocrx_word' id='word_1_939' title='bbox 2456 4390 2513 4445; x_wconf 88' lang='lat' dir='ltr'><strong>ld</strong></span> <span class='ocrx_word' id='word_1_940' title='bbox 2560 4391 2833 4461; x_wconf 84' lang='lat' dir='ltr'><strong>signiﬁcat</strong></span> <span class='ocrx_word' id='word_1_941' title='bbox 2860 4391 3215 4457; x_wconf 89' lang='lat' dir='ltr'><strong>societatem,</strong></span> <span class='ocrx_word' id='word_1_942' title='bbox 3270 4404 3366 4446; x_wconf 90' lang='lat' dir='ltr'><strong>seu</strong></span> <span class='ocrx_word' id='word_1_943' title='bbox 3394 4390 3717 4446; x_wconf 86' lang='lat' dir='ltr'><strong>contuber-</strong></span> 
     </span>
    </p>
   </div>
   <div class='ocr_carea' id='block_1_123' title="bbox 2116 4461 3716 4532">
    <p class='ocr_par' dir='ltr' id='par_1_123' title="bbox 2116 4461 3716 4532">
     <span class='ocr_line' id='line_1_126' title="bbox 2116 4461 3716 4532; baseline 0.003 -19"><span class='ocrx_word' id='word_1_944' title='bbox 2116 4461 2287 4514; x_wconf 91' lang='lat' dir='ltr'><strong>nium.</strong></span> <span class='ocrx_word' id='word_1_945' title='bbox 2320 4462 2467 4517; x_wconf 91' lang='lat' dir='ltr'><strong>lnter</strong></span> <span class='ocrx_word' id='word_1_946' title='bbox 2496 4463 2675 4518; x_wconf 78' lang='lat' dir='ltr'><strong>Cicer.</strong></span> <span class='ocrx_word' id='word_1_947' title='bbox 2708 4478 2796 4531; x_wconf 85' lang='lat' dir='ltr'><strong>ep.</strong></span> <span class='ocrx_word' id='word_1_948' title='bbox 2831 4463 2897 4516; x_wconf 89' lang='lat' dir='ltr'><strong>ad</strong></span> <span class='ocrx_word' id='word_1_949' title='bbox 2944 4466 3055 4517; x_wconf 85' lang='lat' dir='ltr'><strong>Att.</strong></span> <span class='ocrx_word' id='word_1_950' title='bbox 3086 4463 3121 4516; x_wconf 96' lang='lat' dir='ltr'><strong>l.</strong></span> <span class='ocrx_word' id='word_1_951' title='bbox 3153 4478 3230 4528; x_wconf 67' lang='grc' dir='ltr'><strong>γι,</strong></span> <span class='ocrx_word' id='word_1_952' title='bbox 3257 4478 3348 4532; x_wconf 90' lang='lat' dir='ltr'><strong>ep.</strong></span> <span class='ocrx_word' id='word_1_953' title='bbox 3382 4464 3411 4519; x_wconf 92' lang='grc'><strong>1</strong></span> <span class='ocrx_word' id='word_1_954' title='bbox 3447 4480 3460 4515; x_wconf 90' lang='lat'><strong>:</strong></span> <span class='ocrx_word' id='word_1_955' title='bbox 3492 4462 3563 4516; x_wconf 69' lang='lat' dir='ltr'><strong>At:</strong></span> <span class='ocrx_word' id='word_1_956' title='bbox 3601 4463 3716 4517; x_wconf 85' lang='lat' dir='ltr'><strong>rel-</strong></span> 
     </span>
    </p>
   </div>
   <div class='ocr_carea' id='block_1_124' title="bbox 2116 4532 3395 4605">
    <p class='ocr_par' dir='ltr' id='par_1_124' title="bbox 2116 4532 3395 4605">
     <span class='ocr_line' id='line_1_127' title="bbox 2116 4532 3395 4605; baseline 0.002 -20"><span class='ocrx_word' id='word_1_957' title='bbox 2116 4532 2248 4605; x_wconf 58' lang='lat' dir='ltr'><strong>lem,</strong></span> <span class='ocrx_word' id='word_1_958' title='bbox 2263 4542 2312 4587; x_wconf 88' lang='lat' dir='ltr'><strong>te</strong></span> <span class='ocrx_word' id='word_1_959' title='bbox 2331 4533 2384 4605; x_wconf 87' lang='lat' dir='ltr'><strong>in</strong></span> <span class='ocrx_word' id='word_1_960' title='bbox 2415 4542 2557 4587; x_wconf 85' lang='lat' dir='ltr'><strong>tuam</strong></span> <span class='ocrx_word' id='word_1_961' title='bbox 2577 4544 2791 4588; x_wconf 85' lang='lat' dir='ltr'><strong>veterem</strong></span> <span class='ocrx_word' id='word_1_962' title='bbox 2819 4550 3024 4605; x_wconf 85' lang='lat' dir='ltr'><strong>gregem</strong></span> <span class='ocrx_word' id='word_1_963' title='bbox 3051 4532 3338 4589; x_wconf 81' lang='lat' dir='ltr'><strong>retulisses.</strong></span> <span class='ocrx_word' id='word_1_964' title='bbox 3389 4590 3395 4595; x_wconf 74' lang='grc'><strong>,</strong></span> 
     </span>
    </p>
   </div>
   <div class='ocr_carea' id='block_1_125' title="bbox 2190 4603 3711 4677">
    <p class='ocr_par' dir='ltr' id='par_1_125' title="bbox 2190 4603 3711 4677">
     <span class='ocr_line' id='line_1_128' title="bbox 2190 4603 3711 4677; baseline 0.003 -22"><span class='ocrx_word' id='word_1_965' title='bbox 2190 4603 2279 4658; x_wconf 77' lang='lat'><strong>90.</strong></span> <span class='ocrx_word' id='word_1_966' title='bbox 2328 4604 2446 4677; x_wconf 71' lang='lat' dir='ltr'><strong>Vat.</strong></span> <span class='ocrx_word' id='word_1_967' title='bbox 2479 4608 2539 4672; x_wconf 77' lang='lat'><strong>2,</strong></span> <span class='ocrx_word' id='word_1_968' title='bbox 2572 4606 2705 4676; x_wconf 78' lang='lat' dir='ltr'><strong>Reg.</strong></span> <span class='ocrx_word' id='word_1_969' title='bbox 2737 4607 2789 4671; x_wconf 85' lang='lat'><strong>2,</strong></span> <span class='ocrx_word' id='word_1_970' title='bbox 2822 4603 2958 4660; x_wconf 80' lang='lat' dir='ltr'><strong>alios</strong></span> <span class='ocrx_word' id='word_1_971' title='bbox 2982 4606 3037 4659; x_wconf 89' lang='lat' dir='ltr'><strong>in</strong></span> <span class='ocrx_word' id='word_1_972' title='bbox 3060 4606 3163 4677; x_wconf 79' lang='lat' dir='ltr'><strong>fide</strong></span> <span class='ocrx_word' id='word_1_973' title='bbox 3189 4604 3452 4660; x_wconf 87' lang='lat' dir='ltr'><strong>enutristi.</strong></span> <span class='ocrx_word' id='word_1_974' title='bbox 3479 4603 3616 4675; x_wconf 82' lang='lat' dir='ltr'><strong>Reg.</strong></span> <span class='ocrx_word' id='word_1_975' title='bbox 3653 4606 3711 4673; x_wconf 90' lang='grc'><strong>1,</strong></span> 
     </span>
    </p>
   </div>
   <div class='ocr_carea' id='block_1_126' title="bbox 2120 4676 3713 4747">
    <p class='ocr_par' dir='ltr' id='par_1_126' title="bbox 2120 4676 3713 4747">
     <span class='ocr_line' id='line_1_129' title="bbox 2120 4676 3713 4747; baseline 0.001 -18"><span class='ocrx_word' id='word_1_976' title='bbox 2120 4678 2173 4741; x_wconf 73' lang='grc'><strong>5,</strong></span> <span class='ocrx_word' id='word_1_977' title='bbox 2204 4676 2389 4730; x_wconf 84' lang='lat' dir='ltr'><strong>Ottoh.</strong></span> <span class='ocrx_word' id='word_1_978' title='bbox 2441 4677 2506 4742; x_wconf 93' lang='grc'><strong>1,</strong></span> <span class='ocrx_word' id='word_1_979' title='bbox 2555 4679 2688 4731; x_wconf 85' lang='lat' dir='ltr'><strong>alios</strong></span> <span class='ocrx_word' id='word_1_980' title='bbox 2732 4678 2994 4732; x_wconf 83' lang='lat' dir='ltr'><strong>enutristi.</strong></span> <span class='ocrx_word' id='word_1_981' title='bbox 3039 4678 3171 4747; x_wconf 81' lang='lat' dir='ltr'><strong>Reg.</strong></span> <span class='ocrx_word' id='word_1_982' title='bbox 3201 4678 3267 4735; x_wconf 90' lang='lat'><strong>4.</strong></span> <span class='ocrx_word' id='word_1_983' title='bbox 3310 4677 3440 4731; x_wconf 85' lang='lat' dir='ltr'><strong>alios</strong></span> <span class='ocrx_word' id='word_1_984' title='bbox 3478 4676 3713 4732; x_wconf 85' lang='lat' dir='ltr'><strong>nutristi.</strong></span> 
     </span>
    </p>
   </div>
   <div class='ocr_carea' id='block_1_127' title="bbox 2120 4746 3817 4818">
    <p class='ocr_par' dir='ltr' id='par_1_127' title="bbox 2120 4746 3817 4818">
     <span class='ocr_line' id='line_1_130' title="bbox 2120 4746 3817 4818; baseline -0.001 -18"><span class='ocrx_word' id='word_1_985' title='bbox 2120 4747 2347 4810; x_wconf 86' lang='lat' dir='ltr'><strong>Poelm.,</strong></span> <span class='ocrx_word' id='word_1_986' title='bbox 2382 4749 2514 4801; x_wconf 89' lang='lat' dir='ltr'><strong>alios</strong></span> <span class='ocrx_word' id='word_1_987' title='bbox 2538 4749 2707 4804; x_wconf 81' lang='lat' dir='ltr'><strong>salvos</strong></span> <span class='ocrx_word' id='word_1_988' title='bbox 2747 4749 2990 4803; x_wconf 86' lang='lat' dir='ltr'><strong>enutristi</strong></span> <span class='ocrx_word' id='word_1_989' title='bbox 3020 4766 3038 4803; x_wconf 93' lang='lat'><strong><em>:</em></strong></span> <span class='ocrx_word' id='word_1_990' title='bbox 3068 4746 3320 4804; x_wconf 80' lang='lat' dir='ltr'><strong>nonnulli</strong></span> <span class='ocrx_word' id='word_1_991' title='bbox 3350 4749 3443 4803; x_wconf 84' lang='lat' dir='ltr'><strong>alii</strong></span> <span class='ocrx_word' id='word_1_992' title='bbox 3474 4746 3709 4818; x_wconf 78' lang='lat' dir='ltr'><strong>vulgati,</strong></span> <span class='ocrx_word' id='word_1_993' title='bbox 3802 4749 3817 4756; x_wconf 79' lang='grc'><em>“</em></span> 
     </span>
    </p>
   </div>
   <div class='ocr_carea' id='block_1_128' title="bbox 2120 4818 3715 4890">
    <p class='ocr_par' dir='ltr' id='par_1_128' title="bbox 2120 4818 3715 4890">
     <span class='ocr_line' id='line_1_131' title="bbox 2120 4818 3715 4890; baseline 0.002 -19"><span class='ocrx_word' id='word_1_994' title='bbox 2120 4818 2253 4872; x_wconf 75' lang='lat' dir='ltr'><strong>alios</strong></span> <span class='ocrx_word' id='word_1_995' title='bbox 2281 4819 2452 4873; x_wconf 81' lang='lat' dir='ltr'><strong>salvos</strong></span> <span class='ocrx_word' id='word_1_996' title='bbox 2477 4822 2786 4890; x_wconf 80' lang='lat' dir='ltr'><strong>enutriristi.</strong></span> <span class='ocrx_word' id='word_1_997' title='bbox 2812 4821 2868 4874; x_wconf 83' lang='lat' dir='ltr'><strong>In</strong></span> <span class='ocrx_word' id='word_1_998' title='bbox 2892 4820 3107 4875; x_wconf 83' lang='lat' dir='ltr'><strong>schedis</strong></span> <span class='ocrx_word' id='word_1_999' title='bbox 3131 4821 3340 4877; x_wconf 83' lang='lat' dir='ltr'><strong>Poelm.</strong></span> <span class='ocrx_word' id='word_1_1000' title='bbox 3357 4835 3458 4890; x_wconf 87' lang='lat' dir='ltr'><strong>pro</strong></span> <span class='ocrx_word' id='word_1_1001' title='bbox 3477 4820 3715 4874; x_wconf 83' lang='lat' dir='ltr'><strong>varianli</strong></span> 
     </span>
    </p>
   </div>
   <div class='ocr_carea' id='block_1_129' title="bbox 2123 4889 3713 4967">
    <p class='ocr_par' dir='ltr' id='par_1_129' title="bbox 2123 4889 3713 4967">
     <span class='ocr_line' id='line_1_132' title="bbox 2123 4889 3713 4967; baseline 0.001 -22"><span class='ocrx_word' id='word_1_1002' title='bbox 2123 4891 2379 4967; x_wconf 77' lang='lat' dir='ltr'><strong>lectione,</strong></span> <span class='ocrx_word' id='word_1_1003' title='bbox 2428 4889 3277 4967; x_wconf 30' lang='lat' dir='ltr'><strong>4L,Aenulrivisli,al:_implesli,</strong></span> <span class='ocrx_word' id='word_1_1004' title='bbox 3313 4890 3410 4967; x_wconf 83' lang='lat' dir='ltr'><strong>sed</strong></span> <span class='ocrx_word' id='word_1_1005' title='bbox 3452 4892 3713 4967; x_wconf 43' lang='lat' dir='ltr'><strong>praetere-</strong></span> 
     </span>
    </p>
   </div>
   <div class='ocr_carea' id='block_1_130' title="bbox 2121 4960 3714 5033">
    <p class='ocr_par' dir='ltr' id='par_1_130' title="bbox 2121 4960 3714 5033">
     <span class='ocr_line' id='line_1_133' title="bbox 2121 4960 3714 5033; baseline 0.003 -19"><span class='ocrx_word' id='word_1_1006' title='bbox 2121 4960 2253 5033; x_wconf 86' lang='lat' dir='ltr'><strong>bant</strong></span> <span class='ocrx_word' id='word_1_1007' title='bbox 2276 4964 2410 5016; x_wconf 81' lang='lat' dir='ltr'><strong>alios</strong></span> <span class='ocrx_word' id='word_1_1008' title='bbox 2441 4964 2495 5017; x_wconf 89' lang='lat' dir='ltr'><strong>in</strong></span> <span class='ocrx_word' id='word_1_1009' title='bbox 2535 4964 2638 5033; x_wconf 82' lang='lat' dir='ltr'><strong>ﬁde</strong></span> <span class='ocrx_word' id='word_1_1010' title='bbox 2672 4964 2935 5021; x_wconf 71' lang='lat' dir='ltr'><strong>eauti-isti.</strong></span> <span class='ocrx_word' id='word_1_1011' title='bbox 2978 4962 3072 5018; x_wconf 87' lang='lat' dir='ltr'><strong>Illa</strong></span> <span class='ocrx_word' id='word_1_1012' title='bbox 3101 4966 3156 5017; x_wconf 87' lang='lat' dir='ltr'><strong>in</strong></span> <span class='ocrx_word' id='word_1_1013' title='bbox 3177 4963 3282 5032; x_wconf 83' lang='lat' dir='ltr'><strong>ﬁde</strong></span> <span class='ocrx_word' id='word_1_1014' title='bbox 3305 4960 3498 5017; x_wconf 78' lang='lat' dir='ltr'><strong>abesse</strong></span> <span class='ocrx_word' id='word_1_1015' title='bbox 3521 4960 3551 5016; x_wconf 75' lang='lat' dir='ltr'><strong>ti</strong></span> <span class='ocrx_word' id='word_1_1016' title='bbox 3584 4964 3714 5019; x_wconf 83' lang='lat' dir='ltr'><strong>cod.</strong></span> 
     </span>
    </p>
   </div>
   <div class='ocr_carea' id='block_1_131' title="bbox 2118 5032 3713 5104">
    <p class='ocr_par' dir='ltr' id='par_1_131' title="bbox 2118 5032 3713 5104">
     <span class='ocr_line' id='line_1_134' title="bbox 2118 5032 3713 5104; baseline 0 -17"><span class='ocrx_word' id='word_1_1017' title='bbox 2118 5032 2179 5089; x_wconf 91' lang='lat' dir='ltr'><strong>B.</strong></span> <span class='ocrx_word' id='word_1_1018' title='bbox 2216 5040 2272 5087; x_wconf 88' lang='lat' dir='ltr'><strong>et</strong></span> <span class='ocrx_word' id='word_1_1019' title='bbox 2318 5034 2457 5088; x_wconf 84' lang='lat' dir='ltr'><strong>Aldo</strong></span> <span class='ocrx_word' id='word_1_1020' title='bbox 2493 5032 2732 5089; x_wconf 83' lang='lat' dir='ltr'><strong>at‘tirmat</strong></span> <span class='ocrx_word' id='word_1_1021' title='bbox 2767 5033 3127 5100; x_wconf 85' lang='lat' dir='ltr'><strong>Arntzenius;</strong></span> <span class='ocrx_word' id='word_1_1022' title='bbox 3159 5033 3256 5088; x_wconf 87' lang='lat' dir='ltr'><strong>sed</strong></span> <span class='ocrx_word' id='word_1_1023' title='bbox 3283 5043 3549 5104; x_wconf 83' lang='lat' dir='ltr'><strong>quantuni</strong></span> <span class='ocrx_word' id='word_1_1024' title='bbox 3580 5033 3713 5103; x_wconf 86' lang='lat' dir='ltr'><strong>qui-</strong></span> 
     </span>
    </p>
   </div>
   <div class='ocr_carea' id='block_1_132' title="bbox 2115 5104 3718 5174">
    <p class='ocr_par' dir='ltr' id='par_1_132' title="bbox 2115 5104 3718 5174">
     <span class='ocr_line' id='line_1_135' title="bbox 2115 5104 3718 5174; baseline 0.002 -17"><span class='ocrx_word' id='word_1_1025' title='bbox 2115 5106 2239 5159; x_wconf 87' lang='lat' dir='ltr'><strong>dem</strong></span> <span class='ocrx_word' id='word_1_1026' title='bbox 2269 5106 2333 5159; x_wconf 90' lang='lat' dir='ltr'><strong>ad</strong></span> <span class='ocrx_word' id='word_1_1027' title='bbox 2356 5106 2555 5160; x_wconf 87' lang='lat' dir='ltr'><strong>Aldum</strong></span> <span class='ocrx_word' id='word_1_1028' title='bbox 2586 5108 2801 5174; x_wconf 85' lang='lat' dir='ltr'><strong>attinet,</strong></span> <span class='ocrx_word' id='word_1_1029' title='bbox 2833 5121 2953 5162; x_wconf 86' lang='lat' dir='ltr'><strong>mea</strong></span> <span class='ocrx_word' id='word_1_1030' title='bbox 2981 5105 3105 5161; x_wconf 84' lang='lat' dir='ltr'><strong>Aldi</strong></span> <span class='ocrx_word' id='word_1_1031' title='bbox 3136 5104 3305 5163; x_wconf 88' lang='lat' dir='ltr'><strong>editio</strong></span> <span class='ocrx_word' id='word_1_1032' title='bbox 3326 5106 3551 5162; x_wconf 75' lang='lat' dir='ltr'><strong>exhibet</strong></span> <span class='ocrx_word' id='word_1_1033' title='bbox 3577 5104 3718 5161; x_wconf 85' lang='lat' dir='ltr'><strong>alios</strong></span> 
     </span>
    </p>
   </div>
   <div class='ocr_carea' id='block_1_133' title="bbox 2112 5175 2586 5246">
    <p class='ocr_par' dir='ltr' id='par_1_133' title="bbox 2112 5175 2586 5246">
     <span class='ocr_line' id='line_1_136' title="bbox 2112 5175 2586 5246; baseline 0.006 -17"><span class='ocrx_word' id='word_1_1034' title='bbox 2112 5176 2169 5229; x_wconf 82' lang='lat' dir='ltr'><strong>in</strong></span> <span class='ocrx_word' id='word_1_1035' title='bbox 2206 5175 2314 5246; x_wconf 86' lang='lat' dir='ltr'><strong>ﬁde</strong></span> <span class='ocrx_word' id='word_1_1036' title='bbox 2329 5178 2586 5232; x_wconf 85' lang='lat' dir='ltr'><strong>enutristi.</strong></span> 
     </span>
    </p>
   </div>
   <div class='ocr_carea' id='block_1_134' title="bbox 2186 5248 3720 5320">
    <p class='ocr_par' dir='ltr' id='par_1_134' title="bbox 2186 5248 3720 5320">
     <span class='ocr_line' id='line_1_137' title="bbox 2186 5248 3720 5320; baseline 0.001 -19"><span class='ocrx_word' id='word_1_1037' title='bbox 2186 5253 2278 5309; x_wconf 64' lang='lat' dir='ltr'><strong>ill,</strong></span> <span class='ocrx_word' id='word_1_1038' title='bbox 2339 5248 2457 5310; x_wconf 84' lang='lat' dir='ltr'><strong>Vat,</strong></span> <span class='ocrx_word' id='word_1_1039' title='bbox 2504 5250 2540 5302; x_wconf 74' lang='lat'><strong>2</strong></span> <span class='ocrx_word' id='word_1_1040' title='bbox 2565 5290 2578 5313; x_wconf 92' lang='lat'><strong>,</strong></span> <span class='ocrx_word' id='word_1_1041' title='bbox 2621 5248 2754 5320; x_wconf 85' lang='lat' dir='ltr'><strong>Reg.</strong></span> <span class='ocrx_word' id='word_1_1042' title='bbox 2790 5249 2859 5313; x_wconf 73' lang='lat'><strong>2,</strong></span> <span class='ocrx_word' id='word_1_1043' title='bbox 2893 5251 2927 5302; x_wconf 76' lang='grc'><strong>5</strong></span> <span class='ocrx_word' id='word_1_1044' title='bbox 2953 5291 2968 5312; x_wconf 89' lang='grc'><strong>,</strong></span> <span class='ocrx_word' id='word_1_1045' title='bbox 3000 5249 3265 5307; x_wconf 86' lang='lat' dir='ltr'><strong>Ottobon.</strong></span> <span class='ocrx_word' id='word_1_1046' title='bbox 3317 5249 3378 5318; x_wconf 84' lang='grc'><strong>1,</strong></span> <span class='ocrx_word' id='word_1_1047' title='bbox 3435 5249 3565 5313; x_wconf 83' lang='lat' dir='ltr'><strong>Ald,</strong></span> <span class='ocrx_word' id='word_1_1048' title='bbox 3601 5266 3720 5304; x_wconf 82' lang='lat' dir='ltr'><strong>om-</strong></span> 
     </span>
    </p>
   </div>
   <div class='ocr_carea' id='block_1_135' title="bbox 2114 5319 3563 5386">
    <p class='ocr_par' dir='ltr' id='par_1_135' title="bbox 2114 5319 3563 5386">
     <span class='ocr_line' id='line_1_138' title="bbox 2114 5319 3563 5386; baseline 0.001 -13"><span class='ocrx_word' id='word_1_1049' title='bbox 2114 5320 2205 5374; x_wconf 88' lang='lat' dir='ltr'><strong>nia</strong></span> <span class='ocrx_word' id='word_1_1050' title='bbox 2228 5319 2506 5382; x_wconf 78' lang='lat' dir='ltr'><strong>omnibus;</strong></span> <span class='ocrx_word' id='word_1_1051' title='bbox 2537 5320 2631 5376; x_wconf 92' lang='lat' dir='ltr'><strong>alii</strong></span> <span class='ocrx_word' id='word_1_1052' title='bbox 2666 5319 2800 5376; x_wconf 88' lang='lat' dir='ltr'><strong>mss.</strong></span> <span class='ocrx_word' id='word_1_1053' title='bbox 2831 5330 2886 5377; x_wconf 89' lang='lat' dir='ltr'><strong>et</strong></span> <span class='ocrx_word' id='word_1_1054' title='bbox 2914 5321 3068 5386; x_wconf 90' lang='lat' dir='ltr'><strong>editi,</strong></span> <span class='ocrx_word' id='word_1_1055' title='bbox 3101 5322 3339 5377; x_wconf 83' lang='lat' dir='ltr'><strong>omnibus</strong></span> <span class='ocrx_word' id='word_1_1056' title='bbox 3366 5323 3563 5377; x_wconf 85' lang='lat' dir='ltr'><strong>omnia.</strong></span> 
     </span>
    </p>
   </div>
   <div class='ocr_carea' id='block_1_136' title="bbox 2183 5391 3718 5466">
    <p class='ocr_par' dir='ltr' id='par_1_136' title="bbox 2183 5391 3718 5466">
     <span class='ocr_line' id='line_1_139' title="bbox 2183 5391 3718 5466; baseline 0.008 -21"><span class='ocrx_word' id='word_1_1057' title='bbox 2183 5391 2427 5461; x_wconf 79' lang='lat' dir='ltr'><strong>92.Reg.</strong></span> <span class='ocrx_word' id='word_1_1058' title='bbox 2453 5393 2505 5456; x_wconf 78' lang='lat'><strong>4,</strong></span> <span class='ocrx_word' id='word_1_1059' title='bbox 2541 5401 2696 5447; x_wconf 83' lang='lat' dir='ltr'><strong>cesset</strong></span> <span class='ocrx_word' id='word_1_1060' title='bbox 2729 5409 2888 5466; x_wconf 82' lang='lat' dir='ltr'><strong>nunc,</strong></span> <span class='ocrx_word' id='word_1_1061' title='bbox 2921 5393 3152 5466; x_wconf 77' lang='lat' dir='ltr'><strong>obsecro.</strong></span> <span class='ocrx_word' id='word_1_1062' title='bbox 3184 5393 3316 5464; x_wconf 79' lang='lat' dir='ltr'><strong>Reg.</strong></span> <span class='ocrx_word' id='word_1_1063' title='bbox 3349 5396 3405 5459; x_wconf 85' lang='grc'><strong>1,</strong></span> <span class='ocrx_word' id='word_1_1064' title='bbox 3436 5392 3670 5466; x_wconf 76' lang='lat' dir='ltr'><strong>plurium</strong></span> <span class='ocrx_word' id='word_1_1065' title='bbox 3693 5410 3718 5458; x_wconf 67' lang='grc' dir='ltr'><strong><em>ἔ</em></strong></span> 
     </span>
    </p>
   </div>
   <div class='ocr_carea' id='block_1_137' title="bbox 2112 5465 3709 5592">
    <p class='ocr_par' dir='ltr' id='par_1_137' title="bbox 2112 5465 3709 5592">
     <span class='ocr_line' id='line_1_140' title="bbox 2112 5465 3709 5538; baseline 0.001 -20"><span class='ocrx_word' id='word_1_1066' title='bbox 2112 5479 2273 5530; x_wconf 86' lang='lat' dir='ltr'><strong>supra</strong></span> <span class='ocrx_word' id='word_1_1067' title='bbox 2299 5504 2314 5526; x_wconf 92' lang='lat'><strong>,</strong></span> <span class='ocrx_word' id='word_1_1068' title='bbox 2345 5466 2713 5536; x_wconf 85' lang='lat' dir='ltr'><strong>plurimorum.</strong></span> <span class='ocrx_word' id='word_1_1069' title='bbox 2763 5465 2911 5520; x_wconf 83' lang='lat' dir='ltr'><strong>Alm.</strong></span> <span class='ocrx_word' id='word_1_1070' title='bbox 2943 5465 3213 5518; x_wconf 82' lang='lat' dir='ltr'><strong>uerborum</strong></span> <span class='ocrx_word' id='word_1_1071' title='bbox 3252 5465 3516 5538; x_wconf 85' lang='lat' dir='ltr'><strong>jactura;</strong></span> <span class='ocrx_word' id='word_1_1072' title='bbox 3559 5465 3709 5520; x_wconf 81' lang='lat' dir='ltr'><strong>idem</strong></span> 
     </span>
     <span class='ocr_line' id='line_1_141' title="bbox 2112 5534 3709 5592; baseline -0.001 -2"><span class='ocrx_word' id='word_1_1073' title='bbox 2112 5549 2234 5590; x_wconf 88' lang='lat' dir='ltr'><strong>cum</strong></span> <span class='ocrx_word' id='word_1_1074' title='bbox 2262 5534 2374 5589; x_wconf 90' lang='lat' dir='ltr'><strong>Ott.</strong></span> <span class='ocrx_word' id='word_1_1075' title='bbox 2410 5539 2462 5592; x_wconf 89' lang='grc'><strong>1.</strong></span> <span class='ocrx_word' id='word_1_1076' title='bbox 2494 5535 2616 5591; x_wconf 88' lang='lat' dir='ltr'><strong>cod.</strong></span> <span class='ocrx_word' id='word_1_1077' title='bbox 2652 5535 2737 5592; x_wconf 88' lang='grc' dir='ltr'><strong>Β..</strong></span> <span class='ocrx_word' id='word_1_1078' title='bbox 2768 5536 2936 5592; x_wconf 71' lang='lat' dir='ltr'><strong>lanea:</strong></span> <span class='ocrx_word' id='word_1_1079' title='bbox 2968 5535 3230 5592; x_wconf 75' lang='lat' dir='ltr'><strong>deinceps.</strong></span> <span class='ocrx_word' id='word_1_1080' title='bbox 3282 5536 3541 5592; x_wconf 81' lang='lat' dir='ltr'><strong>Plerique</strong></span> <span class='ocrx_word' id='word_1_1081' title='bbox 3562 5579 3577 5592; x_wconf 92' lang='lat'><strong>.</strong></span> <span class='ocrx_word' id='word_1_1082' title='bbox 3617 5553 3709 5590; x_wconf 73' lang='lat' dir='ltr'><strong>nec</strong></span> 
     </span>
    </p>
   </div>
   <div class='ocr_carea' id='block_1_138' title="bbox 2111 5549 3715 5602">
    <p class='ocr_par' dir='ltr' id='par_1_138' title="bbox 2111 5549 3715 5602">
     <span class='ocr_line' id='line_1_142' title="bbox 2111 5549 3715 5602; baseline -0.001 -12"><span class='ocrx_word' id='word_1_1083' title='bbox 2111 5549 2234 5590; x_wconf 81' lang='lat' dir='ltr'><strong>Cum</strong></span> <span class='ocrx_word' id='word_1_1084' title='bbox 2262 5549 2374 5589; x_wconf 88' lang='lat' dir='ltr'><strong>Utt.</strong></span> <span class='ocrx_word' id='word_1_1085' title='bbox 2410 5549 2462 5599; x_wconf 87' lang='grc'><strong>1.</strong></span> <span class='ocrx_word' id='word_1_1086' title='bbox 2494 5549 2616 5591; x_wconf 81' lang='lat' dir='ltr'><strong>catt.</strong></span> <span class='ocrx_word' id='word_1_1087' title='bbox 2652 5549 2737 5602; x_wconf 70' lang='lat'><strong>6.,</strong></span> <span class='ocrx_word' id='word_1_1088' title='bbox 2768 5549 2936 5602; x_wconf 70' lang='lat' dir='ltr'><strong>longa:</strong></span> <span class='ocrx_word' id='word_1_1089' title='bbox 2968 5549 3230 5602; x_wconf 79' lang='lat' dir='ltr'><strong>deinceps.</strong></span> <span class='ocrx_word' id='word_1_1090' title='bbox 3282 5549 3541 5602; x_wconf 84' lang='lat' dir='ltr'><strong>l’tertque</strong></span> <span class='ocrx_word' id='word_1_1091' title='bbox 3562 5579 3577 5601; x_wconf 93' lang='lat'><strong>,</strong></span> <span class='ocrx_word' id='word_1_1092' title='bbox 3617 5553 3715 5590; x_wconf 71' lang='lat' dir='ltr'><strong>nec</strong></span> 
     </span>
    </p>
   </div>
   <div class='ocr_carea' id='block_1_139' title="bbox 2113 5551 3713 5679">
    <p class='ocr_par' dir='ltr' id='par_1_139' title="bbox 2113 5551 3713 5679">
     <span class='ocr_line' id='line_1_143' title="bbox 2113 5551 3713 5607; baseline -0.001 -17"><span class='ocrx_word' id='word_1_1093' title='bbox 2113 5551 2234 5590; x_wconf 88' lang='lat' dir='ltr'><strong>cum</strong></span> <span class='ocrx_word' id='word_1_1094' title='bbox 2262 5551 2374 5589; x_wconf 87' lang='lat' dir='ltr'><strong>Utt.</strong></span> <span class='ocrx_word' id='word_1_1095' title='bbox 2410 5551 2462 5599; x_wconf 86' lang='grc' dir='ltr'><strong>ι.</strong></span> <span class='ocrx_word' id='word_1_1096' title='bbox 2494 5551 2616 5591; x_wconf 71' lang='lat' dir='ltr'><strong>coit.</strong></span> <span class='ocrx_word' id='word_1_1097' title='bbox 2652 5551 2737 5602; x_wconf 68' lang='lat'><strong>15.,</strong></span> <span class='ocrx_word' id='word_1_1098' title='bbox 2768 5551 2936 5605; x_wconf 66' lang='lat' dir='ltr'><strong>tangar</strong></span> <span class='ocrx_word' id='word_1_1099' title='bbox 2968 5551 3230 5607; x_wconf 80' lang='lat' dir='ltr'><strong>aemceps.</strong></span> <span class='ocrx_word' id='word_1_1100' title='bbox 3282 5551 3541 5607; x_wconf 80' lang='lat' dir='ltr'><strong>t&#39;tertqne</strong></span> <span class='ocrx_word' id='word_1_1101' title='bbox 3562 5579 3577 5601; x_wconf 93' lang='lat'><strong>,</strong></span> <span class='ocrx_word' id='word_1_1102' title='bbox 3617 5553 3713 5590; x_wconf 75' lang='lat' dir='ltr'><strong>nec</strong></span> 
     </span>
     <span class='ocr_line' id='line_1_144' title="bbox 2113 5607 3713 5679; baseline 0.001 -19"><span class='ocrx_word' id='word_1_1103' title='bbox 2113 5608 2284 5679; x_wconf 85' lang='lat' dir='ltr'><strong>pigeat</strong></span> <span class='ocrx_word' id='word_1_1104' title='bbox 2307 5616 2397 5679; x_wconf 12' lang='lat' dir='ltr'><strong>ite.</strong></span> <span class='ocrx_word' id='word_1_1105' title='bbox 2449 5607 2582 5677; x_wconf 88' lang='lat' dir='ltr'><strong>Reg.</strong></span> <span class='ocrx_word' id='word_1_1106' title='bbox 2617 5609 2679 5675; x_wconf 93' lang='grc'><strong>1,</strong></span> <span class='ocrx_word' id='word_1_1107' title='bbox 2735 5623 2826 5679; x_wconf 64' lang='lat' dir='ltr'><strong>nec</strong></span> <span class='ocrx_word' id='word_1_1108' title='bbox 2883 5608 3054 5679; x_wconf 81' lang='lat' dir='ltr'><strong>pigeat</strong></span> <span class='ocrx_word' id='word_1_1109' title='bbox 3084 5608 3205 5663; x_wconf 87' lang='lat' dir='ltr'><strong>sine</strong></span> <span class='ocrx_word' id='word_1_1110' title='bbox 3235 5615 3285 5679; x_wconf 81' lang='lat' dir='ltr'><strong>te</strong></span> <span class='ocrx_word' id='word_1_1111' title='bbox 3305 5650 3321 5673; x_wconf 87' lang='lat'><strong>,</strong></span> <span class='ocrx_word' id='word_1_1112' title='bbox 3372 5609 3518 5678; x_wconf 88' lang='lat' dir='ltr'><strong>quod</strong></span> <span class='ocrx_word' id='word_1_1113' title='bbox 3550 5609 3713 5663; x_wconf 82' lang='lat' dir='ltr'><strong>deest</strong></span> 
     </span>
    </p>
   </div>
   <div class='ocr_carea' id='block_1_140' title="bbox 2112 5666 3714 5750">
    <p class='ocr_par' dir='ltr' id='par_1_140' title="bbox 2112 5666 3714 5750">
     <span class='ocr_line' id='line_1_145' title="bbox 2112 5666 3714 5750; baseline 0.001 -17"><span class='ocrx_word' id='word_1_1114' title='bbox 2112 5666 2274 5733; x_wconf 67' lang='lat' dir='ltr'><strong>etiam</strong></span> <span class='ocrx_word' id='word_1_1115' title='bbox 2303 5678 2358 5733; x_wconf 93' lang='lat' dir='ltr'><strong>in</strong></span> <span class='ocrx_word' id='word_1_1116' title='bbox 2386 5666 2613 5735; x_wconf 36' lang='lat' dir='ltr'><strong>code.</strong></span> <span class='ocrx_word' id='word_1_1117' title='bbox 2656 5666 2713 5734; x_wconf 80' lang='lat' dir='ltr'><strong>et</strong></span> <span class='ocrx_word' id='word_1_1118' title='bbox 2760 5666 2896 5750; x_wconf 51' lang='lat' dir='ltr'><strong>Reg:</strong></span> <span class='ocrx_word' id='word_1_1119' title='bbox 2931 5666 2997 5745; x_wconf 66' lang='lat'><strong>4;</strong></span> <span class='ocrx_word' id='word_1_1120' title='bbox 3042 5680 3140 5735; x_wconf 90' lang='lat' dir='ltr'><strong>sed</strong></span> <span class='ocrx_word' id='word_1_1121' title='bbox 3172 5683 3229 5733; x_wconf 85' lang='lat' dir='ltr'><strong>in</strong></span> <span class='ocrx_word' id='word_1_1122' title='bbox 3425 5680 3452 5735; x_wconf 91' lang='grc'><strong>1</strong></span> <span class='ocrx_word' id='word_1_1123' title='bbox 3486 5679 3714 5735; x_wconf 84' lang='lat' dir='ltr'><strong>additur</strong></span> 
     </span>
    </p>
   </div>
   <div class='ocr_carea' id='block_1_141' title="bbox 2113 5750 3707 5822">
    <p class='ocr_par' dir='ltr' id='par_1_141' title="bbox 2113 5750 3707 5822">
     <span class='ocr_line' id='line_1_146' title="bbox 2113 5750 3707 5822; baseline 0.002 -20"><span class='ocrx_word' id='word_1_1124' title='bbox 2113 5764 2298 5822; x_wconf 86' lang='lat' dir='ltr'><strong>supra.</strong></span> <span class='ocrx_word' id='word_1_1125' title='bbox 2330 5750 2467 5820; x_wconf 84' lang='lat' dir='ltr'><strong>Reg.</strong></span> <span class='ocrx_word' id='word_1_1126' title='bbox 2497 5751 2554 5815; x_wconf 82' lang='lat'><strong>2,</strong></span> <span class='ocrx_word' id='word_1_1127' title='bbox 2587 5751 2642 5818; x_wconf 77' lang='lat'><strong>5,</strong></span> <span class='ocrx_word' id='word_1_1128' title='bbox 2670 5767 2730 5804; x_wconf 85' lang='lat' dir='ltr'><strong>ne</strong></span> <span class='ocrx_word' id='word_1_1129' title='bbox 2759 5752 2933 5822; x_wconf 83' lang='lat' dir='ltr'><strong>pigeat</strong></span> <span class='ocrx_word' id='word_1_1130' title='bbox 2959 5761 3026 5805; x_wconf 85' lang='lat' dir='ltr'><strong>te.</strong></span> <span class='ocrx_word' id='word_1_1131' title='bbox 3057 5750 3192 5821; x_wconf 82' lang='lat' dir='ltr'><strong>Reg.</strong></span> <span class='ocrx_word' id='word_1_1132' title='bbox 3224 5751 3283 5817; x_wconf 83' lang='lat'><strong>4,</strong></span> <span class='ocrx_word' id='word_1_1133' title='bbox 3311 5767 3404 5805; x_wconf 86' lang='lat' dir='ltr'><strong>nec</strong></span> <span class='ocrx_word' id='word_1_1134' title='bbox 3432 5751 3707 5821; x_wconf 79' lang='lat' dir='ltr'><strong>pepigeat;</strong></span> 
     </span>
    </p>
   </div>
   <div class='ocr_carea' id='block_1_142' title="bbox 464 5810 3710 5914">
    <p class='ocr_par' dir='ltr' id='par_1_142' title="bbox 464 5810 3710 5914">
     <span class='ocr_line' id='line_1_147' title="bbox 464 5810 3710 5914; baseline 0.003 -45"><span class='ocrx_word' id='word_1_1135' title='bbox 610 5816 732 5899; x_wconf 66' lang='lat' dir='ltr'><strong>yat.</strong></span> <span class='ocrx_word' id='word_1_1136' title='bbox 858 5819 1003 5903; x_wconf 58' lang='lat' dir='ltr'><strong>Ald,</strong></span> <span class='ocrx_word' id='word_1_1137' title='bbox 1036 5821 1252 5906; x_wconf 55' lang='lat' dir='ltr'><strong>schedia</strong></span> <span class='ocrx_word' id='word_1_1138' title='bbox 1277 5818 1487 5909; x_wconf 36' lang='lat' dir='ltr'><strong>.Poc&#39;lnlt.</strong></span> <span class='ocrx_word' id='word_1_1139' title='bbox 1518 5825 1587 5904; x_wconf 71' lang='lat' dir='ltr'><strong>gil</strong></span> <span class='ocrx_word' id='word_1_1140' title='bbox 1619 5822 1713 5905; x_wconf 69' lang='grc' dir='ltr'>ζιςισ</span> <span class='ocrx_word' id='word_1_1141' title='bbox 1753 5840 1845 5912; x_wconf 70' lang='lat' dir='ltr'><strong>ego</strong></span> <span class='ocrx_word' id='word_1_1142' title='bbox 1872 5839 1886 5877; x_wconf 87' lang='lat'><strong>:</strong></span> <span class='ocrx_word' id='word_1_1143' title='bbox 1922 5821 2001 5912; x_wconf 68' lang='lat' dir='ltr'><strong>sic</strong></span> <span class='ocrx_word' id='word_1_1144' title='bbox 2104 5810 2252 5891; x_wconf 61' lang='lat' dir='ltr'><strong>forte</strong></span> <span class='ocrx_word' id='word_1_1145' title='bbox 2278 5836 2375 5904; x_wconf 80' lang='lat' dir='ltr'><strong>pro</strong></span> <span class='ocrx_word' id='word_1_1146' title='bbox 2397 5810 2487 5909; x_wconf 36' lang='lat' dir='ltr'><strong>nve‘c</strong></span> <span class='ocrx_word' id='word_1_1147' title='bbox 2524 5810 2571 5905; x_wconf 54' lang='lat' dir='ltr'><strong>t&#39;e</strong></span> <span class='ocrx_word' id='word_1_1148' title='bbox 2602 5810 2948 5914; x_wconf 22' lang='lat' dir='ltr'><strong>‘liiget‘t&#39;t&#39;f&#39;llro</strong></span> <span class='ocrx_word' id='word_1_1149' title='bbox 2968 5810 3452 5914; x_wconf 26' lang='lat' dir='ltr'><strong>adligo]ttétga‘ttlti</strong></span> <span class='ocrx_word' id='word_1_1150' title='bbox 3483 5810 3710 5914; x_wconf 52' lang='grc' dir='ltr'><strong>ἱξηῆςτεξι</strong></span> 
     </span>
    </p>
   </div>
  </div>
