4086 6184
353 215 460 282 645

1447 221 1693 283 OPERIS
1734 220 2119 286 PASCHALIS
2157 223 2556 287 DEDICATIO.

3547 230 3655 296 646

352 335 532 404 longae
584 333 954 393 excusationis
1000 337 1257 411 ambages
1281 381 1297 408 ,
1349 356 1452 397 nec
1498 343 1678 414 pigeat
1725 352 1776 399 te
1833 352 1956 413 post
1980 351 2037 414 Α
2058 347 2329 414 ordinavi,
2352 354 2542 404 contra
2566 358 2758 403 omnes
2782 344 3009 402 aemulos
3038 353 3146 404 tuas
3174 348 3328 423 157
3350 347 3658 409 defensioni

347 426 484 480 tanti
539 426 770 497 gurgitis
825 443 1052 486 emensa
1093 430 1409 489 discrimina
1459 433 1637 491 adhuc
1666 434 1951 491 ﬂuctuanti

344 519 557 590 paginae
584 522 927 580 auctoritatis
952 536 1060 581 tua:
1080 526 1379 584 anchoram
1400 530 1778 587 commodare.
1809 531 1953 601 Qua-

345 618 474 667 tuor
494 627 627 683 ergo
653 613 701 646 ⁹³
731 630 1051 675 struantur)!
1091 635 1382 679 ntvmonuu
1412 623 1661 693 libellos,
1712 640 1848 696 quos
1883 640 1953 682 ex

345 702 595 775 pluribus
624 711 1153 781 pauca‘complexus
1179 728 1353 785 usque
1394 715 1463 771 ad
1491 717 1803 787 passionem
1832 758 1848 785 ,
1899 725 1956 773 et

347 798 834 869 resurrectionem,
861 804 1351 879 ascensionemque
1378 808 1595 865 Domini
1626 809 1799 866 nostri
1823 810 1955 867 Jesu

345 887 571 964 Christi,
598 902 833 965 quatuor
860 901 1327 972 evangelistarum
1356 903 1403 938 9"
1433 903 1579 961 dicta
1606 920 1950 980 congregans

2054 439 2402 495 commendo.
2441 439 2575 494 lluic
2616 448 2801 494 autem
2837 439 2990 509 operi
3019 442 3089 508 ’³,
3127 441 3346 498 favente
3394 442 3655 510 Domino,

2054 530 2437 588 PASCHALIS
2466 529 2797 587 CARMINIS
2823 546 3021 588 nomen
3043 531 3298 603 imposui,
3331 534 3455 606 quia
3485 533 3669 608 PAS-g

2057 620 2200 679 CHA
2250 631 2498 679 nostrum
2553 622 2863 679 immolatus
2917 632 3003 680 est
3054 623 3305 680 Christus
3354 643 3368 679 :
3420 625 3508 681 cui
3557 624 3656 682 ho-

2056 730 2161 771 nor
2192 716 2263 785 9',
2292 724 2347 772 et
2376 715 2574 788 gloria,
2596 730 2719 771 cum
2750 715 2930 785 Patre,
2963 724 3021 772 et
3044 715 3252 789 Spiritu
3300 726 3523 788 sancto,
3556 732 3656 790 per

2058 811 2244 868 omnia
2266 811 2464 869 saecula
2493 810 2839 870 saeculorum.
2874 811 3068 869 Amen.

1832 1037 2151 1096 SCHOLlA.

346 1147 542 1223 ordine
561 1146 687 1223 Vat.
710 1147 767 1213 2,
794 1149 920 1206 cod.
946 1153 1034 1218 B.,
1063 1152 1216 1219 Ald.,
1250 1153 1374 1211 Vel.
1407 1156 1433 1210 1
1458 1197 1473 1219 ,
1507 1155 1678 1223 Μοη.,
1721 1155 1942 1211 schedae

345 1219 587 1295 Poelm.,
618 1220 901 1291 ﬂuctuanti
934 1226 1127 1280 adhuc.
1159 1224 1297 1295 Reg.
1324 1227 1377 1290 1,
1412 1226 1526 1286 Ott.
1560 1229 1614 1293 1,
1646 1219 1768 1283 cum
1805 1245 1943 1283 uou-

346 1292 527 1367 nullis
552 1295 715 1367 editis
754 1296 1082 1367 commodare
1125 1311 1143 1350 :
1180 1292 1273 1351 alii
1327 1312 1449 1353 cum
1498 1300 1621 1354 Ald.
1649 1346 1663 1367 ,
1696 1299 1818 1355 Vet.
1876 1300 1937 1367 1,

345 1361 469 1419 Vat.
498 1363 569 1435 2,7
589 1363 759 1432 Mon.,
798 1366 1025 1435 Poelm.,
1058 1369 1468 1427 accommodare.

418 1434 509 1490 95.
539 1434 653 1509 Qtt.
688 1437 739 1501 1,
769 1435 942 1509 Igitur
988 1434 1302 1495 mirabilium
1343 1443 1637 1496 divinorum
1662 1452 1764 1497 tres
1796 1443 1943 1497 libel-

347 1505 462 1591 los;
484 1507 588 1591 sed
608 1518 714 1591 tres
734 1505 1012 1591 appicmm
1040 1523 1126 1567 est
1154 1527 1339 1591 supra.
1356 1513 1416 1569 S.
1452 1514 1693 1591 |_sid_o__rus
1723 1514 1791 1569 de
1820 1515 1938 1591 Σίν.
1970 1544 1971 1547 η

346 1578 548 1634 illustr.
603 1590 714 1634 tres
744 1578 909 1635 etiam
954 1578 1264 1638 enumerai.
1300 1585 1484 1639 Nostri
1528 1586 1617 1639 alii
1651 1600 1782 1639 mss.
1820 1582 1939 1640 Vat.

342 1646 403 1715 2,
433 1649 570 1725 Reg.
651 1696 665 1717 ,
701 1653 768 1725 ‘2:
798 1652 831 1706 5
860 1670 875 1707 :
910 1652 1148 1725 Quatuor
1186 1656 1344 1725 igitur
1378 1656 1699 1710 mirabilium
1743 1657 1943 1711 divino-

342 1735 463 1803 rum
486 1720 710 1803 libellos.
736 1722 875 1795 Reg.
907 1724 942 1778 4
964 1767 979 1792 ,
1015 1720 1257 1803 Quatuor
1283 1727 1603 1803 mirabilium
1648 1729 1814 1799 igitur
1862 1729 1946 1803 d_i-

342 1798 602 1848 uiuorum.
652 1798 904 1859 Quatuor
955 1808 1118 1852 etiam
1158 1799 1281 1852 cod.
1328 1798 1527 1854 Altuel.
1576 1809 1851 1854 recenset.
1888 1800 1944 1855 In

341 1863 565 1942 schedia
588 1865 793 1942 Poelm.
820 1883 919 1938 pro
942 1879 1163 1942 quatuor
1183 1869 1531 1925 SItbSliluilut‘
1545 1871 1790 1942 quinque.
1813 1871 1945 1924 Edi-

2050 1156 2243 1284 renga.
2274 1155 2394 1242 Non
2426 1154 2570 1213 enim
2598 1170 2885 1229 assequar,
2916 1169 3015 1213 cur
3042 1154 3289 1212 ordinari
3317 1157 3503 1230 glossa
3532 1174 3666 1218 cen-

2050 1244 2145 1283 sen
2191 1245 2219 1282 a
2243 1237 2333 1284 snt.

2050 1230 2219 1284 senda
2243 1230 2333 1284 sit.

2120 1300 2209 1355 95.
2252 1300 2509 1356 Nonnulli
2536 1301 2689 1368 editi,
2724 1302 2866 1357 Huic
2905 1311 3074 1356 autem
3103 1301 3361 1368 carmini;
3393 1318 3524 1359 vera
3553 1304 3664 1361 lec-

2050 1372 2145 1439 tio,
2177 1374 2342 1442 operi,
2395 1374 2552 1441 cujus
2579 1374 2762 1444 glossa
2794 1375 2848 1429 in
2881 1390 2983 1429 ms.
3028 1373 3242 1430 Barthii
3286 1383 3423 1440 erat,
3472 1377 3528 1431 It.
3576 1392 3623 1431 e.
3649 1417 3664 1441 ,

2048 1445 2267 1499 carmini
2313 1446 2573 1515 prtesenti.
2632 1445 2892 1501 Sedulius
2937 1462 3047 1500 non
3097 1445 3267 1501 semel
3315 1462 3447 1516 opus
3505 1457 3665 1503 vocat

2049 1532 2206 1588 suum
2234 1532 2478 1588 carmen,
2515 1516 2698 1588 itaque
2727 1517 2821 1572 alii
2851 1518 3169 1588 loquuntur.
3198 1516 3453 1588 Alioquin
3483 1518 3657 1575 Sedu-

2050 1586 2156 1641 lius
2188 1587 2377 1661 v_oluit,
2406 1586 2938 1661 nomen‘poematis,‘
2957 1597 3013 1644 ut
3039 1606 3068 1644 a
3095 1603 3255 1660 prosa
3283 1586 3661 1661 distinguitur,

2048 1673 2169 1714 esse
2194 1658 2411 1715 Carmen
2442 1658 2716 1726 Paschale,
2752 1676 2950 1716 nomen
2981 1658 3114 1717 vero
3156 1675 3331 1727 prosae
3363 1658 3510 1727 opus
3547 1660 3660 1716 Pa-

2044 1729 2240 1784 sclmle.
2287 1730 2467 1785 Nostri
2494 1746 2687 1787 omnes
2717 1746 2848 1786 mss.
2878 1748 3000 1787 cum
3033 1730 3184 1796 Ald.,
3219 1732 3391 1799 Mon.,
3428 1731 3548 1787 Vet.
3582 1736 3657 1799 1.,

2049 1801 2236 1874 sched.
2262 1802 2496 1874 Paetum,
2523 1802 2727 1873 favente
2750 1802 3115 1874 Domino,_alii
3147 1801 3280 1858 editi
3305 1807 3508 1874 favente
3527 1803 3657 1860 Deo.

2051 1872 2187 1945 Cod.
2215 1874 2275 1928 B.
2296 1914 2312 1940 ,
2344 1871 2484 1927 Huic
2525 1871 2725 1942 autem,
2767 1877 2967 1945 [arente
2996 1872 3127 1936 Deo,
3149 1871 3497 1945 _sineg'0peri:
3544 1876 3655 1930 Ott.

343 1935 522 2016 tiones
544 1940 748 2006 pariter
774 1935 1011 2016 variant,
1042 1940 1163 2016 alia:
1194 1935 1625 2016 quinquelibros
1655 1935 1941 2012 ekbibent,
1974 1956 2024 2016 Β
2055 1944 2106 2009 1,
2140 1960 2264 2000 cum
2291 1935 2419 1999 Ald.
2452 1956 2506 1999 et
2554 1947 2677 2000 aliis
2704 1935 2838 2000 mss.
2870 1944 3099 2016 nostris,
3120 1935 3417 2016 Paschalis
3458 1942 3665 2016 Carmi-

340 2006 466 2082 alite
492 2020 746 2082 quatuor.
778 2009 1027 2066 Varietas
1058 2011 1174 2066 haec
1198 2006 1248 2066 in
1276 2006 1377 2068 hac
1397 2014 1626 2082 epistola
1660 2030 1725 2069 ex
1758 2006 1948 2069 nume;

339 2079 423 2160 ris
453 2081 590 2160 oriri
623 2090 845 2160 potest,
870 2092 929 2136 ut
957 2097 1103 2160 saepe
1133 2083 1388 2160 aegidis:
1423 2079 1477 2139 in
1504 2086 1664 2160 ipsis
1698 2101 1828 2160 vero
1880 2086 1947 2160 li:

338 2149 878 2223 bris‘distrihuendis
927 2154 1010 2208 vel
1037 2149 1121 2209 'ex
1164 2149 1820 2223 librariorum-arbitrio,
1855 2157 1942 2212 vel

341 2221 581 2299 emulsa
626 2224 892 2299 varietate
919 2225 974 2280 iu
1011 2225 1420 2293 exemplaribus
1461 2227 1625 2298 hujus
1669 2221 1940 2299 epistolm.

340 2291 481 2368 Vide
512 2293 824 2368 P‘rolegom.
856 2313 1008 2352 num.
1032 2299 1095 2353 51
1126 2291 1282 2368 seqq.

414 2366 507 2420 94.
538 2364 726 2420 Ottob.
758 2370 812 2435 1,
842 2380 1070 2440 quatuor
1103 2364 1509 2440 Et'a'ngelioruitt
1540 2389 1553 2425 :
1579 2370 1656 2426 sic
1685 2371 1821 2439 Reg.
1859 2374 1882 2427 1
1913 2388 1943 2427 a

380 2451 430 2515 ς.
463 2453 564 2515 m.,
596 2453 759 2509 supra
791 2439 1267 2515 ct'angelistarum,
1308 2442 1453 2511 quod
1503 2443 1688 2515 caeteri
1719 2443 1941 2499 habent.

385 2509 598 2584 lerique
627 2526 784 2584 _mss.
843 2522 900 2568 et
921 2509 1117 2578 'editi,
1170 2509 1493 2584 congregans
1535 2514 1775 2568 ordinari
1817 2531 1943 2570 cum

338 2578 522 2658 glossa
546 2580 601 2635 iu
626 2580 848 2658 Re_g._‘2,
880 2584 1127 2658 instruxi.
1158 2578 1289 2639 Mss:
1314 2578 1522 2658 Poelui.
1551 2626 1567 2649 ,
1613 2601 1945 2658 congregans

340 2652 576 2728 curavi;
619 2655 741 2728 cod.
773 2656 1017 2722 Barthii,
1073 2673 1392 2728 congregans
1432 2656 1678 2728 adﬁrmavi.
1716 2652 1944 2713 "Bar'thio

337 2737 448 2777 non
505 2722 762 2795 displicet
809 2730 983 2781 curari
1010 2770 1025 2795 ,
1069 2722 1193 2783 sed'
1225 2722 1404 2798 magis
1460 2727 1636 2796 placet
1680 2728 1943 2795 adunari;

337 2808 463 2865 qua:
479 2811 594 2870 _vox
620 2798 687 2852 ad
719 2798 1177 2870 ultimumitelal'ts
1213 2808 1491 2870 argenteae
1520 2808 1734 2869 tempus
1767 2800 1943 2856 refer-

340 2866 824 2940 tur.Burmannus
861 2871 928 2926 ad
968 2869 1193 2927 Petron.
1241 2866 1299 2925 cI
1340 2870 1410 2924 '58
1457 2866 1681 2940 praefert
1726 2873 1942 2925 curari:

337 2936 439 2993 sed
492 2938 806 3008 huiusmodi
858 2942 1007 2997 vocis
1044 2958 1176 2998 usus
1213 2936 1550 3013 Wopkensio
1598 2958 1703 2997 non
1747 2944 1945 3013 proba-

341 3016 433 3064 tur
458 3027 472 3063 :
507 3016 598 3080 qui
623 3013 846 3083 conjicit
871 3015 1008 3084 quis,
1028 3014 1112 3070 vel
1140 3016 1321 3086 quibus
1344 3029 1407 3067 ex
1433 3011 1766 3080 pluribus”:
1798 3013 1941 3069 dicta

341 3096 662 3156 congregare
709 3087 905 3155 curavi,
941 3086 1027 3140 vel
1053 3103 1179 3156 quos
1199 3102 1263 3139 ex
1283 3086 1593 3156 pluribus...
1628 3086 1767 3139 dicta
1819 3103 1944 3141 con-

405 3170 562 3226 egans
586 3155 858 3212 adornari.
892 3157 1220 3213 Arntzeuius
1252 3155 1429 3226 rejicit
1451 3157 1679 3226 adunavi
1698 3201 1712 3225 ,
1746 3158 1944 3213 nonni-

360 3223 778 3300 Iil_’_pro_pe_udet
825 3228 882 3284 in
913 3231 1127 3296 curavi,
1175 3228 1271 3284 scd
1310 3223 1436 3282 cum
1468 3223 1709 3284 Cellario
1746 3229 1943 3300 recipit

342 3293 605 3371 ordinari.
638 3298 766 3355 Haec
812 3300 928 3369 ipsa
967 3293 1238 3371 scriptura
1278 3300 1581 3355 communis
1635 3303 1688 3354 in
1738 3293 1942 3356 nostris

2052 2017 2134 2070 nis
2165 2032 2351 2070 nomen
2380 2016 2628 2086 imposui.
2662 2017 2849 2073 Codex
2896 2014 3108 2082 Barth.,
3148 2013 3429 2070 Paschalis
3453 2014 3657 2070 Carmi-

2050 2087 2131 2141 nis
2159 2104 2347 2142 novum
2374 2104 2558 2158 nomen
2597 2087 2715 2142 ideo
2745 2089 2991 2158 imposui.
3026 2086 3327 2158 Arntzenio
3358 2103 3546 2140 novum
3572 2103 3665 2144 su-

2051 2159 2314 2226 perﬂuum
2348 2157 2584 2224 videtur,
2620 2174 2721 2215 nec
2743 2157 2873 2215 satis
2904 2160 3223 2215 convenire.
3252 2157 3517 2214 Nonnulli
3544 2160 3660 2217 edi-

2052 2230 2112 2296 ti,
2134 2229 2423 2301 Paschalis
2451 2229 2709 2286 Carminis
2735 2232 2851 2286 ideo
2877 2247 3063 2286 nomen
3087 2231 3331 2301 imposui.
3706 2286 3709 2299 F

2122 2300 2215 2358 96.
2258 2302 2401 2373 Vat.
2432 2303 2489 2371 2,
2541 2301 2676 2372 Reg.
2730 2303 2782 2369 1,
2840 2318 2939 2373 pro
2969 2317 3082 2359 sec.
3116 2300 3268 2368 lect.,
3323 2302 3409 2358 vel
3454 2301 3662 2373 glossa,

2049 2372 2183 2445 Reg.
2218 2372 2273 2438 4,
2305 2372 2455 2438 Ald.,
2488 2374 2569 2426 cui
2589 2371 2664 2427 est
2690 2371 2892 2445 honor;
2920 2374 3010 2427 alii
3047 2389 3179 2428 mss.
3207 2375 3378 2428 uestri
3412 2371 3479 2429 et
3501 2371 3656 2445 editi,

2049 2443 2347 2508 cui'honor,
2373 2445 2491 2500 sine
2519 2454 2615 2515 est.
2648 2445 2785 2515 Reg.
2814 2443 2869 2510 4,
2891 2445 3077 2507 honor,
3103 2445 3379 2515 gloriaque
3406 2461 3523 2498 cum
3546 2444 3656 2501 Pa-

2049 2524 2143 2571 tre.
2180 2515 2292 2572 Ott.
2327 2517 2380 2581 1,
2417 2516 2544 2571 Vat.
2571 2514 2626 2583 2,
2678 2514 2802 2570 Ald.
2850 2531 2972 2570 cum
3005 2514 3127 2570 aliis
3155 2515 3336 2579 editis,
3370 2524 3420 2570 et
3452 2514 3661 2586 Spiritu

2049 2598 2249 2643 sancto.
2275 2587 2411 2658 Reg.
2440 2589 2495 2653 1,
2526 2598 2572 2641 et
2604 2603 2721 2641 cum
2750 2586 2956 2658 Spiritu
2986 2597 3166 2641 sancto
3194 2588 3246 2640 in
3272 2587 3467 2641 saecula
3492 2604 3660 2642 swcu-

2050 2659 2242 2731 lorum.
2267 2660 2451 2713 Amen.
2488 2659 2596 2714 Alii
2628 2673 2759 2713 mss.
2793 2669 2848 2714 et
2873 2658 3026 2731 editi.
3058 2668 3104 2714 et
3134 2670 3315 2731 sancto
3346 2658 3578 2731 Spiritu.
3612 2659 3660 2715 Α

2047 2729 2200 2800 Lips.
2254 2732 2454 2786 absunt
2507 2732 2648 2794 lucc,
2706 2747 2823 2785 cum
2868 2728 3048 2797 Patre,
3104 2738 3149 2783 et
3195 2728 3403 2799 Spiritu
3455 2741 3660 2785 sancto.

2049 2801 2195 2858 Idem
2226 2802 2422 2869 codex,
2465 2804 2519 2855 in
2542 2800 2759 2869 stecula,
2795 2818 2901 2856 nou
2930 2817 3021 2873 per
3048 2802 3221 2856 omnia
3262 2802 3476 2867 sa’cula,
3509 2801 3659 2873 quod

2048 2874 2137 2928 alii
2173 2884 2378 2929 tenent.
2413 2874 2741 2929 Arntzenius
2776 2874 2874 2937 ait,
2924 2872 3098 2927 omnia
3138 2873 3312 2927 videri
3344 2872 3658 2942 abundare,

2047 2945 2145 3017 sed
2176 2961 2275 3017 pro
2303 2954 2520 3014 recepta
2547 2950 2819 3017 scriptura
2846 2943 2999 3000 all‘crt
3036 2943 3339 3017 ὃςξᾱιιιῇιιιηΔ
3371 2944 3550 3017 ipsum
3600 2946 3655 3000 in

2048 3015 2158 3070 line
2178 3014 2432 3086 epistola:
2463 3014 2817 3071 dedicatoritc
2850 3031 3050 3087 prosae,
3080 3014 3436 3071 Prudentium
3464 3016 3654 3087 hymn.

2048 3090 2081 3141 9
2112 3088 2270 3144 Catli.
2300 3104 2444 3143 vers.
2472 3089 2601 3153 ult.,
2630 3097 2684 3145 et
2710 3086 2975 3143 cod.’ms.
3012 3089 3144 3142 vitae
3166 3090 3224 3143 S.
3247 3087 3465 3142 Odilim.
3511 3088 3568 3143 In
3593 3086 3662 3143 li-

2047 3157 2161 3214 bris
2187 3160 2390 3216 nostris
2419 3159 2684 3229 litnrgicis
2735 3158 2872 3214 nihil
2919 3168 3005 3229 est
3032 3158 3402 3227 lrequentius.
3434 3158 3491 3213 In
3523 3157 3654 3214 Vat.

2044 3231 2081 3285 2
2108 3231 2261 3287 deeSt
2289 3248 2459 3285 amen.
2494 3228 2629 3302 Reg.
2659 3230 2717 3294 4,
2751 3246 2918 3285 amen.
2952 3228 3185 3298 Explicit
3223 3229 3443 3302 epistola
3472 3229 3652 3287 Sedu-

2047 3303 2104 3356 lii
2139 3303 2206 3356 ad
2240 3301 2628 3357 Macedoniam.
2657 3302 2749 3358 Sic
2777 3302 2894 3358 fere
2922 3302 3099 3358 codex
3145 3313 3302 3359 vetus
3346 3301 3659 3358 Taurineu—

340 3367 595 3423 omnibus
617 3386 750 3427 mss.
784 3362 932 3428 clare
962 3362 1273 3439 exhibetur,
1305 3386 1370 3426 ac
1397 3371 1610 3426 caeteris
1638 3382 1726 3426 est
1746 3373 1934 3442 prmt'e-
1971 3362 2018 3427 C
2049 3376 2148 3441 sis,
2182 3384 2242 3430 ut
2267 3374 2380 3430 dixi
2414 3374 2469 3429 in
2498 3375 2808 3445 Prolegom.
2840 3390 2898 3429 n.
2934 3372 3027 3429 62.

348 3507 3637 3533 mm

1017 3659 1667 3804 Deoicatio
1745 3705 1950 3842 ope

2056 3656 2155 3807 is
2222 3657 2945 3844 quassante

1721 3904 1809 3956 AD
1843 3901 2288 3957 MACEDONIUM.

621 4033 853 4099 Sancto
883 4054 954 4098 ac
995 4030 1347 4098 beatissimo
1371 4035 1549 4116 patri
1581 4033 1959 4098 Macedonio
1988 4028 2351 4115 presbytero
2387 4027 2684 4096 Sedulius
2710 4029 2782 4093 in
2814 4029 3060 4095 Christo
3089 4029 3373 4093 salutem.

1723 4186 2163 4227 ’Ξῖ-’-

424 4326 582 4402 ιω
604 4326 938 4399 Praecepisti,
970 4326 1270 4384 reverende
1297 4326 1368 4383 mi
1411 4326 1654 4398 domine,
1703 4328 1941 4385 Pascha-

2052 4326 2120 4382 lis
2149 4321 2411 4381 carminis
2446 4330 2674 4389 textum,
2731 4320 2875 4392 quod
2930 4320 3113 4378 ofﬁcio
3154 4336 3307 4393 purae
3352 4319 3661 4379 devotionis

1841 4462 2157 4521 SCHOLIA.

427 4606 488 4661 In
514 4608 659 4677 Opus
688 4605 950 4664 Paschale
981 4614 1138 4662 notas
1182 4604 1373 4673 edidit,
1424 4603 1517 4676 qui
1556 4602 1777 4677 primus
1826 4617 1947 4677 qm-

349 4678 504 4736 nium
539 4674 683 4752 typis
712 4679 842 4735 illud
874 4679 1132 4752 vulgavit,
1174 4674 1503 4752 Franciscus
1547 4675 1812 4752 Joretus._
1841 4674 1951 4730 Re-

348 4765 501 4807 cusze
524 4745 610 4806 cie
632 4760 759 4807 sunt
788 4752 842 4807 in
883 4745 1159 4805 nonnullis
1205 4748 1539 4804 editionihus
1598 4745 1949 4805 Bibliotheca:

349 4822 599 4887 Patrum,
630 4834 684 4878 et
724 4825 1025 4892 praesertim
1074 4823 1128 4877 in
1175 4820 1536 4892 Bibliotheca
1570 4816 1945 4892 Gallandiana.

348 4893 470 4948 Non
499 4889 1081 4950 viderat—Gallandius
1126 4892 1358 4959 primam
1407 4889 1703 4946 editionem
1755 4890 1950 4959 Operis

349 4964 657 5029 Paschalis,
685 4981 807 5035 quae
834 4981 862 5019 a
894 4965 1084 5021 Jurcto
1114 4960 1341 5019 Parisiis
1371 4960 1789 5035 procuratafuit
1808 4975 1952 5035 an_uo

353 5034 532 5101 1585;
565 5031 771 5092 etcum
806 5037 1308 5099 animadvertisset,
1363 5036 1414 5089 in
1459 5031 1816 5087 Bibliothecis
1855 5032 1955 5087 Pa-

351 5114 519 5173 trum,
553 5108 787 5164 maxime
815 5109 868 5164 in
892 5108 1187 5163 Parisiensi
1234 5105 1362 5161 anni
1393 5104 1556 5167 1644,
1601 5103 1955 5160 Sedulianum

350 5177 458 5250 hoc
483 5193 621 5249 opus
651 5180 810 5236 ttedis
843 5180 1055 5235 mendis
1080 5180 1281 5250 ubique
1312 5190 1544 5243 scatere,
1574 5176 1667 5230 vix
1702 5183 1761 5250 ut
1789 5175 1963 5250 inter-

350 5249 481 5305 dum
514 5247 754 5307 auctoris
781 5262 1015 5307 mentem
1048 5247 1262 5321 assequi
1293 5259 1500 5318 posset,
1545 5247 1961 5321 contulitinter

352 5336 417 5377 se
454 5321 848 5378 Biblimbecam
878 5322 1097 5377 Patrum
1130 5318 1500 5378 Parisiensem
1544 5318 1673 5373 anni
1708 5318 1869 5386 1644,
1905 5325 1963 5374 et

351 5391 799 5464 Lugdunensem,
835 5401 1102 5465 notasque
1129 5408 1257 5449 suas
1297 5391 1556 5465 subjecit,
1589 5388 1782 5465 quibus
1824 5402 1964 5444 non-

355 5460 541 5519 nullos
569 5460 793 5522 errores
810 5460 1049 5529 auferre,
1081 5466 1371 5534 lumenque
1397 5460 1549 5532 operi
1573 5460 1772 5534 atl'erre
1797 5474 1964 5516 cona-

362 5547 449 5590 tus
489 5544 591 5592 est.
640 5536 721 5593 Ne
764 5535 899 5592 mihi
954 5535 1173 5606 quidem
1224 5533 1381 5591 licuit
1409 5535 1639 5605 primam
1671 5533 1964 5606 editionem

359 5608 560 5678 Operis
591 5607 879 5663 Paschalis
905 5603 1192 5664 consulere
1224 5623 1243 5663 :
1268 5603 1477 5662 contuli
1503 5617 1686 5678 tamen
1709 5603 1980 5678 editiones

368 5675 731 5752 Bibliotheca;
758 5680 980 5736 Patrum
1011 5680 1303 5752 Margarini
1352 5679 1422 5752 de
1450 5679 1500 5752 la
1532 5675 1981 5752 Bigne,Parisiis

376 5750 549 5816 1589;
581 5754 900 5809 Auctarium
951 5748 1283 5809 Ducaeanum
1316 5749 1560 5822 ejusdem
1607 5748 1978 5815 Bibliothecte,

2057 4601 2277 4658 Parisiis
2310 4597 2491 4664 1626;
2529 4596 2827 4655 editionem
2856 4593 3244 4653 Colonienscm
3300 4593 3462 4661 1618,
3507 4592 3661 4651 Pari-

2055 4674 2294 4741 siensem
2324 4670 2489 4741 1644,
2515 4669 2960 4741 Lugdunensem,
2991 4679 3046 4741 et
3066 4665 3501 4741 Gallandianam.
3529 4667 3660 4723 0m-

2057 4739 2205 4802 niuin
2247 4746 2441 4800 harum
2474 4738 2788 4799 editionum
2845 4740 3221 4812 antiquissima
3280 4738 3526 4809 profecto
3577 4745 3665 4794 est

2056 4817 2386 4874 Parisiensis
2428 4816 2556 4871 anni
2614 4813 2780 4878 1589,
2830 4826 2991 4882 quam
3040 4812 3384 4883 potissimum
3439 4824 3662 4883 sequar.

2057 4888 2383 4945 Parisiensis
2410 4888 2538 4942 anni
2574 4885 2714 4941 16⁸24
2763 4880 3025 4940 mendosa
3042 4880 3160 4949 'est,
3207 4884 3302 4939 sed
3349 4880 3665 4939 mendosior

2057 4961 2228 5014 altera
2257 4959 2387 5014 anni
2418 4957 2579 5014 1644.
2610 4958 2690 5012 Ex
2735 4958 2879 5011 notis
2915 4964 3096 5011 autem
3132 4955 3302 5012 Jureti
3342 4964 3397 5011 et
3440 4952 3665 5010 Callan-

1981 5017 2034 5079 D
2061 5030 2137 5086 dii
2164 5030 2300 5085 nihil
2328 5030 2512 5095 omisi,
2544 5028 2691 5100 quod
2723 5028 2791 5084 ad
2821 5026 2922 5084 hos
2951 5025 3666 5100 librosSeduliLillustran:

2063 5102 2162 5157 dos
2191 5103 2466 5167 pertinere
2496 5092 2792 5156 arbitratus
2831 5114 2974 5155 sum.
3022 5097 3297 5155 Judiciom
3342 5092 3665 5164 Wopkensii

2062 5172 2131 5228 de
2160 5172 2328 5228 Prosa
2382 5170 2488 5227 hoc
2517 5180 2644 5228 est:
2687 5168 2802 5225 Nec
2852 5181 3022 5225 tamen
3072 5168 3257 5224 Prosie
3304 5166 3425 5221 huic
3471 5173 3669 5219 tantum

2068 5244 2263 5308 tribuo,
2295 5252 2351 5298 ut
2377 5242 2523 5317 illius
2554 5242 2886 5317 auctoritate
2908 5242 3285 5317 emendationes
3329 5252 3467 5291 meas
3511 5250 3673 5317 strpe-

2065 5331 2284 5371 numero
2314 5315 2538 5385 spongia
2585 5313 2962 5376 damnaverim,
3004 5312 3198 5385 quippe
3225 5323 3382 5379 quam
3419 5312 3671 5385 poematis

2068 5387 2303 5443 sensibus
2327 5377 2433 5441 non
2450 5377 2676 5456 “semper
2697 5386 2824 5459 satis
2845 5377 3024 5438 exacte
3046 5377 3333 5459 odhtrrere,
3361 5387 3409 5432 et
3424 5377 3676 5459 aliquoi}:

2083 5459 2149 5514 do
2170 5462 2324 5514 etiam
2348 5444 2608 5526 συνταριώ
2634 5456 2909 5527 scriptura
2945 5444 3330 5527 conformatum
3365 5464 3500 5527 esse2
3522 5444 3675 5527 'milti

2082 5540 2220 5603 certo
2242 5518 2601 5603 persuadeam.
2628 5528 2719 5583 Sic
2739 5518 2909 5581 refert
2927 5518 3255 5603 Arnizenius
3282 5523 3335 5575 in
3356 5518 3678 5603 praefatione

2083 5601 2176 5673 qui
2206 5595 2385 5659 tamen
2415 5599 2624 5673 statuit,
2660 5612 2848 5673 pauca
2876 5604 3087 5673 tantum
3121 5595 3175 5648 in
3197 5595 3309 5665 ipso
3339 5595 3565 5673 carmine
3592 5607 3682 5673 sit-

2083 5662 2308 5744 peresse,
2336 5673 2400 5727 de
2424 5662 2618 5744 quibus:
2636 5662 2910 5744 difficilius
2937 5683 3001 5722 ea;
3043 5662 3227 5744 Plosa'
3252 5673 3420 5738 posset
3448 5662 3678 5735 deﬁniri,

2082 5737 2207 5817 quid
2236 5737 2523 5802 verumsit.
2549 5737 2930 5812 Vide’Proleg.
2961 5753 3020 5795 n.
3047 5737 3175 5796 258.
