4086 6184
438 256 545 313 559

582 369 652 426 Ut
678 366 871 423 messis
895 370 1061 437 queat
1090 377 1214 420 esse
1245 361 1366 428 Dei,
1397 357 1710 430 mercisque
1739 355 1935 413 futurae

1819 237 2035 297 COELII
2073 234 2350 295 SEDULII

2066 362 2122 421 Α

3640 214 3745 277 1560

2290 350 2661 423 Torpentique
2689 344 2809 401 solo
2835 340 3085 400 viventia
3110 335 3356 395 membra
3387 334 3588 394 dedisti
3622 377 3638 401 ,

580 460 818 517 Maxima
868 429 1163 516 centenum
1209 452 1494 511 cumulare
1549 429 1648 524 per
1687 450 1884 506 horrea
1932 448 2046 505 fru-
2145 449 2214 504 70
2305 445 2409 514 Qui
2481 449 2804 516 pereuntem
2880 435 3185 493 homincm‘
3235 432 3389 489 vetiti
3456 429 3744 487 dulcedine

1774 540 1969 614 [ctum.

436 650 507 707 60
652 648 1016 718 Omnipotens
1051 653 1259 701 aeterne
1289 641 1455 708 Deus,
1490 652 1617 710 spes
1641 636 1801 693 unica
1831 633 2041 700 mundi,

575 743 680 813 Qui
704 742 829 799 cmli
857 740 1158 796 fabricator
1184 736 1341 802 ades,
1367 733 1463 806 qui
1491 731 1744 789 conditor
1765 728 1937 795 orbis,

573 838 677 907 Qui
700 839 866 891 maris
897 832 1196 889 undisonas
1224 830 1389 885 ﬂuctu
1414 834 1675 899 surgente
1700 821 1972 895 procellas

573 931 819 1003 Mergere
846 930 1044 985 vicina:
1073 926 1332 999 prohibes
1358 924 1593 981 confinia
1625 932 1818 984 terra),

577 1026 680 1096 Qui
710 1024 884 1081 Solem
903 1020 1101 1089 radiis,
1131 1030 1187 1077 et
1217 1020 1401 1076 lunam
1423 1016 1689 1075 cornibus
1712 1012 1909 1084 imples
1934 1051 1951 1079 ,

3564 540 3675 582 orm

3502 524 3562 599 ip

2287 635 2566 693 lnstauras
2592 630 2823 688 meliore
2849 628 2971 685 cibo
2998 669 3014 695 ,
3044 634 3287 698 potaque
3311 620 3511 679 sacrati

2290 728 2583 802 Sanguinis
2612 727 2853 783 infusum
2880 722 3115 795 depellis
3147 721 3215 777 ab
3242 733 3422 791 angue
3452 730 3743 784 venenum,

2287 822 2391 892 Qui
2441 837 2614 893 genus
2658 820 2955 876 humanum
3011 816 3237 888 (praeter
3284 826 3424 885 quos
3479 810 3748 865 clauserat

3505 900 3678 976 iam)

2291 1009 2490 1065 Diluvii
2526 1007 2718 1079 rapida
2747 1004 3053 1079 Spumantis
3085 1002 3230 1059 mole
3266 999 3541 1072 sepultum

425 1124 501 1185 65
579 1089 737 1194 £62
761 1120 933 1190 lnque
980 1116 1152 1186 diem,
1203 1129 1269 1172 ac
1317 1122 1531 1170 noctem
1585 1110 1772 1165 lumen
1830 1102 2045 1163 metiris
2147 1103 2220 1161 75
2292 1103 2409 1160 Una
2439 1101 2639 1158 iterum
2666 1100 2736 1157 de
2759 1101 2934 1170 stirpe
2962 1113 3143 1165 creas,
3174 1104 3232 1151 ut
3259 1093 3487 1166 mystica
3524 1089 3743 1157 virtus,

1609 1201 1929 1275 [utrumque
1955 1241 1971 1266 ,

574 1310 679 1380 Qui
708 1308 896 1364 stellas
925 1319 1206 1371 numeras,
1242 1316 1477 1374 quarum
1520 1308 1579 1355 tu
1609 1296 1832 1353 nomina
1861 1294 2035 1359 solus,

572 1403 759 1473 Signa,
786 1407 1108 1472 potestates,
1142 1410 1360 1463 cursus,
1395 1393 1538 1457 loca,
1578 1401 1830 1461 tempora
1860 1386 2034 1454 nosti,

571 1498 675 1567 Qui
699 1495 917 1553 diversa
948 1507 1146 1549 novam
1176 1487 1426 1546 formasti
1458 1487 1511 1542 in
1534 1498 1767 1556 corpora
1795 1490 1994 1539 terram
2020 1523 2034 1549 ,

2290 1195 2446 1266 Quod
2478 1195 2661 1252 carnis
2699 1194 2901 1251 delicta
2930 1201 3132 1250 necant
3162 1232 3178 1259 ,
3207 1191 3314 1247 hoc
3345 1187 3580 1261 praesule
3601 1186 3746 1259 ligno

2297 1291 2455 1364 163
2483 1290 2811 1346 Monstraret
2861 1285 3094 1359 liquidas
3143 1283 3398 1341 renovari
3452 1295 3611 1352 posse
3654 1293 3748 1350 per

3446 1371 3676 1448 [undas;

2290 1475 2487 1533 TOtum
2514 1489 2751 1546 namque
2779 1473 2928 1530 lavas
2954 1488 3066 1528 uno
3098 1469 3429 1543 baptismate
3455 1464 3744 1523 mundum:

1792 1615 1972 1674 OPUS
2011 1613 2396 1672 PASCIIALE.

426 1735 675 1794 vitalium
703 1730 973 1790 seminum
1010 1725 1209 1784 divinis
1258 1722 1415 1795 aquis
1462 1720 1701 1776 animata
1730 1713 2037 1773 fecunditas
2068 1718 2116 1779 Β
2142 1712 2394 1783 noetique
2416 1711 2846 1777 conterminans,
2865 1707 3383 1780 utriusqueluminis
3408 1706 3556 1763 vices
3581 1719 3750 1761 sacrae

429 1830 607 1886 nutrit
653 1836 916 1898 segetem,
963 1819 1182 1878 revulsa
1228 1815 1465 1872 sontium
1506 1810 1803 1883 asperitate
1836 1816 1861 1845 ει
1890 1821 2040 1864 cres-

429 1932 680 1987 centem,
718 1932 841 1990 qua:
868 1915 1054 1971 nimim
1085 1910 1255 1982 frugis
1294 1908 1543 1964 ubertate
1587 1902 1910 1973 multiplici,
1942 1899 2040 1955 Dei

424 2021 592 2089 queat
613 2026 735 2068 esse
757 2010 871 2081 jam
900 2006 1117 2069 messis,
1147 2019 1211 2058 ac
1241 2016 1396 2073 spem
1421 1999 1618 2054 futurae
1639 1994 1841 2052 mercis
1871 2007 2039 2064 oppe-

429 2085 613 2176 riens,
639 2103 888 2163 centenis
917 2098 1153 2158 cumulis
1184 2098 1418 2152 fructum
1446 2093 1743 2148 maximum
1777 2085 2041 2145 recondat

435 2202 493 2259 in
519 2202 739 2259 horrea.

505 2295 869 2365 Omnipotens
896 2287 1163 2346 individui
1192 2285 1334 2343 Deus
1361 2281 1602 2340 numinis
1626 2288 1679 2336 et
1703 2275 1917 2343 aeterni,
1948 2273 2041 2346 qui

426 2398 605 2448 totum
636 2403 792 2445 sacro
823 2394 959 2442 nutu
988 2383 1242 2441 contines
1280 2379 1568 2444 mundum,
1612 2374 1705 2447 qui
1734 2370 2039 2429 machinam

430 2484 561 2543 coeli
593 2462 1140 2550 tuorumfdigitorum
1170 2473 1490 2547 operatione
1531 2467 1758 2525 ﬁrmasti
1782 2505 1797 2530 ,
1849 2472 1902 2520 et
1948 2476 2043 2534 po—

429 2578 603 2636 tentis
631 2575 659 2615 b
686 2574 843 2632 verbi
873 2571 1135 2628 fabricam
1175 2565 1488 2631 condidisti,
1523 2563 1615 2634 qui
1641 2558 1887 2632 rapidam
1915 2558 2049 2611 lluc-

433 2670 643 2730 tuantis
681 2666 863 2740 pelagi
910 2665 1181 2721 insaniam
1211 2662 1439 2717 limitem
1473 2666 1707 2713 terrenae
1748 2648 2046 2707 vicinitatis

434 2765 693 2832 obruere,
724 2760 976 2818 terminis
1002 2759 1265 2830 prohibes
1301 2751 1641 2820 constitutis,
1673 2748 1763 2819 qui
1793 2746 1928 2802 solis
1959 2759 2046 2800 ra-

431 2858 635 2916 diantis
690 2861 984 2927 aspectus,
1034 2859 1091 2907 et
1132 2849 1451 2920 cornigeros
1493 2846 1637 2901 lunae
1689 2842 1878 2897 vultus
1935 2837 2043 2894 diei

2141 1805 2536 1863 moderationis
2582 1806 2910 1862 libramento
2953 1804 3238 1874 dispensas
3268 1849 3283 1872 ,
3332 1802 3425 1873 qui
3470 1800 3750 1857 stellarum

2143 1915 2452 1966 numerum,
2486 1906 2807 1970 potestates,
2841 1897 3020 1968 signa,
3052 1911 3300 1964 munera,
3343 1895 3485 1963 loca,
3533 1908 3750 1961 cursus,

2141 2008 2206 2050 ac
2241 2002 2485 2063 tempora
2520 1992 2670 2047 solus
2711 1990 2946 2062 colligis,
2981 1990 3131 2045 solus
3160 1987 3448 2059 agnoscis;
3480 1987 3572 2058 qui
3601 1987 3753 2042 rudis

2143 2096 2304 2145 terra:
2352 2085 2598 2142 membra
2641 2086 2912 2156 torpentia
2956 2099 3055 2155 per
3101 2082 3348 2140 diversos
3387 2088 3569 2137 mutus
3616 2080 3755 2136 vivis

2142 2181 2397 2238 animasti
2422 2180 2775 2253 corporibus,
2809 2178 2900 2251 qui
2934 2177 3212 2233 hominem
3247 2177 3459 2232 fructus
3488 2176 3755 2231 arboreas

2142 2276 2311 2332 vetita
2359 2275 2791 2347 praesumptione
2838 2272 3188 2328 mandentem
3246 2277 3531 2342 postquam
3578 2281 3757 2325 morte

2143 2374 2496 2439 condemnas,
2531 2367 2773 2425 melioris
2802 2367 2909 2423 cibi
2939 2371 3284 2422 sacramento
3303 2364 3594 2420 resuscitas
3626 2375 3676 2429 ε,
3701 2369 3755 2419 et

2145 2478 2175 2518 a
2221 2463 2429 2535 viperei
2463 2477 2679 2517 morsus
2709 2460 3030 2531 voluptuosa
3062 2456 3271 2514 fallacia
3300 2464 3429 2527 potu
3470 2454 3755 2526 sanguinis

2146 2556 2480 2613 immaculati
2509 2569 2802 2611 conservas
2834 2571 2847 2608 :
2882 2555 2970 2625 qui
3013 2551 3235 2608 humani
3264 2551 3482 2622 generis
3510 2565 3711 2605 nomen
3737 2591 3752 2616 ,

2149 2658 2499 2723 praeterquos
2520 2660 2844 2705 custosarca
2864 2646 3158 2715 munierat,
3177 2645 3460 2715 repentina
3478 2645 3753 2715 surgentis

2151 2743 2339 2799 diluvii
2373 2741 2727 2798 inundatione
2756 2756 2994 2797 mersum
3026 2738 3241 2811 penitus
3267 2753 3332 2793 ac
3358 2738 3653 2809 sepultum,
3687 2751 3754 2792 ex

2152 2852 2259 2892 una
2317 2850 2508 2893 rursus
2566 2835 2826 2907 progenie
2882 2831 3251 2905 multiplicare
3301 2831 3639 2901 restitutum,
3698 2837 3756 2884 ut

1967 2949 2289 3009 SCIIOLIA.

505 3088 595 3145 58.
626 3086 751 3143 Vat.
784 3097 825 3151 ι,
858 3081 929 3136 Et
944 3080 1135 3151 missis
1146 3096 1160 3151 ;
1189 3078 1309 3151 lege
1333 3074 1423 3131 Ut.
1457 3074 1533 3151 ita
1563 3072 1680 3151 fere
1706 3069 1775 3151 S.
1796 3066 2042 3151 lgnatius
2070 3067 2116 3132 C

438 3139 689 3231 martyri
719 3139 1290 3231 Frumentumﬂhris'ti
1320 3161 1459 3230 sum;
1486 3142 1725 3199 dentibus
1758 3139 2042 3194 bestiarum

438 3219 632 3292 mola},
657 3236 713 3281 ut
746 3224 894 3291 panis
918 3219 1419 3292 mundusinveniar.

509 3277 767 3357 ὃὸζίἕὲό
783 3296 940 3349 titulo
967 3293 1081 3349 Ott.
1139 3291 1163 3346 l
1201 3309 1213 3345 :
1256 3288 1450 3360 Incipit
1476 3283 1805 3360 deprecatio.
1833 3277 2044 3360 Sedulii

435 3350 704 3429 rhetoris.—
728 3350 936 3422 Oratio.
983 3365 1117 3429 Reg.
1158 3362 1207 3416 1.
1247 3350 1537 3414 laudantia.
1561 3350 1741 3411 'Rom.
1775 3350 2045 3429 Invocatio

438 3424 625 3516 poene.
654 3424 1096 3516 A_ng._fnuocatio
1126 3432 1356 3516 Sedulii.
1399 3429 1621 3516 Similes
1656 3424 2045 3516 inscriptiones

437 3493 899 3572 Eiét'imiifaias
927 3522 1056 3563 mss.
1077 3548 1092 3572 ,
1120 3516 1176 3561 et
1207 3502 1372 3559 editis
1393 3545 1405 3561 .
1428 3515 1542 3556 non
1573 3499 1643 3554 ab
1664 3505 1923 3561 auctore,
1946 3493 2042 3548 sed

439 3603 474 3643 a
524 3585 760 3641 librariis
807 3596 904 3650 pro
932 3577 1162 3634 arbitrio
1203 3573 1469 3650 confectae
1505 3591 1531 3650 :_
1560 3584 1696 3650 quas
1723 3579 1918 3650 omnes
1953 3579 2048 3650 _re-

440 3637 682 3716 Emisere
694 3637 1158 3725 supervacaneum
1185 3655 1354 3725 esset.
1383 3637 1917 3725 l’arrlta'sius_iiullos
1949 3637 2046 3719 lia-

438 3711 541 3787 133i
564 3711 941 3798 hujuscemodi
978 3721 1171 3798 titulos
1204 3720 1465 3798 capitum.
1496 3713 1677 3798 —_lta
1702 3711 1817 3767 fere
1856 3711 2048 3778 incipit

441 3786 775 3858 Dracontius
808 3796 846 3850 l.
869 3811 928 3863 ιι,
968 3792 1308 3862 Omnipotens
1346 3796 1534 3863 (uterne
1578 3786 1738 3840 Deus.

510 3874 603 3929 (il.
621 3870 755 3925 Ades
777 3882 875 3939 pro
893 3858 948 3921 es
970 3858 1229 3920 :verbum
1259 3859 1622 3931 compositum
1658 3873 1755 3928 pro
1780 3858 2042 3931 simplici,

441 3952 504 4000 ut
529 3941 681 3998 alibi.

513 4015 606 4070 62..
643 4010 921 4079 Explicata
942 4013 1027 4063 est
1045 4006 1164 4064 haec
1189 4002 1457 4079 sententia
1482 4000 1763 4079 similibus
1773 4001 2047 4079 exemplis

440 4087 496 4142 in
541 4097 656 4141 not.
688 4074 756 4138 ad
802 4082 964 4137 Drac.
995 4079 1031 4133 Ι.
1068 4094 1127 4149 ιι,
1163 4091 1302 4134 vers.
1351 4074 1477 4130 545.
1530 4074 1787 4128 Nonnulli
1833 4074 2048 4129 undiso-

444 4174 584 4213 nam.
599 4197 611 4210 .
625 4195 657 4229 ,ί
670 4154 973 4229 propellant.

513 4229 604 4283 tit.
634 4216 894 4281 Barthius
911 4224 951 4277 l.
973 4239 1077 4278 xxv
1104 4222 1340 4278 Advers.
1370 4237 1421 4275 ρ.
1440 4219 1508 4274 l5
1525 4231 1625 4288 pro
1645 4225 1693 4271 et
1712 4217 1891 4288 lunam
1911 4216 2049 4270 citat

444 4301 515 4355 ad
541 4300 742 4366 lunam,
767 4310 956 4351 errore
983 4293 1401 4366 typographico,
1423 4298 1482 4345 ut
1508 4296 1659 4366 puto.
1682 4288 1790 4344 Sed
1820 4287 2049 4344 fortasse

441 4372 619 4429 voluit
644 4381 696 4423 at
722 4360 900 4423 tunam
921 4410 935 4435 ,
966 4360 1359 4434 quod'ele'gans
1390 4372 1497 4435 es_t,
1520 4360 1627 4435 sed
1653 4368 1842 4435 contra
1874 4375 2008 4435 mss.

519 4444 610 4501 σεο
628 4431 943 4528 Ρεοηιειενιέ
963 4431 1123 4528 ἀντὶ·
1139 4431 2049 4528 aeneus;.Y92F°P.Si:'§£§t'ie:"
2074 4467 2129 4528 ι)

446 4517 617 4589 Inque
643 4512 801 4581 diem,
831 4520 1137 4589 acnoctem,
1164 4509 1331 4589 lt._e.,
1353 4505 1605 4573 interdiu,
1629 4519 1689 4557 ac
1719 4513 1866 4557 nocte
1892 4517 1911 4557 :
1938 4502 2046 4557 cla-

445 4577 559 4643 rio'r
593 4596 675 4642 est
706 4577 882 4653 prosae
908 4577 1309 4653 interpretatio.

2221 3065 2309 3140 73.
2363 3064 2565 3140 Praeter
2593 3081 2719 3137 quos
2749 3082 2768 3120 :
2800 3065 2927 3140 vide
2952 3107 2967 3132 ,
2998 3081 3122 3138 quae
3164 3064 3233 3123 de
3265 3065 3371 3122 hac
3412 3064 3600 3140 phrasi
3640 3064 3752 3123 dixi

2149 3137 2215 3193 ad
2243 3137 2404 3193 llrac.
2439 3138 2476 3191 Ι.
2510 3135 2774 3206 ιιῄγθιε.
2807 3135 2934 3194 450.

2219 3206 2308 3263 74.
2345 3210 2493 3263 Meus
2513 3208 2757 3279 gravida,
2791 3211 2856 3263 ad
2897 3224 3067 3279 marg.
3100 3209 3397 3274 correctio,
3420 3209 3506 3266 vel
3533 3210 3753 3267 diversa

2148 3280 2555 3348 lectio,rapida.
2580 3281 2690 3334 Ott.
2724 3279 2788 3345 2,
2819 3295 2941 3335 cum
2983 3280 3305 3350 quibusdam
3330 3282 3531 3341 editis.
3564 3281 3754 3337 rabida

2148 3366 2249 3421 pro
2276 3354 2486 3426 rapida.
2516 3350 2596 3405 lta
2623 3351 2802 3406 solent
2827 3352 3031 3426 librarii
3063 3354 3281 3426 rapidus
3312 3369 3407 3426 pro
3433 3353 3670 3421 rabidus,
3700 3362 3756 3409 et

2147 3437 2338 3496 contra
2366 3423 2609 3496 scribere
2635 3439 2649 3476 :
2675 3439 2737 3477 ac
2763 3438 2912 3493 saepe
2938 3423 3239 3496 dubitatur.
3266 3424 3398 3496 quid
3429 3425 3624 3480 melius
3660 3427 3753 3480 sit.

2148 3494 2265 3578 μου
2288 3496 2409 3578 loco
2429 3495 2617 3578 rapida
2634 3497 2977 3578 communior
2990 3506 3080 3578 est
3094 3494 3369 3565 lectio,‘ac
3384 3497 3752 3567 pracferenda:

2148 3565 2397 3621 innuitur
2431 3565 2579 3621 enim
2613 3566 2866 3621 celeritas
2894 3565 3104 3621 diluvii.

2221 3637 2311 3693 76.
2354 3637 2411 3693 lu
2453 3637 2672 3692 schedis
2706 3638 3233 3707 Poelm.ascriptum
3268 3648 3385 3694 erat
3413 3680 3429 3704 ,
3457 3640 3757 3697 nonnullos

2151 3708 2356 3780 legere,
2390 3708 2532 3777 Quos
2560 3709 2768 3775 carnis;
2793 3710 2952 3774 alios,
2976 3708 3090 3764 Hos
3112 3710 3308 3765 carnis.
3334 3709 3493 3766 Rom.
3517 3727 3546 3765 a
3569 3729 3652 3780 pr.
3678 3729 3754 3769 ιιι.

2153 3780 2331 3847 Quod,
2363 3790 2671 3853 correctum
2723 3780 2994 3853 peeruos
3025 3796 3045 3835 :
3074 3784 3261 3838 czeteri
3293 3782 3466 3847 Quod.
3498 3783 3758 3853 Plerique

2150 3867 2292 3927 mss._
2315 3861 2373 3909 et
2396 3851 2799 3927 editi,gprwsule
2815 3852 3204 3927 ligno._Poelm.
3225 3853 3293 3927 ad
3313 3870 3485 3927 marg.
3509 3851 3754 3927 prteside,

2149 3923 2294 3993 quod
2337 3924 2595 3997 nonnulli
2649 3921 2872 3993 vulgati
2908 3921 3177 3997 referunt.
3220 3921 3601 3997 Nelirissetisis
3655 3921 3753 3997 pro

2150 3996 2719 4078 prtesuleconjccerat
2748 3996 2976 4078 priestite
2999 4035 3014 4063 ,
3048 3997 3135 4078 vel
3162 3995 3406 4069 prreside.
3428 3995 3754 4078 .Arntze'nio

2151 4066 2475 4135 displicebat
2518 4065 2775 4136 pra'side';
2805 4066 2919 4132 qui,
2955 4065 3291 4137 nescio'qua
3340 4068 3572 4134 ratione,
3603 4086 3757 4125 crro-

2150 4152 2267 4193 rem
2319 4138 2468 4194 hunc
2517 4152 2640 4194 esse
2684 4136 3052 4193 existimabat.
3089 4136 3292 4194 Eadem
3323 4141 3470 4195 enim
3513 4150 3604 4196 est
3628 4156 3753 4196 sen-

2154 4210 2346 4286 tentia,
2381 4210 2662 4286 et__eodem
2694 4208 2857 4286 modo
2887 4209 3013 4286 dici
3024 4220 3206 4286 potest
3231 4212 3481 4286 praestita,
3507 4213 3750 4286 praeside,

2152 4281 2601 4355 prtesuleiliguo,
2630 4279 2839 4355 scilicet
2869 4282 3076 4355 auxilio
3101 4324 3117 4348 ,
3151 4279 3407 4355 praesidio
3431 4323 3448 4350 ,
3479 4279 3585 4355 o'pe
3623 4284 3752 4354 ligni

2152 4351 2353 4410 erucis.
2388 4351 2674 4426 Ridiculus
2697 4352 2844 4407 enim
2862 4363 2947 4406 est
2974 4351 3267 4426 Cellarius.
3295 4356 3388 4426 qui
3421 4351 3749 4424 interpreta—

2156 4433 2242 4479 tur
2267 4423 2595 4492 prwsaliente
2626 4440 2750 4477 arca
2780 4439 2940 4493 super
2964 4441 3145 4491 aquas.
3178 4423 3329 4481 Adeo
3370 4425 3685 4481 heterodoxi
3718 4440 3752 4480 τι

2152 4496 2420 4551 catholica
2452 4497 2701 4551 doctrina
2726 4494 2794 4550 de
2821 4495 2918 4550 Ss‘.
2954 4496 3145 4552 Crucis
3171 4498 3525 4554 veneratioiie
3552 4496 3753 4553 abhor-

2154 4581 2299 4623 rent.
2333 4567 2734 4637 Wopkensius,
2768 4567 2858 4635 qui
2889 4576 3094 4640 rectam
3125 4570 3633 4640 interpretationem
3658 4569 3756 4624 δάι-

524 4639 618 4713 66.
648 4639 729 4713 Ei
768 4654 937 4711 sacris
980 4639 1181 4707 litteris
1226 4649 1476 4717 petitum.
1510 4645 1781 4717 Barthius
1800 4644 1874 4717 ait
1900 4683 1915 4709 ,
1944 4642 2049 4717 hos
2150 4654 2342 4717 versus
2386 4639 2688 4717 _Cellarium
2729 4645 2912 4717 tuetur
2937 4680 2953 4702 ,
2981 4639 3175 4717 eadem
3198 4712 3209 4717 _
3235 4639 3588 4717 piarjudicata
3637 4642 3756 4710 opi-

446 4745 640 4786 versus
670 4727 1020 4782 adumbratos
1041 4739 1108 4779 ex
1151 4714 1432 4778 Ovidianis
1451 4735 1504 4798 _v
1528 4717 1663 4772 Met.
1685 4714 1806 4771 Vid.
1831 4715 2047 4787 Proleg.

449 4801 960 4928 ballandius
988 4881 1053 4922 ex
1083 4863 1274 4921 codice
1301 4862 1471 4918 Taur.
1507 4874 1606 4928 pro
1632 4858 1782 4913 varia
1810 4857 2047 4914 lectione

447 4945 671 5016 8Ulljl¢ll
703 4941 802 5008 Qui
825 4941 1025 5016 diversa
1053 4933 1468 5016 novaformasfi
1500 4933 1555 5016 in
1599 4946 1821 5012 corpora
1866 4938 2002 5016 terra
2024 4946 2042 4983 :

449 5001 531 5073 sic
550 5001 961 5071 ctiamwnotatur
984 5011 1035 5064 in
1059 5001 1318 5076 Catalogo
1340 5001 1699 5076 bibliothecae
1714 5001 1875 5076 regia:
1896 5001 2041 5076 'l'_au_—

440 5088 699 5148 rinensis,
728 5102 794 5142 ex
820 5099 960 5153 quo,
998 5088 1056 5135 ut
1083 5091 1233 5151 puto,
1256 5073 1389 5133 suas
1416 5075 1596 5132 varias
1622 5074 1891 5130 lectiones
1912 5073 2044 5129 Gal-

446 5162 663 5217 landius
687 5154 1049 5227 deprompsit.

518 5233 608 5288 7i.
649 5215 829 5295 Aliq'ui
880 5215 1084 5295 vulgati
1128 5222 1192 5278 ab
1242 5237 1450 5295 ungue:
1484 5233 1628 5295 snas.
1679 5225 1736 5272 et
1781 5215 2041 5274 meliores

444 5305 576 5362 editi
604 5317 731 5359 cum
755 5290 951 5356 Parrh.
976 5290 1045 5351 ab
1067 5311 1254 5367 angue.
1285 5290 1455 5348 Favet
1484 5290 1672 5346 Prosa.

518 5450 545 5477 ιι
572 5439 664 5508 Sic
690 5436 820 5508 legit
844 5443 902 5490 et
919 5427 1637 5508 distinxit_Juretus,.qiu'in
1662 5432 1773 5508 vet.
1796 5422 1920 5479 cod.
1957 5422 2041 5508 in-

441 5492 604 5595 venit
622 5492 1044 5595 gliscentemque
1070 5503 1285 5559 nimiam
1314 5492 1501 5573 [rugis
1529 5497 1826 5555 Ubertatem
1860 5492 2042 5549 multi-

442 5579 799 5719 phginﬁiigi
831 5656 1011 5719 potest
1034 5646 1258 5719 potentis
1279 5645 1416 5719 verbi
1442 5643 1737 5719 operatione
1765 5638 1905 5719 {vel
1925 5639 2045 5710 lege

442 5719 639 5792 potenti
668 5711 847 5771 vei-tto."
868 5711 1185 5792 Gallandius
1212 5715 1439 5792 coniicit
1459 5711 1835 5792 potentisyerbi
1857 5711 2045 5792 virtute

436 5781 715 5866 fabricam,
763 5796 895 5852 etc.,
938 5788 1064 5855 quia
1093 5795 1283 5842 auctor
1314 5781 1528 5840 videtur
1560 5781 1838 5853 respicere
1878 5783 2046 5837 verba

2154 4712 2319 4784 nione
2350 4712 2635 4781 abreptus,
2658 4710 2988 4784 coniecerat,
3016 4712 3307 4782 legendum
3331 4712 3555 4784 prwsule
3578 4713 3750 4784 signo,

2150 4783 2210 4838 h.
2244 4799 2297 4840 e.
2331 4793 2456 4856 typo
2486 4783 2793 4854 praemisso,
2824 4781 2910 4856 vel
2938 4798 3034 4843 per
3055 4781 3160 4839 hoc
3188 4781 3512 4854 prodigium.
3546 4781 3757 4853 Reiecit

2155 4864 2334 4911 tamen
2381 4858 2520 4910 hanc
2565 4858 2716 4925 ipsan
2754 4855 3164 4923 conjecturam,
3196 4870 3321 4911 cum
3364 4856 3750 4921 observasset,

2152 4927 2293 4982 alios
2320 4942 2536 4999 quoque
2568 4929 2755 4999 Patres
2775 4925 3133 4999 are-.ediluvii
3166 4926 3582 4999 lignumcrucis
3606 4942 3753 4999 com-

2151 4996 2392 5070 parasse,
2425 4996 2484 5054 ut
2506 4998 2869 5071 Augustinum
2893 4997 2962 5052 de
3004 4996 3237 5055 Civitate
3263 4999 3358 5055 Dei
3385 4998 3424 5054 ι.
3454 5013 3540 5067 xv,
3576 5013 3626 5054 c.
3652 4996 3746 5064 26;

2145 5072 2419 5128 Alcimum
2453 5070 2670 5127 Avitum
2703 5070 2737 5124 ι.
2775 5085 2852 5136 Iv,
2906 5084 3051 5126 vers.
3081 5070 3209 5127 300.

2218 5142 2308 5199 77.
2329 5144 2480 5199 Meus
2499 5142 2731 5198 revocari
2754 5158 2862 5197 non
2883 5141 3067 5214 inepte
3091 5157 3188 5214 pro
3214 5141 3474 5199 renovari.
3503 5141 3564 5199 In
3589 5139 3746 5199 Rom.

2146 5215 2404 5272 mendum
2438 5229 2704 5270 renouare.

2220 5287 2312 5341 78.
2351 5286 2539 5343 Codex
2569 5286 2793 5343 Taurin.
2827 5285 3091 5345 mendose
3112 5284 3246 5342 Toto
3273 5302 3373 5360 pro
3402 5285 3616 5342 Totum.

2146 5422 2397 5507 {apostoli
2426 5422 2492 5507 ald
2518 5421 2686 5507 Hebr.
2702 5437 2753 5507 ι,
2776 5422 2829 5507 5.,
2859 5421 3186 5495 Portansque
3210 5424 3387 5507 omnia
3409 5422 3563 5507 ver-bo
3591 5422 3751 5477 uirtu-

2147 5497 2214 5549 tis
2264 5511 2393 5550 sure.
2447 5494 2648 5549 Confer
2699 5494 2845 5551 PSal.
2901 5511 3023 5565 vni,
3068 5494 3213 5552 vers.
3260 5497 3317 5566 4,
3358 5506 3416 5552 et
3478 5495 3586 5552 Job
3625 5508 3746 5566 cap.

2147 5581 2375 5631 xxxvtn,
2407 5582 2553 5622 vers.
2580 5567 2667 5623 Η.

2224 5649 2246 5677 ο
2282 5636 2398 5724 λὶιίιὶΔ
2420 5640 2601 5724 minus
2628 5639 2767 5724 bene
2790 5640 3123 5724 resuscitans.
3155 5637 3326 5724 Paulo
3356 5647 3495 5724 Apost
3519 5637 3750 5724 Gallae.-

2148 5710 2269 5767 dius
2290 5710 2406 5794 vult
2435 5709 2751 5794 utultipticas
2776 5712 3066 5768 restitutum
3089 5758 3102 5781 ,
3143 5711 3231 5768 vel
3281 5708 3461 5784 potius
3499 5708 3753 5783 multipli-

2150 5797 2269 5838 care
2297 5790 2545 5837 statuisti.
