4086 6184
356 286 451 343 561

493 400 677 457 Pande
699 400 997 458 salutarem
1027 418 1231 475 paucos
1259 420 1380 476 qua:
1408 395 1562 460 ducit
1586 404 1642 459 in
1676 401 1865 460 urbem

385 494 456 553 80
486 495 733 566 Angusto
758 495 890 550 mihi
920 494 1060 551 calle
1085 497 1250 564 viam,
1281 497 1543 568 verbique
1568 500 1848 557 lucernam

495 587 572 643 Da
604 587 832 658 pedibus
864 588 1046 645 lucere
1074 591 1232 658 meis,
1274 601 1335 647 ut
1363 592 1557 648 semita
1600 593 1730 649 vitae

497 679 580 736 Ad
602 681 788 735 caulas
810 696 898 737 me
918 683 1067 737 ruris
1097 691 1241 755 agat,
1276 700 1380 755 qua
1412 695 1592 741 seri-at
1619 702 1893 743 ammnum

494 774 689 830 Pastor
716 775 860 831 ovile
896 775 1096 844 bonus,
1127 793 1231 850 qua
1261 780 1470 838 vellere
1497 783 1731 853 praevius
1758 783 1882 839 albo

492 866 735 938 Virginis
772 883 943 941 agnus
981 870 1099 925 ovis
1122 912 1138 938 ,
1180 886 1426 944 grexque
1464 878 1641 931 omnis
1684 875 1952 935 candidus

1660 967 1872 1040 ﬁnirat,

380 1052 452 1109 85
496 1051 657 1126 164
681 1052 759 1109 Te
788 1052 961 1123 duce,
993 1052 1235 1113 difﬁcilis
1278 1071 1387 1113 non
1418 1067 1504 1114 est
1545 1060 1653 1127 via,
1698 1061 1951 1118 subditur

1697 1171 1875 1212 omnis

484 1237 734 1309 Imperiis
763 1249 959 1297 natura
990 1242 1130 1297 tuis:
1163 1244 1381 1316 rituque
1412 1246 1594 1304 soluto
1674 1153 1693 1228 [

490 1331 709 1389 Transit
734 1333 793 1389 in
822 1333 1083 1392 adversas
1108 1336 1265 1408 jussu
1306 1337 1623 1399 dominante
1651 1342 1871 1415 ﬁguras.

484 1424 541 1481 Si
577 1425 779 1497 jubeas
806 1428 1005 1486 mediis
1034 1438 1249 1503 segetes
1288 1446 1446 1491 arere
1473 1436 1711 1506 pruinis,

1529 282 1815 342 CARMEN
1857 284 2237 344 PASCHALE.
2279 282 2409 339 LIB.
2453 284 2493 338 Ι.

1977 407 2032 466 Α

3553 284 3663 343 562

2199 399 2493 456 Messorem
2530 399 2793 471 producet
2827 401 3004 457 hiems
3032 419 3044 456 ε
3077 403 3121 457 si
3160 418 3390 460 currere
3419 412 3658 459 mustum

2089 493 2160 549 90
2200 491 2421 549 Vernali
2453 493 2554 549 sub
2586 492 2705 549 sole
2735 487 2889 561 velis,
2924 494 3251 551 ﬂorentibus
3281 496 3429 551 arvis

2199 586 2465 643 Sordidus
2494 587 2791 657 impressas
2820 585 3055 643 calcabit
3080 587 3286 643 vinitor
3312 603 3472 656 uvas,

2198 680 2513 753 Cunctaque
2542 680 2739 736 divinis
2766 682 3037 752 parebunt
3064 690 3308 753 tempora
3333 681 3516 738 dictis.

2200 774 2405 831 Indicio
2436 784 2522 830 est
2545 774 2767 846 antiqua
2798 774 2954 844 ﬁdes,
3001 784 3057 831 et
3095 790 3232 831 caua
3260 778 3504 847 priorum

2199 869 2384 927 Testis
2432 870 2589 941 origo
2630 878 2846 937 patrum
2873 910 2889 937 ,
2942 868 3213 940 nullisque
3255 870 3521 927 abolenda
3561 884 3663 944 per

3389 964 3588 1037 [aevum

2092 1063 2163 1120 95
2199 1060 2565 1132 Temporibus
2604 1066 2862 1117 constant
2890 1058 3153 1114 virtutum
3184 1059 3336 1128 signa
3368 1066 3606 1116 tuarum.

2197 1155 2276 1211 Ex
2308 1154 2505 1220 quibus
2535 1152 2727 1207 audaci
2761 1152 3139 1223 perstringere
3169 1165 3343 1221 pauca
3369 1151 3545 1207 relatu

2202 1246 2360 1321 165
2401 1245 2502 1302 Vix
2523 1242 2721 1300 animis
2743 1244 3031 1300 committo
3058 1241 3221 1309 meis,
3244 1243 3549 1314 silvamque
3576 1256 3666 1314 pas

3347 1337 3573 1410 [tentem

2198 1434 2536 1509 Ingrediens,
2569 1432 2784 1504 aliquos
2811 1431 2959 1489 nitor
2983 1432 3302 1503 contingere
3330 1445 3535 1486 ramos.

1707 1574 1886 1634 OPUS
1924 1575 2313 1636 PASCHALE.

330 1660 582 1734 mystica:
607 1660 1073 1721 demonstratione
1098 1665 1340 1734 virtutis,
1363 1667 1508 1739 quod
1537 1670 1720 1725 carnis
1741 1670 1941 1728 delicta

329 1769 689 1822 necaverant,
707 1757 811 1813 ﬁda
837 1758 966 1829 ligni
997 1760 1335 1830 protectionc
1362 1763 1641 1829 vallatum,
1660 1781 1756 1835 per
1776 1782 1940 1821 unum

328 1849 503 1904 totius
539 1851 728 1906 mundi
760 1852 1024 1922 baptisma
1056 1852 1325 1924 panderes
1361 1855 1690 1913 abluendum
1744 1876 1757 1912 :
1794 1859 1942 1916 illam

326 1941 468 1996 mihi
499 1941 744 2013 placidus
774 1945 915 2000 viam
944 1986 958 2011 ,
1008 1946 1153 2001 illam
1186 1948 1416 2017 supplici
1456 1965 1601 2005 nunc
1629 1951 1943 2008 demonstra

326 2039 610 2105 semitam,
641 2054 767 2110 qua:
812 2039 879 2095 ad
921 2040 1173 2097 salutaris
1205 2043 1359 2098 urbis
1401 2046 1601 2101 moenia
1644 2060 1940 2116 paucorum

322 2131 512 2203 dirigit
538 2145 775 2204 angusto
804 2134 943 2190 calle
968 2136 1217 2206 vestigia,
1244 2136 1586 2194 Hierusalem
1627 2140 1839 2197 scilicet
1864 2142 1943 2197 ci-

319 2226 553 2282 vitatem
599 2228 962 2297 Dominicam,
1010 2226 1211 2285 Christi
1244 2232 1496 2302 passione
1525 2243 1770 2288 nOstrum
1812 2234 1943 2290 Pas-

320 2319 428 2376 chr:
456 2331 780 2393 gestantem,
815 2331 875 2378 ut
899 2338 994 2393 per
1025 2324 1163 2380 hanc
1201 2327 1502 2397 corporalis
1531 2329 1717 2399 gratia:
1749 2327 1940 2400 hospi-

320 2416 591 2471 talitateni
617 2414 939 2489 fulgentem,
969 2418 1035 2473 ad
1060 2419 1210 2474 illam
1236 2419 1497 2490 spiritalis
1516 2420 1707 2491 gloriae
1730 2436 1943 2476 merea-

318 2523 451 2563 mur
479 2508 709 2579 patriam
738 2510 1054 2580 pervenire,
1078 2519 1133 2566 et
1174 2514 1244 2566 sit
1273 2512 1485 2567 lucerna
1516 2521 1541 2550 α
1575 2514 1791 2583 pedibus
1813 2516 1938 2569 meis

319 2601 538 2656 verbum
567 2612 715 2657 tuum
741 2645 755 2669 ,
800 2604 1028 2660 Domine
1054 2647 1069 2671 ,
1102 2620 1212 2677 quo
1240 2608 1371 2661 recti
1421 2606 1599 2678 fulgor
1630 2607 1845 2663 itineris
1869 2611 1936 2665 ad

319 2696 420 2752 illa
450 2713 537 2752 me
581 2697 739 2754 ﬁorei
778 2700 1041 2771 graminis
1088 2692 1204 2756 loca
1235 2700 1521 2773 perducat,
1569 2719 1675 2774 qua
1708 2704 1936 2761 nitidum

318 2790 508 2847 bonus
555 2804 740 2862 pastor
796 2794 943 2851 ovile
991 2805 1324 2862 conservat,
1375 2812 1479 2868 qua
1534 2798 1761 2869 virginis
1816 2801 1936 2855 ovis

316 2898 523 2955 agnum
551 2885 706 2941 nivea
730 2885 982 2942 claritate
1002 2887 1348 2957 purissimum
1379 2904 1507 2959 grex
1533 2890 1714 2946 omnis
1753 2891 1936 2963 sequi-

319 2989 414 3035 tur
441 2979 785 3037 candidatus.
819 2981 938 3037 Non
970 2992 1059 3038 est
1103 2983 1193 3037 via
1237 2983 1500 3051 difﬁcilis,
1545 2984 1591 3040 si
1641 2994 1694 3041 te
1739 2986 1933 3042 ducem

317 3075 573 3145 prsebere
601 3075 937 3146 dignaberis.
982 3075 1173 3132 Omnia
1207 3084 1310 3132 tute
1341 3077 1626 3146 subiacent
1650 3080 1929 3150 potestati.

314 3166 514 3223 Omnis
545 3169 652 3224 tuis
684 3170 927 3241 imperiis
957 3181 1148 3226 natura
1178 3171 1506 3238 succumbit,
1552 3182 1607 3228 ct
1649 3173 1701 3227 in
1740 3172 1934 3230 adver-

313 3277 412 3317 sas
450 3263 665 3332 species
704 3278 768 3319 ac
817 3264 1016 3335 ﬁguras
1055 3266 1207 3335 jussu
1248 3264 1564 3322 dominante
1606 3268 1925 3338 pertransit.

312 3354 373 3411 Si
407 3356 544 3410 velis
569 3356 890 3425 glacialibus
924 3367 1136 3429 segetes
1166 3374 1375 3415 annuas
1417 3361 1619 3418 ﬁavere
1666 3364 1926 3432 tempori-

312 3444 445 3513 bus,
479 3447 749 3516 producit,
797 3449 1021 3505 falcibus
1049 3450 1243 3521 agilem
1292 3451 1466 3507 hiems
1516 3453 1668 3524 pigra
1714 3469 1926 3510 messo-

311 3555 458 3597 rem.
490 3540 545 3597 Si
576 3542 818 3598 vernalis
854 3543 1025 3616 plaga:
1068 3550 1313 3616 tempore
1338 3560 1463 3601 cum
1496 3545 1668 3616 prima
1722 3547 1920 3604 norum

1952 3411 1999 3473 C

2045 1672 2187 1744 palla
2242 1669 2403 1726 tellus
2448 1666 2711 1738 adoperta
2762 1664 3100 1736 resplendet,
3155 1663 3398 1735 gravidis
3442 1664 3659 1720 vineam

2046 1770 2319 1843 pampinis
2342 1766 2538 1838 jubeas
2560 1763 2831 1837 parturire
2853 1770 3067 1818 musteo
3091 1761 3336 1827 vinitori,
3360 1762 3473 1831 jam
3500 1758 3528 1801 ιι
3559 1775 3661 1816 nec

2048 1865 2343 1938 repudians
2371 1862 2577 1917 viscera
2610 1858 2790 1914 felicis
2833 1872 2958 1912 uvae
3009 1863 3262 1912 nectarea
3290 1896 3305 1919 ,
3340 1854 3661 1910 temulentas

2048 1958 2220 2014 calcis
2245 1965 2397 2027 grata
2424 1952 2769 2025 propulsabit
2798 1949 3017 2016 iniuria.
3046 1947 3492 2017 Cunctorumque
3520 1955 3660 2002 tem-

2048 2069 2243 2126 porum
2274 2051 2422 2107 vices
2452 2048 2681 2105 mutatis
2712 2045 2977 2101 fructilms
3008 2059 3116 2098 non
3148 2052 3381 2098 renuent
3408 2041 3661 2097 Creatori

2045 2149 2273 2206 servire.
2307 2143 2634 2202 Mirabilium
2665 2139 2933 2212 siquidem
2964 2137 3273 2194 divinorum
3303 2151 3438 2192 cana
3472 2135 3663 2206 pandit

2045 2242 2182 2298 ﬁdes
2206 2239 2496 2304 indicium,
2530 2244 2585 2292 et
2627 2235 2847 2305 antiqua
2878 2242 3091 2302 patrum
3125 2232 3281 2287 testis
3317 2230 3475 2300 origo
3519 2229 3661 2299 pris-

2043 2352 2256 2392 corum.
2288 2334 2399 2390 Nec
2428 2330 2694 2388 abolenda
2724 2328 2940 2385 szeculis
2978 2330 3107 2384 revo‘
3122 2336 3446 2386 senescente
3476 2336 3673 2382 trans--

2042 2429 2181 2485 actis
2230 2424 2559 2482 immortalia
2600 2423 2906 2481 cmlestium
2946 2422 3205 2477 virtutum
3254 2422 3408 2491 signa
3456 2420 3656 2491 perdu-

2040 2531 2184 2577 rant.
2216 2520 2295 2576 Ex
2326 2518 2527 2589 quibus
2558 2524 2704 2573 metu
2736 2515 3061 2586 trepidantis
3098 2514 3299 2585 ingenii
3328 2527 3497 2583 pauca
3545 2513 3658 2568 sal-

2041 2624 2151 2669 tem
2182 2611 2371 2667 andaci
2396 2609 2665 2665 relatione
2696 2606 3063 2679 perstringere
3094 2607 3187 2661 vix
3218 2606 3427 2679 nostris
3454 2606 3651 2661 animis

2040 2716 2098 2763 et
2144 2704 2296 2761 cordi
2341 2701 2705 2775 permittimus
2758 2699 3041 2765 imbecilli,
3098 2708 3156 2753 ut
3203 2699 3397 2754 silvam
3438 2713 3650 2770 magna:

2039 2799 2330 2855 densitatis
2360 2795 2700 2867 ingrediens,
2734 2794 2949 2865 aliquos
2978 2793 3156 2849 enitar
3175 2802 3419 2848 extrema
3447 2793 3651 2865 digito-

2037 2908 2159 2953 rum
2190 2891 2502 2948 summitate
2530 2906 2712 2946 ramos
2764 2890 3054 2960 attingere.
3100 2887 3231 2969 Nam
3268 2888 3372 2944 etsi
3411 2888 3651 2943 humano

2036 2989 2251 3059 corpori
2279 2997 2499 3044 centum
2539 2986 2704 3043 simul
2733 3002 2832 3041 ora
2875 2983 3247 3056 suppeditent,
3289 2986 3647 3056 centenisque

2036 3081 2343 3151 linguarum
2376 3080 2621 3136 motibus
2656 3095 2755 3134 vox
2805 3077 2984 3135 ferrea
3020 3080 3259 3134 clamare
3287 3095 3395 3134 non
3440 3088 3643 3146 cesset,

2034 3175 2159 3243 quis
2186 3182 2382 3228 cuncta
2416 3172 2595 3228 valeat
2633 3170 2897 3243 expedire
2924 3217 2938 3240 ,
2987 3186 3218 3239 quorum
3262 3172 3503 3227 numeris
3544 3187 3646 3228 nec

2033 3274 2183 3323 astra
2214 3267 2339 3323 coeli
2367 3266 2713 3334 densissima,
2752 3279 2853 3320 nec
2887 3264 3070 3321 bibula
3101 3265 3267 3320 maris
3310 3280 3475 3321 arena
3504 3280 3641 3321 con-

2033 3361 2265 3417 veniat“!
2289 3360 2364 3415 Ex
2394 3375 2504 3431 quo
2534 3360 2589 3415 in
2614 3361 2818 3415 claram
2841 3374 3023 3415 rerum
3046 3359 3240 3416 faciem
3270 3360 3496 3416 confusa
3528 3376 3645 3417 ma-

2033 3457 2223 3520 teries,
2255 3470 2377 3526 qua:
2419 3455 2589 3511 chaos
2626 3454 2771 3510 dicta
2798 3463 2904 3521 est,
2938 3453 3117 3511 Verbo
3165 3454 3492 3525 labricantc,
3523 3470 3647 3514 sur-

2030 3551 2192 3606 rexit.

1835 3683 2158 3743 SCHOLIA.

388 3778 482 3835 80.
511 3778 763 3835 Nonnulli
789 3778 992 3848 vulgati
1023 3780 1261 3851 Augusto
1287 3796 1306 3834 :
1337 3777 1570 3835 emenda
1597 3779 1834 3849 Angusto
1858 3794 1924 3837 ex

311 3852 503 3907 verbis
528 3852 660 3919 ipsis
692 3851 1013 3907 Salvatoris.

389 3922 482 3976 82.
513 3922 640 3977 Ald.
672 3940 776 3993 quo
803 3932 968 3977 seruat
999 3940 1015 3976 .'
1049 3922 1140 3976 alii
1167 3939 1290 3992 qua.

386 3995 478 4048 85.
520 3994 704 4050 Ottob.
732 3998 783 4062 l,
813 4012 914 4065 quo
942 3994 1172 4050 vellere:
1202 3995 1281 4049 sic
1308 3994 1441 4064 Reg.
1476 3995 1499 4049 l
1528 4009 1558 4048 a
1589 4010 1669 4064 pr.
1700 4010 1800 4059 m.,
1825 3994 1922 4050 sed

308 4077 625 4137 correctum
656 4084 779 4137 qua.

385 4136 480 4192 ει.
508 4136 854 4193 Burmannus
878 4136 1204 4208 conjiciebat
1238 4153 1402 4207 agnus
1433 4144 1569 4190 orat.
1605 4136 1738 4208 llcg.
1775 4138 1825 4200 1,
1860 4148 1917 4193 et

309 4210 430 4265 Ott.
458 4215 473 4262 l
498 4225 525 4263 a
561 4225 640 4279 pr.
678 4227 776 4275 m.,
802 4226 949 4273 ores,
981 4219 1288 4264 correctum
1325 4223 1419 4273 per
1449 4210 1706 4279 ovisicntn
1732 4210 1914 4279 glossa

307 4280 366 4335 in
406 4280 543 4347 Reg.
574 4282 596 4337 l
623 4326 637 4348 ,
675 4280 877 4335 Mariw.
928 4284 1129 4336 Eadem
1160 4291 1241 4333 cst
1268 4280 1452 4350 glossa
1483 4284 1533 4333 in
1562 4278 1695 4349 Reg.
1723 4278 1779 4345 2,
1822 4297 1915 4335 ea-

308 4352 546 4423 demque
578 4354 841 4421 scriptura
868 4354 976 4406 ovis
1007 4354 1058 4406 in
1086 4360 1301 4406 caeteris
1327 4366 1485 4416 mss.,
1526 4360 1582 4406 et
1606 4352 1788 4417 editis,
1837 4353 1910 4407 uti

311 4424 476 4478 etiam
528 4425 580 4478 in
628 4425 814 4478 Prusa.
873 4423 980 4478 Sed
1010 4424 1240 4478 fortasse
1284 4439 1414 4477 vera
1443 4431 1527 4477 est
1560 4423 1726 4477 lectio
1771 4439 1912 4488 ores,

309 4512 538 4566 grexque
561 4537 575 4560 ,
610 4495 710 4550 hac
741 4495 1119 4551 distinctione:
1149 4492 1377 4565 Virginis
1407 4510 1739 4566 agnusoves,
1763 4510 1915 4564 grex—

309 4584 410 4637 que
432 4565 600 4621 omnis
629 4567 881 4622 candidus
906 4569 1061 4621 intrat
1086 4582 1102 4619 :
1160 4581 1283 4619 nam
1312 4581 1451 4637 foves
1479 4567 1530 4619 in
1574 4565 1784 4633 judicio
1818 4566 1913 4637 Dei

308 4635 618 4693 Statuentur
668 4656 698 4691 a
762 4649 916 4709 parte
956 4640 1183 4707 dextra,
1221 4650 1277 4690 ut
1309 4636 1447 4691 haedi
1489 4655 1516 4688 a
1546 4638 1788 4709 sinistra.
1851 4635 1910 4691 In

310 4725 444 4764 mss.
494 4706 901 4778 exemplaribus
941 4726 1089 4779 saepe
1125 4710 1142 4762 i
1184 4711 1423 4764 occurrit
1456 4722 1553 4775 pro
1593 4724 1621 4761 e
1650 4706 1909 4777 positum.

309 4779 432 4835 Huc
460 4782 585 4837 facit
608 4782 937 4837 Fortunatus
961 4782 997 4835 l.
1025 4797 1085 4846 tt,
1117 4795 1285 4836 carm.
1322 4781 1354 4834 4
1378 4799 1390 4832 :
1418 4779 1485 4832 In
1514 4793 1664 4831 cruce
1692 4779 1916 4832 restituit

324 4849 546 4925 Virginis
583 4871 749 4925 agnus
781 4870 915 4908 ores.
969 4854 1140 4908 Immo
1165 4852 1381 4925 etiamsi
1415 4850 1625 4925 legatur
1652 4850 1791 4913 ovis,
1823 4864 1918 4925 ea-

307 4920 432 4993 dem
466 4920 869 4993 interpunctio,
899 4940 965 4979 ac
993 4923 1267 4980 sententia
1299 4921 1561 4976 sustineri
1591 4928 1792 4990 potest.
1851 4920 1910 4975 lu

306 4992 473 5051 ROm.
501 4992 659 5053 deest
695 5014 792 5065 que
823 5006 947 5065 post
980 5012 1125 5068 grex.

377 5068 468 5145 βξ.
503 5069 672 5145 Meus,
719 5065 1017 5123 nominante
1039 5084 1058 5122 :
1090 5068 1209 5135 lege
1251 5065 1572 5119 dominante.
1780 5135 1791 5145 .

378 5140 469 5195 88.
501 5140 661 5194 Arere
717 5156 816 5209 pro
871 5153 1283 5200 maturescere,
1342 5146 1401 5191 ut
1450 5146 1656 5191 arentes
1710 5140 1904 5189 aristae.

307 5209 525 5265 Pruinis
573 5227 671 5282 pro
698 5211 901 5277 hieme,
937 5222 991 5265 ut
1021 5210 1111 5265 alii
1153 5210 1313 5282 vulgo
1343 5217 1540 5282 poclm.

378 5283 467 5339 89.
503 5278 659 5346 Urb.,
683 5282 872 5346 Rom.,
896 5282 1168 5352 producit:
1195 5278 1286 5335 alii
1309 5278 1554 5352 producet
1575 5293 1698 5333 cum
1727 5278 1908 5349 glossa

310 5352 364 5408 in
390 5353 524 5425 Reg.
556 5355 720 5409 dabit.
765 5354 858 5410 Sic
889 5351 1075 5422 postea
1103 5351 1352 5425 enicabit.
1385 5352 1657 5425 parebunt.

376 5425 433 5481 9|
451 5422 723 5481 [Ovidius
750 5442 786 5480 ll
814 5426 942 5481 Met.
968 5426 1070 5479 '29:
1098 5422 1281 5480 Stabat
1305 5432 1352 5477 et
1376 5424 1668 5476 Autumnus
1695 5422 1909 5476 calcatis

303 5499 549 5552 sordidus
575 5499 706 5552 uuis.

376 5569 462 5626 95.
496 5568 608 5626 Ott.
650 5569 706 5635 2,
754 5566 971 5623 Iudicio
1010 5577 1119 5622 est:
1152 5565 1314 5622 facile
1356 5565 1471 5622 haec
1502 5565 1645 5621 inter
1672 5579 1733 5621 se
1756 5581 1903 5622 com-

376 5718 399 5780 ἒ
431 5710 510 5766 Ex
540 5709 750 5780 psalmo
776 5723 963 5780 cxvut,
995 5721 1139 5762 vers.
1174 5706 1296 5780 105.

373 5778 400 5819 δ
427 5777 818 5839 Animadvertit
849 5779 1065 5835 Juretus
1090 5820 1103 5845 ,
1160 5777 1301 5833 male
1344 5792 1468 5834 esse
1506 5778 1557 5832 in
1599 5792 1651 5831 v.
1685 5791 1734 5833 c.
1778 5794 1899 5832 nam

301 5867 393 5906 nec
430 5854 732 5924 repudians.
774 5853 919 5908 Sane
959 5860 1069 5907 tota
1101 5851 1216 5906 haec
1248 5850 1507 5921 periodus
1534 5849 1763 5905 obscura
1792 5860 1895 5904 est.

1942 4896 1996 4960 D

2036 3792 2340 3841 mutantur.
2396 3784 2511 3839 Hoc
2550 3783 2673 3841 loco
2716 3783 2925 3841 Indicio
2962 3786 3081 3843 sine
3110 3792 3480 3847 controversia
3510 3795 3645 3849 reti-

1986 3908 1999 3921 ,
2033 3855 2272 3933 netidum
2299 3863 2405 3933 est.
2448 3856 2713 3933 Virgilius
2750 3872 2767 3911 ι
2798 3858 2927 3914 En.
2960 3859 3067 3933 296
3102 3859 3241 3915 dixit
3282 3862 3429 3933 Cana
3455 3864 3590 3933 ﬁdes
3613 3882 3635 3921 :

2029 3926 2274 4003 siccaria
2292 3929 2442 4000 jura,
2473 3941 2527 3983 et
2550 3926 2885 4003 similiapro
2925 3931 3145 3998 priscis,
3178 3932 3436 4003 antiquis.

2101 3997 2191 4052 95.
2221 3997 2326 4052 Pro
2348 4009 2585 4054 constant
2614 3997 2830 4057 schedae
2858 4002 3064 4059 Poelm.
3096 3997 3320 4058 exstant.

2103 4070 2193 4125 96.
2233 4070 2576 4126 Burmannus
2622 4088 2719 4140 pro
2770 4072 2942 4127 relatu
2984 4077 3224 4131 malebat
3272 4077 3485 4143 rotatu,
3539 4080 3630 4135 vel

2028 4152 2219 4214 meatu,
2275 4144 2398 4211 quia
2456 4145 2804 4214 perstringere
2851 4147 3070 4214 prOprie
3117 4147 3309 4202 avibus
3348 4150 3626 4206 tribuitur.

2025 4211 2160 4279 Quae
2188 4229 2319 4285 sane
2345 4211 3056 4285 conjiciendi'ratio'inepta
3086 4228 3188 4273 est.
3243 4219 3495 4276 Sedulius
3519 4220 3631 4278 fur-

2026 4283 2437 4358 tasseimitatur
2454 4286 2804 4358 Claudianum
2819 4287 2889 4342 de
2909 4283 3069 4358 Rapt.
3101 4289 3257 4346 Pros.
3282 4292 3400 4346 init.
3418 4310 3432 4347 :
3448 4291 3625 4348 Juno-

2021 4354 2104 4406 nis
2146 4353 2403 4428 thalamos
2420 4354 2621 4428 audaci
2661 4374 2894 4428 promere
2922 4353 3097 4427 cantu,
3130 4369 3238 4418 etc.
3280 4361 3388 4419 Res
3415 4365 3628 4421 divinas

2021 4426 2299 4494 explicare
2324 4427 2464 4482 velle
2494 4426 2885 4485 etiam'etlinici
2908 4426 3190 4488 audaciam
3215 4435 3626 4491 existimabant.

2093 4498 2185 4574 97.
2227 4497 2373 4574 Idem
2408 4499 2749 4574 Burmannus
2778 4502 3089 4574 suspicatur
3118 4502 3221 4558 Via:
3235 4504 3335 4558 alis
3356 4508 3621 4562 committo

2020 4569 2165 4632 meis,
2203 4572 2395 4624 eadem
2441 4570 2651 4626 scilicet
2684 4569 2899 4645 ratione
2925 4574 3144 4629 ductus.
3196 4574 3330 4645 Reg.
3369 4578 3416 4641 ι,
3455 4578 3616 4645 Urb.,

2018 4649 2277 4715 potentem
2332 4656 2429 4715 pro
2456 4651 2734 4715 patentem.
2769 4642 2928 4699 Rom.
2950 4689 2964 4712 ,
2998 4662 3096 4715 pro
3131 4647 3186 4700 d.
3214 4664 3261 4700 ς.
3282 4642 3302 4713 ξ
3327 4642 3619 4705 sonantem.

2093 4710 2181 4767 98.
2225 4711 2330 4793 Pro
2350 4710 2784 4793 aliquasParrli.
2815 4710 3061 4793 paucos_;
3091 4718 3176 4793 v_cl
3210 4710 3335 4787 hoc,
3368 4722 3454 4776 vel
3498 4739 3621 4793 par-

2016 4797 2122 4852 eos,
2175 4785 2438 4852 scriptum
2483 4785 2699 4840 videtur
2745 4785 2966 4842 in'cod.
3013 4788 3078 4844 E.
3114 4785 3459 4847 Burmannus
3486 4785 3622 4849 con-

2015 4851 2181 4933 iet-tat
2208 4851 2439 4933 patulos,
2465 4857 2608 4923 quod
2640 4858 3140 4933 epitlietongramis
3159 4877 3309 4933 saepe
3337 4864 3616 4920 tribuitur.

2018 4923 2170 4979 Meus
2201 4923 2338 5001 nitor
2366 4944 2576 5001 paucos.
2629 4923 2900 5000 Corippus
2937 4931 3138 5001 Paneg.
3170 4923 3359 4989 Anast.
3413 4937 3532 4990 init.
3564 4936 3620 4991 id

2018 4999 2333 5079 expressit:
2361 4996 2681 5079 {niniensam
2707 4996 2892 5079 siluam
2918 4996 3154 5079 laudum,
3184 5008 3261 5059 uir
3305 5010 3470 5079 juste,
3500 5015 3617 5059 tua-

2018 5082 2133 5146 rum
2158 5097 2229 5146 -_—
2248 5069 2538 5146 Aspiciens,
2572 5075 2734 5146 celsgs
2754 5074 2891 5146 nitor
2921 5076 3213 5146 contingere
3256 5069 3464 5143 ra'mos,
3500 5088 3611 5132 etc.

2017 5136 2350 5194 Adumbrata
2402 5140 2517 5195 haec
2551 5156 2617 5196 ex
2663 5142 2957 5199 Theocrito
2996 5136 3308 5201 observavit
3355 5136 3613 5202 Barthius

2019 5209 2129 5264 tde
2151 5210 2323 5265 Laud.
2354 5210 2531 5266 Stilic.
2556 5253 2570 5273 .
2604 5228 2751 5268 vers.
2784 5214 2878 5269 29.
2928 5214 3093 5271 Clare
3122 5216 3399 5273 Sedulium
3430 5219 3617 5273 imita-

2013 5288 2339 5356 tur__auctor
2383 5292 2540 5356 vetus
2575 5281 2707 5356 Vita:
2751 5285 2812 5341 S.
2860 5285 3179 5351 Theobaldi,
3210 5303 3370 5356 quam
3411 5289 3521 5343 vidi
3552 5290 3609 5345 in

2013 5352 2203 5427 c_odice
2230 5354 2609 5427 antiquissimo
2641 5354 2760 5410 Vat.
2795 5356 3012 5427 Regina:
3036 5358 3198 5413 Suec.
3230 5352 3360 5424 B71,
3386 5358 3441 5413 in
3474 5361 3606 5417 line:

2016 5422 2215 5477 Testem
2252 5422 2434 5478 invoco
2481 5424 2819 5482 habitatorem
2868 5422 2985 5501 Ejus
3041 5428 3295 5554 Sﬁuitum
3342 5422 3603 5501 sanctum,

2016 5497 2179 5550 multa
2206 5496 2410 5554 cognita
2435 5512 2515 5549 me
2545 5499 2955 5554 nrwtermisisse.
2987 5508 3036 5553 et
3141 5515 3330 5554 manna
3367 5502 3499 5554 silva
3518 5504 3603 5554 ria:

2012 5497 2179 5550 multa
2206 5497 2410 5565 cognita
2435 5512 2515 5549 me
2545 5497 2955 5572 praetermisisse,
2987 5508 3036 5553 et
3061 5497 3125 5554 de
3141 5515 3330 5572 magna
3367 5502 3499 5557 silva
3518 5497 3627 5559 ria:-

2011 5582 2205 5636 paucos
2232 5582 2404 5621 ramos
2432 5569 2812 5637 perstrinxisse.
3231 5569 3245 5572 '
3352 5608 3353 5611 η

2005 5704 2348 5788 ?a_ulo_a_rite_
2371 5706 2685 5788 in_v_ulgatis
2718 5716 2806 5765 est
2832 5707 3005 5782 plagae
3030 5712 3303 5788 temporis,
3339 5722 3395 5770 et
3442 5715 3604 5788 paulo

2004 5776 2143 5832 infra
2174 5777 2298 5846 fidei
2316 5776 2601 5849 judicium,
2629 5789 2685 5836 et
2711 5776 2843 5837 mox'
2884 5776 3040 5838 corde
3065 5776 3425 5857 permittimus.
