4086 6184
451 154 557 212 587

589 268 867 341 Squamea
895 265 1034 322 colla
1063 274 1282 321 tumens
1303 309 1319 333 ,
1355 264 1606 321 inimicos
1633 278 1731 321 ore
1754 263 2047 336 chelydros
2076 269 2129 331 Α

448 365 554 423 155
592 354 819 422 SOrbuit
841 402 859 428 ,
891 369 947 417 et
973 361 1179 433 proprii
1213 359 1357 417 redit
1387 361 1441 415 in
1469 359 1703 432 virgulta
1725 359 1947 431 rigoris.

658 455 857 511 Pervia
884 452 1046 510 divisi
1091 462 1388 524 patuerunt
1413 453 1610 510 cterula
1638 453 1792 525 ponti

589 551 649 606 ln
681 549 957 620 geminum
991 547 1233 604 revoluta
1273 549 1447 614 latus,
1479 547 1792 619 nudataque
1816 546 1978 603 tellus

588 641 851 711 Cognatis
879 642 1146 712 spoliatur
1176 642 1334 713 aquis
1362 683 1377 707 ,
1425 657 1491 698 ac
1521 641 1677 697 turba
1707 641 1976 713 pedestris

600 736 760 808 170
805 735 978 789 lntrat
1027 735 1084 790 in
1135 734 1378 791 absentis
1423 735 1601 806 pelagi
1630 750 1816 799 mare,
1843 748 2048 805 perque

1692 825 2049 899 [profundum

447 920 555 977 140
594 920 750 977 Sicca
787 919 1104 991 peregrinas
1152 927 1481 989 stupuerunt
1510 933 1782 974 marmora
1815 908 2048 990 plantas.

592 1011 826 1069 Mutavit.
851 1021 1041 1068 natura
1070 1011 1213 1068 viam
1239 1056 1254 1080 ,
1286 1011 1637 1081 mediumque
1677 1026 1775 1082 per
1793 1027 1979 1083 aequor

592 1104 914 1177 Ingrediens
946 1104 1203 1174 populus,
1233 1104 1367 1159 rude
1384 1104 1496 1175 jam
1516 1103 1783 1175 baptisma
1802 1104 2049 1175 gerebat:

592 1198 692 1254 Cui
713 1199 821 1254 dux
843 1198 1092 1255 Christus
1105 1205 1247 1264 erat;
1273 1198 1473 1254 clamat
1494 1212 1620 1253 nam
1643 1197 1830 1263 lectio,
1854 1196 2049 1252 Multas

1841 144 2058 204 C(ELll
2088 144 2363 204 SEDULII

3648 143 3759 200 568

2295 260 2415 319 Vox
2457 259 2670 317 Domini
2727 274 2893 333 super
2933 269 3116 318 exstat
3140 274 3339 333 aquas;
3371 273 3483 316 vox
3519 258 3752 332 denique

3354 353 3602 429 [verbum
3625 363 3711 411 est
3733 394 3752 422 ,

2157 452 2261 509 145
2284 449 2524 509 Verbum
2538 448 2790 507 Christus
2808 450 2984 515 adest,
3006 447 3241 521 geminat
3252 448 3343 520 qui
3360 463 3602 506 consona
3619 449 3754 521 legis

2298 546 2647 601 Testamenta
2672 559 2892 616 regens,
2922 553 3170 600 veterem
3200 541 3460 613 patefecit
3477 543 3753 615 abyssum,

2302 640 2456 713 171
2474 637 2541 696 Ut
2568 637 2820 694 doctrina
2835 650 3072 708 sequens
3088 636 3263 707 planis
3285 634 3571 692 incederet
3590 636 3756 691 arvis.

2366 733 2505 802 Quid
2520 732 2777 801 referam,
2791 731 3112 788 innumeras
3125 731 3340 789 caelesti
3356 716 3495 801 pane
3511 739 3762 787 catervas

2298 825 2592 896 Angelicos
2614 824 2917 895 sumpsisse
2938 824 3113 893 cibos,
3147 824 3463 896 nimbisque
3482 824 3709 895 superni

2155 918 2262 977 150
2302 918 2574 981 Nectaris,
2607 918 2756 976 aeria
2786 918 3045 989 populum
3070 908 3367 975 dulcedine
3398 926 3634 989 pastum,

2295 1014 2353 1070 ln
2385 1013 2582 1081 pluviis
2602 1011 2868 1068 habuisse
2891 1011 3085 1083 dapes,
3116 1023 3176 1068 et
3203 1012 3257 1068 in
3286 1011 3558 1068 imbribus
3574 1009 3769 1067 escas?

2365 1104 2579 1160 Rursus
2610 1105 2664 1159 in
2687 1105 2894 1159 exustis
2919 1103 3117 1161 sitiens
3144 1104 3429 1161 exercitus
3456 1104 3624 1169 arvis,

2297 1197 2414 1266 Qua
2438 1197 2668 1253 nimium
2697 1195 2816 1252 loca
2849 1195 2993 1251 sicca
3022 1196 3136 1264 diu,
3168 1211 3276 1268 qua
3306 1204 3455 1252 terra
3482 1195 3697 1267 negatis

1812 1288 1994 1346 OPUS
2033 1288 2419 1347 PASCHALE.

1272 1328 1275 1329 ν
1812 1288 1994 1346 OPUS
2033 1290 2074 1346 P
2310 1290 2352 1345 L
2404 1333 2419 1347 .

442 1387 655 1446 brando
689 1387 899 1458 linguas
934 1400 1227 1454 exercens,
1267 1384 1517 1456 geminos
1562 1384 1800 1440 inimicae
1845 1383 2054 1440 fraudis
2078 1288 2546 1441 Astgil‘i‘llfrbum
2582 1392 2761 1441 autem
2815 1384 3094 1440 Christum
3150 1397 3276 1439 esse
3317 1383 3442 1455 quis
3492 1383 3772 1454 abneget?

445 1495 650 1552 angues
696 1480 999 1549 absorbuit,
1044 1490 1209 1549 atque
1240 1480 1519 1550 propriam
1565 1478 1787 1549 virgulti
1815 1478 2051 1549 speciem

443 1574 615 1644 rigida
651 1588 840 1629 rursus
864 1573 1166 1628 mutatione
1205 1573 1469 1643 suscepit.

520 1665 627 1720 Per
671 1664 849 1720 media
877 1664 1103 1719 marinis
1130 1663 1386 1719 ﬂuctibus
1417 1663 1688 1735 profunda
1718 1663 1938 1719 latentia
1966 1677 2054 1718 re-

442 1755 646 1812 volutis
669 1758 724 1812 in
749 1757 1023 1826 geminum
1055 1756 1196 1811 latus
1221 1755 1401 1823 undis,
1435 1764 1490 1812 et
1512 1772 1766 1826 aequorea
1796 1756 2054 1812 divinitus

2085 1707 2133 1767 B

2157 1478 2250 1550 qui
2278 1478 2502 1547 veteris,
2533 1492 2596 1534 ac
2626 1478 2752 1533 novi
2776 1477 3028 1533 conditor
3062 1474 3402 1531 Testamenti
3440 1473 3771 1537 immensam

2157 1571 2187 1612 ι)
2217 1574 2404 1645 primm
2433 1573 2569 1644 legis
2599 1572 2858 1646 abyssum
2881 1586 2981 1627 suo
3010 1570 3269 1640 patefecit
3293 1569 3554 1635 adventu,
3580 1578 3774 1638 quate-

2160 1683 2264 1722 nus
2289 1666 2601 1722 recentiore
2629 1665 2906 1731 doctrina,
2937 1672 3212 1736 tamquam
3243 1663 3471 1718 remotis
3498 1660 3773 1717 undarum

2161 1764 2396 1819 molibus
2427 1761 2655 1827 intimis,
2691 1775 2755 1816 ac
2783 1758 3087 1831 profundis,
3123 1773 3361 1829 sequens
3398 1766 3533 1813 aetas
3580 1756 3657 1812 nil
3685 1771 3777 1827 pe-

445 1850 811 1905 mdilicutione
858 1850 1140 1919 suspensis
1166 1894 1181 1918 ,
1236 1846 1523 1918 pedestris
1556 1851 1714 1906 turba
1768 1851 2016 1906 transivit
2038 1892 2054 1918 ,
2158 1857 2279 1912 ricli
2310 1856 2612 1911 formidans
2639 1870 2737 1926 per
2762 1854 2956 1911 callem
2990 1853 3171 1926 plana:
3194 1852 3469 1908 libertatis
3490 1851 3777 1908 incederet

444 1942 597 1997 stetit
626 1941 863 2009 undique
905 1953 1104 2011 pontus
1144 1950 1203 1996 ut
1233 1957 1455 2011 murus,
1505 1951 1561 1999 et
1589 1944 1805 2015 cognati
1832 1944 2057 2015 gurgitis
2155 1951 2269 2020 jam
2300 1963 2514 2005 secura.

446 2034 984 2106 spoliata'velamine
1018 2035 1183 2089 tellus
1214 2036 1513 2106 permansit
1540 2035 1705 2100 nuda,
1750 2036 1923 2093 donec
1963 2051 2058 2107 po-

2230 2039 2373 2109 Quid
2398 2038 2643 2110 ejusdem
2673 2038 2852 2109 plebis
2879 2046 3129 2094 catervas
3154 2038 3473 2092 innumeras
3500 2036 3557 2092 in
3586 2035 3778 2092 deser-

445 2128 610 2194 pulus
634 2128 825 2199 pelago
850 2128 1106 2200 gradiens
1132 2130 1361 2185 absente
1399 2145 1497 2201 per
1536 2130 1781 2202 pelagus,
1816 2131 2058 2202 vestigiis
2161 2134 2232 2190 tis
2266 2143 2538 2190 terrarum
2580 2131 2796 2203 spatiis,
2821 2140 2875 2187 et
2898 2131 3069 2187 totius
3100 2131 3278 2187 victus
3305 2129 3597 2187 sterilitate
3624 2129 3795 2184 datur

441 2222 716 2294 hospitam
776 2222 1081 2294 peregrinis
1130 2238 1352 2295 aquosae
1405 2225 1548 2280 viam
1596 2234 1850 2295 carperet
1895 2226 2053 2280 sicci-

447 2317 597 2371 tatis.
648 2316 877 2371 Mutavit
904 2325 1098 2371 natura
1135 2316 1386 2372 semitam
1409 2359 1424 2384 ,
1475 2317 1623 2388 jussa
1649 2317 1930 2387 paululum
1962 2333 2050 2373 re-

443 2407 632 2465 laxare
658 2409 1021 2465 constantiam
1048 2453 1062 2477 ,
1112 2418 1166 2465 et
1194 2408 1479 2464 innumera
1524 2409 1715 2465 lubrici
1750 2410 1881 2465 salis
1909 2425 2057 2465 cam-

446 2516 548 2572 pos
596 2502 887 2557 multitudo
929 2510 1294 2573 transgressa,
1324 2501 1460 2558 rude
1488 2502 1832 2573 baptismatis
1852 2513 2057 2574 myste-

444 2595 587 2651 rium
617 2595 914 2652 nesciendo
941 2595 1165 2666 gerebat
1189 2636 1202 2661 ,
1236 2609 1358 2666 quae
1388 2609 1484 2665 per
1511 2610 1773 2666 aquarum
1803 2595 1937 2650 freta
1966 2610 2056 2651 sa-

445 2688 649 2755 lubria,
698 2689 839 2745 duce
866 2688 1111 2755 Christo,
1156 2688 1504 2744 transiverat.
1555 2689 1634 2744 lta
1664 2688 1900 2760 denique
1934 2704 2059 2759 pro-

444 2783 612 2855 pheta
644 2783 874 2848 cecinit,
907 2782 997 2837 illa
1026 2782 1343 2854 signiﬁcans
1389 2799 1403 2836 :
1457 2780 1577 2836 Vox
1605 2791 1630 2819 ι
1656 2781 1871 2836 Domini
1902 2798 2058 2854 super

447 2896 611 2952 aqua
649 2878 863 2934 multas.
908 2876 1107 2933 Vocem
1152 2876 1317 2948 igitur
1348 2876 1577 2933 verbum
1607 2875 1716 2931 dici
1745 2876 1867 2947 quis
1900 2876 2060 2931 dubi-

2164 2229 2325 2293 natis,
2356 2228 2510 2284 cibos
2535 2226 2837 2298 angelicos,
2866 2240 3172 2297 panemque
3196 2224 3442 2281 caelestis
3467 2225 3666 2295 gratia:
3696 2239 3781 2279 rc-

2165 2321 2334 2378 feram
2367 2317 2732 2377 consecutas?
2756 2318 2857 2374 Ubi
2880 2327 3174 2375 nectareus
3201 2316 3455 2373 aetherem
3477 2315 3778 2386 majestatis

2166 2414 2384 2470 nimbus
2409 2414 2655 2468 irroraus
2686 2411 2889 2483 populo
2920 2410 3089 2483 dapes
3114 2425 3181 2466 ex
3201 2410 3425 2483 pluviis,
3447 2420 3503 2466 et
3522 2408 3779 2480 copiosas

2167 2521 2235 2562 ex
2265 2504 2534 2561 imbribus
2563 2518 2719 2558 escas
2746 2502 2959 2559 ell'udit.

2238 2599 2343 2654 Per
2394 2597 2697 2668 squalentia
2743 2610 2935 2651 rursus
2991 2594 3255 2650 violentis
3296 2608 3424 2647 arva
3468 2593 3779 2650 fervoribus

2164 2692 2358 2749 sitiens
2388 2691 2652 2747 aestuabat
2682 2689 2981 2756 exercitus,
3011 2701 3117 2759 qua
3150 2685 3406 2742 familiari
3436 2700 3666 2756 semper
3694 2700 3780 2740 ar-

2166 2786 2299 2842 dore
2336 2785 2550 2857 negatis
2577 2784 2854 2850 fontibus,
2881 2783 3074 2855 jacens
3119 2789 3264 2836 terra
3293 2779 3585 2850 languebat
3615 2819 3634 2842 ,
3678 2793 3781 2850 qua

2165 2895 2318 2950 spem
2352 2877 2571 2935 bibendi
2594 2877 2822 2949 pariter,
2851 2890 2916 2931 ac
2950 2873 3174 2931 vivendi
3223 2871 3487 2929 deficiens
3515 2884 3778 2943 aquarum

1962 2968 2283 3026 SCHOLIA.

519 3069 646 3125 151.
672 3066 955 3136 Virgilius,
980 3061 1188 3127 ιιιέΕηη
1221 3062 1347 3137 58!:
1371 3061 1815 3137 Etccrulacolla
1863 3070 2063 3117 tumeu-
2090 3065 2136 3127 C
2167 3064 2412 3137 [uisitatis
2434 3061 2927 3137 increpo,—U_tnon
2949 3061 3188 3137 adjiciat,
3206 3062 3308 3115 sive
3330 3059 3502 3115 demat
3523 3058 3775 3115 litteram.

455 3152 573 3198 tem.
612 3133 903 3206 Epitlfeton
935 3149 1210 3204 squameus
1237 3133 1305 3206 de
1333 3143 1591 3206 serpente
1617 3134 1973 3206 obviumest.

522 3202 736 3267 155.’1η
781 3206 900 3260 Meo
933 3202 1079 3259 clare
1123 3204 1380 3259 mendum
1411 3202 1583 3257 reddit
1608 3218 1704 3270 pro
1748 3203 1885 3256 redit
1917 3220 1934 3256 :
1964 3204 2059 3259 ibi-

450 3283 573 3339 dem
603 3279 823 3347 uigoris;
854 3277 1087 3332 fortasse
1115 3275 1312 3347 aliquis
1341 3276 1516 3330 voluit
1539 3275 1727 3330 viroris
1753 3316 1768 3339 ,
1797 3273 1892 3329 sed
1925 3276 2067 3347 riga»

451 3354 527 3409 ris
552 3353 782 3420 probum
808 3359 913 3404 est.

525 3416 651 3481 1⁷56.
678 3421 812 3487 Reg.
848 3429 870 3476 1
895 3462 909 3484 ,
945 3419 1025 3475 De
1054 3420 1186 3473 mari
1215 3417 1418 3483 Rubro,
1448 3426 1501 3490 et
1530 3418 1730 3490 populo
1744 3416 1936 3490 lsraeli
1947 3419 2061 3473 ‘ico.

451 3496 564 3553 Ott.
596 3511 633 3550 ι.
660 3494 734 3548 De
754 3493 890 3548 mari
922 3490 1098 3546 Rubro
1125 3534 1140 3555 ,
1188 3499 1236 3545 et
1288 3491 1459 3546 turba.
1487 3488 1673 3554 Rotit.,
1713 3488 1812 3561 Ubi
1841 3490 2065 3561 papulas

451 3566 620 3623 Israel
652 3567 799 3621 siccis
820 3564 1033 3637 pedibus
1060 3579 1155 3637 per
1186 3563 1467 3637 mareiuit.
1517 3563 1666 3616 Meus
1692 3559 1918 3637 ,“Marei
1948 3560 2061 3637 Ru-

455 3642 604 3694 brum
644 3639 777 3692 cedit
819 3633 1014 3706 populo
1049 3633 1170 3689 Dei.
1202 3634 1259 3689 lu
1287 3634 1566 3689 Altltelttto
1595 3643 1650 3686 et
1678 3633 1799 3686 aliis
1824 3634 2068 3687 occurrit.

453 3711 649 3767 caerula
673 3710 862 3776 ponti:
907 3707 1106 3761 similia
1146 3713 1274 3760 sunt
1319 3722 1501 3760 aversa
1541 3716 1878 3772 castrorum,
1924 3714 2065 3776 recta

451 3775 704 3837 montium
731 3823 746 3846 ,
781 3781 918 3849 ﬂexa
947 3777 1156 3832 collium
1184 3819 1200 3842 ,
1226 3789 1464 3850 porrecta
1492 3791 1796 3847 camporum
1822 3815 1838 3841 ,
1881 3775 2065 3830 acerba

449 3856 742 3927 ﬂuctuum,
764 3867 989 3927 conciam
1020 3850 1232 3927 callium
1252 3890 1267 3914 ,
1300 3861 1411 3927 etc.

529 3926 652 3981 158.
677 3925 862 3989 Cant.,
898 3920 1115 3988 Parrh.,
1173 3921 1305 3990 Reg.
1357 3920 1393 3973 ’Ξ
1422 3961 1436 3986 ,
1469 3919 1502 3974 5
1534 3959 1551 3985 ,
1597 3929 1651 3972 at
1673 3919 1820 3973 turba
1852 3936 1870 3985 ;
1926 3919 2017 3974 alii
2046 3962 2061 3983 ,

454 4012 516 4050 ac
547 3995 697 4069 turba
725 4011 743 4069 ς
774 3995 907 4069 Reg.
941 3994 995 4060 1,
1018 4003 1070 4046 et
1093 3991 1263 4069 turba.

529 4069 652 4125 159.
683 4061 964 4121 “Α‹1νὲι·ιθ
1017 4064 1368 4132 tautologiam
1406 4104 1421 4128 ,
1484 4062 1609 4116 aliis
1659 4062 1824 4116 etiam
1885 4061 2064 4131 poetis

452 4137 775 4193 familiarem
803 4178 819 4202 ,
846 4137 1064 4208 pelagus
1087 4179 1102 4197 ,
1134 4150 1275 4189 mare
1305 4132 1727 4208 ,“profundunt,
1780 4149 2060 4208 n_t_urmora.

527 4208 651 4265 140.
708 4203 1002 4275 Eleganter
1040 4217 1234 4275 stupor
1264 4203 1526 4261 tribuitur
1576 4205 1736 4260 mari.
1788 4203 2063 4261 Marmora

453 4296 555 4353 pro
589 4281 722 4353 mari
756 4296 768 4331 :
804 4278 927 4333 vide
960 4279 1221 4353 Dracont.
1249 4294 1308 4353 _t,
1339 4278 1465 4333 578.

529 4353 651 4407 111.
685 4352 1034 4406 Burmannus
1065 4350 1289 4418 conjicit
1337 4359 1527 4404 natura
1565 4350 1718 4403 vices.
1742 4347 1944 4404 Omnes
1969 4348 2065 4401 Ita-

452 4425 586 4482 bent
613 4426 749 4479 viam
774 4464 791 4488 ,
823 4421 918 4478 sed
951 4421 1006 4477 in
1036 4422 1147 4478 Ott.
1176 4421 1203 4476 1
1224 4467 1238 4491 ,
1272 4436 1369 4492 pro
1398 4423 1535 4476 viam
1556 4420 1699 4475 aliud
1730 4422 1881 4491 prius
1912 4420 2063 4474 vide-

456 4507 545 4551 tur
574 4497 764 4551 fuisse.

533 4566 653 4622 142.
707 4566 868 4626 tlell..
911 4563 1066 4629 Ald.,
1113 4563 1369 4619 Incedens
1399 4577 1522 4618 cum
1576 4561 1737 4617 codd.
1771 4562 1960 4617 lleins.
2005 4572 2060 4617 et

451 4637 651 4693 Altuel.
688 4635 875 4693 Nostri
906 4651 1097 4691 omnes
1124 4678 1138 4702 ,
1162 4645 1220 4691 et
1247 4634 1348 4689 alii
1378 4631 1691 4705 Ingrediens
1721 4675 1734 4697 ,
1767 4633 1911 4702 quod
1946 4649 2061 4687 ma-

452 4713 538 4781 gis
567 4710 781 4781 accedit
822 4708 890 4761 ad
947 4711 1191 4781 version.
1237 4704 1685 4781 VulgataExotli
1710 4715 1815 4781 ,‘et
1844 4704 2060 4781 _Sedulii

453 4775 699 4851 prosam.
731 4778 913 4843 Rom.,
972 4778 1103 4833 rude
1147 4780 1438 4849 baptisma;
1477 4775 1597 4845 lege
1653 4776 1780 4829 rude
1825 4776 1940 4843 jam
1974 4777 2063 4829 bn-

488 4854 664 4907 tisma.

451 4870 664 4979 pulit;
688 4920 864 4976 Lectio
884 4921 1120 4975 notanda
1170 4919 1573 4989 signiﬁcatione
1596 4919 1828 4972 sumitur
1854 4934 1953 4989 pro
1974 4932 2061 4971 sa-

450 5010 541 5051 cra
563 4994 849 5064 Scriptura
874 5034 887 5053 ,
923 4993 1007 5047 vel
1032 4992 1327 5064 doctrina,
1358 4990 1610 5064 ttti_apud
1632 4989 2059 5064 Paulinuutnlle

449 5065 570 5123 Vita
604 5069 658 5123 S.
690 5059 921 5119 'slartini
955 5079 1039 5126 tv.
1071 5062 1171 5117 l8l
1200 5104 1216 5129 ,
1276 5062 1381 5119 Jul.
1428 5061 1748 5124 Firmicum,
1780 5075 1885 5115 etc.
1920 5059 2059 5117 llinc

450 5138 691 5193 lectiones
719 5140 770 5190 itt
800 5137 998 5190 ofﬁciis
1028 5134 1419 5189 ecclesiasticis
1444 5177 1458 5199 ,
1494 5134 1851 5195 lectiouarius,
1879 5130 2059 5186 lectio-

450 5212 674 5263 natium.
707 5207 983 5264 Orientius
1008 5223 1103 5262 sua
1125 5222 1279 5261 sacra
1300 5206 1545 5263 carmina
1578 5216 1730 5259 vocat
1764 5203 2055 5259 lectionem

452 5278 539 5334 bis
569 5282 809 5346 pulchris
841 5278 1087 5334 iatubicis
1115 5277 1168 5331 iu
1191 5277 1259 5331 lin
1367 5278 1517 5343 Quod
1545 5277 1589 5331 si
1610 5292 1760 5345 quem
1782 5273 1925 5329 laedit
1949 5275 2059 5346 spi-

449 5345 619 5404 ritalis
662 5351 814 5406 lectio
838 5393 854 5418 ,
879 5380 954 5392 -—-
975 5348 1039 5404 Ei
1068 5348 1237 5404 licebit
1264 5350 1536 5404 lectionem
1564 5362 1826 5418 spernere,
1845 5345 2056 5401 -Νοη

448 5435 762 5477 commutare
794 5422 1028 5478 lectionis
1054 5422 1361 5494 formulam,
1396 5447 1464 5461 -—
1493 5420 1724 5491 Anguem
1748 5420 2057 5491 magistrum

522 5546 549 5575 ἰ
576 5537 779 5594 Psalm.
809 5553 995 5604 xsvut,
1032 5552 1175 5594 vers.
1209 5536 1264 5592 5.

522 5605 550 5645 δ
582 5608 837 5665 Nonnulli
888 5613 1196 5665 immensum
1231 5624 1249 5663 :
1299 5606 1474 5665 retine
1526 5606 1845 5662 immensam.
1879 5604 2049 5661 Paulo

447 5686 577 5737 ante
612 5682 927 5751 praestiterit
973 5682 1156 5752 legere
1202 5682 1321 5749 quis
1352 5679 1583 5734 dubitet:
1628 5680 1873 5749 sequitur
1901 5678 2046 5733 enim

2169 3135 2544 3204 Reprehendit
2570 3133 2584 3196 ζ
2615 3144 2675 3190 ιιι
2700 3135 2917 3189 videtur
2940 3175 2957 3197 ,
2989 3133 3236 3189 codicum
3265 3143 3650 3204 corruptores.

2245 3203 2366 3262 144.
2397 3206 2622 3262 Scltedzu
2671 3206 2907 3271 Poelm.,
2940 3204 3158 3269 Parrlt.,
3199 3204 3368 3258 denuo
3415 3218 3513 3274 pro
3540 3203 3779 3274 denique.

2170 3277 2308 3349 Reg.
2340 3281 2392 3346 1,
2425 3280 2458 3333 4
2486 3320 2502 3345 ,
2535 3278 2647 3334 Ott.
2697 3278 2767 3342 1,
2803 3281 2968 3346 Ang.,
2998 3277 3193 3349 Rom,
3221 3276 3376 3349 Meus
3399 3318 3413 3339 ,
3447 3274 3566 3349 Vat.
3591 3275 3632 3349 1
3658 3318 3673 3335 .
3700 3274 3735 3330 2
3760 3316 3776 3341 ,

2169 3343 2388 3409 PaFrh.,
2419 3343 2566 3414 Ald.,
2593 3360 2647 3403 et
2669 3343 2918 3420 plerique
2946 3346 3103 3413 editi,
3134 3347 3341 3401 uerbum
3367 3356 3442 3401 est
3507 3343 3777 3420 Cellarius

2168 3436 2291 3476 cutn
2324 3437 2455 3477 is.
2497 3418 2713 3484 ArntzI,
2765 3421 2990 3484 Almel.,
3033 3421 3218 3479 Cant..
3271 3434 3339 3471 ac
3381 3418 3665 3472 nonnullis
3714 3432 3777 3475 ex

2170 3494 2397 3559 nostris,
2423 3493 2632 3548 verbum
2656 3495 2777 3547 sine
2803 3501 2910 3559 est,
2945 3489 3040 3545 sed
3067 3490 3140 3545 ita
3170 3499 3230 3543 ut
3258 3489 3636 3555 subamliatur.

2243 3565 2366 3619 115.
2411 3564 2541 3635 Ileg.
2574 3565 2607 3620 5
2635 3605 2650 3628 ,
2685 3563 2833 3631 Ald.,
2864 3573 2917 3616 ut
2943 3571 3017 3617 est
3044 3577 3143 3633 pro
3163 3563 3329 3616 adest.
3357 3560 3620 3616 Nonnulli
3668 3562 3778 3615 vul-

2166 3636 2449 3707 gatiiquod
2480 3651 2579 3706 pro
2603 3636 2712 3707 qui.
2798 3706 2827 3707 η

2243 3703 2370 3762 M6.
2405 3703 2539 3778 Reg.
2572 3703 2629 3776 2;
2661 3706 2715 3774 5,
2744 3704 3036 3778 Alb.,Vat.
3061 3705 3118 3771 2,
3148 3703 3262 3778 Qtt.
3290 3704 3347 3769 2,
3371 3703 3524 3768 Ald..
3552 3704 3772 3778 Perrin,

2167 3795 2370 3850 gerens.
2412 3775 2511 3850 Alii
2546 3793 2704 3843 m.~s.,
2735 3793 2860 3850 cum
2887 3777 3073 3832 multis
3102 3775 3267 3850 editis
3295 3816 3312 3843 ,
3359 3791 3577 3846 regem;
3602 3776 3772 3850 biens,

2167 3846 2357 3919 ferens.
2390 3849 2764 3907 Nebrissensis
2791 3849 2952 3919 legit,
2987 3857 3042 3903 et
3068 3848 3326 3915 explicat,
3372 3862 3574 3918 gerens.
3605 3846 3775 3903 Cella-

2168 3935 2283 3974 rtns
2318 3931 2376 3976 et
2409 3922 2739 3978 Arntzenius
2777 3921 3069 3976 ediderttnt
3096 3935 3315 3990 regens,
3347 3934 3470 3988 quat
3512 3926 3598 3974 est
3645 3920 3775 3976 scri-

2168 4003 2325 4062 ptura
2354 3996 2684 4061 optimorum
2715 3993 2988 4048 codicum.

2242 4062 2362 4119 M7.
2407 4065 2540 4135 Reg.
2574 4066 2626 4127 ὅ,
2663 4064 2962 4132 incederet;
2992 4063 3229 4133 corrige,
3261 4061 3546 4135 incederet.

2241 4136 2363 4190 148.
2409 4133 2544 4207 Reg.
2577 4136 2639 4204 1,
2679 4135 2754 4190 De
2782 4153 2994 4207 manna.
3029 4135 3142 4189 Ott.
3181 4135 3239 4202 l,
3279 4133 3380 4190 Ubi
3408 4150 3591 4207 panem
3607 4150 3773 4207 accc-

2166 4218 2348 4277 perunt
2374 4204 2647 4263 caelestem.
2675 4208 2856 4270 llom.,
2884 4204 2962 4262 De
2991 4223 3184 4260 manna
3212 4207 3411 4261 ctelitus
3433 4205 3578 4260 doto.
3603 4204 3770 4273 Meus,

2166 4276 2405 4349 Populus
2437 4277 2533 4334 Dei
2558 4296 2749 4333 manna
2776 4279 3009 4349 pascitur
3038 4278 3093 4332 in
3122 4279 3344 4332 deserto.

2244 4348 2362 4406 150.
2395 4351 2645 4421 Plerique
2676 4348 2808 4406 mss.
2839 4352 3011 4405 nostri
3062 4350 3230 4421 aeria,
3286 4348 3532 4421 nonnulli
3587 4364 3767 4421 aerea.

2168 4418 2373 4492 Ponlm.
2413 4422 2479 4475 ad
2519 4418 2730 4492 marg.,
2785 4423 3013 4476 tetherea
3057 4437 3077 4475 :
3126 4420 3221 4475 alii
3273 4420 3409 4476 editi
3451 4428 3506 4475 et
3558 4420 3776 4476 sciretis:

2090 4480 2140 4539 Ι)
2168 4490 2408 4558 Poelm.,
2437 4480 2672 4548 aztheria‘.

2245 4564 2368 4637 151.
2396 4564 2581 4637 ll‘orn.
2616 4564 2666 4630 l,
2699 4563 2947 4637 Edimb.,
2996 4562 3063 4619 In
3098 4563 3290 4637 plumis
3328 4579 3430 4632 pro
3461 4560 3530 4617 In
3560 4562 3771 4637 pluviis,

2172 4643 2230 4688 ut
2274 4636 2653 4705 intelligantur
2701 4635 3012 4691 coturnices
3048 4654 3062 4690 :
3099 4634 3164 4691 'et
3196 4638 3268 4691 ita
3300 4638 3396 4690 ltas
3427 4650 3591 4690 voces
3627 4634 3770 4700 apud

2171 4705 2442 4761 Tibullum
2476 4707 2513 4761 Ι.
2543 4723 2559 4761 1
2586 4708 2738 4775 Eleg.
2770 4706 3384 4777 2.vers.79,confuntli
3408 4709 3616 4762 monuit
3638 4705 3771 4760 Bur-

2172 4793 2427 4834 tnannus.
2460 4778 2639 4845 Longe
2667 4787 2846 4833 tamen
2878 4779 3070 4834 melior
3110 4788 3194 4834 est
3233 4778 3541 4835 communis
3579 4776 3764 4835 lectio.

2175 4849 2343 4923 Meus
2362 4864 2466 4923 no_u
2494 4850 2635 4906 male
2664 4850 2843 4923 d_npes,
2876 4850 2931 4903 in
2960 4850 3180 4905 nubibus
3207 4867 3373 4907 escas.

2248 4920 2375 4976 152.
2416 4920 2552 4992 Reg.
2590 4923 2638 4988 1,
2672 4919 2753 4975 De
2782 4938 2920 4991 aqua
2954 4938 3017 4976 ea:
3064 4932 3211 4993 petra
3258 4922 3529 4992 producta.
3568 4920 3683 4976 Ott.
3715 4919 3766 4984 1,

2170 4992 2268 5047 (lbi
2294 5009 2486 5063 aquam
2516 4995 2579 5046 de
2604 5001 2750 5059 petra
2778 4992 3222 5065 edumit._Rom.,
3278 4993 3354 5048 De
3398 4993 3599 5065 Moyse,
3648 5008 3765 5045 cum

2164 5081 2299 5136 aqua
2326 5066 2554 5117 manavit
2593 5065 2657 5119 de
2699 5072 2863 5136 petra.
2895 5093 2967 5105 —
2995 5063 3106 5119 Pro
3134 5066 3189 5118 iu
3219 5067 3413 5120 exustis
3444 5063 3597 5121 Meus
3623 5064 3768 5117 inex-

2162 5133 2363 5190 haustis
2399 5133 2706 5204 perperam;

2236 5208 2360 5279 155.
2403 5209 2733 5279 Artttzcuius
2764 5207 2815 5262 in
2867 5207 3262 5277 Miscellaueis,
3289 5222 3431 5279 quas.
3468 5215 3757 5276 postquam

2162 5277 2369 5334 Sedulii
2403 5278 2705 5332 editionem
2729 5293 2850 5332 cum
2874 5282 3021 5337 notis
3044 5277 3321 5335 variorum
3349 5284 3760 5347 procuraverat,

2160 5365 2304 5403 anno
2333 5349 2493 5417 1765,
2527 5349 2720 5412 edidit,
2761 5365 2882 5417 cap.
2937 5353 3025 5419 l7,
3077 5367 3144 5407 ex
3190 5351 3504 5420 conjectura
3533 5347 3763 5417 corrigit

2160 5423 2284 5492 quia
2316 5430 2455 5475 terra
2485 5436 2581 5490 pro
2612 5437 2714 5492 qua
2739 5430 2878 5476 terra
2904 5438 2922 5477 :
2953 5424 3099 5495 quod
3127 5423 3352 5479 minime
3383 5422 3582 5492 placet.

2156 5534 2279 5659 :qu
2294 5534 2526 5616 abneget.
2552 5532 2693 5589 Infra
2724 5534 2944 5606 reposui
2961 5535 3215 5608 familiari
3234 5549 3436 5607 semper
3454 5533 3635 5589 ardore
3664 5544 3764 5603 pro

2193 5621 2216 5659 r
2256 5620 2383 5659 oris.

2193 5620 2383 5660 raorts.
