4086 6184
280 199 308 232 κ

279 196 381 255 569

409 313 575 387 ὤκνει
594 312 815 385 jacebat
843 313 1024 384 aquis,
1051 326 1156 385 qua
1186 327 1315 383 spes
1340 313 1524 372 ablata
1553 314 1799 385 bibendi,

275 406 374 468 155
411 406 760 478 Vivendique
788 406 907 471 fuit,
937 408 1148 465 subitas
1175 416 1368 465 arente
1398 408 1623 467 metallo

411 501 604 557 llausit
627 516 820 574 aquas,
856 502 1140 574 sterilique
1167 502 1310 560 latex
1338 503 1409 560 de
1436 520 1575 578 rupe
1594 507 1865 575 cucurrit,

415 597 573 670 172
609 597 677 653 Et
721 596 909 669 jejuna
955 613 1156 655 novum
1217 611 1543 657 vomuerunt
1597 617 1871 660 marmora

1557 693 1793 768 [potum.

408 783 507 840 His
536 783 708 856 igitur
728 783 843 856 jam
874 799 1031 842 sacra
1064 785 1240 843 tribus
1266 786 1402 844 dans
1430 803 1658 846 munera
1685 791 1874 860 rebus,

410 877 664 937 Christus
692 889 814 936 erat
838 881 1020 953 panis,
1052 879 1305 939 Christus
1329 892 1505 954 petra,
1529 883 1784 943 Christus
1815 886 1868 943 in

268 1065 374 1125 160
479 1066 760 1139 Angelicis
796 1068 1119 1125 tremefacta
1148 1070 1313 1126 minis
1341 1070 1537 1127 affatur
1555 978 1791 1129 agilia”.

406 1162 693 1220 Sessorem
728 1178 825 1234 per
842 1164 1008 1221 verba
1042 1181 1222 1233 suum,
1259 1166 1555 1241 linguaque
1578 1169 1797 1227 rudenti

405 1255 595 1315 Edidit
619 1256 888 1314 humanas
914 1258 1118 1315 animal
1143 1262 1368 1329 pecuale
1395 1263 1665 1335 loquelas.

474 1347 565 1404 Sol
590 1347 745 1405 stetit
765 1348 832 1405 ad
861 1348 1110 1419 Gabaon,
1133 1352 1410 1426 mediique
1431 1354 1723 1413 cacumine
1742 1358 1867 1415 (εωιί

1429 196 1714 255 CARMEN
1752 196 2141 258 PASCHALE.
2182 200 2315 258 LIB.
2359 201 2401 259 1.

1891 336 1943 397 Δ

3473 206 3580 268 571)

2113 319 2261 377 Fixit
2288 321 2638 379 anhelantem
2669 323 2839 381 dilato
2865 338 3100 397 vespere
3123 325 3324 394 lucem,

1974 414 2079 471 165
2115 414 2373 472 Insolitus
2405 415 2625 473 frenare
2649 417 2817 485 diem,
2852 433 2957 475 nec
2987 418 3117 476 luna
3148 421 3397 478 cucurrit

2124 508 2486 583 1730rdine
2501 511 2654 581 pigra
2665 511 2969 579 suo,donec
2986 512 3372 583 populantibus
3383 516 3574 584 armis,

2117 602 2383 657 Fervidus
2413 603 2687 674 ingentem
2715 604 2929 675 gladius
2955 616 3309 664 consumeret
3338 611 3576 680 hostem,

2115 699 2447 771 Coujurante
2468 700 2592 772 polo
2619 719 2633 756 :
2661 702 2773 772 jam
2804 713 2930 758 tunc
2954 693 3213 759 famulata
3247 704 3507 763 videbant

2117 795 2309 852 Sidera
2340 805 2651 864 venturum,
2682 796 2968 866 praemisso
2996 798 3243 865 nomine,
3272 799 3479 858 Jesum.

1972 888 2082 947 170
2118 890 2328 946 Heliam
2351 890 2500 945 corvi
2527 889 2799 961 quondam
2835 905 3037 960 pavere
3071 891 3330 959 ministri,

2113 981 2433 1038 Prtebentes
2462 981 2583 1037 sine
2616 996 2769 1037 more
2789 980 2978 1055 dapes,
3008 982 3232 1055 alesque
3258 984 3470 1057 rapinis

2115 1073 2381 1143 Deditus,
2439 1081 2601 1145 atque
2655 1073 2817 1130 avido
2870 1082 3125 1133 saturans
3171 1091 3301 1133 cava
3357 1088 3577 1150 guttura

3294 1184 3474 1235 rostro

3294 1184 3474 1235 rostro

2114 1261 2363 1320 Tradidit
2384 1262 2614 1319 illaesum
2638 1263 2841 1334 jejunis
2868 1265 3142 1322 morsibus
3167 1173 3376 1324 asciam.
3480 1218 3496 1245 .

2114 1359 2267 1417 Nunc
2295 1360 2473 1418 bonus
2495 1360 2682 1429 Heliae,
2710 1361 2802 1436 qui
2833 1362 3080 1435 perfidus
3104 1372 3268 1449 antea
3294 1364 3431 1435 Noe,

1640 1480 1821 1541 OPUS
1857 1482 2126 1542 PASCHA
2138 1485 2248 1542 LE.

1640 1482 1775 1539 OPU
1857 1482 1944 1540 PA
1993 1482 2126 1540 (ΖΗΛ
2232 1525 2248 1542 .

260 1572 455 1619 natura
473 1563 825 1633 subduxerat,
847 1580 973 1623 cum
998 1569 1269 1640 stupentis
1293 1572 1408 1627 saxi
1433 1572 1733 1631 visceribus
1750 1482 1865 1632 αἱ·
1897 1482 2100 1641 leuna
2283 1579 2494 1651 legibus
2530 1591 2675 1638 mota
2714 1582 2883 1655 pigrae
2926 1583 3181 1639 stationis
3210 1583 3378 1639 limen
3410 1597 3545 1639 exeo

260 1670 362 1727 por
376 1656 621 1713 inclusus
636 1670 982 1728 spumantem
1002 1663 1184 1719 subito
1199 1665 1484 1722 fluctuanti
1499 1678 1656 1725 caute
1669 1670 1761 1727 red
1772 1687 1871 1726 un-

258 1749 410 1806 davit
425 1751 479 1806 in
492 1751 732 1819 laticem,
746 1754 1017 1827 sicczeque
1028 1755 1197 1827 jejuni
1210 1761 1497 1815 marmoris
1511 1776 1664 1818 venae
1679 1773 1805 1832 potu
1816 1781 1864 1818 ιιι

258 1845 477 1902 cunctis
501 1861 768 1903 vomuere
794 1848 1173 1919 multiplicem.
1212 1850 1305 1906 llis
1336 1852 1510 1909 tribus
1541 1870 1671 1926 ergo
1701 1856 1867 1914 rebus

252 1939 368 2010 jam
385 1956 581 2011 magna
597 1942 680 1997 sui
706 1943 964 1998 nuntians
981 1953 1328 2001 sacramenta
1347 1949 1593 2018 mysterii
1615 1947 1865 2008 Christus

255 2042 380 2092 erat
416 2036 473 2090 in
504 2033 728 2107 pelago',
754 2032 1008 2092 Christus
1046 2038 1098 2092 in
1131 2053 1302 2108 pane,
1340 2038 1591 2097 Christus
1622 2041 1675 2097 in
1708 2057 1861 2099 saxo.

321 2126 538 2189 Asella,
576 2126 687 2183 vile
725 2142 916 2199 pecus,
968 2143 1032 2185 ac
1072 2129 1355 2199 stolidum,
1389 2134 1648 2204 angelicae
1680 2143 1865 2205 potes-

252 2222 388 2278 tatis
419 2221 636 2276 visione
665 2222 951 2292 perterrita
969 2265 985 2289 ,
1019 2238 1291 2280 sessorem
1319 2226 1499 2281 verbis
1525 2227 1822 2299 alloquitur
1846 2272 1862 2298 ,

251 2329 307 2377 et
334 2321 590 2378 rudentis
616 2323 815 2395 linguze
843 2324 1057 2379 clamor
1086 2325 1398 2382 inconditus
1426 2324 1676 2383 humana:
1713 2328 1863 2383 vocis

250 2414 509 2472 affatibus
530 2432 593 2473 es
603 2417 738 2488 plica
749 2426 855 2474 tur.

321 2510 424 2566 Sol
466 2511 520 2566 in
551 2510 731 2567 medio
769 2512 893 2567 caeli
941 2514 1228 2568 cacumine
1276 2513 1500 2582 rapidos
1555 2513 1862 2570 anhelantis

252 2603 491 2662 flamma:
514 2619 708 2662 cursus
731 2606 1013 2663 infrenans
1036 2617 1228 2663 contra
1250 2607 1473 2665 Gabaon
1495 2624 1590 2680 per
1615 2609 1862 2667 insolitas

249 2700 355 2758 diei
390 2717 575 2760 moras
602 2701 772 2760 dilato
800 2718 1032 2774 vespere
1059 2703 1234 2761 lucem
1266 2704 1404 2761 fixus
1436 2706 1719 2762 astrinxit.
1751 2705 1860 2762 Nec

1969 1671 2128 1739 dens,
2157 1673 2404 1730 ordinem
2437 1674 2685 1731 consueti
2714 1689 2935 1745 gressus
2955 1676 3220 1741 exercuit,
3258 1674 3432 1730 donec
3460 1672 3579 1745 gla—

1969 1758 2092 1814 dius
2123 1760 2343 1815 victoris
2375 1761 2675 1817 exercitum
2708 1760 2959 1818 hostilem
3004 1761 3243 1817 funditus
3271 1767 3580 1833 amputaret

1970 1854 2212 1910 cmlestis
2242 1855 2430 1911 auxilii
2462 1856 2860 1926 coniuratione.
2892 1854 3092 1911 Virtuti
3120 1854 3437 1910 famulantia
3478 1855 3576 1909 de-

1971 1947 2132 2019 nique
2163 1946 2420 2003 videbant
2449 1948 2565 2018 ipsa
2588 1949 2697 2019 jam
2726 1947 2930 2012 sidera,
2954 1962 3054 2018 per
3083 1946 3279 2002 similis
3324 1944 3573 2001 vocabuli
3659 2006 3663 2010 ,

1971 2051 2399 2109 sacramentum,
2424 2040 2608 2098 Jesum
2635 2040 2947 2110 Dominum,
2970 2040 3191 2097 nomine
3205 2039 3571 2112 praecedente,

1970 2149 2285 2195 venturum.

2040 2231 2252 2286 Heliam
2296 2238 2498 2302 prater
2529 2238 2734 2285 natura:
2781 2228 3105 2300 dispositum
3163 2227 3313 2283 corvi
3360 2226 3574 2283 diurnis

1967 2323 2143 2394 epulis
2174 2332 2574 2394 transegernnt,
2607 2323 2829 2393 alesque
2854 2331 2885 2359 δι
2913 2321 3129 2377 voracis
3169 2321 3333 2376 rostri
3364 2321 3572 2390 rapaci-

1970 2418 2068 2474 tati
2099 2416 2394 2488 subjectus,
2428 2417 2520 2487 qui
2550 2416 2765 2473 facilem
2791 2416 3028 2487 praedam
3053 2431 3188 2471 cavo
3211 2418 3413 2488 gutturi
3440 2417 3571 2472 sub-

1972 2512 2266 2574 ministrat.
2286 2512 2485 2583 jejunis
2511 2512 2783 2567 morsibus
2802 2526 2982 2567 escam
3003 2510 3286 2567 deferebat
3315 2512 3567 2567 illzesam.

1970 2611 2123 2668 Nunc
2153 2610 2319 2666 Helia:
2349 2609 2544 2677 bonus,
2588 2624 2652 2664 ac
2684 2608 2845 2675 fidus,
2885 2608 2980 2681 qui
3006 2608 3121 2665 Noe
3148 2608 3421 2681 quondam
3452 2624 3570 2664 ma-

1968 2705 2074 2772 lus,
2098 2718 2160 2759 ac
2191 2702 2450 2776 perfidus,
2484 2704 2538 2759 in
2572 2705 2735 2761 terris
2762 2704 2936 2761 abluit
2963 2704 3201 2777 culpam,
3229 2704 3284 2760 in
3306 2717 3570 2775 aquarum

1766 2795 2087 2856 SCIlOLIA.

320 2892 454 2947 155.
489 2889 727 2959 Metello,
764 2894 818 2945 lt.
867 2906 918 2947 e.

248 2962 675 3031 dicituraSilio,
706 2963 980 3023 etStatio.
1002 2964 1071 3018 de
1100 2964 1329 3032 gemmis
1357 2979 1387 3017 a
1414 2964 1589 3019 Plinio
1604 2965 1854 3021 Juniore.

246 3033 637 3107 Nebrissensis
658 3036 879 3104 exponit
910 3034 1169 3107 lapidem,
1214 3036 1300 3090 vel
1333 3035 1510 3106 potius
1544 3036 1740 3107 lapidis
1763 3052 1856 3093 ve-

248 3122 405 3161 nam.
441 3108 573 3161 Vide
602 3106 836 3163 Cerdam
873 3106 1012 3161 Adv.
1045 3123 1097 3161 c.
1120 3107 1245 3162 101.

322 3180 454 3233 156.
483 3180 837 3233 Tanrinensis
858 3177 1028 3233 codex
1048 3178 1485 3251 antiquissimus,
1508 3180 1656 3233 Ausi!
1673 3196 1852 3251 aquas,

248 3250 520 3319 sterilique
565 3251 706 3305 latex
753 3251 819 3305 tle
863 3266 994 3321 rupe
1044 3252 1295 3305 manavit.
1326 3250 1384 3306 In
1411 3253 1688 3306 veteribus
1722 3250 1851 3307 mss.

245 3323 539 3377 codicibus
566 3322 824 3389 aSpiratio
844 3336 988 3390 saepe
1011 3322 1376 3391 desideratur,
1398 3339 1543 3393 sa‘pe
1568 3323 1853 3380 redundat:

247 3393 439 3462 itaque
467 3396 615 3447 Ausit
646 3402 730 3449 est
757 3411 853 3462 pro
889 3393 1097 3447 Hausit.
1150 3394 1254 3448 Sed
1309 3396 1557 3455 manavit,
1610 3396 1857 3465 quamvis

247 3478 443 3536 contra
473 3479 703 3521 metrum
734 3468 823 3535 sit,
860 3476 1040 3536 tamen
1069 3469 1122 3519 in
1150 3465 1337 3536 multis
1366 3481 1497 3520 mss.
1527 3468 1859 3536 exemplari-

246 3535 348 3607 bus
383 3539 679 3593 rctiuetur.
729 3538 898 3604 Meus,
933 3535 1099 3606 Aug.,
1144 3535 1297 3603 Alb.,
1354 3536 1492 3607 Reg.
1530 3539 1581 3601 1,
1615 3540 1669 3599 2,
1696 3535 1766 3603 ll,
1791 3541 1853 3607 5;

247 3606 359 3665 Ott.
427 3611 481 3674 1,
529 3608 847 3673 Vatt.1,“2,
880 3609 1061 3667 Cant..
1099 3608 1223 3680 cod.
1281 3608 1383 3675 E.,
1436 3608 1699 3677 manavit,
1749 3606 1858 3680 quo

246 3688 469 3751 spectat
498 3683 687 3736 Arntz.
724 3680 988 3735 manabat.
1033 3679 1088 3734 In
1120 3677 1233 3734 Ott.
1290 3683 1309 3733 1
1367 3696 1528 3748 supra
1580 3677 1854 3748 tamquam

244 3754 438 3822 glossa
488 3764 571 3808 est
622 3753 891 3807 cucurrit:
922 3753 973 3805 in
1009 3751 1144 3819 Reg.
1192 3751 1227 3803 2
1279 3751 1459 3819 glossa
1512 3763 1599 3807 est
1650 3752 1855 3820 eduxit,

247 3825 506 3895 cucurrit,
539 3826 724 3895 ﬂuxit;
757 3827 810 3879 in
839 3824 958 3877 Vat.
993 3824 1044 3891 1,
1080 3838 1105 3873 a
1138 3838 1249 3877 sec.
1286 3840 1387 3886 nt.,
1415 3826 1661 3877 cucurrit.
1700 3824 1853 3888 Urb.,

244 3894 359 3950 Ott.
394 3897 454 3960 2,
509 3894 666 3951 Rom.
720 3909 969 3951 recentes
1015 3909 1172 3958 mss,,
1222 3895 1471 3949 citcurrit.
1511 3895 1638 3950 Ald.
1688 3896 1859 3952 edidit

248 3968 525 4022 manarit:
558 3968 780 4037 Parrh.,
813 3968 1009 4032 salivit,
1043 3964 1184 4035 quod
1210 3965 1299 4020 vix
1321 3981 1442 4020 cum
1474 3967 1856 4037 grammatices

248 4040 460 4108 regulis
488 4051 660 4106 stare,
694 4041 747 4093 in
778 4038 995 4094 schedis
1049 4038 1257 4092 l’oelm.
1317 4040 1637 4094 observatur
1671 4057 1684 4091 :
1732 4054 1854 4093 nam

244 4112 398 4179 salii,
430 4121 484 4166 et
514 4111 653 4166 salui
681 4112 735 4166 in
765 4111 1066 4181 praeterito,
1096 4125 1220 4163 raro
1247 4109 1395 4181 salitji
1420 4110 1642 4164 dicitur.
1687 4110 1857 4165 Pleri-

245 4198 355 4252 que
412 4182 543 4239 editi
592 4179 844 4242 cucurrit.
886 4192 942 4236 et
990 4181 1277 4236 Grunerus
1320 4179 1578 4247 affirmat,
1620 4183 1855 4252 manauit

242 4251 491 4325 glossam
540 4270 684 4312 esse.
737 4254 1051 4311 Assentitur
1082 4252 1432 4325 Arntaenius,
1464 4256 1552 4324 qui
1585 4251 1855 4307 similibus

245 4324 526 4394 exemplis
557 4327 737 4391 docet,
770 4334 918 4382 recte
970 4340 1178 4378 currere
1222 4324 1290 4379 de
1340 4339 1477 4395 aqua
1531 4325 1658 4386 dici,
1706 4334 1759 4378 et
1788 4341 1854 4380 ex

246 4399 497 4452 Antonio
527 4398 652 4454 adv.
675 4398 839 4455 Gent.
875 4411 1021 4450 vers.
1057 4395 1147 4461 15,
1182 4397 1298 4450 sive
1329 4398 1507 4464 potius
1530 4412 1597 4450 ex
1626 4395 1855 4451 Paulino

245 4482 441 4536 poem.
475 4470 650 4525 ultim.
684 4471 937 4537 producit
967 4470 1144 4522 locum
1173 4468 1407 4521 similem
1444 4487 1457 4520 :
1490 4467 1691 4522 Manna
1720 4470 1806 4522 cui
1830 4485 1856 4522 e

246 4540 405 4605 uelo,
431 4551 478 4596 et
509 4544 625 4613 [aiis
646 4541 709 4595 de
733 4559 859 4614 rupe
881 4538 1132 4594 cucurrit.
1154 4537 1268 4614 Νοιι
1295 4538 1586 4614 difficulter
1608 4541 1851 4614 credam,

244 4625 439 4667 veram
466 4611 806 4685 scripturam
828 4628 951 4667 esse
981 4611 1241 4685 manavit,
1271 4625 1395 4685 cum
1418 4612 1660 4685 primam
1699 4611 1855 4685 hujus

244 4685 407 4738 verbi
434 4681 706 4756 Eugenius
734 4685 1033 4740 Toletanus
1063 4681 1313 4749 antistes,
1338 4681 1541 4755 aliique
1571 4683 1853 4737 chriStiani

245 4767 431 4825 poeta:
452 4758 842 4828 corripuerint.

322 4828 453 4883 157.
492 4826 676 4891 Rom..
705 4843 969 4893 vomuere;
1002 4826 1144 4898 lege,
1175 4835 1493 4882 uomuerunt.

325 4898 456 4954 158.
509 4899 736 4958 Vouclsii
766 4895 1079 4970 conjectura
1125 4906 1209 4952 est
1266 4898 1362 4951 His
1397 4896 1597 4970 jugiter
1625 4912 1723 4967 pro
1760 4895 1856 4950 llis

244 4968 436 5042 igitur.
492 4972 599 5028 Sed
644 4968 898 5042 quamvis
952 4986 1138 5042 verum
1186 4970 1281 5042 sit,
1310 4968 1535 5042 primam
1571 4969 1621 5022 in
1646 4969 1796 5039 jugis
1824 4985 1854 5042 a

321 5042 480 5098 dolio
514 5040 744 5099 licenter
783 5041 1012 5112 corripi,
1056 5051 1238 5095 tamen
1272 5041 1376 5094 ltoc
1406 5040 1528 5095 loco
1562 5041 1857 5112 itttmvantli

242 5127 422 5167 causa
454 5117 599 5170 nulla
631 5123 736 5170 est.
772 5109 997 5179 Parrh.,
1045 5112 1265 5169 schedre
1295 5112 1531 5178 Poelm.,
1568 5109 1668 5165 His
1696 5112 1858 5182 igitur

242 5197 469 5239 sacrata
497 5189 678 5253 tribus,
711 5187 856 5256 quod
887 5185 1068 5240 minus
1102 5200 1288 5256 verum
1324 5195 1471 5256 puto.

330 5257 466 5312 159.
502 5260 700 5313 Exstat
729 5253 816 5312 hic
848 5272 1045 5327 versus
1064 5254 1205 5327 apud
1231 5255 1433 5327 Bedam
1456 5254 1524 5309 de
1548 5253 1854 5327 Art._metr.

322 5327 454 5399 160.
478 5328 613 5399 Reg.
638 5331 686 5390 1,
704 5329 816 5384 Ott.
850 5330 909 5384 1:
937 5326 1015 5382 De
1036 5323 1206 5389 asina,
1226 5326 1533 5399 quwlocuta
1553 5338 1655 5399 est;
1672 5323 1855 5399 Rom,

242 5398 334 5452 Ad
350 5394 575 5455 Balaam
589 5400 654 5455 de
669 5400 933 5455 locutione
947 5400 1131 5454 asinae.
1148 5399 1317 5459 Meus,
1338 5397 1512 5452 Asella
1524 5397 1593 5451 ad
1613 5394 1857 5449 Balaam.

325 5471 460 5526 161.
490 5473 664 5537 Meus,
692 5473 952 5536 rudendi;
986 5473 1161 5526 retine
1192 5470 1422 5525 rudenti.

323 5542 461 5597 163.
492 5544 659 5599 Edere
683 5544 914 5615 loquelas
932 5542 1153 5609 dicitur,
1180 5549 1239 5596 ut
1260 5542 1409 5615 edere
1439 5556 1612 5615 uocent
1630 5583 1643 5607 ,
1670 5554 1826 5615 sonos
1843 5580 1859 5605 ,

242 5614 560 5671 clamorem.
596 5609 779 5672 Verbo
807 5615 1039 5688 pecualis
1068 5629 1201 5670 usus
1230 5614 1396 5671 etiam
1438 5621 1524 5668 est
1566 5609 1861 5667 Veuantius

967 2900 1143 2962 petra.
1179 2890 1456 2946 Metallum
1486 2891 1554 2947 de
1584 2908 1856 2948 marmore
1886 2896 1931 2961 ε
1966 2891 2300 2949 Fortunatus
2328 2908 2367 2947 tt
2395 2892 2465 2948 de
2489 2891 2724 2948 Martin
2756 2892 2881 2950 146.

2035 2966 2160 3021 165.
2191 2964 2328 3034 Reg.
2360 2966 2410 3030 1,
2455 2964 2569 3021 Ott.
2626 2966 2677 3032 1,
2735 2963 2809 3019 De
2851 2963 2983 3019 Iesu
3035 2962 3202 3019 Nave.
3256 2965 3441 3034 Rom.,
3488 2964 3569 3023 De

1959 3034 2140 3103 Iosue,
2172 3037 2235 3090 de
2259 3043 2477 3091 statione
2508 3036 2657 3092 solis.

2036 3108 2158 3163 165.
2190 3106 2558 3178 Wopkensius
2585 3108 2896 3179 suspicatur
2925 3106 3223 3172 Inralidus,
3255 3110 3338 3162 vel
3370 3107 3565 3165 Insoli-

1960 3181 2080 3240 dus.
2110 3196 2212 3251 qua
2246 3196 2383 3235 voce
2413 3180 2721 3250 posteriore
2747 3196 2878 3234 usus
2909 3179 3256 3235 esthidius.
3283 3180 3566 3248 interpre—

1963 3250 2403 3325 taturlusolitus
2443 3254 2667 3318 frenare,
2716 3267 2834 3305 cum
2873 3254 2991 3325 jam
3040 3254 3314 3306 tledicissct
3365 3253 3564 3325 (legam

1962 3324 2319 3396 dedidicisset)
2350 3326 2577 3395 frenare,
2604 3326 2681 3378 vel
2704 3339 2881 3396 regere
2913 3323 3071 3396 diem.
3113 3325 3308 3377 Melius
3336 3323 3569 3380 A'rntze-

1963 3394 2086 3451 nius
2115 3394 2389 3466 vulgatam
2441 3396 2727 3450 lectionem
2765 3394 3027 3466 exponit;
3084 3395 3174 3464 qui
3226 3396 3420 3451 ordine
3467 3412 3567 3452 suo

1959 3477 2183 3521 servato
2199 3465 2304 3521 non
2330 3468 2380 3520 in
2411 3468 2630 3527 longius
2661 3476 2879 3530 tempus
2893 3465 3035 3520 diem
3053 3466 3376 3531 protrahere
3397 3469 3565 3522 solet.

1962 3538 2069 3593 Pro
2101 3539 2305 3609 frenare
2331 3538 2481 3593 Meus
2506 3537 2673 3591 habet
2717 3539 2960 3609 retinere,
2991 3551 3055 3591 ex
3100 3538 3279 3607 aliqua
3333 3540 3567 3594 fortasse

1959 3607 2166 3680 glosszt.
2216 3608 2829 3680 Arnlzcuiusjrenare,
2888 3607 2964 3661 uti
3017 3610 3179 3663 etiam
3231 3608 3563 3663 anhelantem

1961 3679 2203 3735 alludere
2232 3688 2382 3749 putat
2403 3679 2467 3731 ad
2494 3679 2805 3745 opinionem
2832 3687 3099 3743 veterum,
3135 3680 3226 3748 qui
3262 3694 3434 3748 equos
3459 3681 3563 3733 ειιιί

1962 3752 2295 3807 tribuebant.
2361 3750 2556 3804 Verum
2598 3751 2852 3803 Sedulius
2898 3765 3005 3803 non
3047 3749 3225 3803 solum
3260 3765 3289 3803 a
3335 3750 3565 3811 fabulis.

1962 3824 2057 3878 sed
2089 3825 2253 3879 etiam
2282 3839 2311 3878 a
2336 3822 2649 3877 nominibus
2679 3821 2986 3875 lulllllat'utll
3018 3822 3337 3889 longissime
3357 3821 3567 3876 distare

1961 3896 2141 3951 solet:
2177 3904 2232 3949 et
2262 3902 2439 3963 potest
2468 3895 2640 3963 accipi
2670 3893 2881 3964 frenare
2904 3891 3277 3960 metaphorice
3310 3909 3405 3961 pro
3426 3893 3563 3948 reti-

1962 3983 2112 4022 nere.
2134 3966 2228 4021 Est
2247 3976 2430 4021 autem
2450 3981 2664 4031 sensus,
2682 3966 2770 4021 Sol
2795 3979 2902 4019 non
2922 3966 3118 4018 solitus
3139 3964 3379 4019 retinere.
3394 3964 3560 4020 diem.

2032 4038 2157 4093 166.
2191 4038 2342 4111 Meus
2364 4038 2559 4111 plena:
2604 4038 2723 4109 lege
2752 4038 2921 4111 pigra.
2956 4034 3077 4090 Vat.
3113 4037 3164 4103 1,
3200 4036 3359 4102 arvis,
3393 4051 3424 4089 a
3448 4051 3561 4091 sec.

1962 4127 2036 4165 ut.
2071 4110 2231 4164 armis
2263 4110 2449 4178 probe.

2038 4183 2155 4236 167.
2190 4182 2311 4235 Ald.
2343 4179 2602 4234 Ferridus
2633 4181 2685 4234 in
2718 4190 2957 4249 gentem;
2985 4178 3087 4250 nisi
3118 4193 3275 4232 error
3304 4178 3375 4233 sit
3410 4189 3597 4250 typo”

1995 4252 2251 4319 raplticus
2304 4268 2401 4321 pro
2443 4248 2726 4323 ingentem.
2755 4249 2993 4323 Venusto
3033 4248 3289 4323 [fervidus
3333 4248 3563 4321 gladius.

2009 4339 2211 4378 ucanus
2237 4319 2329 4390 vit,
2358 4324 2463 4377 .502
2481 4319 2568 4375 5F
2574 4323 2774 4393 rigidus
2796 4320 2919 4375 inde
2937 4347 3005 4360 σιο-
3028 4322 3146 4375 Stat
3167 4319 3408 4392 gladius:
3432 4325 3565 4376 calet

1959 4395 2081 4451 inde
2106 4412 2293 4449 nocens
2320 4412 2351 4449 a
2381 4394 2633 4464 sanguine
2658 4398 2874 4461 ferrum.

2035 4466 2161 4521 168.
2196 4463 2585 4535 Nonuullijam
2612 4475 2755 4518 tum:
2806 4463 3052 4535 plerique
3068 4465 3187 4534 jam
3210 4474 3352 4518 tunc.
3382 4464 3567 4535 Imita-

1960 4548 2048 4593 tur
2076 4538 2442 4593 Claudiannm
2473 4534 2559 4590 de
2590 4553 2645 4591 ιιι
2698 4534 2925 4591 Con~ul.
2963 4534 3184 4588 Honorii
3231 4551 3281 4587 v.
3316 4538 3425 4590 $18:
3471 4534 3568 4591 Cui

1959 4611 2145 4663 militat
2171 4610 2350 4671 writer.
2377 4640 2448 4649 —
2472 4606 2536 4663 Et
2562 4608 2825 4680 coniurati
2852 4608 3064 4680 veniunt
3085 4605 3153 4658 ad
3176 4606 3393 4660 classica
3408 4608 3567 4680 renti.

1963 4682 2028 4736 Et
2051 4683 2119 4735 de
2145 4682 2289 4737 bello
2318 4683 2444 4738 Get.
2481 4695 2625 4736 vers.
2656 4678 2725 4736 49
2754 4698 2768 4736 :
2803 4682 2904 4733 Aut
2937 4679 3270 4747 ronjuratum
3298 4678 3568 4749 querimur

1958 4752 2237 4823 splendore
2266 4770 2523 4808 serenum.

2035 4823 2156 4880 169.
2189 4823 2247 4879 in
2291 4825 2424 4895 Reg.
2456 4841 2474 4878 ι
2504 4825 2641 4879 forte
2672 4821 2771 4877 lttit
2812 4824 3087 4893 promisso.
3136 4836 3281 4895 nunc
3310 4831 3402 4895 est
3436 4837 3571 4895 prte-

1960 4896 2137 4949 misso.
2168 4895 2227 4950 In
2255 4891 2412 4950 Roni.
2441 4897 2591 4951 clare
2614 4891 2891 4967 promisso,
2922 4895 2978 4949 in
3004 4895 3122 4950 Meo
3152 4893 3339 4949 dubie.
3366 4891 3571 4949 Confer

1964 4967 2225 5021 l’rudcnt.
2262 4968 2451 5033 hvmo.
2486 4984 2560 5022 xu
2597 4966 2755 5021 (Zath.
2787 4983 2934 5022 vers.
2970 4968 3095 5023 175.

2037 5037 2159 5092 1ἳο.
2189 5038 2317 5108 lleg.
2341 5054 2379 5103 ι,
2396 5040 2510 5091 ()tt.
2534 5040 2585 5102 1,
2609 5038 2684 5093 De
2705 5038 2883 5093 Helia.
2904 5039 3051 5093 Meus
3070 5037 3278 5098 Helias,
3297 5035 3570 5108 cernend-

1962 5110 2233 5169 nistrante,
2262 5106 2511 5178 pascitur.
2542 5110 2699 5163 Rom.
2723 5108 2801 5163 De
2829 5109 3005 5174 llelia,
3027 5110 3191 5163 corvis
3217 5106 3566 5180 pascentibus.

2040 5180 2160 5234 171.
2190 5173 2409 5246 Parrh.,
2444 5181 2660 5235 schedte
2695 5182 2925 5246 l’qelm.,
2974 5173 3262 5234 "addentes
3295 5191 3391 5245 pro
3420 5173 3569 5228 Prae-

1964 5252 2154 5306 bentes.
2187 5252 2375 5307 Arntz.
2431 5268 2533 5307 ms.
2578 5253 2781 5322 rapinae
2832 5268 2930 5321 pro
2960 5251 3177 5323 rapinis,
3229 5248 3368 5323 haud
3398 5245 3569 5323 incle-

1962 5334 2183 5394 ganter:
2205 5341 2327 5378 natu
2348 5325 2492 5394 apud
2512 5319 2696 5391 poetas
2710 5319 2971 5378 numerus
2984 5319 3276 5392 singularis
3294 5319 3469 5372 interd
3482 5332 3569 5371 unt

1964 5411 2064 5465 pro
2097 5395 2291 5461 plurali
2325 5396 2567 5463 ponitur.

2038 5459 2160 5522 175.
2194 5459 2404 5540 Jejunis
2434 5466 2710 5540 morsibus.
2734 5464 3033 5540 autcorvi,
3064 5462 3141 5517 ait
3168 5459 3569 5527 Nebrisscnsis,

1966 5535 2444 5616 quamvisjrjuui,
2460 5549 2553 5592 aut.
2584 5538 2750 5616 llelize
2773 5535 2971 5616 jejuni.
2992 5607 3003 5616 ι
3214 5603 3245 5616 η
3285 5605 3298 5616 .
3340 5603 3353 5616 _
3536 5612 3544 5616 Δ
3580 5580 3583 5585 .

2042 5610 2168 5665 171.
2199 5603 2370 5677 Meus,
2402 5608 2547 5665 Tunc
2578 5603 3078 5667 bonusCCellarius
3103 5603 3430 5676 cctzjiciebat
3457 5612 3576 5658 ants

326 5756 355 5786 α
388 5745 451 5802 In
480 5761 588 5807 vet.
628 5750 752 5808 cod.
786 5749 887 5807 fuit
913 5751 1138 5826 feracis;
1168 5749 1262 5808 sed
1293 5748 1546 5808 librarius
1588 5748 1705 5819 ipse
1731 5745 1969 5803 correxit
1991 5746 2213 5802 voracis.
