4086 6184
515 267 620 329 575

659 388 804 446 Ecce
831 388 1034 446 etenim
1065 386 1261 445 sceleri
1289 386 1472 444 scelus
1499 383 1713 442 addidit
1753 383 1838 440 ira
1866 381 2115 450 furentis,
2143 378 2198 440 A

660 481 1063 555 Hebrtnumque
1085 481 1257 539 decus
1280 478 1467 537 Daniel
1492 479 1810 536 decernitur
1834 477 2023 533 insons

512 575 623 632 215
658 574 875 648 Jejunis
906 575 1062 632 cibus
1090 590 1213 632 esse
1244 574 1396 644 feris,
1424 572 1524 630 sed
1551 571 1732 628 bellua
1758 571 1907 641 justo

660 669 809 726 Mitis
838 668 980 725 facta
1010 669 1154 735 viro,
1180 675 1402 724 sanctos
1430 679 1500 722 ne
1526 663 1755 720 laederet
1784 670 1957 731 artus,

661 763 841 834 Cmpit
869 777 1060 820 amare
1090 761 1314 827 famem,
1340 760 1521 816 rabies
1551 758 1757 815 mollita
1787 756 2027 812 furorem

660 854 944 928 Deposuit,
966 854 1239 926 smvisque
1264 853 1319 908 in
1346 850 1595 908 faucibus
1624 850 1701 906 ira
1723 848 1951 922 quievit,

662 953 731 1009 Et
761 952 1002 1009 didicere
1029 960 1210 1008 truces
1233 949 1475 1022 praedam
1498 964 1720 1006 servare
1748 948 1959 1004 leones.

747 1046 906 1121 179
927 1045 1024 1101 Dic
1038 1088 1053 1114 ,
1079 1043 1172 1101 ubi
1190 1052 1319 1099 sunt
1333 1084 1349 1112 ,
1372 1051 1591 1112 natura,
1621 1050 1728 1097 tuae
1748 1048 1876 1111 post
1900 1039 2028 1094 talia
2041 1038 2125 1094 le-

1900 1129 2055 1202 [gest

665 1231 800 1301 Quis
830 1230 994 1287 toties
1018 1229 1114 1285 tibi
1135 1229 1260 1300 jura
1291 1228 1445 1284 tulit?
1468 1229 1591 1301 quis
1615 1235 1815 1283 tartara
1838 1223 2002 1296 jussit

663 1326 1014 1383 Translatum
1044 1324 1259 1381 nescire
1282 1323 1483 1393 virum,
1512 1322 1866 1392 sterilemque
1896 1318 2092 1375 marito

664 1420 997 1479 Fecundavit
1021 1434 1206 1487 anum,
1236 1433 1446 1475 sacram
1477 1416 1735 1488 praecepit
1756 1415 1825 1471 ad
1850 1428 2003 1471 aram

519 1045 629 1106 220

1897 262 2113 321 C(ELII
2151 260 2429 320 SEDULII

3723 262 3827 319 576

2367 378 2574 449 Sponte
2602 359 2791 434 venire
2821 391 3010 449 pecus,
3038 377 3339 435 muliebres
3369 378 3646 435 transtulit
3682 389 3827 437 artus

2227 471 2337 527 225
2374 471 2431 527 ιη
2462 473 2753 527 simulacra
2780 471 2948 527 salis:
2978 486 3157 527 ramos
3181 471 3433 528 incendia
3462 487 3655 545 passos

2369 564 2488 621 Non
2517 566 2712 621 ardere
2739 564 2924 620 dedit:
2957 565 3249 636 virgultum
3278 566 3439 620 solvit
3465 567 3518 620 in
3558 580 3823 636 anguem:

2372 658 2475 714 Per
2499 658 2723 730 pelagus
2752 658 2977 714 siccavit
3008 659 3148 714 iter:
3180 658 3432 715 mirabile
3464 660 3667 717 nimbis

2371 752 2564 808 Manna
2591 752 2748 824 pluit,
2781 768 2915 808 saxo
2946 753 3132 808 latices
3164 752 3432 824 produxit
3457 755 3527 809 ab
3559 755 3671 809 imo
3698 772 3712 809 :

2370 845 2791 916 Quadrupedem
2826 843 2923 899 fari
2956 844 3122 915 plano
3149 859 3405 901 sermone
3434 847 3610 917 coegit
3636 863 3653 902 :

2228 941 2335 998 250
2367 942 2527 1015 180
2549 940 2836 1010 SuSpensis
2857 940 3073 1009 rapidas
3095 941 3388 999 elementis
3406 943 3615 1000 distulit
3641 943 3825 1001 horas:

2374 1037 2479 1091 Per
2502 1035 2753 1091 volucres
2777 1034 3049 1091 hominem
3075 1037 3221 1107 pasci
3245 1036 3394 1093 dedit
3409 1047 3577 1109 atque
3596 1040 3831 1096 coruscis

2376 1126 2435 1183 lu
2486 1127 2685 1184 caelum
2739 1131 3044 1185 transvexit
3088 1129 3244 1201 equis
3280 1147 3296 1184 :
3337 1130 3452 1202 jam
3494 1143 3676 1189 morte
3717 1148 3831 1205 gra-

3621 1225 3769 1300 [vato

2380 1316 2598 1388 Adjecit
2629 1316 2730 1372 tria
2763 1316 2932 1373 lustra
2960 1318 3080 1374 viro
3105 1336 3119 1376 :
3148 1317 3425 1390 praedonis
3456 1320 3512 1376 in
3543 1335 3644 1377 ore

2380 1410 2674 1484 Naufragio
2704 1410 2952 1468 fundavit
2978 1426 3137 1483 Opem
3164 1429 3178 1468 :
3213 1412 3481 1485 ﬂagrante
3510 1414 3753 1471 camino'

1873 1505 2054 1564 OPUS
2091 1502 2369 1563 PASCHA
2381 1504 2490 1560 LE.

521 1607 873 1683 permutavit,
925 1621 1089 1680 quem
1131 1605 1236 1664 sub
1284 1604 1445 1677 hujus
1493 1601 1864 1660 deformitatis
1912 1610 2135 1672 aSpectn

522 1702 793 1760 hirsutum
842 1702 996 1758 silvis
1032 1711 1088 1758 et
1117 1700 1392 1756 montibus
1438 1710 1648 1770 septem
1706 1695 2135 1752 videruuttem-

534 1811 664 1868 pora
691 1804 1070 1866 pervagatum.

599 1887 712 1943 Nec
740 1888 921 1943 minus
953 1886 1102 1941 Darii
1135 1884 1480 1954 postmodum
1512 1881 1817 1954 regnatoris
1843 1880 1971 1936 dum
2002 1894 2143 1951 prato

525 1980 742 2037 teritam
771 1980 929 2035 furor
959 1980 1202 2035 imitatur
1223 1979 1514 2044 insaniam,
1545 1977 1756 2043 Daniel,
1789 1975 2143 2031 Hebrmorum

2319 1598 2438 1666 Dic,
2471 1599 2558 1654 ubi
2592 1607 2717 1671 post
2750 1600 2875 1656 talia
2903 1612 3007 1656 tua:
3030 1611 3160 1658 sunt
3180 1602 3349 1674 leges,
3367 1606 3625 1676 pertinax
3646 1621 3679 1663 o
3699 1618 3845 1666 natu-

2245 1708 2328 1761 ra,
2352 1693 2472 1765 quis
2504 1695 2664 1749 toties
2696 1695 2791 1750 tibi
2819 1696 2946 1766 jura
2971 1695 3285 1752 subtraxit?
3311 1699 3435 1769 quis
3467 1708 3496 1736 ιι
3524 1703 3838 1760 translatum

2241 1789 2454 1842 nescire
2496 1786 2671 1842 virum
2705 1787 2865 1856 jussit
2910 1787 3205 1853 iufernum,
3238 1791 3413 1845 sterili
3453 1794 3622 1848 matri
3671 1793 3842 1850 fecun-

2245 1878 2378 1959 dum.
2403 1880 2654 1949 praestitit
2679 1892 3040 1950 senectutem,
3071 1882 3139 1937 ad
3170 1897 3320 1939 aram
3353 1895 3554 1955 sponte
3586 1889 3840 1953 compulit

2248 1977 2433 2032 venire
2463 1978 2749 2049 pecudem,
2781 1980 3105 2036 muliebrem
3129 1981 3362 2054 effigiem
3388 1981 3441 2037 in
3475 1982 3613 2039 salis
3639 1984 3843 2040 simula-

525 2075 695 2132 decus
732 2074 1155 2145 amplissimum,
1189 2090 1314 2130 cum
1346 2072 1477 2130 leris
1502 2071 1710 2143 jejunio
1741 2070 2032 2125 stimulatis
2054 2069 2137 2124 in-
2168 2051 2211 2111 Β
2240 2085 2391 2127 crum
2407 2074 2694 2142 convertit,
2719 2090 2903 2130 ramos
2922 2075 3192 2132 incendiis
3209 2085 3504 2132 aestuantes
3526 2093 3643 2132 non
3664 2077 3839 2134 ardere

522 2170 785 2236 cluditur,
813 2177 868 2225 et
888 2170 1156 2240 simplicis
1185 2169 1385 2223 animae
1410 2182 1611 2238 corpus
1628 2165 1909 2221 innoxium
1934 2161 2136 2220 szevius

525 2262 832 2319 vorandum
875 2262 1148 2318 morsibus
1184 2261 1510 2334 deputatur;
1551 2259 1735 2315 bellua
1769 2267 1948 2314 tamen
1994 2254 2153 2312 facta

525 2355 673 2412 mitis
719 2365 776 2411 et
812 2354 1048 2426 placida,
1074 2371 1142 2413 ne
1162 2364 1384 2412 sanctos
1408 2364 1556 2411 artus
1581 2353 1772 2409 insano
1801 2352 1967 2408 dente
1991 2350 2140 2407 lace-

524 2458 672 2506 raret
699 2450 981 2518 esuriens,
1013 2450 1185 2518 cmpit
1213 2463 1399 2504 amare
1436 2447 1549 2518 jam
1588 2449 1809 2513 famem,
1850 2445 2137 2515 vultusque

529 2541 788 2598 terribilis
818 2541 1000 2611 rabies
1028 2540 1237 2597 mollita
1278 2539 1606 2597 submittens
1628 2581 1644 2606 ,
1674 2548 1839 2609 atque
1883 2538 1937 2593 iu
1968 2536 2137 2593 saevis

525 2634 770 2692 faucibus
797 2635 875 2691 ira
901 2634 1156 2690 blandior
1176 2632 1597 2705 conquiescens,
1628 2630 1880 2705 genuina:
1905 2629 2136 2685 feritatis

527 2730 880 2788 immemores
907 2729 1147 2802 praedam
1178 2743 1399 2785 servare
1431 2727 1616 2784 docuit
1642 2737 1771 2783 tunc
1801 2725 2008 2783 leones.
2078 2712 2081 2717 λ

2244 2168 2590 2236 monstravit,
2634 2168 2923 2239 virgultum
2962 2170 3200 2226 solvitin
3220 2171 3532 2237 colubrum,
3569 2187 3674 2244 per
3696 2173 3842 2228 mari~

2242 2274 2341 2314 nos
2362 2258 2559 2316 fluctus
2590 2261 2874 2331 pedestres
2904 2262 3160 2333 patefecit
3205 2264 3452 2320 incessus
3477 2307 3493 2332 ,
3536 2266 3840 2336 pluentibus

2238 2352 2437 2408 nimbis
2466 2363 2780 2410 nectareum
2811 2370 3007 2411 manna
3033 2356 3250 2412 diffudit
3274 2399 3290 2423 ,
3324 2374 3391 2414 ex
3423 2359 3716 2415 arentibus
3737 2360 3837 2415 saxi

2238 2445 2542 2501 visceribus
2572 2445 2746 2501 undas
2783 2447 2947 2516 ejecit
2971 2493 2985 2518 ,
3018 2463 3111 2504 ora
3160 2456 3329 2504 mutae
3354 2449 3734 2521 quadrupedis
3760 2450 3839 2504 ltu-

2239 2552 2395 2594 mana
2425 2539 2523 2595 fari
2549 2541 2712 2597 verba
2758 2543 3026 2611 permisit,
3057 2543 3327 2599 elementa
3372 2542 3571 2599 defixis
3606 2545 3837 2600 cursibus

2237 2632 2398 2704 longa
2437 2635 2674 2692 statione
2700 2636 2987 2706 suSpendit
3012 2680 3026 2704 ,
3070 2637 3352 2693 volucrum
3384 2637 3715 2695 ministeriis
3752 2640 3838 2696 bo«

2237 2728 2436 2785 minem
2462 2731 2627 2800 pavit,
2660 2739 2718 2787 et
2743 2729 2798 2786 in
2830 2730 3029 2787 coelum
3057 2733 3272 2789 corusci
3295 2734 3577 2805 equitatus
3597 2750 3711 2795 axe
3730 2750 3837 2807 per-

2025 2842 2346 2901 SCIlOLlA.

525 2968 732 3042 glossa.
777 2966 886 3025 Sed
918 2967 1059 3023 cum‘
1083 2981 1285 3042 omnes
1311 2965 1487 3042 nostri
1518 2977 1651 3019 mss.
1682 2976 1824 3042 _cum
1856 2959 2130 3042 plerisque

526 3034 686 3096 etlitis
713 3047 937 3096 teneant
957 3044 1255 3110 furuerunt,
1273 3036 1326 3091 id
1358 3034 1862 3110 prrestatretincre,
1884 3034 2131 3110 quamvis

527 3112 775 3167 nonnulli
804 3102 1145 3180 grammatici
1179 3102 1747 3180 negentpraeteritum
1776 3107 1976 3180 δίκην.
1996 3102 2127 3156 Nam

526 3183 670 3238 favet
699 3175 890 3250 Prosa,
919 3190 975 3235 et
1004 3175 1339 3248 prmteritum
1372 3175 1511 3250 furui
1528 3176 1732 3250 Servio
1762 3175 2042 3250 tribuitur,
2076 3184 2131 3229 et

527 3252 706 3308 Plinio
736 3246 899 3307 etiam
925 3252 993 3306 ab
1006 3246 1311 3306 Hartluiuo.
1335 3246 1588 3305 Ostendit
1609 3258 1875 3314 prmterea
1903 3246 2129 3301 Arntzc-

526 3326 672 3393 nius,
708 3325 937 3397 furerent
966 3324 1204 3393 graviori
1248 3322 1342 3397 irae
1368 3320 1559 3397 tribui,
1589 3317 2130 3397 adeoque_ler_nerunt

528 3386 692 3465 posse
708 3386 837 3450 esse
857 3386 1096 3465 glossam
1121 3393 1381 3465 praeteriti
1405 3393 1704 3465 furuerunt.
1738 3389 1793 3465 In
1816 3386 2012 3465 Darius
2037 3405 2132 3465 an-

528 3459 793 3539 tiquiores
824 3459 1051 3535 primam
1090 3459 1146 3523 et
1181 3464 1477 3539 secundam
1511 3461 1886 3539 producebant
1914 3478 1927 3514 :
1961 3459 2135 3516 Sedu-

526 3533 658 3605 lius,
704 3533 982 3607 Sidonius,
1015 3548 1072 3595 et
1111 3538 1227 3598 alii.
1262 3547 1550 3602 utramque
1569 3533 1902 3607 corripiunt;
1935 3548 2130 3607 quant-

525 3603 688 3683 quam
718 3603 1020 3683 iuMSetlulio
1042 3610 1336 3683 synneresis
1367 3607 1485 3683 fieri
1511 3603 1951 3683 pgtestkaut‘legi
1975 3603 2125 3683 pari.

595 3681 724 3737 215.
769 3681 865 3737 Hie
899 3675 1093 3738 versus
1118 3681 1250 3735 Ecce
1280 3680 1439 3737 deest
1462 3680 1514 3734 in
1543 3676 1671 3732 Vat.
1704 3677 1759 3738 2,
1784 3676 1936 3748 Alb.,
1961 3675 2127 3748 Ante,

528 3753 662 3824 Reg.
691 3752 746 3821 4,
782 3756 838 3823 5,
869 3753 1026 3817 Urb.,
1062 3754 1202 3817 Meo,
1237 3752 1426 3824 Rom.,
1465 3750 1618 3824 rAld.,
1657 3747 1881 3824 Parrhz,
1918 3747 2129 3824 Arum,

526 3819 704 3897 Lips,
736 3819 848 3881 ius.
888 3826 1116 3892 Hcinsii,
1146 3824 1304 3879 Cant.
1337 3823 1567 3897 Additus
1606 3829 1689 3897 est
1718 3821 1788 3897 iu_
1819 3819 1940 3876 Vat.
1983 3822 2016 3897 1Δ
2046 3840 2130 3880 re-

525 3892 758 3953 centiori
782 3914 967 3963 manu,
995 3909 1053 3953 et
1079 3898 1133 3952 in
1166 3897 1277 3951 Ott.
1317 3897 1343 3949 1
1374 3895 1651 3963 ascriptus
1675 3893 1730 3948 in
1760 3892 1867 3947 line
1898 3894 2127 3962 paginm,

523 3970 655 4024 etin
685 3968 817 4038 Reg.
843 3969 880 4024 2
906 3970 972 4024 ad
997 3970 1321 4037 marginem.
1352 3966 1409 4021 In
1445 3966 1576 4032 Reg.
1609 3968 1634 4019 ί
1664 3964 1810 4038 prius
1832 3974 1919 4019 est
1939 3981 2132 4038 versus

528 4039 682 4103 Ecce.
710 4035 823 4096 tuin
859 4040 971 4096 Nec
1001 4035 1202 4095 minus:
1224 4038 1319 4093 sed
1349 4040 1562 4108 signum
1589 4035 1930 4105 trajectionis
1951 4036 2127 4095 adest.

527 4111 671 4181 idem
700 4111 835 4181 Reg.
868 4113 1032 4168 liabet
1055 4110 1186 4167 Ecce
1213 4110 1422 4176 etenim,
1452 4108 1550 4165 sed
1571 4122 1669 4177 pro
1698 4108 1883 4161 ctenim
1902 4108 2130 4181 fortasse

525 4180 629 4239 fuit
655 4182 829 4238 aliud.
863 4187 976 4239 Utt.
1019 4185 1074 4247 2,
1123 4184 1296 4238 codex
1332 4181 1396 4247 E,
1429 4193 1483 4235 et
1513 4181 1652 4235 alius
1681 4194 1788 4233 ms.
1820 4181 1964 4248 apud
1996 4180 2130 4236 Rur-

527 4268 819 4324 mannnm,
849 4254 980 4312 Ecce
1014 4254 1186 4321 aliud,
1232 4253 1379 4326 quod
1422 4256 1767 4326 Burmannus
1810 4264 1998 4308 monet
2033 4256 2130 4326 de:

522 4321 805 4399 sumptum
831 4342 897 4399 ex
948 4328 1171 4399 Virgilio
1211 4321 1406 4383 tt'IEn.
1447 4323 1584 4380 Ecce
1610 4321 1757 4378 aliud
1788 4325 1979 4396 majus.
2022 4325 2127 4381 Alii

526 4398 794 4454 exhibent
827 4398 957 4455 Ecce
976 4398 1182 4455 etenim.

594 4469 724 4526 219.
765 4470 821 4525 In
846 4477 1087 4528 carmine
1115 4471 1334 4541 vulgato
1355 4469 1633 4541 Aldhelm.
1670 4468 1740 4524 de
1761 4467 2014 4538 Virginit.
2050 4470 2128 4523 in—

525 4544 728 4597 seritur
762 4542 848 4597 hic
882 4559 1097 4608 versus,
1136 4552 1193 4599 et
1215 4539 1422 4611 legitur
1452 4539 1729 4596 Edidicere
1756 4556 1775 4596 :
1804 4541 1911 4611 sed
1936 4540 1989 4594 in
2023 4556 2125 4596 ms.

527 4611 708 4669 iuveni
745 4613 814 4667 Et
853 4615 1105 4671 didicere.
1157 4609 1533 4670 Nebrissensis
1567 4628 1633 4669 ex
1685 4609 1915 4667 Martiali
1949 4628 1986 4675 t,
2034 4630 2120 4682 cp.

528 4682 653 4751 105,
688 4686 757 4741 de
790 4686 950 4744 leone
998 4700 1052 4743 et
1098 4688 1287 4755 lepore
1317 4682 1528 4754 profert
1562 4702 1574 4737 :
1608 4682 1678 4738 Et
1704 4682 1938 4755 securior
1964 4693 2039 4738 est
2067 4684 2121 4739 iu

523 4768 614 4807 ore
639 4758 838 4823 praeda.
874 4759 1016 4815 Idem
1045 4751 1378 4823 Martialis],
1406 4771 1495 4828 cp.
1528 4756 1583 4822 7,
1613 4756 1686 4810 ait
1720 4772 1732 4808 :
1775 4751 1939 4809 Tutus
1962 4766 2011 4809 et
2042 4756 2124 4810 in.

521 4829 659 4900 genti
681 4827 819 4900 ludit
840 4831 893 4883 in
919 4847 1005 4885 ore
1024 4831 1191 4900 lepus.

597 4896 726 4972 2:10.
761 4898 895 4968 Reg.
928 4903 980 4969 l,
1018 4896 1399 4972 liccapitulatio
1424 4899 1655 4954 omnium
1681 4899 1972 4972 ultionum.
2006 4898 2120 4959 Ott.

522 4966 577 5034 1,
610 4961 988 5043 Recapitulatio
1014 4961 1238 5031 omnium
1257 4973 1646 5029 miraculorum.
1672 4961 1856 5034 Burin,
1884 4970 2121 5027 Interro-

520 5042 662 5116 gatio
691 5042 873 5099 contra
899 5054 1162 5101 naturam.
1196 5046 1345 5101 Meus
1364 5087 1377 5108 ,
1434 5043 1685 5116 Epilogus
1725 5043 2112 5113 praedictorum.

522 5111 724 5185 Arctoi:
761 5117 907 5172 clare
954 5117 1195 5174 imitatttr
1234 5111 1515 5173 Sedulium
1550 5111 1673 5177 L'l,
1707 5111 1850 5169 vers.
1885 5116 2010 5185 890,
2044 5118 2117 5172 al.

520 5183 628 5258 825
653 5202 665 5239 :
696 5184 823 5255 Dic,
854 5189 942 5244 ubi
970 5200 1110 5249 sunt.
1137 5191 1429 5252 mundana,
1458 5200 1581 5251 tuae,
1610 5187 1883 5257 sapientia,
1920 5183 2093 5258 leges?

592 5257 719 5313 221.
754 5260 897 5317 Editi
927 5263 1257 5330 Quistoties,
1309 5263 1391 5317 vel
1441 5263 1644 5317 totiens.
1696 5259 1826 5315 Cod.
1881 5260 1943 5315 Ε.
1974 5257 2119 5317 cum

696 5333 719 5388 ί
762 5350 902 5412 apr.
932 5325 1169 5412 tingui
1194 5325 1364 5412 toties.
1400 5334 1459 5388 In
1488 5334 1635 5389 toties
1676 5342 1732 5388 et
1770 5332 1952 5412 totiens
1983 5348 2116 5412 ill-SS.

512 5403 678 5479 etiam
710 5403 944 5464 variant.
977 5403 1141 5471 Edtti.
1164 5408 1252 5479 qui
1278 5415 1517 5462 tartara:
1541 5421 1573 5461 e
1594 5420 1739 5479 mss.
1752 5405 1965 5479 nostris
1983 5403 2116 5479 ,Ϋδέίο

445 5538 452 5545 α
513 5469 541 5525 1
563 5486 700 5552 {tu}
727 5494 826 5552 πῃ..
851 5479 983 5552 Reg.
1003 5481 1060 5544 4.
1087 5469 1256 5547 Met-ts,
1277 5480 1392 5551 quis
1414 5487 1612 5552 tartara
1630 5495 1649 5532 :
1669 5476 1763 5533 alii
1787 5492 1911 5552 cum
1933 5475 2117 5534 editis.

580 5542 708 5601 222.
746 5542 1226 5624 Ροεεθινειεὲὶιίᾳιιε
1245 5542 1455 5607 inurito.
1488 5550 1780 5618 Cellarius,
1804 5558 1861 5606 et
1885 5548 2116 5604 Arntze-

506 5622 629 5681 nius
678 5622 1359 5703 tartarainterpretantur
1404 5630 1473 5703 de
1517 5628 1805 5703 sepulcro,
1853 5625 1945 5703 vel
1970 5632 2113 5682 statu

508 5707 869 5756 mortuorum.
891 5701 1001 5758 Sed
1029 5698 1128 5759 cur
1156 5717 1266 5760 non
1292 5703 1361 5759 de
1390 5702 1581 5758 inferis
1605 5701 1850 5765 sedibus,
1881 5698 1947 5754 ad
1977 5713 2111 5769 quas

580 5821 604 5848 ⁸
634 5810 738 5866 Alii
771 5810 896 5877 Qui,
927 5813 1016 5866 alii
1044 5814 1195 5877 Quis.

2238 2960 2471 3017 animam
2497 2960 2697 3019 Christi
2721 2963 3070 3022 descendisse
3091 2966 3384 3029 credimus,
3410 2976 3469 3022 ut
3487 2969 3708 3024 animas
3727 2984 3835 3024 san-

2237 3031 2449 3107 ctorum
2480 3042 2692 3103 patrum
2726 3036 3023 3093 liberaret?
3049 3037 3200 3102 Scin,
3234 3037 3338 3093 hoc
3367 3040 3542 3107 ipsum
3573 3042 3654 3095 ab
3686 3044 3833 3097 ltazre«

2239 3105 2360 3179 ticis
2392 3108 2913 3179 nonnullisnegarl:
2948 3110 3041 3165 sed
3074 3125 3173 3165 eos
3194 3105 3410 3179 egregie
3435 3112 3674 3167 revincit
3698 3114 3836 3169 Peta-

2240 3175 2365 3248 vius
2393 3178 2428 3229 I.
2458 3194 2554 3234 xm
2582 3179 2649 3233 de
2675 3175 2886 3235 lucaru.
2914 3196 2964 3236 c.
2996 3180 3083 3237 15.
3112 3175 3249 3236 Vide
3272 3181 3306 3235 Ι.
3327 3175 3385 3248 ‘v,
3422 3198 3569 3239 vers.
3605 3185 3732 3240 428.

2159 3276 2206 3341 ο
2306 3245 2433 3302 2225.
2468 3253 2576 3304 Ott.
2605 3250 2660 3317 2,
2692 3268 2850 3305 anum
2879 3252 3089 3315 Suram.
3121 3245 3384 3327 praecepit.
3427 3254 3485 3309 lu
3539 3255 3671 3311 aliis
3713 3272 3831 3312 mss.

2237 3317 2426 3374 Suram
2451 3331 2534 3374 est
2562 3323 2741 3374 alossa
2771 3338 2932 3374 suum
2957 3342 3135 3374 anum-

2281 3336 2426 3394 arant
2451 3331 2534 3394 est
2562 3323 2741 3390 glossa
2771 3338 2933 3394 supra
2957 3323 3135 3380 anum.

2468 3389 2812 3474 liurinannus
2836 3389 3008 3474 putat.
3034 3396 3834 3474 interpungendum,mirabile!

2236 3462 2443 3517 nimbis.
2468 3463 2668 3522 Verum
2692 3482 2797 3521 non
2816 3467 3030 3523 videtur
3050 3462 3416 3539 interjecfitiiii
3442 3462 3707 3528 bic'loeus
3726 3487 3832 3529 esse

2235 3544 2418 3603 aptus.

2276 3605 2437 3690 .2283
2463 3607 2683 3690 Reg.
2710 3609 2832 3664 Vat.
2853 3609 2911 3690 2,
2936 3622 3124 3690 contra
3150 3623 3382 3690 metrum
3400 3613 3568 3690 pluit,
3581 3618 3678 3683 qui
3698 3631 3828 3671 saxo.

2234 3675 2323 3732 Sic
2352 3678 2522 3754 edidit
2552 3675 2764 3754 "Aldus,
2805 3675 2905 3752 qui
2947 3686 3265 3754 plerumque
3312 3675 3411 3739 bis'
3442 3675 3662 3742 duobus
3709 3702 3826 3741 mss.

2235 3749 2528 3829 consentit.
2563 3749 2996 3829 l’leriqucjtnss'"
3030 3768 3085 3813 et
3110 3749 3273 3821 editi,
3304 3756 3467 3829 pluit,
3504 3775 3637 3812 saxo
3671 3760 3830 3813 latices

2236 3821 2588 3895 produxitrnb
2635 3821 2759 3877 imo.
2807 3825 2982 3881 Minus
3024 3829 3161 3884 bene
3207 3821 3419 3885 Poeltu.
3456 3821 3747 3895 producit,
3784 3839 3831 3883 et

2234 3889 2436 3975 Parrh.
2456 3894 2518 3947 ob
2540 3911 2662 3948 uno.
2695 3896 3020 3955 Arntzenius
3048 3901 3429 3975 suspicabatur
3454 3889 3518 3953 ἰώ
3546 3902 3677 3966 icto,
3718 3889 3828 3970 quia

2233 3963 2444 4021 scilicet
2492 3980 2804 4035 percussum
2850 3979 2935 4024 est
2981 3963 3212 4026 saxum:
3258 3972 3353 4027 sed
3388 3987 3453 4026 ex
3498 3988 3604 4026 ms.
3659 3963 3826 4028 Arius.

2234 4037 2517 4114 rescripsit
2548 4038 2682 4114 saxi
2727 4038 2903 4114 latices
2941 4044 3191 4114 produxit
3228 4042 3291 4096 ab
3326 4043 3451 4106 imo,
3480 4054 3537 4096 ut
3567 4043 3676 4098 hoc
3706 4044 3831 4097 libro

2232 4120 2377 4162 vers.
2413 4108 2517 4185 502
2542 4108 2963 4185 intaprofundi',
2997 4127 3051 4168 et
3094 4114 3652 4185 similia.‘pr:esertim
3702 4114 3828 4183 apud

2233 4188 2441 4256 poetas.
2486 4181 2543 4234 lu
2591 4179 2871 4256 Atldendis
2909 4195 3088 4241 tamen
3117 4179 3362 4256 agnovit:
3393 4184 3651 4256 frequens
3677 4179 3829 4241 etiam

2231 4252 2532 4328 esseiinum
2553 4269 2757 4328 saxum,
2781 4254 2940 4308 imum
2966 4252 3285 4324 pulmonem,
3309 4259 3471 4311 imum
3493 4252 3826 4328 profundum.

2232 4320 2480 4393 Intellige
2515 4325 2629 4393 quis
2662 4324 2796 4393 pluit
2828 4320 3040 4385 manna.

2298 4392 2431 4449 229.
2447 4394 2649 4450 Omnes
2664 4392 2838 4451 nostri
2862 4399 3122 4456 tredecim
3148 4416 3279 4457 mss.
3305 4415 3427 4455 eum
3449 4399 3661 4463 Parrb.,
3684 4399 3826 4459 ΑΜ..

2229 4471 2285 4519 et
2315 4465 2732 4543 co_dd._H_einsii,
2766 4469 2943 4543 Lips.,
2991 4474 3206 4540 Arutz.,
3248 4473 3437 4539 Caut.,
3483 4473 3684 4543 plano:
3728 4486 3827 4525 non

2232 4537 2388 4605 pauci
2425 4538 2586 4601 editi,
2637 4541 2805 4607 pleno.
2836 4537 3089 4599 'Scbedte
3140 4537 3345 4599 Poelm.
3397 4537 3452 4598 et
3483 4537 3823 4597 'Arutzenius

2233 4609 2529 4685 probarunt
2559 4610 2735 4685 plano,
2761 4615 2913 4682 eujus
2939 4615 3117 4685 glossa
3140 4624 3225 4670 est
3252 4617 3305 4669 in
3333 4614 3466 4685 Reg.
3488 4613 3513 4667 1
3537 4613 3824 4678 articulate,

2229 4690 2387 4744 recto,
2420 4682 2663 4756 velante.
2686 4682 3036 4756 Rurtnunnus
3060 4686 3374 4756 praeferebat
3401 4684 3574 4755 pleno,
3603 4695 3662 4739 nt
3680 4686 3826 4756 plrna

2231 4765 2350 4830 uoce
2379 4754 2518 4820 apud
2544 4753 2832 4830 Virgilium
2883 4757 2977 4830 lib.
3012 4774 3027 4813 ι
3062 4753 3271 4830 Βεθτς.
3303 4753 3447 4812 vers.
3495 4756 3625 4812 5i8.
3670 4753 3828 4812 Addit

2229 4821 2507 4879 Lucanum
2544 4826 2581 4879 l.
2613 4821 2686 4892 vi,
2714 4842 2856 4881 vers.
2883 4828 3008 4883 622.

2448 4896 2705 4973 Nonnulli
2720 4898 2871 4973 editi,
2886 4901 3215 4973 Suspensus:
3233 4900 3353 4973 lege
3376 4901 3674 4970 Suspensis.
3697 4900 3820 4970 Reg.

2227 4963 2284 5091 ἓξ
2312 4966 2480 5093 ῗίεῗςέε,
2514 4968 2768 5025 abstulit:
2803 4963 3017 5044 inReg:
3047 4974 3080 5028 4
3110 4963 3403 5029 recentiori
3437 4963 3599 5029 manu
3632 4963 3823 5029 factum

2266 5056 2309 5092 ιδ
2336 5057 2367 5092 u
2386 5058 2407 5089 Δι
2439 5082 2452 5093 .

2266 5049 2452 5095 tslultl.

2297 5110 2425 5185 251.
2460 5112 2594 5185 Reg.
2627 5112 2682 5173 5,
2705 5112 2820 5185 Ott.
2848 5113 2905 5177 2,
2938 5114 3107 5183 Mens,
3141 5116 3285 5181 All).,
3336 5115 3439 5171 Per
3477 5117 3824 5185 volucremque

2224 5180 2507 5259 flaminem2
2531 5182 2660 5259 “Vat.
2693 5184 2748 5250 2,
2783 5185 2930 5255 Ald.,
2967 5185 3069 5241 Per
3088 5180 3444 5259 uolucremque
3469 5180 3755 5251 hominem,
3773 5195 3824 5238 et

2228 5252 2417 5328 Vat._2
2443 5254 2595 5309 addit
2624 5270 2865 5328 errorem
2899 5252 3029 5324 pisci
3055 5273 3152 5326 pro
3180 5260 3338 5328 pasci.
3358 5252 3484 5314 'Alii
3526 5275 3660 5313 mss.
3703 5272 3817 5312 cum

2227 5322 2443 5400 Patro,
2478 5337 2531 5380 et
2553 5326 2824 5395 plerisque
2846 5322 3006 5383 editis
3039 5322 3139 5384 Per
3156 5322 3388 5385 uolucres
3408 5329 3669 5384 hominem
3685 5328 3819 5400 pasci

2222 5395 2384 5462 dedit,
2407 5408 2560 5467 atque
2589 5400 2835 5454 coruscis.
2862 5400 3022 5465 Urb.,
3052 5401 3235 5462 Rotn.,
3257 5402 3419 5467 dedit,
3453 5400 3544 5456 ille
3576 5395 3814 5458 coruscis.

2292 5469 2424 5525 252.
2458 5469 2712 5525 Fortasse
2741 5486 2806 5525 ex
2839 5472 3030 5527 Ovidio
3058 5489 3133 5537 tv,
3167 5472 3292 5527 Met.
3327 5473 3454 5528 HS.
3489 5471 3680 5526 Oculos
3705 5474 3815 5543 jam

2223 5552 2384 5597 morte
2423 5550 2683 5613 gravatos,
2716 5543 2809 5598 ubi
2834 5544 3079 5600 nonnulli
3112 5544 3317 5602 habent
3343 5546 3527 5601 minus
3558 5544 3816 5614 bencjam

2222 5616 2277 5671 in
2302 5624 2487 5671 morte.

2284 5689 2410 5747 254.
2433 5688 2597 5759 Urb.,
2622 5687 2933 5762 Naufraga:
2957 5688 3037 5746 sic
3058 5687 3169 5746 Ott.
3195 5689 3222 5745 l
3248 5703 3277 5745 a
3301 5703 3384 5761 pr.
3414 5702 3516 5760 m.,
3541 5685 3639 5745 sed
3659 5696 3812 5757 supra
