4086 6184
442 201 539 259 59l
1822 157 2039 255 conLil
2080 194 2354 257 sanum

2064 323 2115 383 A

584 315 674 373 Sic
694 316 869 372 aliena
896 328 1120 386 gerens,
1152 322 1212 372 ut
1236 329 1339 373 nec
1362 321 1452 371 tua
1481 315 1731 387 linquere
1752 329 1962 385 posses.

444 411 553 469 555

1755 690 1971 763 [leonis,

587 787 716 843 Jura
743 785 1045 842 sacerdotis
1075 784 1249 841 Lucas
1278 792 1431 841 tenet
1456 800 1553 840 ore
1578 784 1833 855 juveneiJ

589 880 740 935 More
762 879 956 935 volans
985 878 1201 949 aquilae,
1228 878 1397 934 verbo
1424 878 1558 949 petit
1576 887 1720 933 astra
1750 876 2009 935 Joannes.

588 971 855 1040 Quattuor
885 970 939 1025 hi
984 984 1243 1041 proceres
1271 985 1380 1025 una
1410 980 1463 1026 te
1491 985 1623 1026 voce
1654 979 1939 1039 canentes,

446 1065 553 1122 3130
579 1065 847 1136 Tempora
861 1078 959 1119 ceu
978 1062 1229 1129 totidem,
1246 1062 1411 1118 latum
1425 1072 1751 1134 sparguntur
1762 1065 1816 1118 in
1834 1065 2046 1119 orbem.

590 1158 683 1216 Sic
715 1166 771 1215 et
800 1155 1084 1227 apostolici
1115 1169 1333 1226 semper
1362 1154 1650 1211 duodenus
1680 1154 1908 1210 honoris

699 408 811 464 lloc
839 407 1128 464 Mattltazus
1159 423 1351 479 agens,
1385 406 1666 464 hominem
1708 409 2041 479 generaliter

1833 502 2039 557 implet.

1833 502 1902 556 im
1946 502 2039 557 let.

591 596 747 670 195
792 595 1001 652 Marcus
1047 604 1104 651 ut
1152 595 1260 651 alta
1310 595 1493 653 fremit
1520 611 1644 651 -vox
1689 610 1785 668 per
1808 500 2042 653 [desine

3642 185 3742 247 ειη

2288 317 2479 389 Fulget
2499 329 2639 388 apex
2660 327 2909 382 numero,
2943 324 3160 369 menses
3181 310 3444 375 imitatus,
3475 312 3531 363 et
3553 306 3735 373 horas,

2290 409 2556 467 Omnibus
2586 418 2645 464 ut
2685 409 2848 465 rebus
2878 415 3024 464 totus
3065 404 3162 460 tibi
3201 404 3395 458 militet
3420 416 3617 456 annus.

2297 505 2433 560 Hinc
2463 505 2625 575 igitur
2662 504 2865 558 veteris
2895 500 3148 556 recolens
3169 495 3397 553 exordia
3440 495 3656 559 mortis,

2151 596 2257 654 565
2292 596 2375 653 Ad
2404 598 2567 653 vitam
2609 594 2917 667 properabo
2965 606 3196 657 novam,
3240 590 3619 661 lacrymasqne
3663 600 3747 642 se-

3460 679 3678 754 [rendo,

2297 783 2502 841 Gaudia
2558 785 2716 856 longa
2771 792 3012 841 metam:
3070 795 3194 836 nam
3244 779 3336 851 qui
3379 778 3643 835 deflemus
3698 777 3751 832 in

3458 871 3679 945 {Adae},

2304 971 2462 1043 196
2486 970 2707 1028 Semina
2733 969 3034 1035 mittentes,
3065 982 3190 1024 mox
3215 966 3610 1024 exsultabimus
3634 979 3752 1020 om-

3537 1056 3680 1132 lues,

2156 1155 2260 1213 368
2298 1156 2586 1214 Portantes
2618 1164 2860 1225 nostros,
2890 1152 3110 1212 Christo
3135 1151 3394 1208 veniente
3414 1191 3431 1221 ,
3458 1149 3750 1221 maniplos.

1800 1291 1981 1350 OPUS
2017 1292 2405 1377 PASCH

444 1424 504 1471 ut
530 1414 618 1470 leo
666 1410 957 1477 mirabilis,
990 1426 1085 1480 per
1130 1410 1345 1464 deserta
1377 1407 1707 1464 vociferatus
1746 1407 2049 1464 infremuit.

2152 1424 2255 1465 nus
2286 1408 2387 1463 tibi
2413 1410 2611 1466 militet
2634 1410 2947 1467 universus.
2981 1408 3150 1480 Igitur
3173 1406 3300 1463 hinc
3320 1414 3531 1463 vetusta
3558 1422 3764 1464 memo-

443 1511 621 1567 Lucas
664 1506 990 1563 sacerdotali
1021 1505 1297 1576 religionis
1328 1505 1559 1560 exordio
1604 1504 2053 1574 sumpsitsimili-
2151 1518 2280 1557 rans
2332 1504 2572 1575 antiquae
2628 1505 2818 1561 mortis
2889 1504 3159 1575 exordia,
3218 1519 3412 1559 novam
3471 1518 3765 1574 properare

441 1604 689 1659 tudtnem
716 1601 784 1656 de
810 1600 1067 1671 iuvenco.
1094 1597 1335 1653 Joannes
1355 1597 1551 1668 aquilae
1581 1597 1816 1652 volantis
1844 1596 2050 1666 impetu

438 1697 642 1753 caelum
672 1693 828 1750 verbi
856 1692 1139 1763 majestate
1170 1692 1490 1763 penetravit.
1526 1690 1770 1757 Quatuor
1807 1691 1893 1747 isti
1928 1706 2052 1760 pro-

441 1807 623 1857 ceres,
654 1807 718 1846 ac
748 1803 1030 1861 praecoaes
1059 1802 1160 1842 una
1194 1795 1430 1842 teﬁvoce
1459 1794 1765 1850 cantantes,
1786 1800 1885 1840 ceu
1919 1792 2053 1840 tem-

444 1900 577 1955 pora
601 1883 824 1938 totidem
853 1897 949 1950 per
976 1878 1298 1934 latissimam
1325 1878 1492 1932 totius
1514 1878 1699 1932 mundi
1721 1887 2051 1947 sparguntur

444 1976 705 2046 effigiem.
734 1974 825 2030 Sic
850 1971 1137 2042 apostolici
1161 1986 1377 2040 quoque
1402 1968 1657 2024 culminis
1681 1969 1905 2025 honoris
1926 1969 2054 2026 duo-

444 2069 621 2124 denus
646 2080 786 2136 apex
815 2078 1032 2135 semper
1060 2062 1358 2132 refulgens,
1392 2062 1635 2117 numeris
1678 2060 1840 2117 horas
1870 2062 2051 2117 imita-

444 2166 555 2227 tttr,
589 2166 645 2214 et
672 2171 913 2223 menses,
945 2165 1028 2223 ut,
1063 2153 1224 2210 rebus
1256 2154 1512 2210 omnibus
1560 2153 1923 2225 congregatis,
1954 2169 2053 2209 an-

2082 1837 2130 1897 B

2153 1594 2396 1651 delecter
2416 1598 2483 1650 ad
2502 1596 2691 1668 vitam,
2712 1604 2772 1652 ut
2786 1597 2878 1668 qui
2906 1597 3064 1653 fletus
3085 1596 3477 1653 seminavimus
3498 1597 3552 1650 in
3569 1596 3763 1666 Adam,

2154 1689 2396 1745 lattitiam
2426 1701 2695 1746 metamus
2737 1691 2791 1746 in
2840 1693 3077 1758 Christo,
3121 1701 3178 1747 et
3203 1690 3524 1745 Davidicam
3558 1705 3767 1745 merea-

2156 1799 2278 1838 mur
2303 1783 2487 1840 dicere
2529 1786 2858 1841 cantilenam
2890 1784 2918 1825 ι)
2945 1804 2959 1840 :
2992 1786 3096 1853 Qui
3124 1788 3379 1840 seminant
3408 1786 3463 1839 in
3502 1784 3768 1856 lacrymis,

2155 1878 2209 1931 in
2234 1879 2424 1951 gaudio
2476 1887 2680 1933 metent.
2722 1876 2923 1933 Euntes
2969 1878 3133 1943 ibunt,
3177 1890 3225 1933 et
3252 1879 3467 1949 ﬂtbant,
3511 1879 3770 1932 mittentes

2159 1972 2351 2026 semina
2381 1989 2497 2027 sua.
2535 1971 2809 2027 Venientes
2836 1982 3009 2027 autem
3053 1974 3253 2028 venient
3301 1974 3354 2026 in
3400 1972 3766 2039 exsultatione,

2154 2074 2419 2136 portantes
2441 2065 2737 2136 manipulos
2766 2082 2889 2121 suos
2919 2065 2939 2139 (
2965 2064 3115 2121 Psal.
3147 2081 3337 2135 cxxut,
3364 2066 3420 2135 5,
3451 2064 3548 2135 6).

1948 2291 2265 2351 SCHOLIA.

516 2394 643 2453 55L.
685 2393 817 2461 Reg.
859 2389 895 2445 2
934 2401 1124 2459 supra,
1175 2386 1312 2461 Reg.
1353 2386 1448 2461 4η
1479 2392 1537 2441 et
1577 2384 1824 2440 nonnulli
1876 2385 2028 2461 editi,

444 2482 657 2531 nosses;
700 2457 970 2540 plerique,
1004 2457 1208 2529 posses;
1257 2457 1393 2539 Reg.
1416 2458 1481 2540 A2,
1515 2473 1543 2510 a
1575 2473 1657 2525 pr.
1708 2460 2033 2540 m.,_possis.

439 2542 602 2605 saepe
628 2535 846 2599 accidit,
881 2548 1028 2603 posse
1054 2544 1121 2605 Aet
1163 2546 1313 2584 nosse
1352 2535 1497 2605 inter
1529 2543 1591 2583 se
1624 2535 2037 2605 permutari,_et

442 2600 716 2666 interdum
757 2600 951 2675 parum
982 2601 1173 2670 refert,
1203 2610 1384 2656 utrum
1428 2601 1602 2671 eligas
1628 2616 1640 2653 :
1669 2600 1860 2656 eadem
1885 2602 2033 2656 enim

442 2684 653 2738 eruitur
681 2675 971 2733 sententia.

515 2751 641 2807 355.
683 2748 741 2802 lu
774 2747 1037 2802 Cantabr.
1070 2743 1394 2817 Ezplicit_de
1420 2753 1519 2798 vet.
1553 2742 1597 2797 Τ
1601 2750 1883 2817 estattteitto
1912 2761 1924 2797 :
1954 2743 2035 2797 in-

440 2824 565 2894 cipit
586 2821 649 2894 de
673 2828 905 2894 quatuor
919 2814 1262 2894 evangelistis.
1291 2814 1572 2887 Prologus.
1610 2814 2037 2894 Alb.-_lttvocatio

444 2884 565 2949 novi
594 2884 925 2945 Tes'tamenti.
959 2884 1069 2943 Οιιῖ
1100 2889 1153 2949 l,
1180 2887 1255 2940 De
1282 2884 1507 2959 quatuor
1530 2884 1878 2959 evangelistis.
1898 2886 2035 2959 _0tt.

440 2965 500 3028 2,
535 2962 803 3017 [avocatio
832 2960 1039 3016 Sedulii
1065 2960 1119 3013 in
1141 2956 1368 3013 secundo
1397 2958 1549 3012 libro.
1585 2956 1691 3012 Pro
1722 2974 1876 3027 agens
1898 2956 2035 3028 Reg.

444 3036 471 3091 1
504 3037 648 3090 aiens
689 3050 809 3088 cum
834 3034 1016 3103 glossa
1050 3030 1314 3103 scribens,
1341 3031 1450 3103 sed
1474 3031 1632 3103 prius
1663 3029 1876 3103 videtur
1904 3032 2040 3083 scri-

444 3118 596 3176 ptum
632 3105 800 3159 fuisse
826 3099 1001 3176 agens.
1033 3102 1216 3176 Aldus"
1231 3100 1403 3176 edidit
1431 3102 1596 3159 aiens,
1640 3110 1692 3154 et
1738 3101 1791 3176 in
1837 3099 2037 3176 Emen-

445 3169 640 3232 ilandis
663 3169 903 3231 correxit
946 3172 1037 3235 ait,
1081 3172 1168 3241 qtti
1198 3171 1477 3235 hominem,
1526 3170 1810 3241 quamle
1845 3169 2039 3239 legitur

2146 2388 2219 2443 hil
2250 2404 2348 2443 nos
2374 2390 2518 2460 cogit
2544 2397 2650 2444 tam
2672 2389 2918 2447 insolens
2934 2388 3159 2446 verbum
3188 2408 3340 2460 unas,
3367 2392 3568 2460 uitatis,
3595 2405 3767 2459 agno.

2145 2474 2333 2527 scere;
2359 2462 2604 2532 adeoque
2636 2471 2745 2516 tam
2780 2463 2832 2516 in
2864 2477 3045 2532 prosa,
3069 2478 3229 2533 quam
3260 2464 3315 2519 in
3336 2465 3580 2519 carmine
3605 2478 3765 2533 sepa-

2145 2533 2312 2586 randa
2355 2540 2483 2586 sunt
2510 2535 2673 2588 verba
2702 2550 2804 2588 una
2830 2545 2899 2601 te,
2944 2534 3193 2589 scilicet:
3231 2547 3304 2603 te,
3344 2535 3566 2591 Christe
3590 2578 3606 2602 ,
3656 2551 3764 2590 una

2145 2617 2282 2658 νοεθ
2310 2612 2592 2659 canentes.

2216 2673 2343 2729 562.
2380 2675 2512 2730 Urb.
2533 2721 2547 2739 ,
2580 2675 2742 2729 Rom.
2767 2720 2782 2745 ,
2825 2677 3098 2742 imitatur,
3141 2685 3189 2732 et
3213 2676 3391 2733 horas.
3438 2676 3641 2734 Arator
3670 2677 3713 2733 1.
3746 2694 3759 2733 ι

2148 2760 2293 2822 vers.
2320 2745 2466 2822 ιρις
2497 2745 2772 2822 Duodena
2791 2748 3291 2822 refulgent—Signa
3321 2751 3488 2818 chori,
3518 2760 3576 2806 et
3613 2764 3759 2805 vers.

2148 2817 2282 2871 558:
2308 2817 2563 2887 Ecclesia:
2585 2817 3019 2887 crescebat‘apiuc.

2217 2886 2343 2942 564.
2381 2888 2513 2962 urb.
2544 2901 2799 2958 corrupte
2822 2932 2837 2954 ,
2890 2886 2993 2944 Hic
3032 2893 3191 2962 igitur
3228 2909 3291 2947 ne
3320 2892 3469 2947 terris
3496 2893 3759 2948 recolens.

2148 2958 2253 3013 Pro
2280 2961 2500 3032 exordia
2522 2962 2698 3015 mortis
2724 2962 2895 3017 codex
2923 2958 3074 3018 vetus
3097 2961 3288 3031 Taur.,
3312 2965 3527 3019 exordia
3550 2964 3758 3032 mundi,

2147 3030 2317 3103 quod
2340 3043 2517 3103 tamen
2553 3034 2732 3087 minus
2765 3034 2965 3103 placet.

2220 3101 2345 3179 .366.
2379 3101 2648 3179 Plerique
2673 3101 2808 3179 mss.
2848 3115 2903 3161 et
2946 3104 3109 3171 editi,
3153 3123 3277 3160 nam
3304 3107 3395 3179 qui
3424 3107 3677 3179 deﬂemus
3709 3110 3764 3163 in

2148 3171 2358 3248 Atiam;
2391 3171 2570 3243 Ang.,
2610 3173 2728 3229 Vet.
2773 3176 2826 3248 l,
2868 3193 2991 3230 nam
3033 3179 3210 3248 quod;
3234 3181 3286 3232 in
3316 3171 3449 3248 Reg.
3477 3171 3512 3232 ἑ
3548 3179 3765 3235 \idetur

446 3251 608 3321 etiam
643 3251 701 3321 in
722 3245 857 3313 Reg.
890 3243 945 3298 5.
987 3238 1377 3321 Animadverte
1424 3238 1915 3321 phrasinjmplere
1940 3244 2030 3294 ho-
2061 3238 2109 3303 C
2142 3243 2307 3300 fuisse
2348 3238 2637 3321 nam'quos
2664 3238 2822 3321 ,‘scd
2845 3238 3058 3321 factum
3088 3260 3174 3304 est
3188 3238 3325 3303 'nam
3352 3238 3476 3321 qui,
3510 3259 3569 3306 et
3598 3267 3762 3320 supra

450 3320 658 3381 minem,
693 3320 747 3370 lt.
782 3310 860 3379 ei,
908 3329 1103 3368 munus
1134 3310 1389 3376 hominis,
1439 3321 1497 3365 ut
1537 3311 1752 3379 implere
1781 3312 2029 3375 amicum,

448 3389 637 3457 Deum,
675 3387 931 3461 judicem,
971 3384 1228 3455 complere
1265 3383 1440 3437 duces.
1489 3382 1546 3437 ln
1576 3396 1739 3452 prosa
1768 3393 1855 3437 est
1880 3399 2034 3455 expe—

447 3462 595 3515 divit.

521 3533 647 3586 557.
683 3530 815 3598 Reg.
858 3529 885 3583 t
911 3570 926 3592 ,
957 3528 1021 3592 εὶ,
1056 3527 1126 3591 5,
1179 3526 1301 3598 Vat.
1330 3525 1407 3598 _l_,
1441 3525 1496 3590 2,
1535 3524 1647 3579 Ou.
1690 3525 1744 3589 ι,
1773 3524 1828 3591 2,
1875 3524 2031 3598 Urb.,

450 3603 645 3666 Rom”
680 3596 858 3666 Mens,
890 3598 1186 3653 sacerdotii.
1230 3596 1400 3651 Codd.
1436 3598 1627 3661 Cant.,
1661 3598 1852 3651 Arntz.
1874 3638 1889 3661 ,
1923 3597 2039 3651 edi-

450 3675 627 3729 tiones
656 3670 875 3737 Parrh.,
906 3668 1055 3733 Ald.,
1101 3670 1328 3738 alitnque
1350 3668 1514 3721 simili
1546 3666 1708 3738 modo
1734 3667 2033 3722 sacerdotii.

450 3745 636 3801 Editio
657 3743 831 3812 Lips,
877 3741 1225 3796 sacerdotum.
1246 3737 1253 3738 ί
1278 3740 1529 3812 Plerique
1553 3737 2038 3812 editi,qsucerdotis,

451 3834 575 3872 cum
602 3809 775 3885 Angl,
807 3813 940 3884 Reg.
972 3813 1025 3885 4,
1060 3811 1211 3885 Alb.,
1238 3820 1313 3872 et,
1348 3821 1406 3863 ttt
1445 3809 1677 3885 videtur,
1709 3809 1821 3864 Ott.
1851 3812 1903 3885 ξ,
1936 3814 2043 3885 tibi

453 3903 598 3943 nunc
636 3880 719 3941 est
747 3880 1024 3940 sacerdotii
1066 3882 1255 3938 eadem
1293 3882 1468 3935 veteri
1512 3895 1716 3935 manu:
1768 3880 1866 3935 sed
1902 3882 2044 3937 aliud

453 3965 682 4028 apparet
709 3957 992 4028 deletum._
1012 3954 1314 4028 Inhomilia
1339 3954 1502 4006 etiam
1523 3953 1723 4028 veteri,
1754 3951 1909 4021 cujus
1933 3969 2047 4028 tne-

454 4023 587 4085 mini
630 4045 778 4082 num.
817 4028 917 4082 177
963 4024 1175 4094 Ρῑοιιιε.
1206 4068 1218 4093 ,
1250 4034 1332 4079 est
1354 4023 1634 4077 sacerdotis
1663 4068 1676 4091 ,
1709 4034 1760 4076 et
1787 4024 2047 4079 mendose

454 4118 542 4155 ore
570 4101 755 4154 virenti
787 4115 884 4168 pro
930 4113 1017 4151 ore
1050 4096 1282 4168 juvenci.
1326 4094 1615 4168 Probabile
1660 4094 1815 4147 valde
1855 4106 1969 4168 est,
2015 4111 2045 4149 a

455 4172 678 4228 Sedulio
707 4165 828 4226 esse
869 4165 1169 4239 profectum
1192 4166 1470 4221 sacerdotii
1495 4182 1512 4217 :
1543 4181 1665 4239 nam
1697 4180 1847 4239 eum;
1867 4165 1922 4220 in
1948 4167 2047 4239 hu-

452 4241 695 4314 jusmodi
715 4237 1118 4314 canciﬁSionibus
1144 4239 1370 4314 multum
1393 4252 1534 4314 esse,
1565 4237 1795 4314 advertit
1826 4237 2050 4314 Parrha-

454 4310 599 4379 sius,
656 4318 817 4380 atque
865 4313 918 4364 in
957 4310 1328 4380 hujuscemodi
1368 4310 2051 4380 genitivisrprtestantiores

455 4377 593 4441 alios
619 4377 801 4439 habuit
826 4377 1169 4451 ducesfquos
1193 4377 1518 4445 imitaretur,
1543 4391 1599 4434 ut
1629 4377 1834 4451 Virgili,
1863 4381 2050 4446 auxili,

2143 3331 2263 3368 nam
2311 3316 2490 3380 glossa
2534 3333 2646 3371 nos.
2679 3316 2907 3374 Sclteda:
2934 3319 3142 3375 Poelm.
3176 3322 3227 3375 in
3255 3316 3465 3376 textum
3488 3316 3765 3390 recipiunt

2144 3402 2245 3460 nos,
2288 3402 2554 3460 pro__uam
2578 3427 2594 3451 ,
2635 3399 2797 3458 atque
2838 3392 2911 3445 ita
2944 3392 2997 3444 in
3027 3391 3141 3460 ipsa
3168 3393 3412 3447 editione
3438 3393 3760 3449 Poelmanni

2144 3458 2360 3535 legitur.
2395 3457 2552 3525 Url).,
2583 3460 2883 3523 tnale,nam
2904 3463 2992 3529 qui
3012 3457 3307 3535 deﬂevimus
3333 3464 3538 3529 Adam;
3571 3465 3761 3535 Rom.,

2146 3527 2519 3605 Alh._,_cotttra
2550 3542 2807 3605 metrum,
2835 3527 2956 3605 nam
2978 3527 3389 3605 qiti'deﬂeeimus
3415 3540 3467 3589 in
3495 3527 3685 3591 Adam.

2220 3601 2342 3655 567.
2388 3601 2605 3666 Aratnr,
2637 3603 2672 3656 Ι.
2713 3619 2762 3667 ι,
2788 3619 2839 3659 v.
2869 3601 3007 3667 M9,
3035 3601 3250 3661 videtur
3281 3606 3562 3663 Sedulinm
3591 3624 3763 3665 a-mu-

2148 3671 2278 3751 lari,
2314 3670 2393 3725 Da
2420 3672 2619 3751 semina
2635 3676 2793 3751 verbi,
2823 3683 2929 3731 etc.
2961 3674 3186 3748 Colligat
3213 3679 3311 3731 ista
3336 3694 3542 3747 manus,
3577 3689 3628 3734 te
3647 3684 3761 3751 [ru-

2148 3744 2415 3816 ctiﬁcante
2428 3786 2443 3804 ,
2479 3744 2756 3816 maniplos.

2223 3816 2345 3868 565.
2393 3815 2576 3893 Rom,
2611 3815 2790 3893 minus
2816 3817 3117 3893 eleganter,
3166 3818 3370 3876 Christo
3411 3824 3617 3876 nostros
3657 3837 3758 3893 pro

2150 3895 2352 3939 nostros
2392 3884 2617 3941 Christo.
2692 3884 3113 3945 Vetusﬁssimus
3168 3892 3337 3947 codex
3408 3884 3757 3950 bibliotheca:

2150 3956 2500 4030 'l‘anrinenfis
2526 3976 2540 4012 :
2571 3956 2800 4030 Explictt
2830 3960 2956 4015 liber
2983 3963 3181 4030 primus
3204 3966 3385 4018 ceteris
3405 3964 3752 4020 Testamenti.

2151 4026 2343 4099 Incipit
2364 4028 2497 4106 liber
2523 4026 2721 4106 prim-us
2742 4026 3248 4106 ῃουὶ-Τειςὶιιηιιξιιιὲζ
3264 4033 3477 4106 Legenti
3505 4038 3609 4090 vita
3641 4053 3756 4103 per-

2154 4098 2327 4176 petua.
2364 4098 2496 4176 Reg.
2525 4101 2576 4176 ι,
2606 4099 2838 4176 Explicit
2856 4102 2985 4157 liber
3004 4105 3187 4176 veteris
3207 4098 3538 4176 Testantenti.
3566 4098 3758 4176 Incipit

2158 4171 2285 4241 liber
2310 4171 2509 4238 primus
2533 4173 2587 4225 in
2616 4189 2745 4226 novo
2773 4173 3115 4229 Testamento.
3150 4175 3264 4231 Ott.
3290 4178 3341 4241 l,
3365 4175 3597 4241 Explicit
3627 4171 3758 4233 liber

2161 4239 2589 4315 Seduliigprimus
2616 4245 2796 4299 veteris
2820 4243 3155 4300 Testamenti.
3197 4239 3393 4315 Incipit
3422 4239 3540 4302 noui
3569 4248 3752 4304 Testa-

2162 4313 2320 4365 menti
2350 4312 2479 4386 liber
2507 4316 2728 4385 primus.
2780 4315 2897 4370 Vat.
2933 4317 2995 4380 l,
3032 4315 3262 4386 Explicit
3300 4312 3365 4373 de
3389 4321 3547 4374 veteri
3574 4319 3756 4375 Testa-

2163 4393 2351 4468 mento.
2404 4384 2617 4468 Incipit,
2645 4386 2710 4440 de
2741 4402 2904 4468 pavo.
3063 4384 3339 4468 neunullis
3364 4393 3640 4445 codicibus
3668 4391 3753 4445 di-

457 4466 563 4511 etc.
614 4450 1117 4530 Quatnvis_autem_
1141 4452 1601 4524 quadrisyllabum
1645 4450 2046 4530 sitsacerdotii,
2078 4456 2131 4516 D
2156 4453 2375 4530 stinctio
2423 4450 2692 4530 indicatur
2739 4458 2884 4530 inter
2923 4459 3116 4515 librum
3152 4462 3382 4530 primum
3408 4505 3424 4528 ,
3467 4473 3523 4517 et
3557 4475 3751 4517 secun-

459 4522 649 4581 tamen
674 4530 864 4582 melius
893 4525 964 4581 ita
992 4522 1262 4580 scribetur
1284 4565 1300 4591 ,
1332 4522 1495 4592 quam
1522 4522 1807 4589 sacerdoti,
1847 4530 1907 4577 ut
1932 4538 2047 4578 am-

460 4598 691 4668 biguitas
720 4599 897 4652 omnis
928 4595 1167 4651 tollatur.

530 4665 655 4724 5:39.
687 4668 905 4723 Juretus
953 4669 1006 4722 in
1051 4681 1210 4737 prosa
1243 4665 1371 4735 legit
1398 4674 1548 4737 unate
1574 4681 1725 4729 voce,
1767 4675 1931 4737 atque
1979 4665 2050 4719 ita

456 4740 788 4807 conjunctitn
817 4740 980 4793 etiam
1009 4735 1065 4792 ili
1085 4737 1327 4793 carmine
1352 4735 1637 4806 legendum
1663 4735 1962 4799 contendit,
1995 4746 2052 4790 et

456 4812 787 4879 exemplaria
819 4825 951 4864 mss.
983 4812 1036 4864 in
1069 4809 1213 4864 hunc
1240 4808 1563 4862 sententiam
1593 4808 1781 4861 trahit.
1826 4807 1935 4863 Sed
1963 4809 2047 4861 ni-

528 4933 554 4961 ³
582 4922 819 4988 Juretus,
855 4930 913 4977 ut
942 4920 1075 4985 dixi,
1118 4931 1172 4974 et
1192 4918 1510 4975 Gallandius
1542 4918 1728 4989 legunt
1752 4930 1927 4983 unate,
1960 4919 2053 4975 alii

453 4996 581 5054 editi
613 4996 779 5049 unita.
846 4992 1034 5048 Divido
1065 4992 1254 5056 verba,
1287 4992 1424 5046 sicut
1456 4993 1507 5045 in
1539 4991 1807 5052 carmine,
1851 5008 1955 5045 una
1979 5000 2046 5048 te.

524 5068 551 5107 l'
582 5067 749 5121 Paulo
775 5073 903 5121 ante
939 5062 1196 5131 rescripsi
1235 5071 1488 5117 metamus
1518 5077 1615 5132 pro
1645 5070 1913 5117 metemus.
1960 5063 2052 5119 Sic

452 5153 860 5209 nonnumquam
903 5137 1005 5193 levi
1036 5136 1198 5189 unius
1229 5134 1480 5209 litterulae
1510 5137 1809 5209 mutatione
1829 5148 2048 5189 sensum

452 5226 653 5280 prosae,
686 5204 927 5280 alioquin
973 5215 1209 5280 certum,
1241 5204 1539 5280 planiorem
1566 5205 1801 5272 reddidi,
1836 5217 1892 5280 ut
1925 5221 2046 5276 pag.

455 5276 553 5339 l78
572 5326 586 5351 ,
616 5276 851 5337 imitatur
893 5296 994 5351 pro
1023 5276 1253 5333 imitatus
1271 5317 1285 5344 ,
1315 5287 1369 5332 et
1394 5279 1673 5348 deputatur
1702 5292 1801 5347 pro
1826 5276 2048 5345 deputa-

2156 4524 2307 4589 dunt,
2341 4526 2437 4580 sed
2474 4529 2595 4603 sine
2624 4527 2731 4584 ulla
2764 4524 3165 4603 inscriptionef
3196 4532 3367 4603 Aldus
3399 4524 3597 4588 librum
3642 4534 3750 4603 pri-

2157 4611 2303 4650 mum
2340 4598 2622 4652 continuat
2650 4616 2821 4668 usque
2842 4600 2909 4655 ad
2942 4598 3181 4669 versum,
3225 4601 3406 4657 Prima
3434 4620 3546 4658 suta
3574 4598 3752 4657 Domi-

2155 4684 2262 4791 nusl
2282 4669 2522 4793 tltal‘amis
2553 4671 2794 4742 dignatus
2821 4673 3040 4727 adesse:
3067 4688 3175 4744 quo
3201 4674 3294 4729 alii
3323 4676 3535 4729 tertium
3566 4675 3748 4729 libratus

2155 4754 2239 4792 tnc
2259 4755 2378 4793 toan
2408 4779 2421 4792 .

2155 4754 2421 4793 ιηεηοαηι.

2159 4932 2259 5007 tus.
2295 4924 2607 5007 Aliquando,
2632 4927 2793 4983 verba
2820 4929 3010 4987 eadem
3035 4930 3308 5007 _relinquo
3330 4973 3345 4997 ,
3391 4935 3642 5005 quamvis
3668 4933 3749 4989 fa-

2156 4995 2262 5079 cile
2292 4997 2599 5079 possintad
2635 5007 2838 5079 textum
2878 5002 3138 5057 carminis
3173 4995 3498 5079 retorrna'ri,
3532 5018 3589 5061 ut
3626 5021 3745 5079 pag.

2157 5067 2282 5149 193,
2325 5068 2617 5149 gaudebitis
2656 5073 2823 5149 quia:
2859 5083 3056 5149 potest
3098 5074 3242 5129 enim
3284 5091 3358 5149 ex
3382 5067 3644 5132 carinine'
3668 5067 3756 5133 re-

2157 5140 2282 5220 poni
2326 5140 2647 5220 gaudebitis_,
2698 5144 2805 5220 qui.
2854 5140 3069 5214 Saepius
3117 5158 3299 5220 autem
3348 5147 3755 5220 itagdepravata

2155 5219 2237 5263 est
2264 5223 2448 5293 prosa,
2482 5222 2540 5265 ut
2564 5212 2702 5293 sine
2730 5212 2961 5271 aliorum
2995 5231 3130 5273 mss.
3155 5216 3260 5289 ope
3287 5218 3478 5276 inutile
3507 5212 3582 5277 sit
3611 5218 3756 5276 velle

2154 5283 2477 5337 medicinam
2509 5283 2793 5340 adhibere.
