4086 6184
342 298 451 354 593

1512 303 1792 363 CARMEN
1822 307 2210 369 PASCHALE.
2250 313 2382 371 LIB.
2426 314 2492 369 Il.
3539 322 3643 379 594

346 420 3621 464 .__________________________.___________________________________________________________

1455 565 1797 652 LIBER
1870 556 2520 659 SECUNDUS.

482 916 635 990 197
666 892 958 985 Expulerat
989 912 1410 985 primogenitum
1441 914 1782 970 saevissimus
1830 930 1931 970 an-
1959 917 2013 978 Α
2075 916 2144 973 l0
2181 915 2359 990 Cmpit
2385 920 2560 993 origo,
2596 922 2761 994 perit,
2813 923 3138 997 clademque
3181 942 3213 981 a
3248 927 3457 985 semine
3486 930 3639 986 sum-~

474 1097 759 1168 Florigera
790 1096 860 1154 de
891 1096 1024 1154 sede
1052 1098 1228 1153 virum
1247 1142 1263 1165 ,
1291 1097 1588 1169 blandique
1618 1004 1836 1169 διψῇ-12

473 1191 753 1247 lllecebris
772 1190 984 1247 lethum
1017 1192 1218 1247 misero
1244 1201 1456 1262 potarat
1486 1207 1750 1247 amarum.

473 1285 587 1341 Nec
616 1285 765 1341 solus
795 1285 1043 1341 meritam
1075 1295 1442 1356 praesumptor
1469 1295 1717 1340 senserat
1746 1286 1882 1341 iram

399 1377 437 1434 5
474 1377 687 1434 Mortali
712 1379 815 1434 sub
844 1379 960 1451 lege
986 1378 1197 1449 iacens,
1225 1376 1320 1434 sed
1345 1394 1571 1448 prorsus
1601 1378 1670 1432 ab
1702 1378 1822 1449 ipso

473 1470 780 1527 Humanum
810 1472 972 1527 simul
1000 1485 1163 1527 omne
1188 1485 1382 1543 genus.
1415 1469 1569 1527 Heu!
1603 1471 1766 1526 noxia
1795 1485 1927 1527 con-

1710 1563 1849 1637 qu,

475 1664 636 1737 198
664 1663 835 1721 Noxia
866 1672 924 1719 tu
952 1663 1158 1734 coniux
1191 1662 1389 1733 magis,
1446 1676 1516 1718 an
1547 1661 1713 1718 draco
1758 1660 1923 1733 perli-

1560 1754 1685 1828 [dus
1714 1755 1851 1810 ille?

465 1848 712 1905 Perﬁdus
743 1848 835 1905 ille
865 1848 1055 1913 draco,
1106 1848 1200 1905 sed
1233 1858 1287 1904 tu
1315 1863 1535 1920 quoque
1578 1849 1737 1904 noxia
1786 1863 1920 1904 con-

1707 1940 1846 2015 [jux.

467 2036 612 2093 Proh
633 2035 794 2093 dolor
818 2038 831 2092 ε
868 2036 1061 2094 aeterni
1087 2036 1306 2093 fuerant
1334 2036 1463 2093 duo.
1488 2036 1751 2093 Crescere
1772 2043 1921 2106 post-

1658 2129 1843 2201 [quam

2185 1103 2323 1171 Quid
2374 1120 2665 1163 numerosa
2703 1108 2851 1174 dies,
2910 1109 3038 1183 quid
3081 1119 3327 1184 tempore
3374 1020 3639 1184 pagisdzrat

3469 1206 3564 1261 illo

2181 1290 2418 1347 Cernere
2456 1304 2761 1364 nongentos
2792 1295 2929 1352 ultra
2957 1295 3190 1353 feliciter
3219 1314 3413 1369 annos,
3444 1203 3465 1279 [

2179 1381 2610 1457 Progeniemque
2657 1401 2848 1445 senum
2887 1389 3153 1446 decimam
3183 1401 3437 1463 spectare
3465 1407 3640 1464 nepo-

3390 1486 3553 1559 [tum,

2177 1569 2410 1641 Jamque
2430 1585 2588 1629 suum
2615 1576 2832 1632 nescire
2855 1591 3061 1648 genus,
3094 1593 3217 1635 cum
3248 1580 3390 1636 victa
3435 1596 3631 1652 supre-

2413 1730 2439 1752 .
3426 1676 3560 1749 [mis

2071 1756 2137 1812 15
2175 1755 2460 1825 Cursibus,
2494 1768 2761 1816 extremm
2791 1776 2912 1818 sors
2954 1764 3321 1836 irreparabilis
3348 1766 3521 1835 horai,

2175 1849 2306 1904 Sera
2338 1848 2489 1915 licet,
2508 1860 2739 1907 ventura
2765 1851 2932 1923 foret,
2967 1854 3297 1928 longumque
3334 1874 3430 1929 per
3453 1875 3631 1915 azvum

2173 1941 2293 1997 Vita
2327 1940 2509 1997 brevis
2533 1944 2608 1998 nil
2637 1958 2759 2000 esse
2788 1945 2881 2000 ditt
2907 1960 3031 2001 cum
3062 1948 3169 2005 line
3195 1948 3452 2005 doleret?

2170 2032 2280 2089 Nec
2309 2032 2566 2090 reducem
2619 2049 2747 2106 spes
2798 2035 2968 2093 ferret
2996 2053 3178 2110 opem,
3234 2040 3506 2111 primique
3534 2056 3618 2098 se-

3244 2214 3257 2227 .
3281 2131 3555 2204 [pulcrum

1650 2290 1827 2348 OPUS
1866 2287 2248 2348 PASCHALE.

390 2411 691 2481 Expulerat
729 2427 961 2484 serpens
1009 2413 1102 2470 ille
1154 2412 1521 2484 nequissimus
1560 2411 1631 2467 de
1669 2409 1910 2481 paradisi
1943 2414 1991 2474 B
2017 2423 2274 2466 crescere
2301 2410 2471 2479 cmpit
2496 2412 2677 2481 origo,
2706 2420 2837 2467 tunc
2860 2413 3043 2481 periit,
3076 2412 3400 2485 clademque
3429 2424 3626 2485 partu-

303 2508 448 2565 sede
475 2507 726 2579 ﬂorigera
773 2508 1196 2580 primogenitum
1228 2506 1438 2563 dolosis
1476 2505 1686 2561 artibus
1710 2504 1912 2571 virum,

303 2613 368 2659 et
411 2602 690 2658 illecebris
740 2602 922 2658 blandi
980 2601 1192 2671 saporis
1251 2599 1627 2656 absconditam
1679 2606 1912 2653 mortem

300 2696 519 2767 gustari
565 2695 773 2751 fecerat
802 2710 926 2750 mox
971 2709 1236 2750 amaram.
1267 2693 1378 2750 Nec
1410 2691 1801 2763 indignationis
1826 2690 1914 2746 di-

301 2789 451 2844 vin:c
462 2787 792 2844 sententiam
811 2788 965 2843 solus
984 2788 1239 2857 praecepti
1260 2794 1561 2842 temerator
1573 2786 1699 2840 vitae
1715 2784 1916 2839 damno

300 2888 646 2951 susceperat,
692 2878 786 2935 sed
819 2879 889 2934 ab
937 2880 1057 2950 ipso
1084 2877 1315 2934 veniens
1359 2877 1595 2932 humana
1628 2874 1917 2946 progenies

301 2974 487 3046 longe
526 2976 722 3031 mortis
761 2974 940 3030 fuerat
975 2973 1280 3029 conditioni
1320 2972 1707 3029 succumbens.
1761 2971 1913 3027 Heu!

298 3069 511 3138 coitiux
542 3069 805 3137 crudelis,
831 3078 889 3124 et
914 3069 1111 3124 noxia!
1147 3070 1230 3123 An
1263 3067 1359 3123 ille
1387 3069 1560 3138 magis
1592 3067 1758 3121 draco
1788 3082 1912 3136 per-

298 3158 452 3216 ﬁdus
478 3162 787 3218 homicida?
810 3160 918 3218 Sed
940 3173 994 3216 tu
1020 3160 1219 3230 coniux
1238 3173 1457 3230 quoque
1479 3158 1713 3213 crudelis
1728 3158 1909 3213 noxia.

296 3257 459 3315 Proh
498 3258 687 3316 dolor!
727 3257 837 3313 duo
885 3266 1091 3312 tantum
1131 3254 1348 3310 fuerant
1374 3254 1584 3309 aeterni.
1620 3252 1910 3323 Postquam

2024 2504 2169 2560 riens
2215 2520 2245 2560 a
2272 2506 2484 2561 semine
2524 2505 2852 2562 detrimenta
2880 2507 3146 2575 suscepit.
3179 2506 3319 2575 Quid
3352 2508 3446 2563 illa
3488 2518 3626 2564 tem-

2023 2608 2233 2670 pestate
2260 2613 2548 2655 numerosa
2578 2599 2716 2664 dies,
2746 2614 2812 2653 ac
2858 2598 3176 2669 multiplex?
3205 2600 3335 2671 quid
3373 2600 3623 2658 felicibus

2025 2693 2152 2748 vitae
2183 2694 2373 2764 spatiis
2401 2700 2703 2764 nongentos
2724 2692 2984 2765 proderat
3006 2707 3182 2749 annos
3206 2694 3493 2763 excedere,
3526 2710 3623 2751 ne-

2025 2794 2321 2856 potumque
2364 2784 2572 2840 decima
2609 2795 2935 2840 senescente
2965 2786 3244 2855 progenie,
3286 2786 3369 2841 sui
3400 2787 3623 2857 generis

2025 2889 2307 2935 externum
2335 2878 2653 2949 sanguinem
2673 2877 2783 2948 iam
2812 2876 3022 2943 videre,
3054 2893 3177 2933 cum
3209 2892 3332 2933 sors
3373 2878 3625 2935 humana:

2021 2970 2351 3027 conditionis
2403 2981 2655 3026 extrema
2710 2970 3080 3040 irreparabilis
3142 2970 3293 3025 liora;
3351 2973 3625 3041 supremis

2019 3065 2272 3120 cursibus
2302 3073 2586 3133 occupata,
2619 3062 2749 3117 licet
2795 3076 3007 3129 serum,
3054 3077 3396 3133 nequaquam
3439 3072 3617 3120 tamen

2020 3156 2321 3211 declinaret
2361 3156 2667 3220 interitum,
2700 3154 3031 3225 longamque
3075 3165 3383 3225 temporum
3418 3171 3514 3226 per
3541 3173 3618 3212 ze-

2019 3259 2183 3307 tatem
2210 3251 2335 3305 vitae
2369 3259 2394 3287 ει
2439 3250 2685 3305 existens
2715 3249 2930 3316 brevis,
2970 3249 3102 3305 nihil
3147 3263 3273 3306 esse
3307 3248 3573 3307 diutinum
3602 3294 3615 3321 ,

1801 3390 2090 3448 SCHOLIA
2102 3434 2116 3447 .

381 3516 435 3571 1.
458 3515 592 3585 Reg.
616 3513 674 3586 2,
700 3513 896 3585 Incipit
916 3513 1042 3568 liber
1066 3529 1083 3568 ι
1105 3515 1170 3569 de
1187 3517 1489 3583 expulsione
1516 3516 1823 3586 protoplasti
1843 3532 1907 3569 ea:
1935 3515 1980 3577 C
2011 3522 2312 3586 gustaturus
2329 3512 2912 3585 amaram—Tempore.
2932 3514 3087 3582 Quod
3109 3517 3155 3571 si
3181 3518 3362 3572 minus
3382 3520 3622 3576 arritleat

294 3586 603 3659 parndiso._
633 3585 857 3659 V_at.2,
896 3586 1099 3659 sedulii
1126 3589 1426 3659 presbyteri
1456 3586 1585 3659 liber
1630 3585 1904 3659 secundus.

296 3656 462 3716 Meus
494 3700 509 3721 ,
566 3657 773 3712 Sedulii
824 3656 887 3710 de
935 3656 1156 3710 historia
1210 3656 1448 3712 Domini.
1478 3657 1607 3711 liber
1653 3658 1909 3712 secundus

294 3730 492 3789 incinit
527 3728 763 3794 feliciter.
796 3728 894 3781 Ms.
940 3727 1055 3783 Nic.
1117 3729 1320 3783 Hcinsii
1344 3771 1358 3791 ,
1397 3730 1550 3783 Liber
1576 3730 1773 3797 primus
1807 3728 1908 3784 Se-

295 3801 403 3857 dul
425 3801 448 3872 i
474 3799 550 3853 De
579 3816 708 3854 noro
751 3799 1098 3872 Testamento.
1127 3801 1284 3855 Cant.
1334 3801 1487 3855 Liber
1508 3804 1707 3872 primus
1737 3802 1791 3853 in
1815 3817 1911 3853 no-

296 3889 371 3929 vo
411 3871 763 3926 Testamento.
797 3872 910 3926 Ott.
937 3871 993 3935 2,
1048 3871 1124 3926 De
1152 3888 1281 3925 novo
1310 3871 1659 3926 Testamento.
1690 3874 1907 3935 Arn'z.,

296 3944 506 4011 Incipit
537 3942 663 3997 liber
685 3943 959 3997 secundus.
997 3942 1111 3998 Ott.
1141 3948 1192 4007 l,
1220 3960 1317 4012 pro
1344 3944 1505 3997 titulo
1529 3943 1687 4012 pritni
1716 3942 1911 4011 Capitis

300 4013 394 4072 De
422 4015 592 4068 Adam
643 4015 789 4069 dicit.
824 4013 1009 4077 R-am..
1067 4015 1220 4080 Quod
1255 4016 1422 4069 Adam
1470 4015 1569 4083 fuit
1610 4017 1801 4084 eiectus
1848 4015 1912 4067 de

303 4086 582 4159 paradiso.
632 4084 793 4148 Urb.,
856 4086 927 4140 De
956 4086 1107 4152 lapsu
1154 4086 1460 4159 protoplasti
1492 4103 1580 4154 per
1609 4086 1907 4159 draconem.

305 4156 413 4213 Hic
440 4159 646 4226 primus
681 4171 876 4211 versus
897 4198 912 4219 ,
945 4168 999 4211 et
1029 4173 1124 4211 sex
1156 4156 1248 4211 alii
1277 4156 1570 4226 sequentes
1602 4158 1911 4222 producun-

300 4239 399 4284 tttr
435 4225 486 4281 in
518 4225 850 4282 ColleCIione
880 4228 1187 4283 Pisaurensi
1222 4225 1503 4298 poetarum
1524 4273 1538 4295 ,
1575 4240 1708 4283 tom.
1738 4227 1825 4291 Vl,
1854 4244 1906 4295 p.

308 4299 447 4365 282,
480 4298 625 4354 inter
655 4301 892 4353 carmina
926 4300 1136 4353 minora
1172 4301 1505 4355 incertorum
1533 4307 1814 4353 auctorum
1845 4314 1913 4353 ex

299 4370 565 4425 Traulatu
595 4371 945 4439 diplotnatico
972 4370 1364 4439 Maurinurnm,
1393 4384 1526 4425 tom.
1559 4369 1650 4429 Ill,
1678 4380 1817 4439 part.
1850 4385 1907 4435 ll,

303 4452 450 4497 sect.
474 4441 534 4505 4,
565 4457 685 4509 cap.
717 4442 773 4505 2,
796 4451 901 4495 art.
950 4444 996 4499 l.
1035 4442 1324 4511 lgnorabat
1370 4442 1583 4497 scilicet
1635 4440 1914 4497 Collector

309 4513 684 4574 Pisaurensis,
714 4512 928 4569 Sedulii
952 4528 1046 4567 vos
1074 4529 1215 4569 esse.

376 4584 437 4639 2.
470 4584 723 4638 Nonnulli
775 4584 998 4653 vulgati,
1048 4582 1382 4652 blandisque;
1428 4600 1560 4639 mss.
1584 4594 1639 4639 et
1667 4584 1913 4652 plerique

301 4655 475 4718 edidi,
492 4655 1012 4727 blandique,faveute
1026 4672 1206 4726 prosa.
1226 4655 1434 4710 Poelm.
1449 4671 1572 4711 cum
1591 4655 1911 4726 quibusdam

300 4728 468 4782 editis
493 4726 725 4798 soporis:
756 4728 846 4780 alii
872 4726 1002 4780 editi
1026 4742 1149 4780 cum
1180 4728 1451 4798 plerisque
1477 4742 1615 4798 mss.
1643 4736 1699 4781 et
1728 4741 1909 4795 prosa,

299 4802 510 4869 saporis
529 4796 561 4862 ,ἡ
590 4798 742 4869 cujus
779 4798 927 4866 verbi
954 4798 1135 4868 glossa
1174 4798 1225 4851 in
1254 4796 1439 4869 Reg._’l
1466 4804 1551 4852 est
1579 4797 1719 4869 illius
1750 4801 1908 4867 pomi.

377 4870 435 4923 5.
471 4860 671 4924 Ρόιτιιῖ
694 4870 815 4924 [arto
845 4860 1033 4923 misEro
1054 4884 1073 4923 :
1099 4868 1283 4923 caeleri
1306 4860 1502 4922 [Ethum
1524 4860 1881 4938 miserofReg

303 4941 361 5005 1,
377 4908 490 5007 ἱζὶᾶ
511 4908 590 4994 ἔπ’]
651 4909 678 5005 ’,
694 4908 814 4994 ’ῐὲῖ
841 4908 1254 5004 ὲ’ἓέἷὲῖτι’ίῶἶῖζ,”’
1269 4908 1502 5003 viiii“:
1525 4908 1904 5005 ’ὲζῒὶιῖἱιιῖῗέζ
1930 4908 1985 4967 Ῑ)

301 5010 465 5076 Uri»,
522 5011 675 5073 Ald.,
715 5010 899 5076 Rom.,
932 5011 1085 5077 Alb.,
1116 5011 1249 5079 Reg.
1286 5010 1340 5075 5,
1378 5021 1432 5065 et
1461 5014 1597 5080 Ang.
1650 5019 1905 5078 portarat.

2013 3595 2243 3660 poterat.
2262 3595 2656 3660 certeportarat
2677 3586 2837 3660 longe
2858 3587 3048 3640 melius
3071 3598 3157 3642 est
3176 3603 3335 3658 quam
3353 3592 3614 3660 portabat.

2083 3658 2138 3711 4.
2170 3656 2284 3711 Ott.
2311 3655 2369 3719 2,
2396 3655 2721 3726 sumpserat:
2755 3657 2874 3726 leae
2895 3668 3149 3711 senserat.

2085 3728 2138 3781 7.
2170 3725 2947 3801 Parrb.interpungit‘Noxia
2977 3738 3030 3782 tu
3075 3732 3302 3801 conjux,
3335 3733 3499 3801 magis
3546 3750 3615 3786 an

2013 3799 2175 3852 draco
2220 3798 2452 3867 perﬁdus
2480 3799 2606 3852 ille?
2636 3798 2692 3851 In
2726 3798 2972 3865 Virgilio,
3006 3798 3180 3867 quem'
3207 3798 3463 3857 Sedulius
3494 3804 3613 3858 imi-

2013 3878 2180 3929 tatur,
2208 3873 2414 3943 pariter
2435 3870 2692 3943 distingui
2720 3872 2939 3943 poterit,
2972 3871 3211 3926 Crudelis
3239 3868 3425 3938 mater,
3448 3878 3613 3943 magis

2013 3958 2083 3995 an
2130 3959 2257 4013 puer
2284 3940 2556 4012 improbus
2605 3942 2733 3997 ille?
2762 3941 3012 4012 Plerique
3032 3957 3245 4000 comma
3284 3954 3403 4014 post
3448 3940 3613 4017 magis

2014 4022 2318 4083 apponunt.

2088 4085 2176 4159 i2.
2210 4084 2355 4159 Reg.
2383 4085 2419 4139 4
2447 4084 2732 4159 mendose.
2771 4082 2990 4140 Cernere
3017 4103 3122 4141 non
3152 4088 3353 4159 genitor
3375 4088 3536 4143 ultra.

2088 4157 2176 4211 15.
2216 4155 2380 4219 Editi,
2424 4171 2546 4209 cum
2580 4156 2854 4223 plerisque
2885 4171 3047 4219 mss.,
3071 4155 3271 4213 senum.
3304 4160 3415 4213 Ott.
3444 4160 3493 4223 1,
3532 4178 3614 4214 se-

2017 4244 2140 4294 nes,
2191 4228 2333 4293 quod
2387 4227 2645 4295 explicari
2701 4236 2887 4301 posset
2912 4243 2938 4301 Δε
2972 4229 3111 4301 Quid
3144 4231 3433 4299 proderat,
3464 4232 3608 4301 quod

2015 4312 2178 4370 senes
2208 4306 2523 4370 spectarent
2553 4299 2866 4367 progenietn
2894 4297 3160 4355 decimam
3191 4297 3608 4370 nepotum,'etc.

2016 4369 2361 4443 Burmannus
2385 4368 2697 4437 coniecerat
2722 4385 2914 4431 senem,
2938 4372 3148 4443 eadem
3167 4417 3180 4440 ,
3231 4368 3449 4443 opinor,
3480 4388 3610 4429 sen-

2020 4442 2206 4512 tentia.
2235 4441 2449 4510 Optitna
2479 4454 2711 4512 quaeque
2740 4440 3076 4512 exemplaria
3113 4440 3369 4506 spectare,
3412 4460 3609 4512 nempe

2016 4511 2225 4584 videre.
2260 4513 2315 4564 ln
2348 4511 2895 4584 nonnullisvulgatis
2944 4527 3065 4566 cum
3095 4515 3262 4584 Ang.,
3291 4511 3607 4583 exspectare,

2018 4583 2161 4651 quod
2193 4583 2507 4652 frequenter
2537 4597 2565 4634 a
2600 4582 2839 4637 librariis
2869 4586 3156 4639 confusum
3187 4582 3311 4639 cum
3333 4582 3608 4649 spectare:

2017 4655 2309 4728 aliquando
2338 4665 2524 4728 tamen
2542 4664 2781 4728 exspecto
2813 4670 2909 4728 pro
2934 4666 3131 4727 specto,
3161 4657 3247 4711 vel
3275 4667 3483 4728 aspecto
3514 4673 3609 4728 po-

2019 4726 2189 4780 nitur.
2213 4726 2349 4781 Vide
2377 4725 2415 4779 l.
2444 4743 2457 4780 ι
2498 4725 2775 4780 Draeontii
2809 4726 2935 4781 556.
2963 4725 2969 4727 ⁷
3266 4754 3271 4757 ·

2094 4798 2180 4852 M.
2214 4797 2430 4860 Parrlt.,
2458 4807 2728 4861 convicta;
2761 4796 3043 4867 legendum
3067 4815 3186 4852 cum
3210 4799 3362 4853 victa.
3387 4799 3609 4856 Nebris-

2019 4869 2200 4923 sensis
2241 4868 2619 4937 interpretatio
2646 4877 2759 4924 est:
2809 4885 2925 4939 quia
2975 4870 3306 4925 multitudine
3352 4888 3611 4926 annorum

2014 4940 2226 4993 tandem
2245 4942 2482 4997 uincitur.
3600 4954 3607 4959 ’

2088 5010 2176 5064 l5.
2234 5010 2365 5080 Reg.
2394 5011 2452 5071 4.
2502 5010 2870 5080 inseparabilis
2894 5010 3058 5077 horae,
3118 5013 3209 5081 qui
3240 5028 3397 5067 error
3423 5021 3610 5067 contra

302 5082 444 5153 Reg.
505 5082 562 5146 2,
594 5098 623 5136 a
654 5098 737 5150 pr.
770 5101 868 5147 m.,
902 5094 958 5137 ut
988 5084 1221 5145 videtur,
1270 5081 1407 5153 Reg.
1451 5084 1508 5142 4.
1566 5081 1798 5147 Poelm.,
1852 5094 1908 5138 et
2012 5091 2251 5135 metrum
2281 5091 2337 5136 et
2372 5096 2592 5136 sensum
2632 5082 2775 5153 inde
2792 5083 2984 5149 oritur,
3016 5084 3162 5150 quod
3192 5084 3245 5137 in
3267 5084 3454 5137 multis
3476 5098 3609 5137 mss.

302 5154 425 5218 alii,
459 5156 717 5223 portabat.
776 5154 1215 5222 Meu~,portarit.
1268 5152 1403 5223 Reg.
1464 5152 1522 5217 2,
1575 5168 1604 5206 a
1656 5168 1768 5207 sec.
1803 5172 1899 5221 m.,

306 5173 425 5218 aut,
497 5173 717 5209 artabat.
776 5173 949 5219 metu,
976 5173 1215 5222 portam.
1269 5173 1403 5223 m-g.
1465 5173 1522 5217 z,
1575 5173 1604 5206 a
1656 5173 1768 5207 sec.
1803 5173 1899 5221 m.,

306 5173 530 5286 ParrK,
565 5236 619 5279 et
648 5226 881 5280 fortasse
906 5226 1040 5296 Reg.
1073 5227 1125 5289 l,
1151 5240 1179 5277 a
1211 5241 1294 5293 pr.
1322 5242 1419 5291 m.,
1447 5223 1678 5296 potabat.
1700 5223 1811 5296 Ott.
1842 5226 1899 5288 1.

303 5297 376 5350 ad
410 5312 585 5365 marg.
638 5298 871 5366 potabat,
903 5296 957 5351 in
999 5295 1265 5351 contextu
1299 5306 1509 5362 portat,
1560 5295 1654 5348 sed
1685 5295 1903 5351 videtur

307 5368 480 5422 fuisse
506 5369 775 5435 deportat:
814 5369 915 5422 hoc
952 5369 1125 5434 ipsum
1150 5368 1387 5436 deportat
1440 5374 1526 5423 est
1552 5366 1767 5421 diversa
1799 5367 1900 5421 alia

305 5439 474 5495 lectio
505 5441 557 5493 in
597 5438 729 5510 Reg.
758 5441 808 5493 1.
837 5439 1086 5495 Genuina
1136 5440 1297 5493 lectio
1330 5440 1458 5493 mihi
1493 5439 1711 5510 videtur
1756 5448 1908 5508 pota-

306 5521 415 5575 rat,
446 5509 697 5581 quamvis
725 5513 1032 5579 exemplum
1066 5527 1172 5564 non
1221 5512 1493 5564 inveniam
1520 5509 1679 5578 huius
1702 5510 1913 5579 signiﬁ-

306 5582 545 5637 cationis
559 5582 751 5637 activae
782 5593 964 5653 potare
988 5581 1151 5636 alicui
1177 5598 1387 5647 aquam.
1417 5582 1616 5646 vinum,
1651 5591 1707 5636 et
1740 5591 1911 5635 lueta-

306 5653 536 5723 plioriee
558 5654 755 5707 lethum
788 5669 887 5723 pro
913 5653 1178 5709 exhibere
1209 5654 1524 5722 pomndum.
1554 5661 1648 5706 aut
1687 5660 1910 5722 gustan-

302 5727 463 5780 dum.
481 5725 593 5780 Huc
613 5723 792 5781 facitl.
816 5741 892 5795 tv,
914 5739 1055 5780 vers.
1080 5724 1212 5795 180.:
1233 5724 1436 5797 Quippe
1458 5740 1629 5779 necem
1641 5740 1802 5796 parvo
1814 5726 1900 5778 de-

2010 5152 2267 5207 scribitur
2318 5152 2704 5222 inreparabilis.
2733 5151 2989 5222 Virgilius
3034 5154 3127 5207 lib.
3162 5171 3215 5218 κ,
3273 5167 3433 5208 versu
3473 5153 3609 5209 467:

2010 5224 2127 5349 Stlat
2149 5240 2245 5278 sua
2266 5225 2448 5308 cuique
2460 5225 2590 5288 dies,
2606 5224 2771 5291 breve,
2791 5237 2838 5279 et
2857 5224 3198 5287 irreparabile
3213 5225 3615 5295 tempus—0m-

2008 5312 2060 5349 m
2101 5313 2159 5349 us
2187 5305 2261 5349 est
2284 5306 2419 5349 vitaz.

2096 5368 2185 5422 l7.
2222 5366 2359 5436 Reg.
2391 5368 2443 5431 l,
2474 5365 2650 5420 Vatie.
2678 5364 2734 5429 2,
2767 5365 2918 5431 Ald.,
2943 5366 3074 5420 nihil
3097 5382 3208 5420 esse
3229 5382 3246 5419 :
3266 5366 3514 5436 plerique
3537 5368 3615 5423 nil

2018 5455 2151 5503 esse,
2204 5435 2346 5497 quod
2382 5437 2608 5506 perinde
2643 5446 2745 5490 est.
2779 5436 2969 5499 Tanr.,
3011 5436 3129 5489 Vita
3158 5435 3317 5491 brevis
3346 5435 3480 5490 nihil
3505 5455 3615 5493 esse

2020 5508 2110 5562 diu
2135 5526 2250 5562 cum
2284 5508 2387 5578 [ine
2418 5507 2795 5579 doloris._Mss.
2825 5508 2997 5563 nOSIri
3026 5522 3149 5579 cum
3197 5508 3470 5579 plerisque
3498 5510 3616 5565 edi-

2018 5581 2089 5634 tis
2112 5596 2227 5634 tum
2252 5577 2354 5650 ﬁne
2374 5580 2590 5634 doleret.
2618 5577 2777 5634 lt‘abr.
2801 5588 2857 5634 et
2884 5578 3131 5634 nonnulli
3158 5578 3252 5634 alii
3278 5577 3498 5651 vulgati,
3518 5582 3611 5637 do-

2014 5661 2169 5717 ceret,
2202 5660 2541 5724 repugnante
2563 5663 2746 5721 prosa.

387 5848 412 5879 ἰ
432 5838 775 5905 Gallandius,
805 5841 977 5896 vita...
1012 5856 1128 5895 cum
1147 5839 1511 5905 clauderetur;
1540 5841 1663 5906 alii,
1698 5842 1879 5895 rima...
1904 5840 1995 5910 qui
2014 5842 2361 5913 clauderetur.
