4086 6184
402 169 509 227 {.99

554 383 771 447 Mansit,
796 393 849 438 et
877 392 1110 455 angusto
1137 384 1282 440 Deus
1306 386 1358 440 in
1388 402 1633 458 prtesepe
1664 389 1888 457 quievit.

625 474 808 540 Salve,
841 486 1025 530 saneta
1052 491 1270 543 parens,
1302 477 1461 532 enixa
1491 494 1759 548 puerpera
1780 480 2008 552 Regem,

553 568 657 636 Qui
688 568 886 624 caelum
908 612 922 635 ,
961 577 1275 639 terramque
1307 579 1449 625 tenet
1478 586 1576 641 per
1598 574 1828 640 smcula,
1857 574 2014 645 cujus

446 661 518 717 65'
556 661 787 727 Numen,
811 671 867 718 et
897 672 1103 717 aeterno
1126 663 1496 729 complectens
1520 665 1700 721 omnia
1720 682 1855 739 gyro

557 754 847 826 Imperium
875 756 992 810 sine
1015 754 1121 810 line
1147 766 1350 821 manet;
1377 773 1497 827 quae
1521 768 1711 814 ventre
1735 760 1895 816 beato

557 847 764 903 Gaudia
787 847 975 902 matris
997 845 1205 903 habens
1222 863 1344 904 cum
1364 849 1683 921 virginitatis
1715 853 1940 921 honore,

1784 179 2001 236 C(ELII
2037 179 2310 238 SEDULII

552 289 670 344 Non
703 291 850 359 capit
876 288 998 344 aula
1033 289 1164 359 poli,
1198 291 1392 360 puerili
1425 292 1479 347 in
1512 308 1742 366 corpore
1766 296 1957 365 plenus
2038 307 2089 365 Α

3608 176 3723 236 600

2257 297 2421 370 2M
2444 297 2554 354 Nec
2585 298 2814 369 primam
2837 297 3080 354 similem
3106 296 3221 353 visa
3243 312 3304 353 es
3330 339 3344 363 ,
3384 310 3488 353 nec
3521 297 3725 353 habere

3330 389 3679 464 [sequentem
3706 436 3722 460 ,

2257 484 2383 541 Sola
2404 485 2523 541 sine
2547 484 2800 554 exemplo
2823 482 3070 553 placuisti
3101 480 3295 538 femina
3327 482 3571 538 Christo.

2154 575 2222 631 70
2261 576 2412 631 Tune
2432 577 2584 645 prius
2607 576 2807 647 ignaris
2834 575 3147 645 pastoribus
3172 575 3266 629 ille
3286 585 3504 630 creatus

2264 668 2425 741 205
2490 668 2739 737 Enituit,
2768 669 2893 739 quia
2944 676 3129 739 pastor
3170 678 3325 733 erat,
3357 667 3732 739 gregibusque

3438 761 3655 817 refulsit

3438 761 3620 817 refulsi

2269 856 2478 927 Agnus,
2509 866 2566 912 et
2594 854 2873 925 angelicus
2903 855 3106 911 cecinit
3130 854 3391 911 miracula
3414 761 3620 913 [emtum

1762 969 1944 1028 OPUS
1988 968 2371 1028 PASCHALE.

1762 972 1944 1028 OPUS
1988 972 2073 1028 PA
2117 972 2371 1027 CHALE.
2527 972 2534 976 ’

417 1065 673 1136 suscepit,
704 1074 809 1120 etc.
840 1063 1103 1138 (Philipp.
1127 1080 1186 1131 ιι,
1221 1065 1301 1131 7),
1327 1065 1527 1136 quique
1552 1073 1745 1121 cuncta
1771 1068 1934 1121 vestit
1963 1066 2033 1120 ab
2077 972 2113 1030 S
2134 1067 2278 1121 simis
2308 1064 2439 1122 Deo.
2473 1066 2671 1137 Utique
2702 1067 2754 1122 in
2777 1066 3058 1122 altiSsimis
3080 1068 3251 1139 gloria
3286 1067 3376 1123 Dei
3405 1069 3739 1139 permansit,

419 1159 632 1230 origine
659 1159 877 1224 mundi,
914 1158 1199 1213 nascentia
1240 1158 1434 1228 pannis
1466 1157 1676 1213 involvi
1703 1174 1798 1211 sua
1841 1172 2031 1228 passus

420 1261 509 1309 est
555 1254 822 1308 membra.
856 1254 922 1308 Et
950 1253 1037 1308 cui
1077 1253 1276 1308 caelum
1306 1267 1508 1324 parvus
1534 1260 1616 1306 est
1647 1251 1836 1319 limes,
1884 1262 2029 1307 terra

423 1345 643 1410 deficit,
677 1347 841 1400 maris
873 1346 1013 1400 unda
1055 1361 1161 1399 non
1206 1345 1441 1413 sufficit,
1497 1347 1687 1415 plenus
1733 1348 1934 1401 mansit
1975 1349 2029 1401 in

421 1456 659 1512 corpore
688 1442 917 1511 puerili,
961 1442 1175 1497 modico
1207 1442 1355 1496 Dens
1385 1443 1655 1498 recubans
1685 1443 1739 1496 in
1769 1443 2025 1513 praescpi.

427 1536 608 1603 Salve,
646 1551 840 1605 parcns
869 1536 1069 1605 Optima
1091 1582 1104 1605 ,
1152 1536 1285 1590 tanti
1319 1538 1463 1606 regis
1514 1537 1807 1607 puerperio
1835 1551 2026 1590 consc-

426 1640 599 1697 crata,
631 1631 720 1700 qui
762 1629 1017 1699 supernis
1047 1630 1119 1683 ita
1143 1629 1350 1698 jugitcr
1380 1636 1436 1684 et
1461 1628 1660 1682 inlimis
1693 1629 2024 1696 dominatur,

426 1730 488 1776 ut
523 1723 642 1792 ejus
682 1722 1009 1790 imperium,
1050 1728 1312 1790 potestas,
1351 1729 1407 1774 et
1444 1735 1642 1775 nomen
1682 1736 1781 1774 nec
1816 1719 2027 1773 initimn

433 1816 649 1870 noverit
674 1813 899 1881 habere,
933 1829 1032 1866 nec
1057 1813 1240 1877 linem,
1266 1827 1389 1880 quin
1420 1812 1562 1867 beati
1591 1813 1799 1867 ventris
1828 1812 2032 1865 honore

429 1904 724 1976 conspicuo
749 1904 915 1958 simul
946 1915 999 1959 et
1031 1914 1209 1959 mater
1228 1918 1350 1959 esse
1366 1904 1639 1973 proI-aris,
1666 1913 1722 1958 et
1743 1903 1912 1973 virgo.
1933 1902 2030 1958 Cui

433 2002 576 2056 nulla
616 2003 835 2072 penitus
878 2000 1105 2071 a'qttalis
1149 2000 1347 2055 femina
1394 2000 1690 2070 reperitur,
1729 2015 1848 2070 qua:
1878 2008 2030 2052 tuum

432 2097 601 2151 decus
627 2094 882 2149 similiter
912 2093 1279 2160 pra-cesserit,
1304 2100 1398 2145 aut
1422 2101 1681 2161 sequatur
1706 2100 1755 2155 ιι,
1779 2090 1891 2143 sola
1918 2090 2035 2158 pla-

433 2191 943 2260 censsingulariter
964 2185 1205 2250 Clu-isto,
1231 2187 1362 2241 nulli
1393 2185 1731 2256 compararis
1760 2184 2032 2255 exemplo.

437 2282 592 2338 Tunc
619 2280 647 2320 δ
677 2281 908 2352 angelici
938 2279 1267 2334 facunditate
1297 2278 1570 2333 sermonis
1596 2287 1847 2348 pastores
1879 2276 2037 2347 primi

436 2392 657 2448 gregem
690 2392 846 2430 suum
872 2373 1154 2429 nocturnis
1178 2371 1383 2444 vigiliis
1405 2382 1704 2437 servantes,
1725 2381 1908 2425 natum
1935 2369 2039 2423 Do-

438 2473 645 2527 minum
689 2480 1083 2541 cognoverunt,
1122 2479 1183 2523 ut
1209 2478 1267 2524 et
1299 2468 1612 2539 pastoribus
1638 2476 1823 2538 pastor
1854 2465 2039 2520 mundi

441 2567 791 2631 claresceret,
825 2575 879 2620 et
921 2567 1062 2619 inter
1090 2578 1285 2635 greges
1332 2576 1504 2632 agnus
1550 2561 1767 2631 genitus
1813 2574 2041 2630 appare-

445 2668 551 2713 ret.
584 2659 778 2729 Igitur,
813 2665 870 2710 ut
898 2657 1245 2726 evangelicus
1290 2669 1472 2709 sermo
1514 2662 1765 2720 testatur,
1807 2651 1879 2706 ita
1920 2666 2043 2721 pro-

445 2751 705 2803 nuntians
752 2765 767 2802 :
814 2746 881 2802 Et
911 2747 1082 2801 subito
1121 2747 1265 2815 facta
1293 2753 1366 2800 est
1398 2761 1513 2799 cum
1535 2744 1732 2817 Angela
1763 2743 2041 2797 multitudo

2136 1158 2280 1213 unde
2331 1158 2584 1214 Christus
2632 1159 2856 1214 veniens
2904 1176 3008 1215 non
3061 1160 3313 1215 recessit.
3371 1157 3440 1214 Et
3491 1162 3543 1215 in
3593 1171 3741 1215 terra

2134 1267 2238 1320 pax
2278 1251 2571 1305 hominibus
2611 1251 2757 1305 bona:
2782 1252 3087 1305 roluntatis.
3135 1251 3362 1307 Terram
3399 1252 3741 1308 credendum

2133 1352 2218 1399 cst
2264 1343 2514 1399 homines
2560 1344 2902 1414 nuncupari,
2946 1343 3015 1399 de
3058 1359 3161 1414 qua
3228 1358 3455 1411 sumus,
3508 1345 3745 1400 Domino

2135 1435 2468 1503 fabricante,
2521 1435 2814 1506 plasmati,
2868 1435 2959 1507 qui
3005 1438 3173 1491 Adam
3228 1438 3521 1506 increpans
3564 1438 3740 1493 dixit:

2137 1541 2157 1567 ο
2178 1529 2313 1597 Quia
2337 1540 2471 1584 terra
2498 1546 2572 1596 es,
2592 1531 2645 1584 in
2678 1542 2865 1584 terram
2896 1530 2992 1585 ibis
3019 1528 3173 1602 (Gen.
3193 1548 3270 1601 ιιι,
3297 1531 3568 1601 19).Τιιηο
3590 1540 3744 1588 terra

2133 1636 2317 1679 nostra
2349 1640 2536 1695 pacem
2575 1628 2775 1681 meruit
2806 1636 2929 1696 post
2966 1625 3098 1680 illud
3141 1626 3342 1681 bellum
3387 1625 3581 1694 ferale,
3632 1642 3745 1698 quo

2133 1718 2353 1778 cecidit.
2380 1717 2599 1788 quando
2646 1718 2897 1774 Christus
2930 1730 3132 1775 terram
3163 1733 3363 1775 nostrae
3415 1721 3600 1775 carnis
3650 1736 3747 1776 as-

2135 1810 2385 1879 sumpsit.
2420 1810 2550 1864 Nam
2584 1812 2627 1863 si
2661 1821 2858 1865 terram
2893 1812 2947 1865 itt
2978 1812 3081 1868 hoc
3105 1812 3223 1867 loco
3255 1828 3479 1882 campos
3510 1813 3747 1869 arbitre-

2136 1921 2258 1960 mur
2281 1904 2475 1973 dictos,
2504 1912 2559 1959 et
2590 1915 2828 1974 montes,
2860 1921 3020 1976 quam
3066 1921 3250 1976 pacem
3285 1915 3467 1977 potest
3515 1907 3741 1973 habere,

2136 1998 2219 2053 vel
2244 1998 2456 2068 praelia,
2488 2008 2690 2052 mutata
2720 1998 2914 2065 moles,
2945 2008 2998 2053 et
3026 2000 3223 2069 pigra?
3246 2000 3302 2053 In
3326 1998 3582 2054 homines
3609 2015 3745 2069 ergo

2137 2088 2451 2159 specialiter
2475 2104 2575 2159 pax
2612 2089 2701 2143 illa
2732 2089 3037 2154 descendit,
3084 2105 3219 2161 quos
3255 2091 3410 2146 bonae
3442 2093 3747 2147 voluntatis

2136 2196 2365 2253 capaces
2387 2182 2761 2245 invenerit,ut
2809 2182 2898 2236 ubi
2950 2183 3189 2238 studium
3221 2183 3419 2239 sinceri
3477 2187 3744 2256 propositi

2139 2291 2322 2330 rerum
2358 2285 2629 2331 scrutator
2669 2285 2725 2331 et
2752 2276 2936 2332 cordis
2960 2292 3080 2332 esse
3102 2278 3478 2348 conspexerit,
3515 2278 3625 2332 illic
3646 2278 3747 2331 do.

2140 2369 2401 2424 micilium
2442 2384 2554 2423 sua:
2600 2368 2904 2425 delectetur
2950 2369 3222 2425 instruere
3252 2369 3578 2425 mansionis.
3630 2369 3744 2425 Pax

2143 2473 2227 2517 est
2271 2463 2440 2530 enim,
2471 2470 2526 2516 et
2553 2463 2694 2517 ratio
2727 2461 2968 2516 melioris
2994 2462 3225 2529 arbitrii,
3260 2470 3451 2517 contra
3484 2461 3744 2533 Spiritum

2143 2557 2323 2614 carnis
2346 2574 2451 2612 non
2482 2557 2661 2613 favere
2681 2555 2971 2613 certamini
2998 2575 3010 2611 :
3063 2556 3160 2613 sed
3194 2566 3487 2626 utrumque
3519 2573 3747 2612 manen-

2146 2662 2252 2707 tem
2296 2651 2554 2717 concordi
2609 2651 2814 2721 jngiter
2860 2651 3102 2721 puritate
3130 2666 3250 2705 cum
3304 2652 3534 2723 spiritus
3574 2652 3746 2706 domi-

2145 2749 2364 2801 natione
2391 2761 2634 2802 servare.
2677 2745 2787 2801 Nec
2816 2746 3083 2801 debemus
3111 2752 3318 2800 tantum
3345 2745 3413 2800 de
3444 2746 3625 2800 carnis
3651 2746 3748 2800 im-

450 2841 656 2895 militia:
682 2841 900 2896 caelestis
937 2842 1262 2895 laudantium
1285 2839 1477 2903 Deum,
1503 2849 1549 2893 et
1571 2839 1847 2893 dicentium
1869 2856 1888 2893 :
1919 2839 2043 2894 ωο-
2072 2875 2119 2938 C
2151 2840 2448 2895 becillitate
2478 2839 2753 2909 diffidere,
2781 2849 2836 2894 ut
2868 2839 2935 2894 de
2964 2838 3174 2896 ccelesti
3226 2838 3511 2894 videamur
3542 2839 3747 2893 auxilio

447 2936 531 2990 ria
566 2935 620 2989 in
648 2936 918 2990 altissimis
950 2934 1081 3000 Deo,
1113 2946 1160 2988 et
1201 2935 1255 2988 in
1292 2944 1427 2988 terra
1455 2950 1559 3002 pax
1580 2934 1872 2987 hominibus
1904 2934 2047 2987 bona'

448 3030 733 3083 voluntatis
771 3028 943 3100 (Luc.
991 3044 1071 3093 ιι,
1104 3028 1195 3093 15,
1230 3029 1297 3081 14
1322 3028 1363 3096 ).
1408 3027 1657 3081 Ostendit
1687 3027 2050 3098 Evangelistae

453 3121 634 3175 fidelis
661 3121 917 3184 assertio,
942 3119 1010 3173 de
1037 3118 1192 3187 cujus
1219 3127 1474 3188 ageretur
1505 3119 1597 3173 hic
1622 3134 1812 3188 regno,
1837 3119 2052 3188 quando

451 3214 701 3268 etnlestis
734 3210 948 3266 militia:
978 3209 1271 3265 multitudo
1304 3209 1469 3264 Deum
1502 3208 1687 3264 laudat
1729 3212 1779 3262 in
1809 3210 2049 3279 Chri~to,

456 3319 512 3361 ut
541 3307 666 3361 licet
695 3308 930 3360 humana
961 3304 1120 3359 fuerit
1150 3319 1246 3371 pro
1268 3304 1460 3358 matris
1485 3301 1801 3359 conditione
1822 3307 2049 3376 creatio,

453 3397 677 3455 deitatis
728 3407 909 3453 tamen
937 3412 1044 3451 una
1075 3394 1388 3451 communio
1421 3394 1635 3449 Patrem
1668 3397 1924 3465 cognosci
1954 3397 2055 3451 de-

460 3500 729 3548 monstrat
776 3491 831 3545 in
860 3488 1017 3544 Filio.
1068 3487 1332 3543 Dicebant
1370 3503 1545 3557 ergo:
1593 3486 1775 3543 Gloria
1812 3491 1867 3543 in
1893 3488 2059 3560 ,αιιὶι-

2151 2935 2465 3003 deSperare.
2500 2936 2858 3003 Omnipotens
2907 2934 3051 2989 enim
3099 2933 3362 2988 Dominus
3388 2933 3549 2988 Jesus
3595 2931 3752 2987 Chri-

2154 3038 2296 3095 sms,
2340 3028 2429 3096 qui
2482 3027 2575 3081 Dei
2631 3034 2687 3081 et
2718 3025 2957 3080 hominis
2987 3025 3258 3081 mediator
3303 3026 3663 3095 approbatur,
3699 3033 3752 3078 ut

2150 3120 2553 3176 excusationem
2597 3123 2754 3175 nobis
2798 3135 3083 3190 corporea:
3132 3119 3445 3191 fragilitatis
3474 3120 3709 3176 offerret
3736 3161 3750 3184 ,

2158 3213 2394 3269 studium
2448 3222 2653 3268 tantum
2703 3222 2901 3268 nostra:
2931 3212 3228 3267 voluntatis
3281 3212 3585 3279 inquirens,
3636 3226 3754 3281 per-

2165 3306 2453 3361 fectionem
2488 3305 2616 3359 boni
2644 3305 2826 3374 operis
2848 3320 2960 3359 suae
2988 3303 3259 3373 majeSIati
3292 3303 3553 3357 servavit.
3608 3306 3752 3372 Apo-

2165 3398 2356 3452 stolica
2388 3412 2619 3467 namque
2645 3396 2893 3451 doctrina
2922 3394 3002 3450 sic
3041 3395 3301 3465 explicat,
3332 3393 3522 3448 dicens
3550 3412 3563 3447 :
3613 3393 3756 3449 Velle

2167 3490 2414 3563 adjacens
2444 3488 2569 3544 mihi
2600 3499 2698 3559 est,
2720 3488 2969 3561 perﬁcere
3005 3497 3176 3542 autent
3197 3486 3388 3541 bonum
3403 3502 3507 3541 non
3534 3486 3755 3551 invenio,

1943 3603 2271 3661 'SCHOLIA.

532 3727 622 3782 61.
647 3724 772 3780 Vel.
804 3725 859 3788 1,
883 3722 940 3786 2,
974 3721 1191 3791 puerile.

530 3798 624 3853 62.
653 3795 896 3862 Prresepe
940 3793 993 3846 in
1023 3792 1281 3857 ablativo,
1331 3802 1391 3845 ut
1428 3792 1479 3862 iu
1513 3791 1705 3846 eodem
1747 3806 1872 3846 casu
1918 3808 2060 3847 mare

460 3871 718 3925 dixerunt
753 3860 992 3929 Plautus,
1020 3862 1304 3917 Lucretius
1337 3874 1390 3916 et
1433 3860 1658 3917 Ovidius
1705 3879 1810 3916 non
1864 3865 2057 3919 semel.

461 3941 671 3997 Poterit
698 3939 861 3993 etiam
910 3950 1134 4004 prrcsepe
1161 3948 1282 3987 esse
1313 3949 1341 3986 a
1370 3933 1619 4004 pra’sepis
1646 3978 1659 4000 ,
1695 3936 1941 4003 prtvsepis
1976 3934 2056 3987 fe-

465 4013 596 4068 Inin.
624 4026 774 4081 gem,
800 4008 842 4063 si
862 4003 1547 4081 legaturattgttsla._Confer
1576 4006 1611 4057 Ι.
1644 4007 2050 4081 tv,_vers._,’3OI,

536 4074 817 4138 ϐδῖιίοιιι.
856 4074 953 4131 Hic
981 4074 1159 4130 laudat
1194 4075 1403 4129 Domini
1430 4086 1666 4130 matrem.
1701 4076 1871 4139 Meus,
1899 4076 2057 4131 Salu-

465 4156 613 4209 tatio.
643 4152 878 4212 POeIm.,
928 4145 1226 4202 Gratulatio
1270 4146 1338 4199 ad
1401 4146 1658 4218 Virginem
1711 4157 1946 4202 matrem.
1994 4147 2058 4202 lli

468 4234 679 4293 septem
726 4236 915 4293 versus
938 4218 1776 4293 _ch_aractere,rubroinmodice
1809 4220 1941 4276 Urb.
1976 4221 2060 4273 di-

466 4289 650 4352 stiitcti
683 4302 827 4347 sunt.
857 4289 987 4343 Vide
1011 4289 1222 4358 Proleg.
1250 4305 1398 4344 num.
1428 4290 1547 4344 170.

544 4367 634 4422 64.
660 4365 786 4419 Mss.
815 4376 1008 4417 omnes
1036 4368 1228 4424 nostri,
1253 4377 1373 4414 cum
1401 4363 1673 4431 plerisque
1701 4360 1825 4414 aliis
1853 4377 1982 4416 mss.
2011 4370 2066 4416 rt

471 4439 655 4505 editis,
686 4444 840 4491 tenet.
870 4431 1527 4505 Parrh‘._,Lips..‘scbed:e
1552 4433 1784 4505 Poelm.,
1815 4442 1869 4505 et
1899 4435 2064 4487 editio

473 4502 681 4563 Poeltn.
710 4507 776 4562 ad
806 4519 1001 4574 marg,
1033 4502 1247 4575 Missale
1275 4502 1459 4575 Rom.,
1490 4504 1621 4575 regit
1639 4522 1656 4557 .’
1689 4519 1808 4570 quae
1838 4503 2066 4558 fortasse

476 4580 655 4648 glossa
686 4590 771 4633 est
796 4573 1032 4640 alicubi,
1067 4587 1190 4626 nam
1232 4573 1472 4648 iulium.
1505 4573 1685 4644 glossa
1717 4574 1782 4627 ad
1813 4585 1945 4648 tenet
1984 4585 2069 4629 est

478 4644 757 4721 gubernat.
811 4648 924 4721 Hoc
947 4658 1109 4699 sensu
1141 4644 1313 4721 accipi
1346 4660 1505 4721 p_oss_e
1531 4658 1725 4721 tenere,
1757 4659 1821 4721 es
1853 4644 2068 4721 JllSllllO

478 4715 534 4774 Et
558 4719 689 4772 Mela
719 4718 954 4771 ostendit
987 4715 1330 4770 Arntzenius.
1365 4716 1502 4770 Beda
1531 4717 1581 4770 iu
1615 4715 1932 4768 llotuiliario
1979 4717 2071 4770 Al-

481 4789 627 4845 cuini
649 4788 887 4842 Colonia:
910 4786 1066 4848 156‘),
1093 4785 1145 4839 in
1168 4786 1469 4841 Coinmem.
1501 4786 1560 4840 Β.
1591 4784 1847 4855 Virginis,
1869 4788 2072 4853 profert

484 4863 582 4916 hos
605 4876 697 4914 sex
724 4867 1007 4929 versus,e_t_
1019 4859 1343 4924 scripturam
1370 4857 1727 4912 recentiorem
1755 4867 1903 4929 tenet
1920 4860 2068 4929 regit.

552 4932 644 4989 65.
676 4931 809 5002 Reg.
854 4930 905 4989 1,
956 4926 1159 5002 Νυιιιειι
1181 4969 1198 5002 ,
1232 4931 1327 5002 sed
1370 4938 1679 5002 eorrectuut
1713 4945 1805 4995 per
1839 4926 2069 5002 Numen.

482 5004 540 5059 lu
569 5004 718 5073 Lips.
745 4999 846 5057 ms.
871 4999 1157 5073 Cellarius
1179 5000 1349 5053 innuit
1387 5014 1508 5055 esse
1549 4999 1801 5073 Numine,
1844 5005 1925 5056 vel
1961 4999 2076 5054 No-

483 5068 651 5129 mine;
687 5074 843 5137 Urb.,
885 5072 1068 5135 Bouh,
1106 5068 1312 5124 Nurum
1351 5080 1586 5125 (eterna:
1625 5072 1966 5126 desideratur
2003 5081 2072 5125 et.

485 5146 666 5212 Meus,
707 5144 915 5199 Numen
945 5143 1009 5196 ab
1035 5153 1242 5196 wterno.
1280 5141 1413 5197 Vera
1446 5144 1604 5197 lectio
1631 5154 1735 5212 est,
1772 5141 1999 5208 Numen,
2031 5155 2078 5198 et

484 5214 1073 5297 teterno..Wopkensiu.s
1100 5216 1265 5297 vellet
1282 5218 1407 5297 jure
1437 5229 1532 5281 pro
1558 5231 1708 5297 gyro,
1732 5215 1827 5297 .cui
1853 5215 2079 5269 minime

486 5288 753 5342 assentiar
784 5285 926 5343 :est
967 5287 1110 5340 enim
1156 5286 1375 5353 pulchra
1418 5285 1692 5356 oppositio
1732 5285 1783 5340 in
1824 5303 1988 5357 gyro,
2026 5292 2081 5341 et

491 5368 679 5413 manet.
726 5359 935 5415 Stecula
967 5360 1107 5413 enim
1131 5371 1265 5426 gyro
1312 5364 1367 5410 et
1402 5368 1549 5411 motu
1577 5365 1836 5427 perpetuo
1856 5359 2082 5411 volvun-

491 5441 607 5495 tur;
641 5430 782 5486 Deus
810 5441 1015 5498 autetn,
1043 5429 1270 5499 ejusque
1301 5439 1483 5499 nutus,
1515 5443 1612 5483 seu
1642 5445 1867 5496 numen,
1892 5439 1947 5483 et
1978 5429 2080 5483 im-

562 5534 588 5562 ⁸
619 5525 945 5591 Gallandius
984 5541 1106 5581 cum
1150 5527 1444 5596 repet-isset
1469 5527 1740 5598 signatur.
1778 5525 2074 5595 prudenter

486 5599 724 5680 conjeeit
758 5609 812 5650 et
855 5598 1099 5668 reposuit
1126 5609 1368 5668 sequatur
1392 5639 1407 5667 ,
1454 5599 1601 5668 quod
1632 5612 1827 5655 sensus
1872 5607 1926 5652 et
1951 5612 2072 5653 car-

486 5680 610 5722 men
636 5676 876 5736 exigunt.

2164 3724 2373 3793 perium
2404 3714 2548 3777 idem
2578 3731 2778 3778 manet.
2820 3722 3197 3779 Nebrissensis
3243 3731 3425 3793 putat,
3471 3734 3666 3778 (eterna
3693 3721 3758 3776 ad

2166 3795 2423 3849 mundum
2469 3794 2825 3866 archetypum
2869 3793 3061 3849 referri
3084 3835 3098 3855 .
3138 3803 3229 3848 aut
3259 3810 3357 3864 pro
3384 3811 3585 3865 semper
3615 3795 3757 3859 poni.

2165 3867 2272 3924 Sed
2300 3867 2519 3920 verbum
2544 3883 2673 3936 gyro
2715 3869 2893 3936 potius
2926 3866 3125 3921 indicat
3167 3877 3369 3921 motum
3422 3880 3758 3935 perpetuum,

2165 3952 2273 4006 quo
2302 3952 2389 3992 res
2418 3950 2612 3991 creata:
2641 3946 2891 4005 aguntur.
2920 3936 2996 3990 Ex
3027 3953 3184 4005 prosa
3212 3947 3389 3993 tamen
3411 3949 3559 3993 certa
3606 3938 3761 4007 hujus

2165 4009 2267 4062 loci
2300 4010 2676 4076 interpretatio
2705 4009 2821 4063 erui
2856 4023 2961 4062 non
2996 4019 3193 4076 potest.

2091 4109 2142 4169 ι)
2369 4078 2671 4169 ξιιιιιείιιίιὶε
2693 4094 2772 4134 est
2797 4081 3065 4169 ειιτίιιέιινει
3093 4079 3364 4169 Parrhasii
3391 4079 3501 4169 ly‘ec
3520 4081 3760 4163 primum.

2166 4161 2252 4203 aut
2273 4151 2496 4204 similem
2518 4152 2624 4204 visa
2645 4167 2719 4215 es,
2744 4166 2835 4204 nec
2860 4149 3047 4205 habere
3074 4162 3380 4220 sequentem.
3410 4149 3596 4206 Posset
3620 4152 3760 4205 enim

2167 4224 2338 4290 accipi
2375 4223 2594 4293 primum
2637 4237 2751 4287 pro
2779 4226 3026 4293 priorem.
3057 4221 3379 4293 lic-pugnant
3415 4223 3509 4277 alii
3552 4238 3761 4277 omnes.

2172 4293 2302 4361 Iieg.
2343 4293 2392 4349 1.
2453 4291 2562 4345 Nec
2608 4291 2832 4362 primum
2875 4294 2984 4346 visa
3014 4310 3067 4346 es
3099 4291 3319 4348 similem
3353 4309 3370 4348 :
3430 4299 3641 4353 cst-teri,
3686 4294 3762 4347 uti

2169 4364 2332 4419 etiam
2381 4362 2501 4416 libri
2557 4364 2818 4433 liturgici,
2853 4362 2966 4417 Nec
2993 4365 3210 4424 primaut
3254 4363 3479 4419 similem
3528 4365 3631 4418 visa
3684 4381 3760 4417 es.

2170 4436 2228 4490 S.
2262 4434 2571 4487 Bernartius
2599 4436 2650 4487 iu
2701 4450 2868 4489 serm.
2897 4435 2931 4488 4
2954 4435 3022 4489 de
3056 4436 3445 4506 ASsumpIioue
3468 4438 3547 4489 sic
3579 4450 3765 4490 versus

2174 4505 2496 4575 tran~ponit.
2532 4515 2587 4558 ut
2614 4506 2848 4559 oraliooi
2872 4521 2985 4558 suae
3014 4505 3419 4561 accmnmodet:
3456 4506 3631 4563 Unum
3659 4516 3759 4573 est,

2174 4578 2227 4631 in
2255 4573 2362 4644 quo
2401 4573 2510 4629 Nec
2553 4578 2772 4647 primam
2819 4576 3037 4630 similem
3064 4578 3171 4631 visa
3200 4588 3300 4644 est,
3339 4595 3431 4632 nec
3457 4578 3643 4633 habere
3681 4595 3764 4631 se-

2173 4658 2409 4771 7uentem
2435 4687 2451 4712 ,
2478 4645 2561 4687 —'
2591 4645 2800 4702 Gaudia
2820 4649 3003 4702 matris
3054 4647 3246 4703 habens
3296 4665 3414 4703 cum
3464 4649 3766 4721 virginitatis

2193 4734 2389 4771 tonare.

2193 4734 2389 4773 tonare.

2247 4788 2336 4842 7t).
2367 4789 2628 4843 Ottobon.
2660 4786 2810 4856 1,Ubi
2844 4786 3148 4844 Pastor-ibus
3174 4792 3385 4846 enituit.
3424 4790 3598 4852 Meus,
3634 4788 3766 4845 Pas-

2178 4860 2372 4914 toribus
2399 4857 2952 4916 nuntiatam—Oltub.
2988 4862 3041 4925 1,
3073 4877 3141 4916 ex
3172 4864 3537 4927 correctione,
3568 4863 3681 4917 Οιι.
3711 4860 3766 4927 2,

2179 4930 2326 4999 Αιιι.,
2373 4931 2507 5002 Reg.
2540 4932 2597 4997 2,
2635 4933 2689 4990 4.
2724 4931 2777 4999 5,
2812 4931 2992 5002 Ποῖα,
3036 4933 3207 4998 Meus,
3240 4932 3389 4989 Vatt.
3423 4936 3482 4996 1,
3514 4933 3583 4993 2,
3618 4932 3767 4996 Urb.,

2182 5003 2330 5067 ΑΜ..
2365 5000 2580 5066 ram...
2607 5002 2765 5057 codd.
2804 5000 2986 5067 Cant.,
3019 5006 3236 5068 Arntz.,
3271 5017 3491 5059 creator.
3539 5005 3669 5073 lleg.
3717 5006 3768 5068 1,

2180 5086 2406 5137 creatus,
2453 5075 2595 5140 quod
2638 5075 2866 5128 fortasse
2911 5074 3007 5129 fuit
3053 5077 3104 5129 in
3135 5080 3249 5130 Ott.
3292 5080 3343 5142 1,
3378 5076 3433 5130 in
3456 5092 3565 5143 quo
3595 5081 3769 5145 glossa

2182 5152 2267 5199 est
2292 5145 2575 5198 secundum
2601 5146 3001 5212 humanitatem,
3031 5158 3083 5201 et
3127 5151 3390 5202 retinetur
3424 5147 3478 5201 in
3507 5147 3771 5213 plerisque

2183 5216 2341 5271 editis
2367 5231 2462 5284 pro
2490 5228 2671 5270 natus:
2702 5216 2863 5269 habet
2888 5218 3031 5289 enim
3061 5220 3228 5272 creari
3259 5220 3399 5273 hanc
3425 5216 3772 5289 significatio-

2184 5303 2330 5351 nem,
2361 5302 2519 5356 quam
2554 5302 2709 5355 prosa
2740 5288 3083 5356 comprobat.

2258 5359 2345 5413 71.
2377 5360 2507 5413 Mss.
2550 5373 2741 5412 omnes
2786 5361 2959 5413 nostri
3002 5374 3126 5415 cum
3159 5359 3549 5415 vetustissimis
3592 5360 3770 5420 editis,

2188 5444 2290 5485 ms.
2328 5430 2557 5493 lleinsii,
2590 5437 2645 5483 et
2689 5429 2905 5501 schedis
2951 5430 3184 5494 Poelm.,
3232 5431 3461 5486 Enituit.
3512 5432 3770 5488 Cellarius

2254 5522 2280 5560 δ
2312 5522 2627 5578 (ὶιηειιιιιίιις
2658 5523 2743 5577 hic
2768 5532 2930 5592 caput
2955 5527 2988 5579 4
3013 5525 3252 5580 inchoat.

2259 5606 2279 5633 ο
2313 5595 2452 5650 lnl'ra
2478 5595 2692 5652 videtur
2722 5596 3008 5667 legendum
3040 5607 3185 5651 muta
3216 5597 3396 5652 moles.
