4086 6184
245 276 349 333 ϐω

462 386 616 445 Talia
648 385 906 444 Bethlaeis
928 386 1056 441 dum
1083 386 1236 457 signa
1264 385 1607 458 gerunturin
1638 386 1772 454 oris,

391 486 488 541 Eoi
516 497 722 539 venere
750 482 1234 552 Magi,saevumque
1262 491 1550 555 tyrannum

286 581 359 637 7b
396 578 638 637 Grandia
670 576 921 633 sollicitis
954 575 1272 646 perturbant
1302 576 1491 631 nuntia
1522 575 1681 632 dictis
1716 594 1729 630 :

393 672 633 730 Judaicis
664 686 842 742 nuper
865 670 1079 741 populis
1105 668 1350 726 Orientis
1379 671 1448 726 ab
1473 686 1575 727 axe

390 765 743 836 Progenitmu
776 762 993 820 fulsisse
1024 764 1243 833 ducem,
1277 763 1381 819 hoc
1410 766 1631 821 caelitus
1676 778 1846 835 astra,

390 859 507 914 Hoc
535 857 752 913 stellam
786 856 1001 913 radiare
1028 871 1245 912 novam.
1270 857 1445 913 Ferus
1473 860 1682 915 arbiter
1710 860 1849 915 aulae

393 951 614 1009 Estuat
644 949 892 1007 Hebrtea:
918 994 931 1015 ,
962 958 1114 1006 ratus
1137 991 1152 1019 ,
1185 949 1332 1006 hunc
1362 951 1660 1009 succedere
1684 967 1850 1023 posse

1387 266 1671 323 CARMEN
1712 262 2093 322 PASCHALE.
2137 263 2272 320 LIB.
2316 266 2383 324 ll.

1873 386 1928 448 Δ

3449 265 3553 324 602

1986 385 2058 444 80
2094 386 2260 459 206
2279 386 2403 442 Mox
2431 385 2673 456 sibimet,
2696 386 2787 459 qui
2815 384 3023 459 primus
3041 397 3163 445 erat
3187 406 3201 445 :
3225 398 3353 445 tunc
3375 387 3559 446 fronte

3263 482 3482 555 [serena

2098 574 2296 631 Nubila
2329 574 2531 631 mentis
2587 572 2801 631 habens
2826 614 2843 643 ,
2877 572 3022 629 clam
3079 571 3306 629 mandat
3356 572 3565 643 ubique

3214 665 3441 740 [requiri
3466 712 3481 736 ,

2100 764 2252 821 Sicut
2320 762 2660 820 adorandum
2692 807 2708 833 ,
2748 777 2916 835 quem
2968 769 3169 819 tractat
3223 762 3413 819 fraude
3464 776 3562 820 ne-

3182 855 3483 930 [candum.

2101 948 2245 1021 Quid
2272 950 2429 1018 luris,
2452 948 2698 1007 Herodes
2720 949 2745 1005 ?
2766 948 3049 1007 Christum
3072 964 3327 1008 sermone
3350 948 3564 1019 lateris,

1606 1094 1785 1153 OPUS
1820 1095 2200 1153 PASCHALE.

241 1251 370 1321 quia
399 1250 652 1306 videlicet
680 1258 923 1306 nostrum
948 1259 1033 1306 est
1055 1251 1256 1306 bonum
1275 1251 1439 1318 velle,
1464 1250 1561 1307 Dei
1590 1251 1855 1323 perﬁcere

243 1346 337 1416 qni
374 1359 558 1415 pacem
592 1359 746 1400 suam
780 1343 1097 1401 hominibus
1138 1344 1294 1400 home
1328 1345 1632 1402 voluntatis
1664 1345 1848 1403 infun-

237 1438 345 1493 dit.
388 1438 611 1492 Divinus
640 1436 838 1493 deinde
864 1453 1049 1493 sermo
1080 1439 1430 1510 prosequitur
1451 1438 1669 1496 dicens:

309 1518 446 1584 Cum
473 1546 593 1600 ergo
623 1538 778 1585 natus
807 1538 940 1584 esset
991 1528 1147 1585 Jesus
1178 1532 1231 1584 in
1282 1529 1545 1586 Bethleem
1573 1532 1751 1600 Judae,
1784 1534 1844 1587 in

234 1624 419 1679 diebus
443 1622 674 1679 Herodis
693 1626 851 1698 regis,
893 1640 1008 1678 ecce
1038 1624 1183 1696 Magi
1228 1624 1290 1679 ab
1343 1624 1553 1681 Oriente
1602 1637 1850 1682 venerunt

1959 1260 2175 1309 menter
2204 1252 2448 1308 insanis?
2487 1253 2766 1310 Christum
2798 1253 3070 1326 siquidem
3116 1255 3297 1327 lingua
3336 1255 3564 1327 proﬁte-

1956 1346 2056 1413 ris,
2077 1345 2243 1401 corde
2282 1346 2649 1417 persequeris,
2678 1356 3023 1419 mentemque
3053 1357 3276 1413 tetram,
3304 1355 3361 1403 et
3386 1347 3559 1403 nebu-

1956 1441 2088 1497 losa:
2118 1441 2371 1513 caliginis
2396 1441 2735 1498 obscuritate
2760 1441 3100 1507 damnatam,
3120 1441 3351 1513 iucundi
3374 1441 3559 1497 vultus

1955 1533 2252 1589 serenitate
2277 1532 2613 1589 dissimulas.
2643 1532 2920 1589 Christum
2953 1548 3192 1605 namque
3213 1533 3443 1589 mandas
3474 1534 3557 1589 in-

1953 1625 2093 1696 quiri
2117 1642 2225 1680 non
2255 1624 2600 1681 adorandum
2620 1625 2914 1697 religione,
2942 1641 3104 1697 quam
3136 1626 3320 1698 lingis,
3346 1626 3441 1682 sed
3470 1642 3560 1684 nec

234 1716 687 1789 Hierosolymam.
719 1719 949 1773 dicentes
976 1735 993 1773 :
1024 1716 1126 1773 Ubi
1176 1730 1272 1785 est,
1306 1720 1396 1790 qui
1426 1729 1583 1773 natus
1634 1730 1710 1774 est
1755 1736 1848 1775 rea:
1880 1730 1924 1788 Β
1951 1719 2186 1774 catulum
2218 1717 2676 1789 fraudibus,quas
2705 1718 2936 1774 tnoliris.
2974 1719 3140 1775 Erras
3163 1719 3352 1788 nimis,
3375 1728 3433 1776 et
3457 1718 3562 1775 lal-

230 1810 549 1867 Judworum
572 1813 596 1867 ?
635 1810 869 1866 Vidimus
897 1812 1033 1865 enim
1060 1811 1264 1866 stellam
1309 1814 1423 1884 ejus
1453 1812 1506 1865 in
1542 1810 1775 1878 Oriente,
1798 1822 1849 1868 et

236 1911 475 1964 uenimus
499 1908 723 1961 adorare
754 1923 891 1961 eum.
938 1904 1168 1959 Audiens
1221 1915 1396 1960 autem
1448 1903 1687 1960 Herodes
1730 1922 1845 1971 rex,

235 2001 476 2057 turbatus
522 2011 619 2063 est,
657 2011 706 2055 et
732 2002 898 2053 omnis
928 1999 1295 2069 Hierosolyma
1327 2015 1443 2053 cum
1490 2000 1603 2054 illo.
1630 1998 1697 2054 Et
1726 2016 1849 2055 con-

229 2113 465 2170 gregans
485 2111 660 2150 omnes
680 2095 940 2165 principes
967 2094 1318 2159 sacerdotum,
1352 2103 1397 2148 et
1419 2094 1617 2148 scribas
1645 2094 1845 2166 populi,

229 2190 521 2245 sciscitarit
550 2188 615 2243 ab
638 2190 711 2242 eis
742 2188 830 2242 ubi
872 2186 1109 2242 Christus
1149 2197 1463 2244 nasceretur.
1496 2189 1560 2243 At
1586 2189 1666 2245 illi
1696 2189 1846 2243 dixe-

229 2294 366 2338 runt
391 2301 411 2339 :
440 2283 508 2337 In
538 2281 806 2337 Bethleem
833 2283 1015 2336 Julian
1070 2282 1159 2337 Sic
1188 2283 1324 2337 enim
1363 2285 1613 2356 scriptum
1643 2294 1716 2338 est
1758 2302 1849 2354 per

233 2382 555 2450 praphetam
585 2393 604 2431 :
638 2375 707 2430 Et
747 2387 803 2429 tu
824 2374 1113 2441 Bethleem,
1157 2385 1295 2430 terra
1320 2374 1484 2442 Juda,
1520 2393 1848 2449 nequaquam

231 2470 463 2526 minima
486 2487 538 2525 es
580 2471 636 2523 in
662 2468 981 2541 principibus
1010 2466 1176 2522 Inda.
1211 2467 1296 2521 Ea:
1322 2478 1371 2522 te
1395 2471 1531 2523 enim
1554 2471 1685 2524 exiet
1714 2470 1843 2539 dux,

231 2566 332 2640 qui
362 2573 512 2635 regat
542 2562 796 2632 populum
825 2578 992 2617 meum
1038 2560 1227 2616 Israel.
1255 2560 1399 2617 Tunc
1424 2562 1679 2632 Herodes,
1713 2565 1848 2619 clam

236 2656 442 2711 vocatis
474 2654 669 2726 Magis,
694 2654 880 2708 didicit
906 2653 968 2708 ab
1008 2654 1082 2708 eis
1113 2665 1310 2726 tempus
1337 2653 1520 2720 stellio,
1546 2672 1662 2723 qua:
1686 2673 1847 2728 appa-

232 2749 348 2805 ruit
379 2748 474 2802 eis.
504 2744 568 2800 Et
597 2748 800 2800 mittens
832 2744 949 2799 illos
977 2745 1029 2798 in
1055 2743 1315 2800 Bethleem
1346 2746 1481 2800 dixit
1510 2762 1529 2800 :
1558 2744 1662 2815 Ite,
1687 2756 1733 2800 et
1761 2748 1845 2801 in-

236 2852 505 2913 terrogate
537 2841 812 2912 diligenter
857 2840 921 2894 de
950 2856 1131 2909 puero.
1162 2838 1227 2893 Et
1258 2856 1373 2893 cum
1426 2840 1745 2906 inveneritis,
1768 2859 1850 2896 re-

236 2937 482 2991 nuntiate
503 2936 647 3002 mihi,
676 2942 730 2989 ut
756 2943 802 2989 et
826 2950 917 3007 ego
948 2934 1155 2988 veniens
1179 2934 1390 2988 adorem
1414 2952 1535 2990 eum
1559 2943 1603 2988 ι.
1636 2934 1850 2991 Conve-

238 3030 469 3085 nienter
499 3029 887 3096 scripturarum
925 3027 1192 3082 s-mctioni
1224 3026 1565 3082 COIICUl‘daliS
1586 3025 1615 3064 δ
1643 3025 1846 3082 Christi

1952 1812 2102 1867 leris.
2132 1810 2291 1867 Illum
2322 1811 2557 1868 credens
2584 1812 2684 1867 tibi
2714 1813 3140 1883 succedere,qni
3171 1814 3321 1881 regia
3352 1814 3561 1884 primus

1950 1908 2262 1963 dominatur
2293 1909 2345 1962 in
2376 1908 2639 1978 sede,qui
2667 1922 2771 1963 nec
2799 1908 3046 1963 succedit
3068 1907 3312 1978 penitus,
3341 1922 3443 1962 nec
3465 1907 3561 1963 de-

1949 1998 2119 2069 cedit,
2146 2000 2240 2055 sed
2288 2009 2529 2056 aeternus
2558 2000 2758 2055 solium
2792 2014 2909 2055 sua:
2937 2000 3179 2071 possidet
3228 2000 3557 2071 maiestatis,

1949 2093 2232 2165 legemque
2272 2093 2432 2164 legis,
2462 2108 2528 2148 ac
2566 2093 2821 2163 negligis,
2847 2095 2941 2164 qui
2972 2091 3106 2163 Regi
3137 2107 3328 2164 regum
3349 2103 3437 2147 tua
3468 2107 3561 2149 re-

1947 2205 2053 2260 gna
2086 2188 2331 2244 minaris.
2361 2188 2528 2244 Caret
2553 2188 2736 2244 verbis
2770 2187 2887 2243 bzee
2914 2189 3095 2258 culpa.
3120 2197 3273 2243 caret
3319 2202 3553 2244 excusa-

1951 2285 2099 2340 tione
2130 2282 2389 2354 perﬁdia:
2421 2282 2564 2337 hunc
2585 2282 2731 2337 enim
2758 2281 2979 2337 conaris
3007 2282 3553 2353 exstinguere,quem

1952 2388 2003 2434 te
2034 2378 2372 2449 promiseras
2424 2377 2674 2431 adorare.
2719 2376 2898 2431 Minus
2929 2375 3070 2430 forte
3107 2374 3480 2444 delinqueres,
3514 2374 3560 2430 si

1950 2471 2020 2528 de
2049 2470 2268 2525 Christo
2309 2469 2440 2523 nihil
2487 2482 2783 2539 qnmreres,
2826 2477 3100 2537 quatenus
3128 2465 3401 2521 homicida
3438 2476 3561 2522 tan-

1953 2574 2065 2620 tum
2089 2564 2237 2620 velut
2263 2562 2505 2632 ignotum
2535 2560 2812 2615 hominem
2837 2558 3236 2630 persequenda,
3255 2573 3362 2613 non
3391 2559 3556 2615 etiam

1950 2658 2248 2728 sacrilegus
2278 2671 2402 2712 esse
2431 2656 2544 2711 Deo
2572 2654 2775 2710 videris
2801 2662 2824 2693 ο
2856 2652 3091 2709 ot'l‘enso.
3116 2652 3313 2708 Nonne
3341 2652 3557 2722 legeras

1951 2769 2077 2809 eum
2105 2750 2363 2808 Davidico
2384 2753 2605 2806 cantico
2628 2749 2709 2805 sic
2737 2745 3089 2804 monentem‘
3111 2746 3328 2803 :Nolite
3346 2754 3565 2823 tangere
3612 2754 3617 2759 ‘

1952 2845 2189 2902 Christos
2219 2862 2380 2910 meos,
2432 2853 2481 2898 et
2508 2845 2560 2897 in
2582 2841 2852 2915 prophetis
2883 2842 3008 2895 meis
3036 2841 3196 2895 nolite
3239 2839 3519 2910 malignari
3536 2839 3562 2893 .9

1910 3013 1914 3016 ἠ
1952 2940 2062 2994 Cur
2091 2954 2224 3007 ergo
2250 2938 2450 2993 divinm
2484 2936 2840 3007 praeceptioni
2877 2948 3071 3005 parere
3101 2946 3331 2988 necesse
3378 2933 3471 2998 sit,
3508 2940 3568 2987 ut

1950 3046 2130 3102 neque
2156 3030 2364 3086 ChriSIi
2387 3029 2528 3100 ejus,
2574 3043 2751 3099 neque
2776 3028 3059 3099 propheta:
3086 3035 3109 3073 Β
3143 3026 3375 3095 maligna
3403 3023 3564 3095 quid-

238 3122 508 3178 nativitas
538 3122 605 3175 ab
634 3119 860 3175 Oriente
906 3118 1165 3190 fulgebat,
1196 3120 1287 3187 qui
1338 3120 1546 3189 implet,
1579 3120 1723 3183 quod
1746 3120 1849 3175 Za—

1960 3140 2114 3197 quam
2148 3123 2497 3193 improbitate
2519 3121 2856 3177 sustineam?
2881 3119 3005 3190 quia
3040 3115 3298 3172 videlicet
3326 3114 3564 3185 spiritali

237 3216 459 3271 chariua
504 3213 751 3284 designat
796 3215 973 3270 oratio
1000 3225 1021 3253 ο
1073 3231 1085 3267 :
1124 3214 1362 3270 Visitarit
1405 3231 1498 3268 nos
1557 3214 1745 3270 Oriens
1786 3232 1849 3271 ea:

237 3307 382 3363 alto.
415 3306 551 3363 Nam
591 3317 645 3362 et
674 3308 966 3363 Davidicus
1005 3307 1205 3362 similia
1237 3308 1479 3363 continet
1511 3310 1751 3377 psalmus
1778 3305 1805 3346 ά
1832 3326 1845 3361 :

240 3402 317 3458 In
351 3402 461 3457 sole
486 3402 657 3474 posuit
696 3402 1087 3458 tabernaculum
1114 3418 1285 3469 suum,
1317 3410 1424 3457 etc.
1460 3401 1585 3458 Sole
1608 3418 1743 3458 vero
1771 3404 1846 3458 si-

238 3495 471 3567 gniﬁcat
515 3493 815 3561 Orientem,
866 3493 933 3548 de
984 3509 1087 3564 qua
1146 3496 1372 3564 regione
1418 3508 1640 3563 semper
1676 3496 1850 3549 oritur

242 3590 393 3647 dies.
438 3588 576 3661 Quid
606 3589 788 3660 igitur,
821 3587 1083 3655 llcrodes,
1124 3587 1338 3642 acutius
1391 3585 1571 3641 luris?
1601 3587 1729 3657 quid
1756 3587 1850 3643 de-

1957 3224 2311 3274 consecratos
2334 3225 2614 3289 unguento
2645 3213 2804 3270 nefas
2829 3212 3036 3285 grande
3057 3212 3132 3267 sit
3162 3207 3562 3265 contumeliose

1959 3309 2392 3377 traetari.Quale
2412 3323 2611 3364 nomen
2645 3306 2867 3363 habebit
2897 3306 3000 3359 hoc
3029 3304 3261 3369 crimen,
3296 3313 3351 3354 ιιι
3381 3301 3562 3371 ipsum

1959 3401 2250 3457 Dominum
2305 3400 2604 3466 Christum,
2633 3414 2662 3452 a
2688 3413 2797 3470 quo
2825 3396 3029 3452 Christi
3060 3404 3188 3450 sunt
3238 3394 3563 3463 nuncupati,

1958 3497 2132 3568 ipsum
2164 3511 2298 3551 vero
2327 3494 2674 3566 prophetam,
2706 3508 2736 3545 a
2786 3506 2897 3560 quo
2939 3504 3104 3544 verax
3148 3485 3436 3557 prophetia
3464 3485 3565 3547 de-

1958 3589 2190 3659 scendit,
2239 3588 2347 3644 tuis
2394 3588 2606 3644 atnbias
2644 3585 2789 3641 dolis
2828 3581 3108 3639 interﬁci?
3145 3581 3339 3636 Nonne
3370 3580 3563 3648 David,

1747 3750 2059 3809 SCHOLIA.

248 3938 382 3981 cum
415 3923 537 3978 aliis
575 3922 806 3993 vulgatis
856 3923 1101 3992 praetulit
1147 3922 1374 3976 Emicuit
1405 3936 1468 3976 ex
1500 3920 1697 3993 simili_
1718 3919 1855 3993 Pru-

250 3995 434 4053 dentii
480 3997 604 4050 loco
638 3991 896 4065 Cathem.
953 3994 1141 4065 hymn.
1177 4010 1229 4049 ιι
1258 4038 1271 4059 ,
1304 4007 1451 4047 vers.
1490 3992 1556 4046 2'7
1605 4009 1624 4046 :
1654 3991 1858 4065 Emicat

251 4064 738 4141 promissus__olim.
768 4062 1098 4141 Arntzenius
1121 4065 1267 4141 _hn_c
1291 4066 1465 4141 ipsum
1511 4073 1658 4141 tenet
1686 4108 1699 4128 ,
1732 4062 1856 4130 quia

251 4133 484 4192 cmicare
506 4138 584 4192 illi
610 4138 872 4191 dicuntur
893 4180 905 4200 ,
940 4138 1029 4203 qui
1060 4133 1516 4190 fulminis—instar
1558 4133 1705 4189 illico
1737 4149 1862 4199 pro-

253 4210 473 4272 deunt,
506 4219 562 4264 et
612 4224 675 4263 ex
725 4208 1023 4274 improviso
1069 4208 1287 4261 adsunt.
1325 4205 1522 4260 Verum
1575 4205 1679 4259 hoc
1736 4206 1861 4259 loco

253 4283 439 4348 magis
490 4282 726 4350 genuina
756 4320 772 4343 ,
803 4289 857 4332 et
890 4278 1469 4350 Opportunaﬂvidetur
1518 4276 1681 4332 lectio
1711 4292 1864 4350 enim

254 4354 444 4409 munis
468 4348 710 4407 veterum
742 4348 1140 4417 exemplarium
1194 4349 1393 4403 Enitnit
1420 4392 1433 4415 ,
1468 4350 1770 4417 prmsertim
1815 4348 1860 4401 si

256 4424 581 4479 attendatur
606 4420 967 4478 ratinEnituit
989 4421 1300 4491 pastoribus.
1326 4422 1447 4489 quia
1467 4429 1666 4489 pastor,
1685 4429 1732 4473 et
1754 4435 1868 4487 gre-

256 4496 413 4566 gibus
429 4495 634 4567 refulsit
648 4511 838 4567 agnus.
861 4493 977 4547 Hoc
996 4495 1073 4554 ius
1076 4509 1113 4567 ιι
1123 4510 1169 4544 ιιι
1185 4493 1325 4567 cionﬁ
1337 4504 1474 4567 rmat
1496 4505 1661 4567 prosa
1674 4492 1836 4567 olores
1849 4520 1865 4528 -

255 4562 589 4622 ἐπαινέσω
604 4609 619 4633 ,
641 4562 731 4637 qui
746 4575 920 4633 pastor
931 4574 1061 4629 erat,
1076 4564 1235 4619 νωμᾶ
1249 4562 1607 4637 ambigueqni
1625 4563 1865 4637 velquia.

336 4639 443 4717 πθ..
469 4633 805 4702 ΙὶοιιιηῈιιηι
837 4637 988 4691 stella
1027 4637 1135 4689 uisa
1173 4645 1246 4689 est
1270 4633 1463 4707 Magis.
1497 4634 1645 4688 Meus
1692 4633 1866 4703 Magis
1897 4659 1948 4717 ι)

259 4710 616 4779 signiﬁcatur.

337 4776 429 4834 τι.
450 4781 622 4841 Marus,
646 4795 1005 4847 summumque
1027 4786 1333 4849 tyrannum,
1354 4776 1498 4844 quod
1524 4790 1629 4849 non
1644 4788 1866 4843 sequor.

262 4851 413 4907 Beda
454 4852 522 4906 de
570 4853 724 4906 Metr.
760 4845 1106 4907 communem
1153 4850 1445 4905 lectionem
1495 4845 1659 4900 etiam
1721 4852 1870 4899 tenet

260 4939 580 4988 serumque.

340 4997 432 5050 77.
465 4985 588 5050 ᾹΙΙ».
627 4993 731 5049 Per
758 4996 988 5067 genitum
1031 4992 1202 5067 :Alege
1234 4990 1594 5067 Progenitum.
1645 4985 1784 5067 Reg.
1810 4985 1867 5067 ιτ

265 5066 482 5129 ducem.
508 5084 569 5120 ac
608 5056 811 5120 (“alitus
829 5083 847 5130 ;
871 5065 1003 5120 Urb.
1033 5056 1217 5118 ducem
1236 5107 1249 5129 ,
1286 5056 1394 5116 htic
1424 5061 1642 5113 (inlitus.
1677 5056 1873 5130 Cmteri

265 5138 476 5198 durem,
500 5138 617 5191 hoc.
646 5137 792 5191 Beda
818 5129 887 5191 de
911 5136 1068 5191 Metr.
1096 5150 1218 5205 cap.
1246 5134 1315 5187 de
1342 5131 1648 5205 synalmph.
1676 5129 1870 5194 probat

267 5208 420 5263 hunc
462 5208 669 5263 hiatum
721 5210 937 5263 ratione
974 5201 1328 5276 aspiraiiOnis
1376 5201 1530 5276 vocis
1579 5201 1712 5265 hoc,
1747 5215 1868 5267 qua:

264 5283 382 5333 vim
437 5281 798 5335 consonantis
853 5273 1055 5339 habet,
1091 5277 1379 5345 laudatque
1432 5273 1613 5345 huch
1653 5286 1867 5345 versum

268 5351 486 5408 Sedulii
509 5367 630 5406 cum
649 5356 758 5406 alio
775 5349 1009 5407 Juvenci
1038 5351 1073 5403 Ι.
1101 5365 1143 5414 ι,
1166 5340 1307 5403 vers:
1336 5346 1399 5401 61
1423 5362 1435 5399 :
1456 5343 1683 5398 Nomine
1704 5340 1867 5395 Ioan-

351 5455 376 5481 ⁸
406 5445 595 5499 Matth.
629 5460 751 5513 cap.
788 5459 849 5508 tt,
877 5458 927 5496 v.
956 5443 980 5497 1
1020 5456 1178 5511 seqq.

350 5514 377 5552 ι’
400 5515 655 5571 Nonnulli
702 5503 993 5585 apponunt
1029 5503 1307 5585 punctum
1342 5519 1463 5575 post
1506 5503 1869 5585 concordans:

271 5588 533 5643 nimirum
575 5577 757 5642 sermo
782 5577 1143 5653 divinus,'qui
1173 5583 1228 5637 in
1278 5580 1386 5635 line
1425 5577 1619 5653 capitis
1668 5589 1875 5644 prtere-

274 5660 458 5713 deutis
483 5660 816 5714 nominatur.
861 5658 1033 5712 Paulo
1072 5648 1215 5711 infra
1247 5650 1466 5724 reposui
1493 5648 1650 5702 corde
1695 5661 1869 5716 persc-

274 5730 455 5802 qaeris
476 5747 574 5801 pro
607 5732 951 5802 prosequeris.
994 5800 1005 5802 Α
1036 5801 1047 5802 7
1744 5738 1761 5749 ·

366 5812 387 5838 ε
415 5800 546 5859 Luc.
574 5817 699 5875 cap.
726 5800 777 5869 ις
809 5817 955 5856 vers.
990 5800 1080 5856 78.

1962 3935 2075 3973 nent
2123 3917 2266 3971 hunc
2312 3926 2365 3969 tu
2410 3916 2635 3969 vocitare
2666 3919 2956 3976 memento,
2991 3918 3049 3964 ut
3096 3907 3454 3963 animadverti
3500 3908 3566 3962 ad

1960 4006 2084 4046 eum
2110 3990 2286 4043 locum
2318 3986 2568 4043 Jnveuci.

2036 4063 2124 4116 78.
2158 4060 2289 4115 Urb.
2324 4059 2453 4113 Ha'c
2482 4057 2711 4111 stellam.

2037 4132 2125 4186 79.
2157 4131 2332 4197 Meus,
2365 4130 2637 4184 succedere
2668 4138 2814 4180 terra:
2843 4124 3209 4197 nullosensu.

2037 4204 2126 4257 8l.
2181 4193 2328 4272 Reg;
2362 4202 2413 4269 1,
2442 4200 2560 4272 Ott.
2592 4200 2643 4259 1,
2672 4196 2827 4258 ΑΙΙ›.,
2859 4193 3235 4272 Ριιττιιᾜὶξει.
3271 4194 3323 4259 1,
3363 4193 3568 4272 _2,_Mo-

1969 4286 2137 4336 nast.,
2170 4263 2288 4327 tres
2320 4263 2689 4325 Turrimsianm
2714 4313 2727 4332 ,
2762 4279 2812 4322 et
2869 4266 2989 4319 alim
3020 4266 3311 4331 editiones,
3353 4263 3569 4336 habens.

1973 4334 2197 4415 Reg.9,
2227 4345 2280 4414 5,
2303 4342 2463 4410 Ut'b.,
2498 4342 2609 4395 Οιι.
2639 4339 2901 4415 2,_Mrus,
2934 4337 3115 4415 Rttmq
3141 4336 3312 4415 ᾼιιεη
3339 4334 3569 4415 γεω),

1970 4418 2031 4480 2,
2057 4406 2460 4481 Cant.,'alens,
2504 4427 2626 4466 cum
2674 4410 2854 4471 classa
2887 4409 2937 4461 in
2975 4408 3107 4481 lleg.
3138 4407 3197 4466 ε,
3226 4409 3479 4481 nutriens.
3510 4406 3568 4461 lu

1972 4478 2083 4545 Ott.
2122 4488 2145 4540 1
2178 4478 2246 4542 οῖ’
2272 4485 2466 4539 habens
2491 4484 2706 4538 videtur
2739 4481 2942 4535 factum
2966 4478 3111 4533 alens
3133 4494 3258 4533 cum
3286 4478 3469 4543 glossa
3499 4486 3572 4530 te—

1975 4575 2122 4629 gens,
2146 4568 2197 4613 et
2227 4558 2279 4611 in
2313 4557 2445 4625 Reg.
2481 4560 2536 4629 1ἱ
2559 4552 2852 4629 aliquis_in_
2872 4551 3064 4629 habens
3090 4549 3262 4629 voluit
3286 4547 3315 4600 b
3343 4563 3574 4629 conver-

1975 4619 2091 4685 iere
2112 4631 2167 4684 in
2201 4632 2239 4695 ι,
2268 4638 2324 4683 ιιι
2355 4619 2496 4682 nunc
2526 4619 2733 4696 legatur
2763 4623 2963 4696 halens.
2998 4621 3352 4696 Recentiores
3388 4619 3572 4696 Cella-_

1975 4704 2087 4757 rius
2113 4747 2127 4767 ,
2155 4690 2459 4763 Grnnertts,
2492 4690 2828 4753 Arntzeuius
2871 4695 3133 4748 damnant
3173 4690 3389 4767 habens,
3415 4691 3574 4761 quasi

1972 4774 2023 4827 id
2054 4762 2126 4827 sit
2157 4772 2387 4827 librarii.
2418 4770 2624 4824 Passim
2649 4767 2868 4835 quidem
2901 4773 3198 4818 occurrunt
3233 4762 3315 4815 Ita!
3340 4764 3571 4831 phrases

1974 4845 2112 4897 alere
2133 4844 2339 4905 uulnus,
2369 4841 2507 4895 alere
2524 4841 2688 4902 sitiat,
2721 4838 3050 4898 sententiam,
3087 4849 3348 4898 amorem,
3380 4850 3532 4905 curas
3555 4875 3571 4895 ,

1973 4915 2186 4969 malum.
2221 4912 2420 4967 Verum
2447 4913 2577 4965 tnilti
2605 4930 2633 4965 ιι
2664 4924 2825 4962 manu
2850 4905 3060 4961 Sedulii
3089 4906 3306 4962 videtur
3328 4920 3453 4959 esse
3480 4904 3574 4956 ha-

1975 4987 2095 5041 bens
2130 5001 2145 5037 :
2183 4985 2314 5037 nihil
2345 4984 2491 5037 enim
2522 4981 2669 5036 aliud
2716 4980 2832 5033 vult
2874 4977 3187 5047 signiﬁcare
3213 5020 3226 5035 .
3263 4976 3366 5029 nisi
3397 4975 3571 5047 Hero-A-

1974 5058 2099 5111 dem
2148 5055 2327 5107 nubila
2362 5055 2563 5108 mentis
2607 5067 2798 5107 serena
2850 5044 3028 5103 fronte
3057 5047 3363 5102 occultasse
3386 5086 3401 5111 ,
3428 5044 3571 5109 quml

1980 5127 2175 5182 tnclins
2204 5124 2529 5195 exprimitur
2560 5139 2657 5189 per
2686 5122 2877 5174 habens
2903 5162 2917 5184 ,
2943 5134 3103 5195 quam
3136 5133 3234 5195 per
3264 5114 3430 5169 alens.
3456 5114 3574 5168 Duo

1980 5199 2149 5254 nostri
2174 5189 2305 5251 mss'.
2332 5195 2683 5250 vetuSIissimi
2710 5201 2933 5248 tuentur
2945 5190 3159 5244 habens.
3179 5189 3344 5243 Presa
3365 5196 3576 5241 utrum—

1980 5270 2113 5326 libet
2141 5268 2396 5322 admittit.

2052 5341 2144 5395 82.
2176 5339 2290 5394 Ott.
2336 5338 2371 5392 2
2419 5336 2561 5392 male
2609 5334 2802 5391 dividit
2850 5333 3000 5389 Sicut
3048 5332 3116 5384 ad
3146 5332 3421 5383 orandum.
3469 5328 3577 5383 Pro

2049 5428 2077 5468 ιι
2112 5430 2314 5485 l’salm.
2351 5444 2479 5482 xvut
2501 5471 2516 5495 ,
2543 5442 2688 5483 vers.
2719 5427 2771 5481 6.

2056 5513 2079 5539 θ
2108 5502 2329 5557 Invenio
2366 5491 2555 5553 videris
2612 5498 2755 5567 apud
2787 5496 3168 5567 Gatlandium,
3199 5501 3253 5546 et
3282 5492 3417 5567 alias
3460 5491 3577 5547 edi-

1981 5574 2160 5628 tiones
2188 5573 2404 5627 Patrnm
2435 5587 2449 5635 ;
2480 5573 2577 5624 sed
2611 5565 2764 5639 puto,
2802 5567 3088 5639 legendum
3112 5565 3377 5619 videreris.

2056 5645 2076 5683 ί
2110 5645 2311 5699 Psalm.
2346 5642 2471 5707 104,
2502 5656 2647 5696 vers.
2684 5641 2771 5695 15.

2053 5726 2079 5763 ε
2107 5716 2364 5771 Nonnulli
2413 5711 2663 5786 propheta
2704 5712 2825 5768 sine
2871 5710 2987 5786 ullo
3025 5724 3216 5767 sensu.
3269 5709 3375 5765 Pro
3419 5710 3582 5764 susti-

1980 5805 2130 5843 neam
2158 5783 2534 5858 reponendum
2568 5783 2778 5842 videtur
2804 5783 3112 5839 sustineant.
