4086 6184
153 258 263 317 £09
1383 256 1671 315 CARMEN
1706 257 1801 319 PA:

1904 256 2091 314 nee.
2120 256 2255 333 ιιι).
2298 257 2364 313 u.
3346 254 3453 311 ato

296 370 486 441 Millia,
516 370 951 442 plangoremque
977 369 1127 427 dedit
1152 378 1230 426 tot
1260 371 1528 427 matribus
1554 387 1741 427 unum.
1773 386 1828 447 Α
1855 372 1958 428 150
1997 372 2207 428 Misceri
2239 379 2365 427 ante
2394 369 2771 427 oculostantis
2802 369 3155 442 plangoribus
3184 372 3418 442 sequor?
3447 398 3456 440 ε

295 461 426 518 Ηωο
456 462 672 518 laceros
699 463 882 518 crines
916 464 1122 519 nudato
1152 464 1355 519 vertice
1390 465 1558 534 rupit,
1993 465 2403 537 Exstinctisque
2425 473 2603 520 tamen
2629 465 2878 536 quamvis
2906 465 3204 522 infantibus
3235 466 3456 533 absens,

295 556 388 611 Illa
420 571 591 625 genas
621 556 818 623 secuit,
854 555 1059 612 nudum
1087 557 1212 612 ferit
1240 556 1411 612 altera
1445 558 1641 629 pugnis
1993 558 2157 633 214
2197 559 2449 616 Praesens
2484 559 2739 616 Christus
2764 568 2885 616 erat
2906 602 2923 630 ,
2964 558 3057 632 qui
3094 568 3277 616 sancta
3310 560 3459 631 peri-

160 648 266 707 tes
302 648 525 714 Pectus,
547 655 602 703 et
626 646 813 702 infelix
838 657 1013 703 mater
1045 648 1176 722 (nec
1208 648 1323 719 jam
1352 648 1516 704 modo
1547 646 1747 721 mater)
2998 649 3143 724 [cuia
3168 666 3387 724 semper

295 740 438 797 Orba
457 754 624 810 super
644 738 885 811 gelidum
901 739 1103 796 frustra
1128 742 1327 811 premit
1345 740 1512 797 ubera
1538 748 1746 797 natum.
1996 743 2269 815 Suscipit,
2301 753 2358 801 et
2387 760 2577 816 poenas
2600 743 2781 801 alieno
2804 745 2857 800 in
2889 759 3122 817 corpore
3147 744 3336 801 sentit.

299 831 460 906 213
509 830 645 900 Quis
702 830 798 887 tibi
862 841 1029 902 tunc,
1085 833 1254 902 lanio,
1320 834 1569 890 cernenti
1626 832 1754 888 talia
2072 834 2171 891 Ast
2197 835 2286 891 ubi
2316 836 2569 893 bissenos
2598 838 2774 893 :etatis
2803 836 3032 909 contigit
3052 851 3259 904 annos,

1400 927 1679 1002 [sensusl
1859 930 1965 988 135
2002 930 2118 986 Hoc
2138 930 2373 1001 spatium
2402 930 2472 987 de
2496 945 2664 987 carne
2687 929 2913 987 trahens
2930 972 2949 999 ,
2979 929 3189 1002 aevique
3215 940 3429 989 meatus

299 1025 517 1093 Quosve
539 1022 707 1079 dabas
731 1021 1002 1090 fremitus;
1020 1040 1142 1081 cum
1167 1023 1394 1080 vulnera
1424 1023 1636 1080 fervere
1650 1022 1757 1078 late
2005 1023 2248 1078 llumana
2278 1037 2377 1094 pro
2404 1034 2561 1095 parte
2592 1025 2750 1094 tulit,
2775 1023 3083 1081 senioribus
3109 1039 3231 1081 esse

303 1114 656 1187 Prospiceres
708 1129 836 1172 arce
881 1131 952 1172 ex
999 1132 1208 1173 summa
1232 1163 1246 1185 ,
1302 1124 1623 1187 vastumque
1678 1113 1760 1170 vi-
2000 1114 2181 1172 Corde
2210 1114 2505 1171 videbatur
2531 1116 2739 1184 senior,
2771 1115 3017 1189 legisque
3043 1117 3333 1189 magistros

1497 1211 1688 1285 [deres
2004 1207 2153 1264 lnter
2180 1216 2239 1263 ut
2263 1207 2526 1265 emeritus
2553 1207 2830 1266 residebat
2852 1209 2980 1281 jure
3008 1209 3293 1282 magister.

1517 1328 1699 1386 oras
1737 1323 2131 1411 pascuus.

156 1448 413 1506 lacerans
454 1447 679 1504 crinalis
705 1447 890 1503 damni
944 1446 1192 1505 foeditate
1238 1445 1442 1502 nudum
1482 1442 1749 1500 verticem
1780 1447 1830 1507 B
1853 1454 2112 1497 cerneres
2133 1440 2488 1500 inundatione
2507 1443 2837 1501 collectum?
2860 1445 3009 1503 Inter
3030 1456 3258 1505 necatos
3283 1458 3466 1508 tamen

161 1543 471 1600 sauciabat.
496 1542 595 1598 llla
615 1542 865 1598 madidas
907 1542 1234 1615 lacrymosis
1280 1540 1553 1596 imbribus
1587 1552 1761 1610 genas
1864 1533 2119 1600 infantes,
2171 1550 2309 1605 quos
2334 1537 2660 1594 occubuisse
2688 1549 2900 1594 certum
2934 1550 3040 1607 est,
3074 1558 3179 1599 non
3234 1544 3467 1616 perisse,

161 1639 426 1709 unguium
477 1635 841 1706 protervitate
895 1634 1173 1690 sulcabat.
1232 1633 1392 1688 Duris
1456 1632 1568 1686 alia
1632 1645 1763 1701 pec-
1865 1645 2196 1701 quamquam
2227 1629 2481 1687 Chrisms
2509 1632 2781 1702 abluerit,
2816 1634 3019 1692 absens
3068 1652 3193 1694 esse
3237 1653 3343 1695 non
3376 1655 3473 1711 po-

162 1737 252 1784 tus
332 1729 814 1800 sanguinolentum
902 1726 1228 1783 verberibus
1317 1724 1506 1781 infelix
1587 1735 1765 1779 mater
1868 1724 1989 1792 tuit,
2032 1725 2122 1795 qui
2158 1726 2416 1795 periculis
2446 1736 2760 1783 sanctorum
2784 1744 3006 1801 semper
3041 1730 3303 1797 insertus,
3335 1734 3471 1791 alie-

162 1823 411 1880 credebat
435 1868 449 1892 ,
519 1838 622 1879 nec
688 1823 802 1893 jam
877 1822 1040 1878 modo
1111 1831 1289 1876 mater
1312 1862 1327 1887 ,
1381 1834 1547 1890 super
1619 1819 1765 1875 unici
1870 1816 1956 1872 nis
1986 1833 2084 1898 pro
2112 1832 2172 1873 se
2198 1820 2526 1889 corporibus
2556 1822 2792 1893 irrogata
2822 1823 2913 1893 pio
2944 1834 3095 1881 motu
3134 1824 3301 1882 sentit
3331 1826 3385 1882 in
3413 1842 3473 1883 se

163 1916 407 1989 gelidum
453 1931 725 1972 corruens
793 1914 1031 1971 cadaver
1084 1916 1112 1945 ⁸
1158 1911 1415 1969 exstincti
1495 1912 1769 1966 abscissas
1871 1913 2158 1985 supplicia.

164 2011 400 2067 uberum
451 2024 653 2077 venas,
690 2008 850 2066 lactis
899 2009 1138 2079 copiam,
1181 2022 1304 2063 cum
1350 2020 1545 2064 cruore
1575 2005 1771 2062 funde-

164 2103 276 2159 bat.
336 2102 512 2159 Nemo
560 2103 890 2158 calamitatis
938 2100 1085 2157 illius
1135 2109 1246 2155 tam
1298 2100 1501 2169 varias,
1553 2109 1774 2169 tamque

163 2196 504 2267 multiplices
530 2204 715 2267 potest
739 2195 1011 2267 imagines
1039 2193 1329 2264 expedire.
1383 2191 1484 2249 Ubi
1539 2192 1775 2249 diversis

163 2291 468 2364 generibus
509 2292 874 2346 lamentorum
921 2287 1080 2344 dolor
1109 2287 1301 2343 aderat
1345 2302 1454 2342 non
1501 2286 1773 2343 diversus.

142 2380 299 2455 ’Qnis
336 2386 437 2441 tibi
461 2400 680 2453 sensus,
708 2400 899 2457 quaeve
952 2384 1049 2439 fuit
1094 2384 1295 2439 mentis
1347 2383 1613 2449 intentio,
1666 2397 1775 2438 non

165 2481 275 2552 jam
304 2492 558 2552 tyranne,
587 2481 684 2537 sed
709 2480 902 2535 lanio?
930 2493 1067 2551 quos
1095 2477 1345 2533 fremitus
1374 2477 1668 2532 eruetabas
1688 2492 1778 2532 ac-

171 2589 400 2640 census,
423 2588 545 2629 cum
576 2574 872 2628 insontium
904 2571 1132 2626 vulnera
1157 2569 1505 2641 parvulorum
1543 2584 1610 2624 ex
1652 2585 1778 2626 arce

171 2681 390 2722 summa
442 2665 810 2738 prospiciens,
857 2673 1070 2720 vastum
1122 2662 1353 2734 pelagus
1408 2661 1775 2734 lacrymarum

1945 2006 2082 2061 Cum
2103 2006 2216 2075 jam
2246 2014 2407 2063 aetate
2439 2006 2736 2078 proficiens
2765 2024 2940 2067 annos
2961 2010 3097 2067 duos
3128 2022 3349 2083 gereret
3395 2029 3481 2071 su-

1875 2114 1973 2171 pra
2000 2099 2215 2167 decem,
2242 2100 2402 2173 cujus
2423 2102 2642 2158 numeri
2666 2102 2734 2159 de
2755 2119 2920 2160 carne
2946 2114 3189 2163 traxerat
3208 2110 3484 2180 quantita-

1879 2202 2013 2261 tem,
2043 2210 2218 2250 tevum
2250 2194 2466 2253 scilicet
2498 2199 2809 2270 temporale
2835 2198 3075 2258 humana
3107 2206 3321 2262 ratione
3359 2221 3483 2278 per-

1876 2302 2129 2356 currens,
2163 2289 2479 2346 senioribus
2507 2293 2786 2349 seniorem
2844 2309 2969 2352 sese
3015 2297 3329 2367 prudentia,
3363 2317 3483 2359 ma-

1878 2382 2064 2452 gistris
2091 2384 2411 2454 magistrum
2458 2384 2727 2455 pandebat
2757 2401 2880 2443 esse
2924 2389 3192 2459 doetrina,
3241 2402 3300 2449 ut
3341 2394 3481 2467 legis

1878 2488 1991 2531 sua:
2020 2475 2341 2533 manifestus
2364 2476 2659 2548 interpres,
2684 2488 2926 2549 quantus
2946 2491 3096 2540 esset
3113 2485 3364 2557 interior,
3386 2488 3481 2545 de-

1879 2577 2232 2624 monstraret.

1952 2662 2065 2719 Nec
2093 2671 2215 2734 post
2240 2663 2457 2736 longam
2491 2665 2798 2737 temporum
2826 2682 3037 2727 moram
3069 2671 3089 2745 (
3107 2688 3357 2745 quaenam
3388 2694 3488 2751 po-

1666 2755 1749 2812 SC
1758 2754 1960 2813 HOLIA
1972 2796 1985 2811 .

176 2884 504 2956 passim._ac
534 2880 684 2956 velut
711 2878 779 2935 ad
805 2878 1077 2956 ingentem
1109 2872 1455 2956 solummodo
1486 2889 1774 2956 numerum
1804 2874 1850 2938 C
1881 2889 1991 2946 quo
2016 2872 2283 2956 Gruterus
2310 2875 2601 2949 plerasque
2630 2880 3369 2956 inscriptionestebristianas
3391 2888 3487 2946 dc~

179 2947 528 3011 efﬁciendum
585 2970 598 3006 :
648 2951 716 3006 de
762 2947 887 3021 qua:
924 2948 1098 3003 forma
1150 2948 1429 3021 quaedam,
1459 2947 1779 3021 observavit

180 3028 319 3084 idem
351 3023 717 3090 Wopkensius
745 3016 812 3077 ad
835 3020 1008 3075 Tacit.
1042 3016 1184 3074 Anu:
1204 3018 1242 3071 Ι.
1267 3035 1359 3082 xv,
1383 3032 1503 3090 cap.
1530 3018 1619 3090 71.
1641 3016 1781 3090 Pue-

183 3100 299 3155 rilia
332 3089 504 3151 millia
532 3103 662 3150 sunt
689 3094 853 3148 millia
890 3106 1183 3162 puerorum
1208 3100 1313 3162 ,_ut
1343 3089 1483 3162 apud
1506 3089 1783 3162 Pruden-

185 3173 311 3227 tium
347 3171 541 3241 bytnu.
574 3182 648 3221 xu
678 3165 835 3221 Catii.
863 3159 1006 3220 vers.
1042 3162 1141 3218 M8
1176 3178 1189 3214 :
1228 3159 1439 3215 Puerile
1464 3160 1646 3231 pignus
1675 3159 1781 3216 tol-

184 3244 304 3299 lere.

255 3314 385 3369 £22.
418 3313 551 3383 Reg.
584 3312 638 3383 ᾖ)
662 3306 995 3383 Milliatum.
1020 3303 1508 3383 luctumquetledit,
1538 3304 1636 3361 sed
1663 3320 1786 3360 eor-

194 3398 411 3442 recuun
446 3376 542 3452 pe'r
574 3380 773 3452 Mittin,
807 3376 1396 3452 plangoremque‘aeditt

255 3457 392 3514 125.
429 3448 561 3525 Reg.
589 3454 647 3518 ‘2,
677 3448 866 3525 Rom},
895 3448 1090 3525 rumpit
1114 3467 1132 3503 :
1157 3448 1249 3503 alii
1279 3449 1418 3519 rupit
1451 3463 1469 3499 .'
1495 3462 1644 3504 vers.
1668 3462 1788 3519 seq.

186 3530 408 3586 variant
430 3522 673 3591 tempora
708 3522 891 3586 secuit,
924 3522 1065 3592 ferit.

261 3602 392 3656 ωδ.
428 3599 505 3654 Ex
535 3589 729 3651 Ovidio
756 3610 794 3650 tt
837 3589 958 3648 Art.
990 3592 1062 3648 95
1103 3609 1115 3645 :
1162 3593 1225 3644 At
1272 3600 1417 3661 pater
1441 3589 1657 3661 infelix,
1699 3606 1791 3645 nec

190 3674 293 3739 iam
319 3683 496 3743 pater,
524 3667 692 3743 Icare,
722 3664 947 3743 cla_mat._
1030 3736 1082 3743 h
1106 3737 1119 3743 Δ
1201 3735 1232 3743 __
1279 3735 1311 3743 _r
1379 3733 1389 3743 .

264 3731 394 3800 l2'6.
423 3731 748 3796 Prudentius
787 3737 987 3807 Apellt.
1022 3736 1150 3801 614,
1183 3735 1342 3800 dixit,
1373 3733 1593 3803 innupto
1621 3731 1791 3787 ubere.

194 3814 283 3872 Sic
314 3814 447 3869 orba
473 3811 652 3866 ubera.

264 3889 398 3942 127.
424 3885 611 3939 Arntz.
633 3899 661 3936 a
686 3898 768 3952 pr.
798 3898 895 3952 m.,
920 3877 1189 3952 Fab_r.,_et
1208 3874 1453 3931 nonnulli
1483 3875 1640 3952 editi,
1664 3891 1798 3952 nunc

196 3973 298 4027 pro
328 3968 498 4023 tunc;
546 3965 601 4009 ut
641 3948 817 4027 solent
858 3951 973 4006 haec
1020 3949 1179 4027 facile
1221 3951 1462 4027 intermse
1488 3948 1798 4027 .coniundi.

198 4017 491 4085 Sententia
537 4024 771 4097 postulat
822 4036 973 4090 tunc,
1026 4020 1107 4075 uti
1137 4021 1317 4097 _locu_s_
1354 4017 1562 4097 \‘irgilii
1610 4020 1799 4097 lib._t_v

200 4100 425 4157 Eneid.
453 4088 596 4152 ver—3.
621 4095 727 4152 408
749 4111 928 4166 seqq..
951 4088 1110 4166 quem
1134 4090 1389 4166 Sedulius
1409 4091 1684 4166 exprimit.
1712 4088 1804 4166 Li-_-

200 4173 388 4228 berius
424 4169 704 4238 Virgilium
743 4159 985 4221 imitatur
1014 4162 1387 4238 _Prudetit_ius,
1417 4169 1478 4238 ttt
1509 4163 1687 4238 notavi
1734 4159 1801 4214 ad

201 4243 395 4316 bytun.
426 4258 461 4295 v
490 4231 817 4309 I'Eristepln.,
840 4236 1137 4316 versJii:
1170 4235 1297 4316 Quis
1316 4231 1554 4316 .autil't’itlt.
1581 4231 1808 4316 Μίδαν-τ

204 4302 454 4378 ΙῙαιὶαηε,
486 4324 606 4366 tunc
632 4302 815 4364 sensus
834 4308 944 4370 tibi,
964 4307 1146 4378 ete.ln
1172 4304 1448 4378 Breviario
1475 4302 1721 4378 Romano
1742 4302 1809 4358 ad

205 4385 409 4444 festum
440 4373 663 4454 Septem
698 4383 957 4454 Dolorum
992 4380 1053 4454 ιξ.
1082 4377 1265 4454 Maria:
1290 4373 1527 4444 Virginis
1556 4389 1808 4454 κεραίης.

212 4460 264 4524 l,
290 4467 440 4512 noct.
473 4445 534 4517 ὃς
562 4453 727 4508 simili
761 4451 923 4524 modo
956 4466 969 4503 :
997 4449 1126 4517 Quis
1152 4447 1243 4501 tibi
1286 4456 1409 4500 tunc
1436 4462 1651 4514 sensus,
1684 4445 1809 4499 dum

210 4531 382 4584 remis
414 4526 563 4589 talia,
603 4523 805 4595 Virgo?

286 4601 414 4655 1-2.8.
465 4589 966 4661 Seliedm'Poelm.,
998 4602 1052 4647 et
1083 4589 1172 4648 ed.
1222 4590 1401 4659 Lips.,
1432 4590 1676 4661 gemitus,
1704 4604 1809 4659 qua

211 4687 345 4727 voce
374 4671 540 4725 utitur
567 4666 821 4736 Virgilius
855 4659 962 4720 loc.
1003 4665 1097 4718 cit.
1131 4664 1199 4717 de
1234 4659 1465 4736 Didone.
1507 4659 1809 4736 Praetereu-

214 4744 343 4798 dum
385 4750 472 4798 est
497 4732 733 4810 fremitus
763 4752 885 4792 cum
914 4750 1073 4810 prosa
1099 4778 1113 4802 ,
1144 4741 1202 4810 et
1231 4734 1506 4810 plerisque
1535 4732 1812 4810 exempla-

212 4816 390 4881 ribus,
431 4803 611 4865 ut'sic
642 4803 931 4864 nervosius
974 4806 1099 4873 viri,
1148 4806 1313 4860 immo
1362 4805 1530 4873 regis,
1556 4803 1811 4859 incensus

218 4885 298 4940 ira
324 4884 540 4939 animus
571 4882 924 4951 exprimatur.

292 4958 415 5012 129.
464 4944 794 5009 Arntzénius
833 4959 1135 5005 tenuaverat
1176 4956 1471 5016 vastamque
1510 4944 1708 4999 videres
1747 4974 1818 4984 —-

219 5026 433 5083 Misceri
476 5036 594 5079 ante
634 5024 811 5078 oculos
860 5023 1015 5077 tantis
1057 5019 1402 5092 plangoribus
1433 5016 1669 5092 aethram.
1694 5016 1816 5092 _l_’_o-

222 5101 420 5154 tuisset
459 5096 651 5151 leviori
693 5095 991 5149 mutatione
1030 5086 1327 5153 vastumque
1356 5090 1556 5142 uideres
1585 5117 1656 5127 ——
1684 5086 1820 5141 Mis-

1883 2946 2171 3029 prompsit.
2206 2946 2343 3004 Vera
2391 2946 2571 3029 tamen
2614 2961 2701 3029 est
2743 2946 2904 3029 lectio
2942 2955 3192 3029 codicum
3235 2972 3391 3027 mss.,
3430 2968 3489 3017 et

1883 3020 2225 3096 editionum,
2261 3030 2319 3074 ut
2365 3024 2585 3091 agnovit
2623 3025 2785 3096 etiam
2823 3025 3155 3083 Arntzeuius
3184 3044 3251 3084 ex
3287 3020 3485 3096 prosa,

1886 3091 1986 3165 ubi
2008 3100 2091 3144 est
2127 3092 2338 3163 pelagus
2386 3107 2485 3160 pro
2523 3110 2718 3165 aequor.
2767 3095 2825 3151 lu
2871 3096 2995 3152 Alb.
3030 3109 3147 3153 erat
3177 3091 3358 3165 (aliter,
3392 3091 3490 3160 sed

1886 3160 2080 3217 eadem
2113 3160 2304 3217 manus
2344 3160 2660 3219 emendavit
2686 3183 2879 3235 aequor.
2911 3169 3181 3224 Cellarius
3221 3172 3274 3226 in
3306 3160 3491 3231 lodice

1888 3248 2064 3311 aequor
2118 3248 2213 3311 per
2240 3238 2528 3311 tumultum
2559 3239 2842 3311 exposuit,
2873 3240 3018 3310 quod
3046 3240 3410 3311 Wopkensius
3433 3255 3492 3302 et

1889 3304 2221 3382 A_rntzeuius
2253 3315 2403 3362 recte
2431 3304 2717 3382 damnant.
2746 3309 2860 3382 Nisi
2891 3304 3139 3368 obstaret
3153 3304 3325 3382 'prosa
3347 3358 3362 3382 ,
3393 3332 3495 3373 ex-

1890 3377 2079 3464 plicari
2112 3381 2974 3464 posset.wqtto‘c‘pex.planitiem.
3006 3377 3379 3464 Wuplieusius
3418 3389 3498 3445 ait

1892 3447 2176 3526 S_ednlium
2207 3447 2431 3526 verbum
2464 3449 2675 3526 Virgilii
2706 3454 3023 3526 retinuisse,
3054 3447 3180 3526 quia
3207 3458 3498 3516 existima-

1893 3519 1992 3583 vit,
2025 3535 2203 3589 wquor
2221 3520 2330 3575 diei
2360 3535 2522 3589 posse
2543 3521 2613 3577 de
2636 3522 2793 3597 aquis
2814 3519 3093 3597 Iordanis,
3119 3526 3333 3597 aliisve,
3364 3546 3500 3597 quas

1897 3599 2238 3667 transmeai‘e
2282 3600 2487 3667 matres
2521 3607 2650 3667 eum
2682 3592 2981 3650 infantibus
3024 3596 3296 3667 fugientes
3319 3592 3501 3656 ’coua-

1897 3670 2107 3733 rentur.
2159 3661 2403 3717 llerodes
2445 3663 2663 3731 quidem
2720 3679 2960 3733 praesens
3007 3661 3114 3722 non
3172 3680 3290 3724 erat
3336 3688 3348 3723 :
3402 3673 3501 3728 sed

1897 3747 1980 3805 vel
1997 3731 2070 3805 ba
2090 3732 2429 3805 prospiceres,
2455 3743 2512 3805 et
2537 3731 2734 3789 videres
2754 3744 2873 3789 ante
2896 3739 3097 3805 oculos,
3125 3755 3231 3794 nun
3258 3740 3502 3800 absurde

1900 3802 2133 3869 intelligi
2191 3802 2422 3882 pessum.
2473 3804 2543 3860 de
2602 3807 2777 3882 oculis
2841 3802 3505 3882 mentisfluterpretalio

1902 3889 2076 3945 prusa:
2109 3877 2554 3954 retinenda_est,
2604 3877 2861 3954 nimirum
2894 3878 3123 3954 intetligi
3157 3877 3380 3954 pelagus
3422 3886 3508 3941 la-

1902 3960 2212 4025 erymarum
2238 3948 2610 4025 inundatione
2639 3949 2951 4025 collectum.
2984 3948 3174 4025 Habet
3208 3948 3309 4010 hoc
3335 3958 3504 4013 etiam

1906 4016 2204 4143 "Ispiliillm:
2237 4019 2461 4088 idiotua,
2494 4029 2551 4075 ut
2570 4023 2850 4091 copiosum
2875 4021 3061 4080 lletutn
3089 4016 3231 4081 mare
3251 4027 3508 4099 lacrgma-

1906 4104 2020 4142 ηιηι
2086 4104 2164 4143 lca
2198 4129 2212 4143 ο

1906 4104 2020 4142 rum
2044 4099 2212 4143 dicat.

1914 4160 2104 4286 bufo.
2136 4160 2249 4215 Ott.
2284 4162 2347 4229 t,
2380 4162 2697 4220 clamoribus
2717 4206 2733 4235 ,
2766 4182 2834 4221 cx
2862 4182 2970 4239 quo
3005 4167 3209 4224 factum
3243 4169 3513 4244 plangori-

1839 4270 1888 4332 D
1914 4270 2117 4375 ῗωῖὅξ.
2147 4302 2268 4360 Vat.
2311 4305 2377 4372 2,
2427 4305 2561 4375 Reg.
2595 4306 2651 4373 ὅ,
2680 4306 2967 4365 Exstinctis
3005 4320 3177 4368 tamen
3220 4313 3340 4371 sine
3384 4330 3513 4373 con~

1913 4372 2198 4454 jttnctioue
2227 4392 2326 4447 que
2368 4372 2557 4433 contra
2588 4372 2765 4454 legem
2805 4383 3037 4454 pediam.
3071 4384 3244 4441 Aldus
3293 4387 3392 4441 hos
3423 4372 3519 4442 en-

1918 4446 2073 4528 dices
2088 4446 2315 4529 secutus
2340 4458 2425 4504 est
2442 4490 2475 4529 ,_
2478 4457 2547 4529 _ut
2572 4446 2890 4529 so-[etpnisi
2920 4454 2991 4520 si,
3024 4466 3085 4509 ut
3117 4467 3262 4524 puto,
3296 4457 3429 4529 Reg.
3460 4460 3516 4523 5,

1918 4516 2169 4594 sequitug
2200 4519 2441 4594 AldumL
2449 4518 2584 4577 Urb.
2617 4516 3007 4594 Exstinctisque
3054 4516 3259 4580 tantum
3287 4544 3305 4581 :
3344 4516 3521 4585 ré’nné

1917 4597 2109 4667 tamen.
2137 4589 2379 4667 §_e_ilie_et,
2406 4592 2473 4667 Et
2505 4602 2680 4667 tamen
2710 4589 2997 4651 exstinctis
3027 4597 3347 4667 infantibus,
3371 4612 3480 4657 etc.

1993 4660 2117 4741 iiii.
2148 4661 2517 4742 Wopkensius
2554 4664 2716 4742 longe
2745 4668 3036 4724 venustius
3066 4678 3217 4737 putat
3244 4660 3348 4742 qua
3380 4688 3399 4728 :
3426 4672 3524 4729 sed

1918 4735 2009 4800 qui
2040 4746 2316 4814 receptum
2345 4744 2430 4791 est
2456 4736 2526 4790 ab
2550 4735 2807 4791 omnibus
2826 4778 2843 4804 ,
2874 4749 2930 4793 et
2969 4735 3238 4796 retinetur
3256 4735 3293 4796 'a
3325 4757 3487 4814 prosa
3507 4784 3525 4813 ,

1920 4805 2241 4879 nee_rt1in_ns
2260 4808 2483 4879 elegans
2507 4818 2611 4863 est.

1993 4874 2117 4953 ltili.
2150 4874 2420 4953 Fabrtfet
2461 4878 2707 4934 nonnulli
2734 4879 2826 4935 alii
2863 4879 3021 4950 editi,
3049 4882 3306 4953 Suspicit.
3334 4885 3528 4944 Solent

1920 4944 2042 4999 haec
2067 4946 2176 5001 duo
2200 4949 2365 5004 verba
2397 4951 2541 5005 inter
2565 4964 2689 5006 sese
2714 4944 3059 5009 commutari.
3102 4944 3218 5013 Hoc
3241 4957 3367 5014 loco
3404 4974 3533 5015 sen-

1926 5016 2091 5099 tentia
2145 5021 2314 5090 exigit
2356 5020 2608 5099 §uscipit.
2652 5020 3035 5099 Nebrissensis
3085 5031 3307 5098 exponit
3354 5046 3368 5083 :
3425 5030 3529 5083 sibi

1925 5090 2185 5169 imputat,
2228 5090 2371 5161 quod
2419 5090 2520 5161 pro
2566 5107 2628 5149 se
2666 5093 2762 5148 alii
2828 5095 3127 5165 patiuntur.
3156 5090 3387 5169 'Sentit,
3424 5100 3535 5155 illis

220 5173 323 5226 ceri
352 5177 476 5223 aute
502 5170 679 5222 oculos
708 5168 864 5220 tantis
890 5163 1227 5238 plaggoribus
1250 5160 1414 5215 a'tltra
1440 5176 1457 5213 :
1487 5157 1700 5238 scilicet
1725 5172 1823 5228 pro
1926 5159 2202 5238 (ξοιμξριθιΣ

220 5242 420 5297 (ethera
439 5282 454 5306 ,
484 5256 594 5310 quo
634 5230 947 5310 accusativo
975 5230 1167 5310 Οἰωςο
1196 5240 1481 5310 contracto
1508 5230 1672 5285 aethra
1701 5246 1821 5310 _n_ott

220 5312 400 5369 semel
422 5299 550 5367 usus
569 5318 654 5365 est
671 5308 967 5373 Juvencus,
987 5316 1044 5362 ut
1065 5304 1275 5360 adverti
1294 5305 1361 5357 ad
1389 5312 1424 5357 Ι.
1450 5301 1507 5368 2,
1527 5317 1670 5357 vers.
1698 5299 1825 5373 sse.

223 5385 303 5440 lta
335 5385 503 5440 etiam
536 5380 818 5451 inscriptio
846 5369 1001 5436 vetus
1030 5377 1171 5446 apud
1194 5375 1485 5451 Gruterum
1515 5388 1636 5444 pag.
1665 5369 1828 5451 1164ε

224 5471 282 5513 n.
323 5455 387 5520 4,
434 5444 746 5524 ΕῙῙιιωδιιιὶε
785 5467 963 5524 preces
997 5444 1167 5524 mittat
1191 5449 1284 5524 _ad_
1322 5444 1487 5501 aethra
1531 5460 1693 5524 ευρ-ξ)
1750 5444 1832 5498 uti

225 5516 395 5585 etiam
437 5516 631 5598 legitur
660 5516 726 5580 'in
763 5516 955 5580 c'odice
990 5522 1159 5578 Vatic.
1191 5518 1368 5575 Palat.
1400 5531 1548 5572 num.
1582 5516 1711 5584 833,
1763 5529 1834 5570 ex

1937 5230 2134 5373 legit-‘5}.
2176 5233 2339 5292 Rom.
2390 5232 2493 5289 Ubi
2534 5232 2742 5288 sedebat
2784 5233 3041 5293 Dominus
3088 5241 3223 5294 inter
3263 5241 3538 5312 magistros

2015 5374 2136 5429 157.
2172 5374 2483 5446 Scriptores
2508 5383 2727 5452 veteres
2753 5376 3039 5452 christiani
3072 5381 3276 5452 passim
3306 5381 3544 5452 pruden-

1942 5443 2097 5519 tiam,
2124 5443 2474 5504 maturiorem
2515 5448 2775 5519 iuvenum
2804 5451 3040 5517 senium,
3073 5443 3196 5508 'sive
3232 5443 3543 5511 senectutem

1942 5518 2157 5585 mentis,
2191 5519 2365 5574 cordis
2395 5526 2494 5574 aut
2517 5518 2713 5586 animi,
2742 5521 3112 5591 appellabant.

302 5626 327 5688 ἑ
360 5616 527 5673 Error
549 5618 603 5671 in
624 5615 865 5687 antiquis
885 5611 1225 5688 editioniitus
1245 5608 1593 5666 bibliothecae
1613 5605 1838 5688 Patrum
1949 5610 2205 5688 mendum
2237 5621 2323 5688 est
2349 5610 2405 5668 in
2436 5611 2715 5668 nonnullis
2738 5611 2933 5688 editis,
2962 5614 3246 5688 Rescripsi
3284 5619 3448 5678 etiam
3472 5623 3553 5677 in-

228 5687 466 5763 geiidum
503 5677 774 5743 corruens'
796 5686 1062 5763 cadavere:
1110 5682 1369 5763 [fortasse
1402 5689 1594 5733 auctor
1623 5677 1844 5763 scripsit

228 5754 410 5832 gelido
436 5774 677 5816 corruens
725 5754 1196 5828 cadavere.gPaulo
1237 5761 1361 5824 post
1388 5766 1587 5822 semper
1616 5754 1842 5806 incertus

1949 5684 2176 5738 sontium
2198 5683 2415 5740 vulnera
2431 5725 2449 5751 ,
2485 5697 2583 5756 pro
2608 5698 2720 5755 quo
2748 5684 2938 5742 inveni
2966 5683 3217 5744 sontium.
