4086 6184
573 257 678 312 615

1991 467 2167 539 [crum

710 558 1030 630 Egrediens,
1060 559 1232 614 siccas
1263 559 1524 616 Deminus
1553 560 1786 616 calcavit
1812 576 2022 626 arenas,

712 651 1012 706 Confestim
1037 661 1262 722 patuere
1292 653 1424 724 poli,
1451 663 1782 724 sanctusque
1813 654 2080 709 columbae

709 745 872 816 219
907 744 1139 815 Spiritus
1187 746 1242 800 in
1291 746 1476 815 specie
1509 745 1788 802 Christum
1820 746 2042 800 vestivit
2072 743 2170 799 ho-

1923 838 2098 912 [nore,

570 929 674 988 170
712 930 1166 1004 Mansuetumque
1193 931 1373 1001 docet,
1408 933 1746 1004 multumque
1777 932 2034 989 incedere
2071 931 2171 986 nii-

1929 1026 2095 1098 [tem,

1934 276 1939 282 '
1963 257 2177 316 C(ELII
2217 259 2492 317 SEDULII

779 369 920 440 Ergo
949 369 1038 426 ubi
1069 369 1383 425 ﬂumineum
1412 378 1538 442 post
1573 371 1805 444 mystica
1837 373 1978 428 dona
2016 375 2163 430 lava-
2189 379 2243 438 Α

3249 256 3276 265 -ο

3750 265 3838 322 616

2413 377 2515 431 Per
2546 378 2846 442 volucrem,
2879 391 2998 446 qua:
3030 376 3151 431 felle
3192 383 3362 442 caret,
3412 384 3641 448 natoque
3669 393 3837 438 VOCnlo

2419 468 2562 522 Voce
2595 468 2792 531 Patris,
2829 467 3028 535 triplici
3063 469 3206 522 Deus
3234 485 3298 522 ex
3335 470 3540 524 ratione
3575 471 3828 540 probatur,

2421 560 2572 629 Quod
2587 561 2774 628 Pater,
2806 569 2862 617 et
2879 561 3070 631 Natus,
3089 561 3233 633 quod
3257 561 3478 632 spiritus
3501 572 3583 618 est
3610 563 3678 619 ibi
3693 565 3838 622 Sanc-

3655 657 3778 731 [tus,

2418 748 2536 815 Quo
2566 759 2748 805 manet
2772 749 3046 821 indignus,
3063 750 3152 821 qui
3173 765 3282 804 non
3298 751 3834 807 numeraveritnnnm.

2278 838 2384 894 175
2423 841 2588 911 220
2625 839 2758 896 Inde
2803 841 3159 912 quaterdenis
3214 840 3326 910 jam
3370 842 3654 908 noctibus,
3702 853 3839 915 atque

3576 936 3782 1011 [diebus

2424 1027 2676 1098 Jejunum
2707 1028 2960 1099 dapibus,
2993 1044 3150 1086 sacro
3182 1030 3479 1101 spiramine
3512 1031 3722 1102 plenum

1916 1165 2097 1222 OPUS
2137 1163 2517 1222 PASCHALE.

569 1283 875 1350 descendit,
906 1283 1236 1351 ostenditur,
1275 1293 1476 1356 quanta
1509 1283 1581 1339 sit
1606 1283 1728 1355 ejus
1761 1283 1996 1352 bonitas,
2024 1301 2177 1341 man-

568 1379 820 1443 suetudo,
850 1377 1176 1448 simplicitas
1197 1419 1213 1446 ,
1247 1394 1347 1448 per
1377 1379 1686 1442 volucrem,
1733 1375 1877 1432 fellis
1908 1378 2174 1433 amaritu-

575 1471 756 1528 dinem
787 1488 894 1527 non
921 1472 1236 1528 habentem.
1270 1471 1339 1527 Et
1373 1487 1442 1527 ne
1471 1470 1833 1541 corporaliter
1871 1471 2019 1524 visus
2051 1485 2175 1526 esse

574 1566 882 1620 nesciretur
919 1565 1081 1629 Deus,
1111 1578 1246 1619 voce
1280 1563 1454 1618 Patris
1485 1562 1752 1618 asseritur
1780 1561 2040 1617 dicentis:
2073 1560 2177 1615 Hic

2283 1297 2388 1338 uno
2415 1282 2570 1338 fulsit
2601 1301 2666 1340 ex
2691 1284 2824 1353 Deo,
2860 1302 2968 1356 quo
2997 1285 3196 1356 dignus
3225 1302 3333 1342 non
3354 1294 3600 1358 meretur
3619 1287 3838 1353 existere,

2279 1379 2372 1450 qui
2406 1380 2709 1436 numeravit
2740 1380 3086 1437 Trinitatem.

2350 1480 2502 1534 Tunc
2532 1481 2727 1536 ductus
2751 1489 2836 1537 est
2863 1481 3024 1537 lesus
3070 1483 3121 1536 in
3154 1481 3432 1538 desertum
3480 1499 3512 1538 a
3561 1484 3759 1553 spiritu,
3797 1493 3844 1539 ut

2284 1583 2584 1630 tentaretur
2609 1592 2639 1630 a
2670 1576 2908 1631 diabolo.
2937 1577 3002 1631 Et
3034 1593 3155 1632 cum
3183 1577 3489 1648 jejunasset
3519 1580 3841 1650 quadraginta

569 1667 645 1712 est
673 1655 843 1712 Filius
875 1675 1018 1713 meus
1048 1658 1371 1724 dilectus,'in
1395 1675 1497 1729 quo
1526 1658 1654 1711 mihi
1681 1655 1992 1727 complacui.
2026 1657 2172 1712 Prm-
2204 1697 2252 1756 Β
2281 1666 2499 1732 diebus,
2533 1677 2589 1722 ei,
2632 1670 2986 1740 quadraginta
3022 1670 3296 1738 molibus,
3341 1683 3530 1742 postea
3561 1672 3760 1728 εευτίίι,
3789 1673 3843 1728 Et

569 1749 757 1805 clarus
785 1749 889 1805 iste
920 1750 1233 1806 dilectionis
1255 1751 1483 1805 affecms
1517 1750 1730 1821 plenam
1761 1748 2021 1804 catholici
2041 1749 2174 1820 dog-

571 1849 734 1899 matis
764 1844 1008 1900 continet
1043 1845 1385 1909 llrmitatem,
1412 1857 1683 1914 unamque
1713 1841 1910 1908 Patris,
1943 1850 1999 1896 et
2028 1841 2171 1904 Filii,

569 1939 888 2008 pronuntiat
936 1953 1060 1994 esse
1103 1940 1386 1993 virtutem.
1446 1937 1701 1992 Charitas
1732 1935 1904 2003 enim,
1953 1951 2071 2006 quae
2120 1935 2170 1990 in

571 2031 684 2086 Deo
715 2033 1008 2098 consistit,
1043 2047 1070 2084 a
1103 2031 1484 2086 similitudinis
1515 2039 1570 2086 et
1611 2029 1938 2101 a'qualitatis
1977 2029 2172 2098 spiritu

565 2141 672 2182 non
706 2124 931 2181 recedit.
964 2123 1098 2179 Nam
1137 2124 1229 2195 qui
1270 2123 1408 2178 dixit
1436 2122 1521 2177 sui
1552 2123 1673 2194 lege
1705 2122 1950 2177 mandati
1984 2139 1996 2175 :
2033 2120 2174 2174 Dili-

566 2239 653 2293 ges
691 2223 984 2292 proximum
1021 2231 1186 2289 tuum,
1217 2229 1480 2292 tamquam
1511 2219 1751 2292 teipsum,
1785 2218 1992 2282 docuit,
2043 2216 2171 2272 dili-

567 2317 748 2386 gentis
789 2323 846 2370 et
889 2314 1075 2370 dilecti
1117 2315 1322 2370 nullam
1377 2313 1496 2368 fieri
1527 2322 1784 2382 oportere
1832 2312 2168 2366 distantiam.

565 2407 698 2464 Nam
730 2419 784 2464 et
809 2408 863 2463 in
896 2407 1147 2478 sequenti
1178 2407 1375 2474 verbo,
1406 2405 1548 2476 quod
1576 2405 1812 2471 addidit,
1843 2405 1898 2458 in
1923 2421 2022 2474 quo
2043 2405 2170 2458 mihi

560 2502 870 2575 complacui,
906 2500 1229 2571 intelligitur
1257 2507 1582 2570 potestatem
1631 2500 1790 2553 unius
1823 2497 2042 2552 deitatis
2070 2514 2168 2553 ex-

563 2595 820 2666 planasse
867 2609 1240 2651 communem.
1276 2593 1406 2649 Plus
1449 2601 1536 2648 est
1563 2592 1710 2648 enim
1739 2592 2033 2664 comptae-ui
2079 2591 2162 2646 di-

565 2691 733 2756 xisse,
785 2706 949 2761 quam
991 2691 1193 2762 placui,
1243 2691 1367 2761 quia
1417 2689 1722 2759 complacui
1775 2686 2166 2743 convenientia:

563 2785 793 2841 verbum
822 2793 929 2850 est,
958 2794 1014 2840 et
1058 2786 1293 2856 gemina:
1341 2785 1522 2840 cernit
1567 2782 1846 2839 adhaerere
1893 2795 2163 2852 personae.

562 2877 717 2947 Quod
750 2878 874 2934 ideo
903 2892 1006 2934 vox
1036 2877 1279 2935 cmlestis
1308 2877 1602 2946 espressit,
1625 2888 1682 2932 ut
1703 2888 1755 2932 et
1786 2877 1945 2932 Pater
1978 2877 2031 2932 in
2079 2877 2168 2932 Fi-

557 2971 654 3039 lio,
685 2981 740 3027 et
765 2971 933 3027 Filios
960 2970 1358 3041 complacuisse
1385 2969 1635 3026 videatur
1658 2971 1710 3024 in
1734 2971 1918 3026 Patre.
1947 2969 2081 3026 Nam
2112 2980 2167 3026 et

2279 1762 2548 1817 accedens
2570 1761 2636 1816 ad
2670 1778 2792 1816 eum
2823 1771 3084 1830 tentator,
3109 1763 3248 1818 dixit
3273 1766 3354 1820 ei:
3382 1765 3444 1820 Si
3477 1762 3652 1819 Filius
3673 1765 3759 1819 Dei
3780 1782 3838 1829 es,

2278 1855 2380 1921 dic,
2411 1866 2466 1910 ut
2511 1856 2710 1927 lapides
2756 1857 2842 1911 isti
2888 1873 3047 1929 panes
3077 1857 3230 1927 fiant.
3280 1857 3449 1928 Igitur
3483 1857 3777 1914 lentabatur
3816 1872 3840 1911 a

2277 1946 2518 2013 diabolo,
2551 1947 2675 2003 fidei
2707 1964 2924 2019 semper
2961 1949 3203 2005 inimico.
3238 1949 3409 2005 Nemo
3453 1949 3606 2005 enim
3635 1951 3726 2004 sibi
3750 1965 3841 2005 ma-

2277 2042 2529 2098 nifestam
2545 2060 2659 2098 rem
2683 2043 2927 2109 discmit,
2946 2044 3051 2099 nisi
3073 2046 3183 2114 qui,
3208 2045 3386 2100 fallaci
3419 2046 3616 2115 plenus
3639 2044 3840 2114 ingenio,

2276 2147 2573 2205 comperta:
2603 2134 2823 2191 veritati
2853 2153 2958 2191 non
3014 2136 3211 2203 credit,
3244 2136 3387 2192 sicut
3429 2137 3558 2206 ipse
3597 2137 3840 2201 diabolus,

2273 2239 2365 2308 qui
2397 2247 2586 2308 postea
2617 2253 2778 2308 quain
2823 2237 3008 2292 Jesum
3044 2238 3253 2308 paterni
3305 2238 3567 2294 claritate
3608 2236 3840 2294 sermonis

2278 2339 2368 2394 Dei
2413 2338 2608 2394 Filium
2666 2355 2789 2396 esse
2834 2340 3112 2410 cognovit,
3160 2339 3521 2410 ejusdemque
3580 2339 3838 2409 potentiam

2273 2441 2602 2512 singularem
2633 2442 2994 2512 quadraginta
3033 2441 3226 2498 diebus
3257 2451 3313 2496 et
3357 2441 3711 2512 quadraginta
3735 2454 3840 2495 noc-

2274 2545 2418 2599 tibus
2445 2543 2577 2599 nihil
2602 2545 2876 2599 vescentis
2899 2543 3138 2612 expavit.
3161 2542 3315 2599 Licet
3343 2543 3570 2615 Moyses
3600 2540 3836 2604 similiter,

2271 2662 2325 2706 et
2354 2650 2499 2706 Elias
2557 2642 2784 2704 totidem
2834 2647 3047 2704 dierum
3098 2647 3478 2712 sustinuerint,
3521 2646 3840 2713 noctiumque

2267 2754 2553 2825 jejunium.
2588 2752 2696 2808 Sed
2731 2751 2852 2806 illos
2883 2741 3058 2805 alieno
3091 2750 3254 2804 fultos
3274 2749 3508 2816 auxilio,
3541 2759 3838 2821 quamquam

2271 2872 2371 2912 suo
2394 2858 2592 2912 merito
2615 2862 2844 2910 noverat
2884 2852 3000 2908 inec
3029 2851 3246 2908 fecisse.
3285 2850 3468 2907 Iesum
3504 2850 3722 2921 propria
3745 2862 3842 2902 cer-

2275 2959 2438 3014 nebat
2481 2957 2696 3029 operari
2741 2959 2967 3013 virtute.
3025 2955 3188 3024 Spem
3239 2960 3468 3024 repente
3516 2949 3837 3008 vanissimam

556 3066 678 3136 ipso
709 3077 815 3120 tam
851 3076 1092 3136 paterna:
1121 3066 1294 3130 vocis,
1319 3081 1481 3136 quam
1513 3064 1638 3120 Filii
1666 3065 2026 3134 baptismatis,
2077 3065 2164 3121 vel
2195 3085 2240 3146 ρ
2272 3063 2454 3135 stulta:
2483 3059 2798 3115 tentationis
2841 3057 3093 3128 arripuit,
3128 3056 3254 3128 quia
3313 3055 3589 3111 Dominus
3627 3051 3834 3109 esurivit.

563 3162 802 3233 Spiritus
848 3159 1153 3216 advolantis
1205 3160 1483 3216 consortio
1533 3171 1886 3230 congregato,
1923 3160 2164 3217 Trinitas

2272 3162 2384 3219 Nec
2415 3161 2648 3218 audebat
2671 3160 2894 3232 aggredi
2933 3159 3297 3225 divinitatem,
3350 3157 3454 3214 nisi
3509 3158 3732 3214 mixtum
3771 3152 3833 3206 vi-

2045 3275 2386 3349 :scuoua.

559 3397 788 3470 vulgati,
819 3397 943 3470 quia
970 3393 1254 3470 subtrahis,
1294 3392 1440 3470 qu_od
1490 3393 1828 3470 recentiores
1869 3394 2153 3470 Grnnerns

556 3479 613 3524 et
637 3465 959 3526 Krntzenius
989 3468 1328 3522 secutisnnt.
1351 3465 1462 3520 Ott.
1489 3466 1512 3520 1
1553 3467 1603 3520 in
1623 3475 1903 3529 contextu,
1934 3466 2149 3534 Arntz.,

554 3543 724 3613 Aug.,
749 3541 898 3605 Alb.,
927 3540 1040 3613 Ott.
1071 3538 1128 3602 2,
1155 3537 1529 3613 Urb.,_R0t_n_.,
1556 3537 1726 3613 biens,
1755 3537 1970 3613 Parrh.,
1999 3539 2149 3613 Al_tl.,

553 3623 612 3669 et
637 3607 883 3684 plerique
913 3609 1066 3684 editi,
1093 3610 1220 3680 quid
1243 3607 1538 3684 subtrahis.
1568 3608 1631 3684 ln_
1665 3608 1849 3684 Vat._1
1893 3618 1947 3684 et
1985 3613 2018 3662 2
2047 3609 2151 3684 d_u—

555 3679 727 3751 Ιήιῐιη,
761 3679 828 3738 an
874 3681 1020 3749 quid,
1052 3679 1121 3735 an
1164 3681 1289 3752 quia
1329 3679 1403 3735 sit
1441 3681 1751 3744 legendum.
1792 3681 1850 3735 1n
1900 3681 2034 3752 Reg.
2064 3682 2089 3736 1
2120 3697 2151 3736 a

551 3772 637 3827 pr.
675 3773 749 3811 m.
791 3754 1026 3827 fortasse
1055 3753 1154 3827 fuit
1177 3751 1348 3827 quid;
1383 3766 1528 3806 nunc
1550 3767 1715 3827 supra
1749 3755 1870 3827 quia
1899 3753 2153 3827 es_t_glos-

549 3823 631 3891 sa,
654 3830 739 3883 vel
771 3826 987 3880 diversa
1019 3825 1199 3893 potius
1224 3823 1496 3888 scriptura
1528 3824 1676 3891 quid,
1705 3825 1782 3876 vel
1808 3841 1920 3877 cur.
1961 3823 2152 3878 Verior

552 3911 635 3954 est
664 3899 824 3954 lectio
851 3898 974 3967 quia
995 3911 1059 3950 ex
1091 3909 1274 3967 prosa.
1298 3903 1354 3949 et
1375 3894 1560 3967 verbis
1580 3895 1770 3967 psalmi
1802 3910 1937 3951 cxnt
1963 3912 1975 3947 :
2012 3895 2153 3959 Quid

552 3980 625 4024 est
653 3972 762 4034 tibi,
789 3964 952 4028 utare.
977 3968 1116 4038 quod
1139 3966 1325 4038 fugisti
1337 3968 1368 4038 ?7
1385 3965 1448 4018 Et
1472 3974 1550 4030 tu,
1573 3964 1847 4033 Iordanis,
1878 3967 2000 4038 quia
2023 3982 2149 4019 con-

552 4058 725 4097 versus
756 4059 808 4095 es
852 4038 1175 4094 retrorsum?
1198 4037 1406 4094 Similia
1435 4047 1562 4092 sunt
1587 4040 1836 4100 exempla
1868 4038 1918 4090 in
1955 4037 2150 4107 Vulga-

550 4121 601 4167 ta
633 4113 885 4168 versione
913 4126 1083 4167 sacrte
1109 4110 1427 4178 Scriptum,
1445 4118 1500 4161 et
1519 4109 1624 4163 alia
1651 4123 1715 4162 ex
1739 4107 1917 4162 Rufini
1943 4108 2145 4164 Hister.

554 4183 795 4246 Eccles.,
827 4185 879 4236 in
902 4183 1097 4253 quibus
1123 4182 1246 4253 quia
1275 4182 1512 4253 sumitur
1540 4195 1636 4253 pro
1663 4180 1822 4250 quod,
1850 4180 1936 4233 vel
1963 4196 2076 4234 cur.

626 4255 752 4311 166.
800 4255 856 4308 In
900 4252 1021 4307 meo
1062 4252 1253 4309 codice
1296 4252 1488 4306 titulus
1535 4252 1638 4306 hoc
1684 4254 1802 4307 loco
1841 4254 2148 4320 apponitur,

2260 3397 2402 3460 dere,
2434 3400 2520 3452 vel
2555 3397 2859 3469 justumque
2889 3397 3146 3452 incedere.
3191 3399 3478 3454 Crunerus
3538 3406 3598 3456 et
3639 3399 3831 3454 Arnlzec

2260 3470 2386 3523 nius
2408 3469 2534 3536 jure
2561 3468 2911 3524 dissentiunt.

2335 3540 2457 3614 171.
2508 3540 2630 3596 Vet.
2665 3541 2799 3614 1,2,
2851 3541 3038 3614 Mon.,g
3073 3550 3310 3612 notoque,
3362 3556 3560 3598 errore
3609 3551 3830 3614 typogra'

2261 3610 2442 3681 pbico,
2477 3621 2624 3667 certe
2650 3612 2863 3666 vitiose.
2891 3613 3043 3677 Quod
3071 3610 3248 3668 autem
3299 3613 3558 3670 columba
3608 3610 3831 3668 felle’ra-

2259 3694 2395 3740 reat.
2429 3683 2574 3752 vulgi
2601 3683 2818 3753 quidem
2848 3684 3032 3752 opinio
3056 3696 3158 3746 est,
3190 3683 3286 3739 sed
3321 3683 3476 3746 falsa.
3531 3696 3590 3740 ut
3621 3684 3826 3746 tradunt,

2259 3755 2350 3824 qui
2382 3754 2688 3824 hnjnsmodi
2715 3770 2898 3809 rerum
2926 3755 3212 3809 scientiam
3253 3757 3598 3824 profitentur.

2331 3827 2456 3880 172.
2499 3828 2607 3879 Ott.
2640 3825 2697 3892 2,
2741 3825 2879 3880 Deus
2910 3829 3150 3880 ratione:
3198 3839 3254 3881 ut
3295 3836 3401 3881 stet
3431 3843 3644 3886 versus.
3675 3828 3830 3893 legen-

2257 3897 2384 3950 dum
2420 3897 2556 3950 Deus
2581 3913 2642 3950 ex
2663 3901 2884 3965 ratione,
2918 3913 3094 3967 neque
3124 3899 3261 3953 male
3287 3907 3434 3954 esset
3457 3896 3604 3955 Deus
3644 3900 3731 3951 hac
3755 3912 3825 3948 ra-

2257 3969 2414 4022 tione.

2332 4041 2456 4094 175.
2507 4039 2677 4104 Mens,
2723 4039 2842 4112 ubi;
2874 4041 3136 4112 lege.ibi.

2331 4112 2454 4166 174.
2513 4113 2695 4174 Cant.,
2725 4111 2858 4181 Reg.
2907 4112 2961 4173 4,
3011 4111 3123 4168 O.t.
3161 4113 3213 4177 1,
3274 4113 3563 4168 recentiori
3619 4129 3714 4176 m.,
3754 4111 3830 4164 lto-

2259 4184 2541 4254 norarerit.
2583 4182 2722 4254 Editi
2765 4199 2887 4236 cum
2921 4185 3193 4254 plerisque
3225 4199 3354 4237 mss.
3401 4186 3756 4240 numerarent.
3785 4185 3828 4254 In

2258 4254 2368 4307 Utt.
2403 4255 2429 4307 1
2465 4253 2614 4323 prius
2648 4252 2748 4308 fuit
2775 4257 3085 4316 ador-(iverit,
3107 4252 3225 4309 _aut
3251 4259 3470 4310 oraverit
3495 4274 3514 4311 :
3555 4271 3712 4325 supra
3760 4253 3828 4308 vel

556 4326 787 4417 .‘Spiritus
828 4326 1131 4417 sqnctusnin
1156 4325 1347 4417 lspecie,
1379 4323 1932 4417 σοιςξηοξοπεἰμρριιξιιξςΞ
1965 4321 2146 4417 (ξεμξιη
2178 4321 2765 4417 Βειοεεθ,“νθι.ό.,ε.,
2812 4328 3178 4408 numeraverit.
3229 4328 3557 4408 Arntzenius
3604 4321 3702 4410 ait,
3746 4343 3832 4379 nu-

550 4392 769 4464 Arntz.,
798 4395 1019 4452 schedue
1042 4392 1277 4461 Poelin.,
1308 4394 1441 4465 Reg.
1467 4396 1522 4458 2,
1548 4394 1602 4462 5,
1639 4392 1780 4448 van.
1814 4395 1867 4460 1,
1899 4395 1955 4458 2,
1993 4392 2146 4457 Urb.,

550 4469 666 4526 Ott.
695 4470 751 4530 2.
781 4469 932 4535 Alb.,
961 4469 1144 4533 Rom.,
1169 4468 1341 4534 Meus,
1373 4468 1590 4531 Parrh.,
1615 4465 1766 4531 Altl.,
1795 4477 1848 4521 ct
1876 4467 1964 4519 alii
1996 4465 2146 4526 editi.

551 4542 789 4611 ﬂuminei
834 4549 948 4610 post
997 4541 1215 4610 mystica
1263 4539 1420 4611 dona,
1451 4538 1664 4591 lavacri.
1694 4537 1837 4611 Reg.
1866 4538 1916 4602 1,
1947 4535 2059 4611 Ott.
2097 4539 2145 4611 lg,

552 4609 672 4666 eum
725 4609 909 4667 tnultis
956 4609 1143 4677 editis,
1178 4610 1481 4676 praisertim
1532 4609 1946 4669 recentioribus,
1974 4609 2150 4677 ﬂumi-

553 4698 708 4737 neum
737 4693 853 4754 post
891 4683 1113 4754 mystica
1153 4681 1292 4735 dona
1337 4681 1622 4744 lavacrum,
1647 4679 1788 4748 quod
1822 4678 1951 4732 mihi
1984 4680 2146 4732 etiam

553 4762 728 4820 magis
758 4753 987 4809 arridet.
1646 4801 1653 4814 .,

628 4819 750 4880 167.
795 4824 978 4891 Rom.,
1015 4825 1184 4886 Meus,
1209 4825 1326 4879 Ott.
1370 4823 1422 4891 1,
1471 4821 1602 4883 Reg.
1645 4824 1700 4878 2.
1737 4820 1950 4884 Parrh.,
1993 4819 2146 4890 Ald.,

549 4896 714 4950 siccas
764 4895 1053 4962 Dominus;
1116 4896 1245 4966 Reg.
1284 4897 1336 4966 1g,
1379 4901 1436 4949 et
1483 4892 1598 4958 alii,
1648 4891 1913 4966 Dominus,
1958 4893 2144 4966 siccas.

550 4967 878 5025 Arntzenius
904 4967 1076 5022 edidit
1094 4964 1259 5021 siccas
1284 4964 1561 5030 Dominus,
1587 4973 1641 5019 et
1665 4965 1976 5026 Parrhasio.
1998 4964 2144 5018 aliis-

550 5055 658 5111 que
693 5037 928 5111 vulgatis
951 5039 1138 5094 tribuit
1168 5037 1424 5092 Dominus
1451 5037 1637 5105 siccas,
1668 5036 1763 5091 sed
1793 5035 1985 5090 Parrh.
2008 5051 2143 5091 con-

552 5113 780 5167 trarium
815 5111 1000 5167 habet.

625 5184 748 5240 169.
809 5182 1089 5238 Vonckius
1135 5181 1377 5237 tentabat
1430 5178 1694 5234 Christum
1746 5179 1999 5234 investivit
2051 5178 2143 5231 ho-

550 5271 710 5310 nore:
737 5270 898 5326 quam
924 5258 1295 5322 conjecturam
1313 5251 1618 5326 facillimam
1635 5265 1756 5326 esse
1774 5251 1907 5304 dicit
1927 5253 2144 5303 Arntze-

547 5327 693 5395 nius,
723 5323 846 5382 cum
880 5326 1014 5382 nihil
1036 5327 1106 5381 sit
1135 5327 1186 5379 in
1219 5339 1349 5378 mss.
1380 5323 1738 5395 frequentius,
1789 5336 1972 5395 quam,
2004 5333 2071 5395 ut
2093 5337 2142 5373 m

549 5405 605 5452 et
634 5391 689 5452 in
717 5399 866 5453 inter
909 5413 967 5453 se
996 5391 1494 5454 eomtnisceanturi
1527 5391 1891 5462 WOpkensius
1939 5391 2142 5446 rectius

521 5467 846 5543 .existimat,
881 5470 1015 5524 nihil
1041 5470 1128 5543 hic
1153 5484 1274 5543 esse
1314 5464 1652 5543 iugulandum.
1789 5536 1798 5543 _
2059 5533 2070 5543 _

621 5541 744 5597 170.
788 5543 946 5610 Ang.,
980 5542 1200 5596 multant
1228 5539 1502 5603 incedere;
1531 5535 1645 5601 alii,
1690 5536 2008 5610 multumque
2051 5535 2137 5610 in-

547 5612 745 5682 cedere.
776 5603 1138 5682 dekensius
1191 5611 1297 5668 etsi
1347 5610 1564 5682 fatetur,
1616 5608 1831 5682 multum
1877 5621 1998 5661 cum
2037 5603 2136 5682 ad-

541 5678 758 5752 jectivis
784 5676 1135 5748 pro'maxime
1163 5681 1455 5752 aliquando
1481 5679 1744 5752 construi,
1767 5687 1954 5752 tamen
2003 5676 2135 5752 ntal-

547 5747 628 5805 let
671 5747 944 5818 miteiuque
971 5753 1227 5822 incedere,
1256 5747 1450 5818 initam,
1500 5749 1586 5805 vel
1633 5747 1975 5817 humilemque
2002 5747 2139 5801 ince-

2257 4413 2454 4451 nterare
2479 4396 2715 4466 antiquis
2741 4413 2869 4468 esse
2892 4397 3158 4463 venerari,
3193 4400 3483 4462 aestimare,
3514 4415 3577 4453 ex
3603 4399 3685 4463 iis,
3719 4415 3831 4468 qua:

2257 4467 2462 4521 notavit
2489 4471 2702 4521 Cornus
2749 4470 2814 4522 ad
2841 4467 3161 4524 Ciceronem
3199 4471 3234 4523 l.
3284 4486 3359 4524 xu
3416 4471 3514 4537 Ep.
3571 4471 3696 4523 fam.
3741 4467 3828 4522 ’ll.

2257 4537 2454 4591 Verum
2488 4554 2780 4611 numerare
2809 4557 2905 4603 pro
2934 4541 3170 4594 venerari
3202 4557 3306 4594 non
3343 4542 3532 4611 probo,
3588 4555 3684 4611 pro
3720 4558 3829 4594 cen-

2252 4625 2381 4672 sere,
2415 4610 2501 4664 vel
2526 4611 2782 4665 wstimare
2812 4611 2969 4666 facile
2994 4612 3299 4675 admittam,
3328 4610 3449 4667 eum
3478 4613 3550 4675 id,
3581 4610 3719 4681 quod
3746 4627 3832 4665 nu-

2255 4694 2516 4754 meratur,
2553 4684 2692 4735 inter
2730 4684 2834 4736 alia
2865 4684 3068 4737 similia
3117 4684 3419 4754 reponitur,
3452 4693 3510 4738 ut
3563 4683 3833 4737 maximum

2252 4749 2799 4821 beneﬁciuntuumero
2846 4757 2899 4807 in
2941 4754 3088 4808 bonis
3132 4749 3369 4822 numero,
3424 4766 3478 4810 et
3507 4755 3720 4809 similia.
3767 4753 3831 4808 At

2251 4837 2371 4875 cum
2396 4838 2576 4877 sermo
2603 4833 2686 4880 est
2714 4826 2783 4881 de
2824 4841 2932 4879 uno
2968 4826 3100 4890 Deo,
3127 4827 3505 4881 difficultatem
3546 4839 3692 4881 creat
3724 4825 3828 4878 haec

2252 4894 2484 4966 phrasis,
2503 4909 2774 4950 numerare
2797 4914 2957 4950 unum
2983 4896 3148 4952 Deum
3173 4914 3270 4964 pro
3292 4899 3446 4966 {uteri
3470 4915 3630 4951 unum
3654 4894 3829 4950 Deum.

2252 4965 2510 5035 Suspicor
2536 4967 2816 5022 Seduliutn
2860 4969 3149 5036 scripsisse
3201 4965 3298 5038 qui
3330 4987 3434 5024 non
3481 4969 3830 5022 memoraverit

2249 5054 2430 5091 unum.
2466 5038 2556 5092 Sic
2589 5053 2734 5092 vers.
2767 5040 2872 5094 257
2897 5041 2950 5093 b.
2985 5041 3021 5094 I.
3056 5038 3157 5105 Qui
3186 5042 3454 5094 dominum
3499 5041 3610 5094 (mli
3644 5049 3830 5108 patrem

2248 5125 2617 5183 memoramus,
2651 5110 2704 5162 in
2747 5109 3098 5183 ipso—Jan:
3141 5111 3328 5183 fratres
3374 5129 3468 5166 nos
3518 5127 3625 5165 esse
3674 5111 3830 5164 decet.

2246 5180 2420 5232 Ali-un
2445 5180 3102 5246 scripluram'adorareril,
3141 5182 3226 5236 vel
3258 5181 3579 5237 honorareril
3609 5184 3688 5237 lex
3721 5197 3833 5235 car-

2247 5251 2407 5304 minis
2441 5251 2638 5320 rejicil.
2673 5251 2839 5307 Prosa
2865 5263 2957 5306 aut
2987 5254 3214 5308 obscura
3244 5263 3348 5319 est,
3405 5267 3496 5308 aut
3538 5254 3830 5307 memlosa:

2246 5336 2308 5376 ex
2340 5337 2441 5390 qua
2477 5334 2656 5376 tamen
2689 5327 2802 5378 lucc
2843 5325 3134 5394 explicatio
3185 5325 3424 5380 eruitur:
3455 5325 3554 5391 Qui
3585 5339 3830 5379 numera-

2244 5394 2380 5446 verit
2411 5409 2517 5447 non
2560 5409 2747 5457 unum,
2778 5394 2894 5448 sive
2928 5407 3034 5449 tres
3081 5396 3238 5450 Deos.
3373 5394 3382 5404 ”

2320 5464 2440 5538 175.
2466 5465 2646 5538 Rom.
2676 5463 2782 5538 _Ubi
2825 5465 3068 5520 diabolus
3114 5468 3320 5521 tentavit
3367 5466 3660 5538 Dominum
3694 5469 3829 5538 jq‘u-

2244 5535 2436 5589 nando.
2463 5535 3036 5609 Mens,De_teutator_e.
3064 5539 3152 5609 qui
3181 5537 3310 5593 adiit
3355 5536 3658 5603 Dominum,
3695 5535 3829 5606 post-

2243 5622 2396 5676 quam
2415 5608 2699 5679 jejunavit.
2731 5607 2840 5663 Ott.
2882 5611 2929 5675 1,
2971 5607 3329 5679 Ubitcntatur
3366 5626 3396 5662 a
3422 5609 3646 5662 diabolo.

2242 5693 2286 5752 μς
2320 5677 2725 5752 Hii-Nonnulli
2756 5694 2912 5752 mss.,
2945 5689 3002 5735 et
3030 5681 3158 5752 editi
3189 5678 3493 5752 Jejuuium;
3520 5677 3666 5750 quod
3690 5693 3829 5732 ineu-

2246 5747 2373 5804 duin
2404 5749 2572 5806 Aldus
2599 5750 2649 5806 in
2688 5750 2895 5807 Erratis
2925 5747 3254 5808 emendavit;
