4086 6184
473 278 585 341 023

623 482 714 540 Sic
740 482 968 539 dicens:
1000 482 1165 539 Orate
1189 490 1423 554 patrem,
1450 484 1779 555 baptismate
1809 493 2079 553 nostrum,

479 578 586 635 255
623 579 755 636 Jure
782 591 938 635 suum
966 595 980 633 :
1013 579 1405 651 propriumque
1439 580 1646 636 homini
1680 580 1956 637 concessit
1983 580 2080 635 ho-

1765 674 2002 749 [norem,

619 764 710 833 Et,
740 764 885 836 quod
916 765 1070 821 solus
1101 764 1288 830 habet,
1313 774 1542 823 cunctos
1567 767 1823 838 permisit
1852 768 2075 824 habere.

614 858 774 932 227
806 858 912 926 Qui
951 859 1240 916 Dominum
1281 860 1408 917 cmli
1441 868 1650 932 patrem
1683 875 2075 928 memoramus,

1754 953 1836 1028 [in
1864 957 1983 1026 ipso

609 1050 730 1107 iam
762 1044 966 1107 fratres
994 1064 1095 1106 nos
1115 1065 1240 1107 esse
1269 1050 1454 1119 decet,
1489 1066 1593 1109 nec
1614 1052 1830 1123 origine
1856 1054 2037 1107 carnis

1858 276 2074 337 C(ELII
2115 276 2390 341 SEDULll

622 387 951 461 Induigeuda
976 389 1087 461 peti
1109 389 1351 447 breviter
1369 390 1555 462 jubet,
1587 399 1648 448 ut
1677 392 1790 448 cito
1818 402 2064 464 praestet,
2116 409 2170 470 Α

3683 282 3792 343 θξι

2335 395 2671 453 Germanum
2705 402 2937 453 tractare
2966 395 3176 464 odium,
3207 395 3303 451 sed
3330 395 3557 467 spiritus
3587 395 3714 469 igne

2189 490 2299 547 240
2337 491 2679 563 Flagrantes,
2704 491 2928 547 abolere
2956 490 3069 545 doli
3104 498 3453 545 monumenta
3479 490 3705 554 vetusti,

2333 584 2511 655 Atque
2525 600 2722 640 novum
2736 592 2888 655 gesta
2898 598 2957 640 re
2980 581 3279 646 hominem,
3305 599 3373 638 ne
3396 581 3580 637 forsan
3599 582 3669 637 ab
3683 581 3794 638 alto

2335 679 2671 751 Degenercnt
2695 689 2912 734 terrena
2946 678 3091 734 Deo:
3124 678 3209 734 cui
3234 692 3359 745 nos,
3383 676 3524 732 duce
3544 674 3792 745 Christo,

2336 771 2488 827 Fecit
2514 772 2803 842 adoptivos
2827 773 3067 829 cmlestis
3098 771 3277 843 gratia
3310 778 3489 827 natos.

2401 866 2566 937 228
2593 864 2978 923 Sanctificetur
3011 864 3105 921 tibi
3140 863 3423 931 Dominus,
3457 863 3555 933 qui
3584 873 3793 920 cuncta

3456 955 3725 1029 [creando

2179 1048 2290 1107 245
2327 1049 2666 1119 Sanctiﬁcat,
2697 1050 2801 1107 nisi
2826 1051 2995 1109 corde
3022 1050 3137 1123 pio,
3166 1050 3268 1107 nisi
3301 1057 3532 1124 pectore
3561 1048 3761 1106 casto?

1830 1145 2011 1202 OPUS
2047 1142 2435 1201 PASCIIALE.

470 1241 635 1313 gulis,
668 1240 763 1295 sed
793 1241 1165 1297 communiter
1204 1240 1475 1297 universis
1516 1240 1740 1296 domum
1789 1238 1924 1294 tanti
1967 1253 2084 1293 mu-

475 1334 626 1389 neris
656 1332 999 1387 attributum.
1044 1331 1177 1387 Nam
1208 1332 1364 1402 quasi
1397 1342 1422 1369 η
1448 1340 1691 1387 semotus
1720 1346 1748 1385 a
1771 1328 2007 1396 caeteris,
2028 1337 2087 1385 et

474 1426 865 1482 secretioribus
908 1425 1157 1480 habitans
1203 1425 1435 1480 latenter
1473 1424 1527 1478 in
1575 1424 1743 1492 locis,
1794 1423 2082 1478 Dominum

476 1517 707 1589 quilibet
728 1517 916 1572 verbis
938 1516 1096 1586 hujus
1118 1516 1384 1571 orationis
1408 1516 1683 1586 imploret,
1717 1530 1823 1570 nou
1855 1515 2084 1585 inquiet,

472 1608 637 1667 Pater
669 1627 835 1677 meus,
887 1608 983 1664 sed
1012 1607 1173 1664 Pater
1199 1618 1391 1678 noster,
1441 1607 1697 1678 quoniam
1731 1608 1835 1664 soli
1866 1607 2086 1662 Christo

2188 1236 2442 1293 Dicentes
2473 1239 2655 1309 itaque
2683 1248 2831 1312 pater
2856 1249 3050 1307 noster,
3080 1239 3425 1305 conﬁtemur,
3468 1253 3569 1295 nos
3599 1254 3799 1296 omnes

2188 1329 2241 1385 in
2263 1330 2382 1399 ipso
2409 1331 2603 1387 fratres
2624 1333 2911 1389 exsistere.
2943 1332 3111 1404 Cujus
3134 1332 3367 1388 nominis
3395 1348 3501 1387 non
3528 1332 3798 1388 debemus

2186 1420 2444 1478 ali‘ectum
2491 1432 2693 1479 mutua:
2721 1424 3007 1479 cbaritatis
3048 1423 3366 1494 expulsione
3414 1433 3794 1491 contemnere,

2193 1527 2295 1568 nec
2313 1513 2591 1584 originalis
2616 1515 2724 1570 odii
2753 1526 3103 1572 monumenta
3124 1515 3347 1582 sectari,
3363 1531 3472 1584 quo
3492 1513 3650 1581 Cain,
3674 1531 3798 1585 ger-

2191 1608 2337 1663 mani
2366 1610 2645 1679 sanguinis
2672 1608 2843 1676 fusor,
2878 1609 3218 1681 parricidalis
3261 1610 3487 1665 macula:
3519 1608 3695 1664 factus
3714 1618 3801 1665 est

471 1705 704 1761 debetur
735 1705 839 1760 hoc
869 1704 1117 1773 verbum,
1154 1703 1309 1773 cujus
1355 1701 1571 1773 proprie
1609 1712 1763 1772 pater
1790 1707 1876 1757 est
1910 1701 2074 1756 Deus.
2107 1684 2152 1746 Β
2180 1690 2489 1759 inchoator.
2512 1704 2617 1759 Sed
2645 1706 2910 1760 mansueti
2948 1705 3171 1775 spiritus
3205 1705 3333 1775 igne
3366 1704 3644 1759 ferventes
3675 1719 3800 1759 car-

472 1800 815 1871 Qoamquam
842 1800 988 1855 enim
1020 1800 1074 1854 in
1106 1798 1366 1853 omnibus
1396 1798 1706 1868 Evangeliis
1737 1797 1840 1851 hoc
1882 1795 2085 1851 habea-

472 1904 562 1948 tur
583 1894 903 1962 ascriptum,
929 1895 983 1947 in
1014 1893 1108 1947 illo
1132 1901 1312 1947 tamen
1336 1892 1621 1947 evidenter
1645 1890 1905 1944 Dominus
1926 1888 2087 1944 Jesus

471 1986 528 2041 in
559 1985 801 2051 capitulo
823 1985 963 2055 juris
990 1984 1073 2039 sui
1118 1984 1416 2054 potentiam
1442 1982 1774 2051 singularem
1817 1981 2022 2050 docuit,
2053 1996 2083 2035 a

477 2078 731 2151 populari
774 2079 1137 2146 permixtione
1157 2077 1471 2142 discretam,
1500 2077 1591 2131 ubi
1618 2075 1913 2145 discipulos
1956 2088 2088 2129 con-

474 2172 713 2227 fortabat
730 2170 1014 2241 alloquens
1049 2186 1062 2222 :
1100 2168 1247 2224 Vada
1269 2170 1338 2223 ad
1358 2168 1569 2223 Patrem
1585 2184 1775 2234 meum,
1797 2175 1843 2220 et
1877 2166 2088 2220 Patrem

475 2274 722 2320 oestrum.
756 2264 914 2331 Quod
941 2265 1016 2317 ait
1040 2280 1232 2330 meum,
1259 2263 1400 2318 hanc
1420 2262 1522 2317 sibi
1544 2260 1834 2332 specialem
1856 2260 2084 2330 gloriam

474 2372 717 2429 congrue
742 2355 1071 2423 vindicavit;
1094 2356 1241 2425 quod
1270 2357 1606 2420 aituestrum,
1630 2352 1940 2424 generalem
1965 2366 2089 2423 gra-

474 2452 608 2507 tiam
631 2451 998 2507 communiter
1031 2450 1239 2505 cunctis
1263 2463 1387 2505 esse
1428 2447 1703 2520 patefecit.
1755 2445 2085 2502 Similitudi«

471 2560 601 2600 nem
648 2543 914 2600 faciamus
960 2545 1047 2599 hic
1078 2542 1348 2614 aliquam,
1400 2551 1460 2597 ut
1501 2556 1569 2597 ex
1612 2541 1864 2595 humanis
1902 2538 2084 2594 divina

467 2639 775 2708 capiamus.
808 2638 1083 2694 Ponamus
1114 2637 1276 2708 igitur
1297 2637 1608 2708 quempiam
1629 2636 1864 2693 nobilem
1891 2635 2086 2701 virum,

478 2733 567 2787 cui
592 2731 758 2785 Filius
782 2732 995 2797 unicus,
1051 2740 1103 2786 et
1132 2732 1391 2801 aliquanti
1424 2731 1533 2785 sint
1559 2729 1772 2784 famuli.
1816 2726 2088 2796 Numquid

481 2826 554 2879 ob
582 2826 714 2890 hoc,
750 2824 894 2895 quod
942 2824 1334 2894 paterfamilias
1370 2822 1698 2895 appellatur,
1738 2830 1921 2892 potest
1944 2819 2086 2891 apud

467 2934 599 2975 eum
626 2933 936 2982 servorum,
969 2932 1033 2972 ac
1062 2916 1159 2973 filii
1190 2931 1288 2987 par
1312 2915 1623 2971 dilectionis
1649 2929 1778 2969 esse
1820 2912 2087 2976 conditio,

477 3028 601 3069 cum
625 3020 683 3068 et
706 3013 823 3082 ipse
843 3009 987 3066 illius
1013 3009 1273 3065 Dominus
1299 3009 1559 3075 probetur
1583 3022 1707 3064 esse
1723 3001 2087 3063 cunctorum?

477 3103 590 3159 Nos
618 3105 780 3174 igitur
819 3102 1023 3157 utimur
1063 3100 1166 3157 hac
1190 3102 1458 3165 oratione,
1489 3117 1601 3155 non
1644 3099 1916 3165 Christus,
1945 3116 2080 3170 quo-

476 3196 622 3250 niam
647 3209 810 3266 prece
838 3193 999 3263 hujus
1025 3193 1439 3263 supplicationis
1459 3194 1637 3263 ipsum
1660 3209 1877 3265 quoque
1913 3193 2082 3265 depo-

475 3288 705 3355 scimus,
739 3286 829 3358 qui
854 3301 978 3343 cum
1004 3286 1167 3343 Patre
1192 3301 1330 3341 unus
1351 3293 1437 3342 est
1461 3286 1719 3342 Dominus
1749 3295 2079 3346 coaeternus.

2189 1795 2333 1851 nalis
2375 1812 2639 1864 ponamus
2661 1798 2955 1868 nequitiam
2987 1798 3294 1863 vetustatis,
3321 1807 3375 1852 et
3396 1811 3542 1852 novo
3576 1796 3798 1852 homine

2187 1890 2732 1960 gratulemurinduti.
2758 1890 2835 1948 Ne
2851 1907 2973 1946 cum
2996 1892 3307 1961 emperinta
3322 1890 3642 1947 caelestibus
3667 1906 3800 1961 ope-

2188 1998 2247 2039 ra
2266 1983 2601 2054 degenerare
2622 1995 2859 2049 terrena,
2889 1992 3043 2040 tanto
3073 1995 3223 2055 patre
3250 1984 3534 2041 videamur
3562 1984 3797 2055 indigni,

2190 2077 2281 2147 qui
2308 2074 2531 2130 Christo
2556 2093 2654 2130 nos
2676 2076 2816 2132 duce
2839 2091 2993 2133 sacra
3018 2088 3177 2133 natos
3204 2076 3500 2147 adoptione
3529 2078 3798 2147 suscepit.

2191 2166 2561 2236 Sancti/icetur
2604 2184 2792 2224 nomen
2834 2177 3001 2223 tuum.
3055 2169 3428 2226 Sanctiﬁcatio
3465 2186 3589 2240 qua:
3621 2178 3805 2240 potest

2190 2262 2470 2329 aestimari,
2500 2277 2605 2332 qua
2632 2262 2890 2319 Dominus
2911 2264 3237 2320 sanctiﬁcari
3262 2265 3459 2330 valeat,
3488 2266 3580 2337 qui
3604 2275 3805 2322 cuncta

2189 2354 2520 2423 sanctilicat,
2552 2356 2657 2412 nisi
2687 2365 2745 2411 ut
2768 2374 2864 2414 cor
2882 2359 3051 2428 pium,
3074 2359 3554 2429 'niite,placidum,
3587 2371 3802 2416 castum

2189 2445 2256 2501 ad
2282 2446 2401 2516 ejus
2434 2463 2807 2518 praeparemus
2829 2450 3133 2521 ingressum
3158 2450 3183 2504 ἲ
3204 2461 3470 2521 quatenus
3500 2452 3595 2508 tali
3622 2452 3804 2508 domi-

2192 2540 2321 2596 cilio
2352 2541 2653 2598 delectatus
2675 2544 3125 2599 sanctificationis
3143 2559 3255 2599 sure
3282 2544 3334 2599 in
3359 2546 3517 2600 nobis
3541 2557 3807 2617 operetur

2191 2645 2585 2705 augmentum;
2634 2634 3091 2706 quemadmodum
3139 2637 3253 2707 ipse
3297 2636 3562 2693 Dominus
3614 2648 3805 2694 noster

2192 2725 2351 2782 Iesus
2376 2727 2625 2789 Christus
2659 2727 2712 2782 in
2741 2728 3021 2799 discipulis
3057 2729 3173 2784 suis
3203 2744 3263 2786 se
3292 2731 3653 2787 clarificatum
3680 2746 3805 2788 esse

2174 2816 2553 2890 'meuiorabat,
2602 2821 2695 2891 qui
2722 2822 2871 2878 clara
2908 2838 3127 2892 semper
3152 2822 3451 2879 divinitatis
3478 2824 3600 2880 luce
3630 2824 3805 2896 fulge-

2194 2914 2306 2969 bat.
2336 2914 2467 2969 Nam
2502 2913 2555 2969 in
2588 2914 2885 2986 Evangelio
2909 2915 3208 2971 secundum
3230 2915 3517 2982 Joannem,
3539 2917 3672 2972 dum
3699 2933 3797 2988 pro

2195 3007 2474 3078 discipulis
2499 3008 2770 3077 supplicat
2811 3010 2972 3078 patri,
3015 3010 3159 3065 inter
3183 3010 3419 3069 diversa.
3460 3027 3585 3080 qua:
3616 3026 3804 3081 prose-

2184 3111 2344 3156 cutus
2370 3113 2475 3166 est,
2512 3101 2679 3157 verba
2712 3102 2793 3157 sic
2822 3102 3017 3172 inquit,
3048 3100 3119 3155 Et
3144 3103 3459 3170 clari/iectus
3484 3119 3603 3157 sum
3627 3105 3684 3157 in
3704 3104 3800 3184 eis,

2186 3193 2398 3248 scilicet
2418 3193 2508 3262 qui
2536 3190 2564 3229 ι)
2594 3192 2906 3248 claritatem
2937 3208 3090 3248 suam
3122 3194 3173 3249 in
3204 3195 3286 3249 eis
3310 3194 3511 3249 inveni.
3535 3193 3641 3251 Ubi
3672 3210 3802 3268 ergo

2201 3296 2256 3344 et
2283 3284 2725 3342 sanctificationis
2751 3300 2865 3342 sua:
2894 3286 3050 3358 signa
3072 3286 3358 3358 repererit,
3383 3286 3801 3385 sanctiﬁeareie

2019 3383 2342 3443 SCHOLIA.

474 3478 634 3550 Saepe
664 3475 887 3550 quidem
913 3474 1093 3550 Iudex
1134 3486 1189 3531 et
1218 3475 1397 3544 index,
1426 3475 1691 3550 judicium
1721 3485 1776 3531 et
1821 3477 2073 3533 indicium

475 3547 914 3613 confunduntur;
960 3547 1055 3603 sed
1116 3563 1238 3607 cum
1304 3547 1439 3603 mss;
1486 3563 1675 3602 omnes
1737 3564 1845 3602 non
1898 3552 2078 3606 minus

473 3636 635 3691 quant
663 3619 816 3686 editi,
849 3619 1143 3675 exhibeant
1176 3618 1479 3692 judexque,
1527 3622 1701 3674 satius
1731 3619 1872 3676 duco
1893 3662 1907 3686 ,
1941 3622 2079 3679 nihil

477 3698 712 3747 mutare.

547 3764 677 3818 ‘234.
718 3760 1048 3817 Arntzenius
1076 3776 1143 3815 ex
1188 3776 1290 3816 ms.
1346 3763 1534 3816 Arntz.
1586 3761 1755 3817 edidit
1795 3774 1993 3833 patrem
2021 3765 2077 3819 in

473 3834 782 3901 baptismate
809 3844 1075 3888 nostrum:
1105 3834 1230 3901 quia
1264 3834 1580 3902 prmpnsilio
1606 3835 1657 3887 in
1692 3834 1862 3889 latere
1905 3836 2080 3903 potuit

474 3909 577 3960 sub
605 3906 782 3959 littera
813 3904 1153 3975 praecedenti
1192 3920 1260 3956 m.
1315 3903 1516 3976 Verum
1543 3904 1726 3976 (ξένιενὶ
1773 3909 2080 3976 elegantius

478 3992 600 4031 eam
632 3973 1073 4045 praepositionem
1106 3978 1380 4045 omittunt.
1411 3973 1558 4028 Idem
1589 3973 1917 4032 Arntzenius
1946 3977 2080 4033 Par-

480 4047 688 4111 rhasio,
718 4062 771 4101 et
798 4046 886 4100 ed.
919 4045 1067 4115 Lips.
1101 4044 1288 4099 tribuit
1321 4055 1562 4115 vestrum.
1595 4049 1660 4099 At
1691 4046 1743 4100 iu
1790 4047 2082 4104 Parrhasio

478 4119 627 4175 clare
649 4127 733 4173 est
752 4128 1003 4188 nostrum.
1031 4115 1360 4172 Arntzeoius
1382 4132 1504 4170 cum
1528 4114 1767 4188 Cellario
1794 4118 2080 4188 disringuit

483 4198 750 4258 nostrum;
779 4218 849 4229 —
868 4186 999 4243 lure
1026 4204 1179 4241 suum
1208 4188 1573 4258 propriumque
1592 4186 1810 4253 homini,
1839 4199 1942 4245 etc.
1971 4186 2085 4244 Ex-

487 4270 640 4329 ponit
664 4252 952 4320 Ccllarius,
980 4252 1240 4313 honorent
1271 4252 1393 4330 esse
1415 4252 1537 4325 jure
1561 4276 1745 4323 suum,
1776 4252 2085 4330 proprium-

483 4346 611 4401 que.
646 4330 905 4404 Si-dulius
930 4330 1072 4383 aliud
1105 4331 1299 4390 Voluit.
1340 4329 1496 4404 orate
1518 4338 1754 4404 patrem,
1775 4331 2086 4404 baptismate

485 4398 739 4463 nostrum,
769 4431 837 4473 -ν
858 4398 894 4454 J
901 4416 987 4454 ure
1015 4418 1163 4473 suum
1184 4416 1201 4453 :
1225 4402 1590 4473 proirriumque
1614 4400 1814 4473 nomini
1836 4398 2086 4458 concessit

485 4475 752 4530 honorem.
800 4472 1063 4528 Nimirum
1109 4472 1254 4526 Deus
1279 4481 1365 4526 est
1406 4482 1561 4541 pater
1601 4472 1806 4527 Chri~ti
1846 4474 1991 4542 jure,
2031 4483 2088 4529 et

487 4555 701 4611 natura,
750 4554 936 4599 noster
979 4543 1034 4599 in
1092 4544 1440 4609 baptismate,
1485 4554 1541 4597 et
1587 4559 1684 4611 per
1711 4544 2081 4609 adoptionem.

484 4615 620 4669 Cum
649 4626 828 4671 autem
863 4615 1117 4683 proprios
1141 4613 1340 4668 Christi
1365 4615 1436 4668 sit
1476 4615 1671 4684 honor,
1706 4627 1765 4668 ut
1796 4615 1965 4670 Deum
1996 4629 2089 4684 pa-

486 4694 625 4739 trem
672 4687 931 4753 appellet,
977 4685 1138 4739 nobis
1167 4686 1444 4739 concessit
1473 4683 1615 4738 hunc
1658 4686 1942 4751 honorem,
1975 4683 2085 4742 etc.

485 4755 675 4811 Glossa
707 4758 758 4809 in
777 4758 887 4811 Ott.
916 4758 968 4822 i,
1000 4764 1084 4810 est
1096 4759 1219 4827 jure
1246 4772 1399 4809 suum
1423 4784 1495 4796 -——
1520 4763 1744 4809 natura:
1768 4768 1821 4811 et
1851 4768 1972 4827 post
1993 4758 2089 4812 Ita-

484 4828 611 4899 bere
632 4857 699 4867 —
728 4828 984 4899 adaptive.

562 4898 688 4953 257.
735 4895 867 4965 Reg.
903 4900 956 4964 l,
985 4895 1244 4953 Ottobon.
1280 4899 1330 4963 l,
1367 4898 1549 4959 ηοω..
1577 4896 1745 4964 Meus,
1776 4896 1940 4953 Pater
1965 4917 2083 4955 nos-

490 4978 591 5041 ter,
634 4970 723 5039 qui
762 4986 814 5041 es
840 4970 913 5041 in
952 4969 1112 5023 caelis.
1153 4970 1265 5023 Ott.
1293 4970 1370 5041 2,
1405 4968 1708 5041 QuiDeum
1750 4970 1883 5025 coeli.
1922 4970 2076 5041 Ald.,

486 5038 609 5096 Vat.
642 5038 722 5099 2..
752 5040 847 5094 Cui
879 5038 1157 5111 Dominum
1183 5057 1201 5105 ;
1228 5039 1465 5111 corrige,
1502 5040 1605 5107 Qui
1634 5039 1930 5095 Dominum.
1984 5052 1987 5055 ‘

556 5112 686 5168 258.
732 5113 861 5182 Reg.
901 5111 957 5177 4,
988 5109 1112 5165 lam
1137 5112 1280 5165 decet
1313 5109 1405 5165 nos
1433 5129 1540 5165 esse
1570 5111 1757 5181 fratres
1795 5128 1814 5165 :
1848 5128 1954 5167 non
1986 5130 2079 5179 pa-

487 5181 620 5237 titur
645 5181 876 5238 metrum
900 5226 915 5249 ,
949 5186 1023 5237 ita
1060 5184 1321 5237 collocari
1362 5185 1547 5238 verba.
1582 5182 1637 5236 In
1680 5184 1821 5236 notis
1857 5182 2077 5239 Nebris-

484 5255 660 5309 seosis
684 5255 1019 5324 logoorigine
1042 5254 1265 5307 mundi:
1284 5254 1377 5309 sed
1405 5255 1456 5307 in
1490 5255 1609 5325 ipso
1631 5265 1890 5310 contextu
1916 5254 2074 5324 hujus

482 5325 739 5397 editionis
760 5338 844 5381 est
864 5326 1273 5397 originecarnis.
1307 5325 1681 5380 Nebrissensis
1704 5327 1795 5389 ait,
1824 5327 2078 5395 supplen-

478 5395 604 5452 dam
636 5413 760 5453 esse
804 5395 1243 5467 praepositionem
1284 5398 1339 5451 in
1361 5438 1375 5463 ,
1409 5397 1494 5452 vel
1527 5397 1611 5451 ab.
1637 5399 1921 5453 Sententia
1949 5407 2072 5453 est:

558 5520 583 5547 ει
624 5509 681 5565 In
730 5511 900 5566 veteri
932 5511 1125 5567 codice
1165 5527 1321 5567 error
1350 5518 1493 5584 erat,
1552 5511 1693 5565 Nam
1731 5514 1965 5584 quasvise
2007 5530 2089 5567 se-

489 5590 691 5643 motus,
720 5597 881 5652 quem
908 5584 1127 5639 Juretus
1167 5585 1427 5638 correxit.
1480 5582 1648 5638 Paulo
1688 5582 1808 5647 post
1848 5587 2087 5641 citantur

490 5655 655 5703 verba
680 5667 748 5725 ex
792 5652 987 5725 Sloann.
1016 5669 1066 5708 c.
1096 5670 1191 5721 xx,
1223 5670 1370 5709 vers.
1400 5655 1841 5725 l7.Superlluuin
1873 5659 2085 5712 videtur

491 5732 655 5794 unum
682 5720 767 5794 in,
788 5721 850 5794 in
866 5722 979 5777 illo.
994 5764 1006 5777 .
1018 5762 1044 5794 .4
1060 5725 1114 5794 in
1132 5720 1389 5794 capitulo.

560 5784 587 5829 ιι
629 5784 686 5839 In
722 5790 993 5859 plerisque
1033 5784 1381 5848 biblio'thccis
1407 5794 1628 5849 Patrum
1662 5795 1859 5865 legitur
1883 5798 2080 5852 scilicet

2180 3478 2298 3534 Non
2344 3475 2538 3540 decet,
2572 3489 2675 3530 nos
2707 3484 2977 3542 tractare,
3007 3476 3095 3531 vel
3141 3475 3345 3531 sectari
3388 3475 3575 3531 odium
3597 3520 3611 3539 ,
3646 3477 3794 3547 quali

2178 3550 2309 3605 Cain
2355 3549 2410 3602 in
2454 3548 2669 3613 origine
2715 3548 2925 3612 carnis,
2958 3547 3081 3604 sive
3112 3547 3270 3602 initio
3314 3549 3500 3603 mundi
3532 3551 3799 3604 adversus

2189 3620 2423 3677 fratrem
2446 3619 2686 3691 iAbelem
2708 3620 2935 3678 enirsit.
2966 3620 3062 3675 sed
3105 3619 3264 3674 decet
3307 3620 3509 3687 potius,
3540 3634 3642 3674 nos
3675 3624 3799 3691 igne

2180 3692 2405 3759 spiritus
2437 3690 2752 3757 flagrantes,
2783 3691 3007 3747 abolere
3037 3701 3395 3747 monumenta
3426 3691 3655 3748 sceleris
3684 3690 3796 3749 ve-

2182 3764 2338 3819 tusti.
2371 3762 2486 3816 sive
2516 3760 2628 3815 odii
2656 3761 2909 3815 fraterni.

2254 3834 2385 3889 259.
2429 3832 2563 3903 Reg.
2613 3834 2667 3891 i.
2709 3833 2763 3894 4,
2796 3831 2914 3886 Vat.
2956 3834 3010 3896 1,
3044 3833 3217 3900 Meus,
3250 3832 3439 3899 Rom.,
3469 3834 3581 3889 Ott.
3612 3835 3664 3896 ί.
3696 3848 3797 3902 pro

2183 3906 2239 3961 d.
2272 3921 2345 3970 s.,
2382 3904 2530 3969 Alb.,
2556 3914 2611 3959 et
2639 3904 2885 3973 plerique
2911 3904 3069 3966 editi,
3096 3913 3340 3958 tractare.
3372 3904 3508 3973 Reg,
3530 3911 3607 3971 5.,
3642 3906 3790 3971 ΑΜ..

2183 3976 2376 4039 Fabr.,
2424 3981 2586 4044 Ang.,
2614 3973 2763 4046 Reg.
2804 3975 2889 4037 2.,
2948 3990 3047 4044 pro
3099 3975 3156 4029 d.
3200 3992 3273 4040 s.,
3319 3973 3537 4046 [ἐδτι-11..
3572 3988 3790 4046 gestare.

2183 4048 2296 4103 Ott.
2327 4047 2410 4109 2.,
2440 4046 2572 4116 Reg.
2599 4045 2658 4107 2,
2684 4049 2736 4099 in
2768 4054 2941 4110 textu,
2970 4047 3180 4110 sectari,
3204 4045 3347 4115 quod
3377 4062 3443 4101 ex
3474 4045 3581 4101 ins.
3601 4046 3791 4103 Arntz.

2186 4117 2468 4187 amplexus
2498 4125 2584 4171 est
2609 4115 2961 4171 Arntzenins.
2991 4117 3477 4189 Eodemgpertinet
3512 4121 3565 4173 in
3595 4121 3706 4174 υιι.
3732 4118 3788 4185 l,

2186 4206 2216 4245 a
2251 4205 2332 4259 pr.
2359 4205 2457 4249 ιιι..
2490 4198 2704 4242 sectare.
2732 4191 3061 4244 Arotzenius
3091 4187 3312 4256 pra-fert
3340 4191 3551 4255 sectari,
3585 4189 3788 4243 adduc-

2188 4261 2258 4315 tis
2279 4260 2554 4314 similibus
2580 4260 2875 4330 exemplis,
2909 4261 3094 4314 sectari
3119 4262 3330 4323 bonum,
3372 4262 3521 4326 vitia,
3555 4260 3790 4315 citat-ita-

2188 4341 2308 4386 tem.
2334 4330 2503 4385 Favczt
2536 4344 2716 4400 prosa.
2753 4332 2878 4391 Alii,
2912 4341 3133 4386 tractare
3154 4346 3277 4385 cum
3310 4346 3441 4383 mss.
3478 4332 3794 4386 vetustiori-

2188 4403 2289 4474 hos
2318 4416 2414 4472 pro
2439 4415 2602 4474 urente
2627 4403 2847 4474 agitare,
2881 4405 2964 4456 vel
2997 4403 3158 4458 etiam
3192 4417 3290 4468 pro
3316 4401 3540 4456 trahere.
3573 4404 3703 4471 Reg.
3730 4404 3792 4459 5.

2188 4473 2338 4537 ΑΜ..
2370 4472 2461 4526 sed
2501 4472 2793 4544 pneumatis
2824 4474 2964 4545 igne,
2993 4474 3134 4543 quod
3166 4489 3194 4525 a
3227 4474 3625 4545 recentioribus
3649 4489 3793 4527 con-

2191 4556 2271 4599 tra
2304 4553 2479 4615 poeta:
2510 4556 2748 4598 mentem
2777 4544 3066 4605 intrusum,
3101 4560 3170 4599 ne
3195 4544 3387 4599 ultima
3420 4550 3473 4600 in
3504 4553 3795 4599 contrax-to

2189 4630 2319 4670 Casu
2367 4623 2574 4683 quarto
2627 4615 3009 4670 declinationis
3049 4616 3403 4684 corripiatur.
3454 4615 3572 4671 Non
3617 4615 3791 4672 semel

2192 4687 2331 4742 hanc
2363 4686 2637 4757 licentiam
2668 4687 2768 4739 sibi
2802 4695 3028 4757 arrogat
3050 4686 3324 4742 Sedulius.

2114 4790 2166 4851 ο
2195 4838 2209 4851 ι
2264 4756 2569 4851 2”.“Reg.
2615 4760 2668 4851 ἐ,
2710 4758 2915 4851 ρξςὶίζ
2944 4756 3007 4813 et
3036 4760 3150 4851 alii,
3198 4757 3565 4851 qucti/icetgr
3602 4773 3790 4851 nomen

2191 4838 2360 4900 tuum.
2390 4827 2574 4900 Meus,
2610 4828 2980 4900 Sancti/iactor
3009 4829 3193 4900 ubique
3224 4827 3389 4894 Deus,
3424 4831 3573 4883 nullo
3600 4844 3788 4882 sensu.

2190 4899 2423 4965 Poelm.,
2441 4899 2815 4967 Snncti/icatur
2832 4900 2917 4954 ubi
2933 4899 3187 4954 Dominus
3204 4901 3321 4955 sine
3338 4901 3788 4968 interrogatione,

2188 4988 2310 5039 qua:
2351 4971 2663 5025 necessaria
2694 4982 2798 5024 est.
2851 4970 3105 5038 Plerique
3146 4973 3317 5025 nostri
3356 4987 3515 5027 mss..
3549 4982 3602 5023 et
3629 4970 3788 5036 editi,

2187 5042 2406 5097 SClletiiB
2436 5041 2668 5108 Poelin.,
2692 5042 3055 5111 Sancti/iretur
3083 5042 3167 5095 ubi
3200 5039 3480 5096 Dominus.
3515 5040 3793 5109 Wopken-

2187 5114 2303 5168 sius
2331 5112 2550 5180 praefert
2589 5110 2982 5182 Sancti/iratum
3013 5115 3098 5167 cui
3132 5112 3315 5168 favent
3342 5112 3532 5180 Cant.,
3571 5118 3790 5177 Arnil,

2186 5192 2242 5238 ct
2270 5183 2421 5238 multi
2451 5183 2603 5238 editi.
2633 5185 2687 5256 In
2712 5183 2842 5255 Reg.
2872 5185 2896 5238 1
2927 5186 3110 5253 glossa
3136 5193 3241 5247 est,
3274 5184 3362 5238 ubi
3387 5184 3575 5256 poterit
3595 5184 3795 5238 sancti-

2187 5256 2358 5325 ﬁcari,
2385 5256 2529 5323 quod
2560 5255 2805 5319 intelligo
2839 5260 3247 5326 interrogative.

2257 5326 2384 5381 245.
2440 5326 2608 5400 Meus,
2638 5334 2724 5400 _et
2757 5326 2990 5395 Reg.'l,
3032 5342 3131 5397 pro
3178 5327 3233 5383 d.
3285 5328 3504 5400 script.,
3536 5341 3791 5396 corpore;

2187 5396 2495 5453 communis
2522 5397 2709 5465 lectio,
2740 5411 2945 5468 pectore
2970 5396 3133 5463 casto,
3155 5414 3349 5468 nempe
3378 5396 3536 5468 puro.

2230 5514 2283 5568 ui
2309 5514 2599 5568 claritatem
2619 5531 2769 5569 suam
2795 5515 2848 5569 in
2867 5516 2942 5571 eis
2960 5517 3150 5572 inueni.
3170 5516 3460 5573 Gallandiu
3484 5516 3658 5571 habet
3675 5514 3792 5568 sci-

2214 5588 2309 5640 icet
2349 5587 2471 5651 quia
2513 5586 2805 5641 claritatem
2835 5604 3003 5643 meam
3034 5590 3088 5642 in
3124 5590 3198 5643 eis
3236 5587 3431 5644 inveni.
3475 5586 3787 5642 Restitute!!-

2187 5655 2315 5711 dum
2343 5656 2557 5712 videtur
2582 5659 2776 5713 scilicet
2807 5661 2930 5727 quia
2962 5660 3252 5716 claritatem
3286 5676 3437 5716 suam
3458 5662 3511 5713 in
3540 5660 3609 5713 eis
3636 5658 3791 5711 inve-

2187 5727 2501 5855 nit.bSpries
2531 5730 2794 5785 orationis
2833 5733 3115 5802 sequentis
3148 5730 3285 5787 hanc
3314 5732 3600 5789 lectionem
3622 5742 3786 5782 com-

2187 5813 2286 5855 oro
2326 5815 2353 5853 a
2388 5838 2400 5852 .

2187 5807 2400 5868 probat.
