4086 6184
331 229 436 287 615

475 348 546 407 Ut
574 362 885 406 mereamur
915 365 1041 407 eum
1066 367 1168 409 nos
1200 353 1546 411 sanctificare
1566 355 1824 425 colendo,

472 442 692 499 Annuat
720 444 837 514 ipse
859 446 1037 515 prior,
1066 446 1206 501 sicut
1236 446 1553 505 benedicier
1580 447 1725 505 idem

473 534 546 590 Se
568 534 724 605 jubet
746 550 774 589 a
800 536 980 605 nobis,
1008 554 1037 592 a
1067 554 1175 609 quo
1205 538 1589 597 benedicimur
1619 558 1834 600 omnes.

491 651 521 678 ι
546 628 815 685 Adveniat
834 646 1059 701 regnum
1079 635 1217 703 jam,
1242 633 1465 707 jamque
1491 638 1708 694 scilicet
1736 638 1889 707 illud,

328 720 440 778 250
476 722 642 795 229
670 722 841 780 Morte
872 739 1091 793 vacans,
1150 736 1206 784 et
1257 727 1363 785 line
1393 746 1609 798 carens,
1639 733 1729 788 cui
1779 734 1929 791 nulla

1566 840 1647 881 ier
1674 843 1854 883 tevum

1566 840 1647 881 ier
1674 843 1854 883 aevum

473 908 747 979 Tempora
777 909 1100 979 succedunt,
1124 913 1254 985 quia
1285 915 1458 971 nescit
1485 823 1699 990 te[t‘npus
1728 918 1930 977 habere

472 1001 778 1060 Continuus
798 1004 921 1062 sine
942 1017 1104 1063 nocte
1132 1007 1255 1065 dies
1290 1027 1303 1065 :
1331 1010 1448 1080 ubi,
1483 1011 1732 1085 principe
1761 1013 1920 1070 Chri-

1224 1124 1235 1129 ·
1717 1105 1849 1177 [sto,

1432 234 1713 294 CARMEN
1751 236 2137 298 PASCHALE.
2175 240 2381 298 LIBER
2421 241 2485 297 ll.

3531 250 3636 309 616

1955 359 2014 421 Δ
2181 358 2375 416 Nobile
2405 370 2669 432 perpetua
2700 371 2862 434 caput
2911 364 3274 435 amplectente
3326 379 3558 433 corona,

2184 453 2366 510 Victor
2391 454 2570 525 opima
2599 454 2782 512 ferens
2808 456 3067 528 gaudebit
3091 458 3317 530 praemia
3347 459 3524 516 miles.

2248 547 2362 602 lloc
2402 548 2625 620 jugibus
2657 552 2822 618 votis,
2851 550 2957 607 hoc
2982 562 3143 609 nocte
3166 593 3182 619 ,
3211 552 3414 624 dieque
3447 566 3639 625 prece-

3396 645 3561 721 [muri

2183 734 2518 807 2301mm
2562 743 2623 791 ut
2677 736 2769 791 liat
2802 736 2965 805 coelo,
3000 745 3259 809 terraque
3286 737 3561 808 voluntas,

2177 827 2279 897 Qui
2310 843 2574 899 nusquam
2626 828 2744 883 vult
2769 843 2893 885 esse
2946 829 3122 897 nefas,
3174 830 3499 901 hostemque
3538 844 3638 886 no-

3293 921 3557 996 [centem,

2176 1012 2356 1086 thue
2406 1014 2554 1087 polo,
2605 1014 2686 1071 sic
2738 1013 2902 1086 pellat
2940 1014 3129 1085 humo,
3161 1030 3232 1073 ne
3275 1032 3507 1088 corpora
3538 1032 3641 1075 nec

3330 1108 3350 1182 [
3381 1120 3495 1166 stra
3538 1151 3556 1178 ,

2033 544 2139 605 255

1664 1218 1845 1279 OPUS
1881 1220 2151 1281 PASCllA
2160 1221 2270 1278 LE.

326 1306 528 1363 ibidem
561 1307 712 1364 dicit.
742 1308 924 1365 Pietas
951 1308 1097 1365 enim
1128 1310 1241 1382 illa,
1269 1311 1388 1369 sine
1420 1313 1587 1370 modo
1616 1316 1928 1387 mitissima,
2035 1327 2212 1375 morte
2240 1317 2621 1385 constrictum,
2650 1332 2754 1375 nec
2790 1318 3130 1389 temporibus
3172 1318 3633 1377 consumendum.

324 1401 429 1455 sibi
459 1400 702 1457 c0nferri
746 1404 1081 1475 pronuntiat,
1131 1405 1388 1477 quidquid
1417 1408 1531 1463 suis
1570 1408 1785 1465 famulis
1813 1411 1929 1481 ipsa
2032 1411 2216 1468 Nescit
2260 1412 2464 1467 etenim
2516 1420 2731 1483 tempus
2783 1412 2924 1468 lucis
2970 1411 3121 1467 illius
3166 1411 3286 1467 dies
3317 1410 3439 1469 sine
3467 1424 3631 1471 nocte

323 1491 633 1549 fructiﬁcat.
665 1492 877 1550 Similis
906 1497 1088 1567 itaque
1116 1512 1310 1553 sensus
1336 1500 1665 1569 ostenditur,
1698 1512 1755 1558 et
1785 1511 1845 1557 ut
1868 1517 1930 1559 se
2031 1505 2343 1572 continuus,
2378 1503 2472 1559 ubi
2520 1501 2855 1559 fortissimus
2901 1503 3082 1569 miles,
3106 1503 3334 1560 adorato
3383 1503 3627 1577 Christo,

323 1586 575 1642 benedici
602 1590 897 1657 praecipiat,
932 1604 1054 1645 cum
1085 1592 1200 1662 ipse
1219 1593 1398 1663 petitis
1423 1594 1673 1651 universa
1695 1596 1926 1652 benedi-
2027 1596 2245 1652 diversa
2276 1596 2461 1652 nmndi
2491 1606 2614 1667 post
2632 1596 2879 1667 pericula
2913 1598 3103 1668 praelio
3145 1598 3321 1655 victor
3350 1601 3630 1656 exsistens

320 1688 429 1734 cat.
477 1680 723 1753 Namque
751 1684 910 1738 trium
942 1699 1235 1755 puerorum
1263 1686 1316 1741 in
1363 1689 1578 1743 camino
1613 1690 1922 1745 canentium

317 1775 392 1830 ab
421 1778 568 1832 omni
618 1789 866 1833 creatura
922 1794 1018 1849 per
1061 1781 1311 1836 ordinem
1356 1781 1784 1838 benedicendum
1816 1783 1924 1838 Do-

317 1870 528 1927 minum
555 1872 823 1942 generalis
838 1872 1071 1945 hymnus
1101 1875 1398 1932 exclamat.
1429 1877 1681 1933 Adveniat
1708 1894 1924 1949 regnum

315 1976 487 2021 tuum.
564 1966 808 2038 Regnum
865 1967 1125 2024 advenire
1178 1970 1528 2040 deposcimus
1574 1972 1915 2042 reguatoris,

312 2061 410 2132 qui
450 2075 683 2132 regnare
710 2077 817 2118 non
849 2062 1068 2130 desiuit,
1103 2072 1161 2118 ut
1192 2064 1439 2121 fallacem
1472 2074 1497 2103 ⁸
1529 2065 1690 2136 hujus
1717 2065 1906 2121 mundi

314 2154 627 2225 principem
658 2171 757 2227 pro
800 2167 1131 2229 prazsumpta
1165 2158 1355 2229 puniat
1394 2159 1708 2232 tyrannide,
1738 2160 1918 2216 solus-

309 2264 446 2320 que,
475 2250 567 2322 qui
596 2250 744 2306 solus
770 2260 877 2319 est,
909 2265 1069 2307 suum
1101 2250 1450 2311 demonstret
1470 2254 1783 2325 imperium,
1817 2268 1917 2310 nec

2027 1692 2308 1746 caesariem
2350 1691 2491 1747 beati
2532 1692 2729 1761 capitis
2757 1701 3079 1747 ornaturam
3124 1703 3351 1763 perpete
3376 1694 3633 1749 nobilita-

2029 1793 2113 1839 tus
2133 1783 2498 1854 gratulabitur
2519 1784 2632 1854 jam
2674 1799 2899 1839 corona.
2927 1782 3053 1839 Fiat
3083 1786 3326 1840 voluntas
3356 1796 3470 1853 tua,
3497 1787 3633 1842 sicut

2025 1875 2080 1929 in
2116 1873 2261 1941 caelo,
2293 1888 2341 1930 et
2370 1876 2426 1929 in
2469 1884 2626 1930 terra.
2661 1875 3033 1932 Praccedentis
3071 1886 3129 1932 et
3158 1877 3248 1933 hic
3275 1880 3632 1935 continentiae

2025 1983 2217 2024 sensus
2247 1968 2465 2024 videtur
2514 1969 2764 2041 intelligi,
2791 1969 2938 2040 quod
2967 1969 3188 2042 jugibus
3232 1972 3376 2041 dies,
3410 1983 3630 2031 noctes-

2026 2077 2132 2132 que
2153 2061 2413 2132 precibus
2451 2060 2753 2117 debeamus
2785 2077 3108 2134 exposcere,
3142 2074 3202 2120 ut
3231 2064 3380 2121 illius
3400 2068 3624 2137 ctutum,

2026 2166 2338 2228 terramque
2382 2156 2640 2212 voluntas
2680 2156 3010 2227 adimpleat,
3043 2160 3134 2229 qui
3182 2174 3452 2232 nusquam
3505 2163 3625 2219 vult

2023 2265 2149 2307 esse
2201 2249 2521 2321 nequitiam,
2552 2264 2662 2319 quo
2692 2248 2966 2320 deiectum
3015 2251 3159 2308 coelo
3194 2251 3477 2310 diabolum
3528 2270 3632 2312 nec

1799 2364 2119 2424 SCHOLIA.

385 2457 515 2514 947.
558 2459 695 2529 Reg.
729 2459 783 2523 Ι,
820 2459 879 2525 2,
908 2460 965 2524 5,
997 2459 1142 2514 Vatt.
1177 2460 1231 2523 1,
1252 2458 1311 2526 2,
1336 2460 1502 2524 Ante,
1531 2459 1685 2525 Alb.,
1715 2458 1830 2516 Ott.
1861 2460 1914 2526 1,

308 2530 475 2599 Urb.,
510 2529 694 2598 Rom.,
728 2530 901 2594 Meus,
927 2531 1076 2598 Ald.,
1103 2530 1304 2601 aliique
1330 2531 1485 2593 editi,
1513 2530 1747 2598 Annuat,
1773 2531 1919 2599 quod

310 2601 521 2657 frustra
546 2618 668 2658 esse
700 2604 775 2655 ait
802 2604 1153 2657 Arntzenius.
1192 2603 1308 2668 Ipse
1341 2611 1489 2656 tenet
1520 2603 1747 2666 Aunuct,
1771 2604 1916 2672 quod

307 2672 520 2729 habent
545 2673 718 2729 editio
748 2672 1068 2729 Poelmanni
1091 2716 1105 2735 ,
1138 2681 1193 2728 et
1218 2673 1339 2727 aliae
1363 2673 1662 2728 nonnullm.
1698 2673 1833 2743 Reg.
1862 2676 1918 2742 4,

309 2745 514 2797 Annuit
544 2761 564 2799 :
593 2744 646 2800 id
676 2745 923 2805 placebat
942 2743 1301 2816 Wiipltensio.
1335 2755 1393 2799 ut
1423 2746 1588 2816 paulo
1608 2754 1738 2800 ante
1759 2748 1922 2799 Sanc-

309 2816 545 2887 tiﬁcatur
574 2832 594 2871 :
621 2817 710 2885 qui
730 2817 1037 2887 distinguit,
1063 2814 1129 2871 Ut
1154 2814 1444 2870 mereamur
1467 2832 1584 2870 eum
1604 2833 1696 2870 nos
1728 2818 1922 2870 sancti-

308 2886 474 2959 ﬁcnre
498 2887 733 2955 colendo,
763 2917 819 2959 -_—
855 2886 1050 2941 Annuit
1082 2890 1189 2959 ipse
1212 2889 1375 2956 prior.
1405 2888 1504 2941 Alii
1537 2896 1793 2957 punctum
1820 2904 1918 2958 ap-

307 2957 550 3030 piugunt
576 2970 691 3029 post
709 2957 943 3013 colendo.
964 2957 1195 3014 Verbum
1219 2974 1444 3013 annuere
1464 2975 1568 3030 pro
1585 2957 1911 3024 concedere,

306 3029 580 3096 tribuere,
637 3031 919 3102 assignare
958 3046 989 3086 a
1043 3030 1289 3099 Virgilio,
1339 3029 1658 3097 Prudentio,
1694 3040 1751 3086 ct
1788 3031 1915 3088 aliis

306 3112 635 3170 usorpatttr.

385 3172 513 3244 $48.
558 3173 692 3242 Reg.
725 3170 781 3239 4,
813 3174 1198 3239 benedicimus;
1228 3172 1347 3244 lege
1372 3173 1743 3228 benedicimur.

380 3242 511 3301 249.
558 3247 689 3315 Reg.
722 3245 774 3310 l,
818 3246 1004 3299 Uttob.
1037 3248 1085 3310 l,
1128 3242 1376 3298 Adveniat
1404 3261 1621 3315 regnum
1644 3254 1783 3298 tuum
1815 3260 1913 3316 pro

303 3314 490 3370 titulo.
526 3314 724 3372 Decem
772 3322 943 3371 nostri
973 3331 1107 3371 mss.
1136 3332 1261 3370 cum
1297 3314 1508 3383 lleinsl,
1540 3314 1829 3381 Cantaer
1857 3325 1915 3374 et

300 3389 503 3460 multis
529 3389 712 3450 editis,
736 3404 956 3459 regnum
982 3390 1120 3460 jam,
1146 3389 1356 3458 jamque
1378 3388 1569 3443 scilicet
1592 3388 1750 3454 illud,
1780 3403 1910 3458 pro-

298 3458 477 3513 ducto
511 3475 610 3526 que
633 3464 706 3515 ob
731 3458 1070 3514 sc'dictio'nis
1104 3460 1408 3529 sequentis,
1442 3460 1527 3513 vel
1562 3461 1686 3528 quia
1715 3475 1908 3515 revera

299 3544 601 3586 cenimune
629 3537 738 3595 est,
770 3540 828 3585 ut
854 3530 965 3600 jam
990 3530 1121 3584 alibi
1143 3537 1386 3583 notatum
1410 3539 1514 3584 est.
1542 3529 1612 3583 lta
1647 3530 1810 3584 etiam
1836 3532 1911 3586 Ie-

296 3612 447 3672 gnnt
488 3602 656 3665 Beda,
701 3610 756 3657 et
796 3603 917 3669 ejus
952 3609 1352 3655 commentator
1394 3600 1463 3655 de
1488 3600 1623 3655 Arte
1654 3603 1906 3667 metrica,

298 3676 399 3741 qui
432 3673 642 3737 dicunt,
673 3673 727 3727 in
765 3673 867 3727 hoc
900 3688 1063 3729 versu
1092 3690 1192 3739 que
1218 3674 1491 3742 positione
1513 3686 1637 3727 esse
1664 3672 1904 3741 longam.

299 3743 487 3812 Inepti
531 3744 738 3798 librarii
774 3743 869 3799 alii
913 3745 1071 3798 aliter
1100 3751 1488 3810 corruperunt.
1522 3743 1708 3797 Ottoh.
1738 3743 1795 3806 2,
1828 3761 1909 3798 re-

297 3832 468 3887 gnum
488 3818 606 3887 jam
621 3818 732 3884 jam
757 3833 896 3869 nunc
915 3813 1110 3887 scilicet
1131 3815 1281 3887 illud.
1320 3815 1541 3880 Parrli.,
1574 3831 1786 3887 regnum
1809 3831 1909 3869 ca:-

300 3886 434 3942 leste
472 3886 709 3941 uidelicet
746 3887 901 3942 illud.
943 3886 1111 3949 Meus,
1145 3886 1270 3941 Vat.
1308 3887 1328 3940 1
1379 3886 1671 3940 recentiori
1717 3901 1903 3954 manu,

300 3961 528 4024 Arntz.,
567 3968 629 4013 ut
660 3958 896 4021 videtur,
934 3966 991 4013 et
1020 3959 1206 4023 plnres
1225 3956 1391 4028 editi,
1420 3974 1637 4028 regnum
1656 3960 1773 4026 jam
1798 3960 1905 4019 iam

296 4047 506 4101 quoque
543 4030 737 4085 scilicet
775 4028 930 4084 illud.
979 4027 1238 4101 Nonnulli
1296 4027 1534 4098 vulgati,
1593 4044 1906 4099 regnumque

297 4099 448 4156 tuum
468 4104 585 4174 jam
613 4101 803 4174 scilicet
829 4101 981 4154 illud.
1005 4099 1141 4174 Vera
1174 4100 1336 4155 lectio
1357 4101 1668 4174 elegantior
1690 4115 1905 4170 quoque

296 4171 520 4228 caneris
564 4171 835 4244 estslam
865 4176 983 4244 jnm
1014 4172 1220 4225 indicat
1262 4188 1387 4244 rem
1410 4172 1818 4244 imminentem,
1851 4183 1906 4226 et

296 4245 562 4300 celeritas
593 4243 769 4313 major
809 4242 1104 4314 indicatur,
1144 4258 1309 4312 quum
1340 4242 1499 4297 alteri
1529 4245 1647 4314 jam
1686 4242 1907 4296 additur

296 4318 619 4382 conjnm-tin
644 4312 761 4384 que.
792 4313 986 4370 Cicero
1026 4315 1247 4369 Tuscnl.
1282 4315 1320 4367 I.
1353 4330 1392 4374 ι.
1425 4329 1475 4366 c.
1503 4312 1573 4367 τε
1610 4312 1737 4368 Cum
1769 4314 1899 4380 dies,

295 4397 347 4441 et
376 4400 548 4440 noctes
569 4386 901 4458 cogitandum
921 4386 1006 4445 sit.
1020 4388 1157 4457 jam,
1170 4387 1383 4458 jamque
1405 4401 1511 4439 esse
1540 4384 1902 4458 moriendum;

297 4470 353 4511 et
406 4463 444 4510 Ι.
479 4473 566 4511 xtv
594 4456 660 4511 ad
709 4462 899 4522 Attic.,
957 4456 1047 4524 ep.
1094 4460 1195 4510 ult.
1244 4474 1258 4511 :
1312 4456 1600 4527 Quamqum
1629 4456 1738 4523 ipse
1760 4458 1896 4528 jam,

284 4532 506 4601 jamque
530 4530 710 4583 adero.
736 4528 811 4583 Ex
847 4531 991 4583 notis
1020 4527 1397 4601 Nebrissensis
1418 4542 1760 4601 arguo,geum
1792 4527 1901 4581 alio

294 4598 463 4656 modo
495 4603 692 4665 legisse
726 4618 739 4653 :
772 4603 843 4653 ait
876 4601 1020 4655 enim
1056 4617 1069 4652 :
1111 4617 1131 4650 ι
1172 4598 1348 4665 Quod,
1397 4599 1628 4653 subaudi
1659 4615 1893 4668 regnum.

294 4673 380 4727 Ad
433 4672 589 4737 quod,
630 4673 738 4739 ipse
769 4674 1080 4742 respondet.
1122 4688 1140 4722 ν
1178 4670 1233 4725 In
1284 4670 1546 4739 editione,
1597 4687 1699 4737 qua
1751 4680 1894 4742 utor,

294 4759 404 4797 non
440 4744 659 4797 invenio
683 4747 736 4796 in
768 4741 873 4797 hoc
897 4757 1078 4808 versu,
1098 4757 1195 4811 pro
1222 4756 1328 4811 quo
1359 4757 1420 4795 ea
1452 4754 1533 4795 est
1567 4754 1713 4803 nota,
1736 4741 1892 4809 quod.

293 4816 389 4869 sed
412 4818 527 4887 jam
543 4817 658 4885 jnn
680 4830 882 4885 quoque
907 4813 1104 4868 scilicet
1121 4827 1149 4887 _:
1178 4822 1320 4887 mitte
1344 4812 1490 4887 enim
1513 4812 1896 4887 _l_\’el_tri5sensis

294 4883 508 4941 recusae
532 4883 621 4941 hic
646 4883 803 4952 sunt,
820 4898 872 4939 et
902 4900 1048 4955 stupe
1069 4884 1134 4937 ad
1158 4884 1261 4939 alia
1288 4885 1451 4937 verba
1466 4883 1747 4955 alludunt,
1774 4899 1896 4950 quae

294 4957 351 5012 in
385 4967 537 5012 testu
569 4974 676 5011 non
699 4953 993 5026 apparent.
1022 4956 1159 5010 Puto
1189 4955 1375 5024 igitur.
1411 4969 1441 5009 a
1464 4953 1808 5009 Nebrissensi
1843 4956 1896 5008 in

292 5043 392 5083 sua
430 5030 674 5083 editione
703 5028 965 5096 scriptum
1008 5027 1181 5082 fuisse
1217 5026 1471 5098 Adveniet,
1508 5042 1724 5098 regnum
1753 5029 1893 5098 jam,

290 5101 423 5169 iam.
450 5100 640 5169 Quod?
662 5101 858 5154 scilicet
880 5098 1034 5154 illud.
1066 5098 1262 5163 Acute,
1287 5098 1384 5152 sed
1408 5096 1587 5152 minus
1618 5096 1767 5165 vere,
1797 5096 1898 5151 mi-

293 5188 508 5235 nusque
536 5173 836 5238 eleganter.

364 5244 491 5298 25L
528 5242 860 5298 Arnizenius
890 5257 1013 5296 cum
1046 5240 1231 5297 multis
1251 5239 1414 5295 editis
1441 5239 1668 5295 exhibet
1698 5238 1897 5294 Succe-

292 5312 417 5368 dent
437 5358 452 5383 ,
471 5322 530 5370 et
549 5331 613 5369 ex
644 5315 829 5378 Cant.,
854 5313 1027 5369 Parrh
1060 5353 1077 5380 ,
1105 5312 1251 5377 Ald.,
1274 5312 1526 5381 aliisque,
1550 5313 1681 5367 citat
1707 5310 1901 5365 Succe-

369 5440 396 5469 ι
433 5430 490 5485 In
542 5443 651 5486 vet.
680 5430 804 5483 cod.
852 5428 1072 5484 Juretus
1128 5429 1335 5482 invenit
1365 5427 1521 5499 hujus
1551 5443 1647 5499 pro
1704 5426 1886 5499 mundi

293 5504 580 5575 principem
606 5519 625 5568 ;
653 5514 707 5558 et
734 5503 1062 5575 suspicatur,
1092 5510 1373 5575 auctorem
1418 5498 1707 5575 scripsisse
1730 5498 1887 5575 hujus

293 5570 478 5646 mundi
505 5574 915 5646 praprincipem.
944 5573 1064 5627 Non
1097 5574 1198 5646 plau
1220 5583 1293 5627 et.
1327 5570 1496 5646 Paulo
1526 5577 1649 5640 post
1674 5571 1891 5638 reliquit

293 5642 617 5715 scripturam
659 5642 978 5699 mendosam
1009 5645 1211 5697 veteris
1241 5642 1445 5715 codicis
1473 5658 1565 5695 nec
1585 5655 1751 5695 morte
1769 5656 1892 5715 con-

293 5712 474 5782 stium,
510 5734 607 5787 pro
632 5732 743 5787 quo
786 5715 1104 5772 Gallandius
1124 5713 1347 5783 coiijicit
1372 5730 1463 5787 nec
1480 5712 1894 5787 mortegcoustri-

296 5796 439 5841 ctum
467 5804 484 5841 :
511 5784 599 5843 ita
627 5784 819 5845 revera
869 5788 1065 5858 legitur
1110 5788 1163 5841 in
1204 5785 1481 5842 nonnullis
1538 5784 1895 5841 Bibliotliecis

2025 2458 2177 2519 dunt.
2200 2456 2344 2527 quod
2375 2456 2558 2511 minus
2582 2463 2790 2527 rectum
2814 2462 3004 2525 putat;
3028 2455 3083 2512 id
3112 2456 3254 2517 enim
3279 2458 3479 2525 innuit,
3501 2474 3627 2517 cum

2023 2530 2101 2601 ait
2122 2525 2239 2601 sine
2266 2528 2589 2601 necessitate.
2615 2525 2797 2601 Nostri
2843 2528 2960 2601 fere
2980 2544 3194 2601 omnes,
3221 2528 3358 2601 Reg.
3392 2534 3446 2597 l,
3474 2532 3531 2598 2,
3563 2531 3621 2601 4,

2024 2599 2081 2663 5,
2104 2598 2271 2671 Ang.,
2317 2599 2465 2659 Alb..
2498 2597 2624 2653 Vat.
2654 2597 2713 2671 2,
2746 2596 2859 2652 Ott.
2883 2597 2940 2663 2,
2996 2598 3170 2671 Meus,
3223 2596 3408 2664 Βοῖη..
3434 2596 3629 2657 sum;

2027 2672 2179 2736 dunt,
2202 2670 2354 2740 quod
2382 2685 2448 2724 ex
2503 2684 2645 2724 nexu
2694 2670 3003 2724 litterarum
3033 2671 3086 2724 in
3118 2670 3238 2726 Vat.
3268 2674 3293 2726 1
3326 2675 3489 2727 etiam
3514 2676 3631 2729 col-

2026 2743 2177 2811 ligo;
2212 2742 2263 2795 in
2308 2742 2421 2797 Ott.
2451 2742 2476 2796 l
2528 2740 2764 2797 fortasse
2789 2749 2875 2795 est
2906 2740 3226 2797 Succedunt.
3271 2742 3511 2799 Probum
3544 2757 3629 2802 est

2028 2813 2351 2880 Succedunt,
2402 2813 2557 2883 cujus
2604 2813 2785 2883 glossa
2828 2813 2882 2867 in
2938 2811 3074 2884 Reg.
3108 2815 3133 2869 l
3168 2816 3622 2877 estsubveniunt:

2025 2901 2222 2955 nempe
2247 2897 2454 2941 aeterno
2486 2885 2579 2939 Dei
2602 2900 2770 2950 regno
2800 2884 2980 2939 ouinia
3009 2898 3134 2941 sunt
3180 2890 3489 2956 praesentia,
3524 2905 3624 2945 ne-

2022 2972 2129 3027 que
2154 2958 2457 3013 succedunt
2479 2968 2747 3026 tempora.

2094 3028 2222 3083 252.
2265 3030 2439 3095 Meus,
2473 3028 2864 3097 Aiternus,pro
2891 3027 2951 3084 d.
2986 3045 3060 3093 s.,
3093 3028 3400 3085 Continuus.

1942 3114 1987 3175 ρ
2094 3100 2224 3175 255.
2257 3101 2867 3175 Coronaprontcterna
2916 3100 3176 3157 felicitate
3217 3118 3248 3156 ει
3299 3101 3625 3162 Christianis

2020 3171 2381 3241 setipt0ribus
2413 3170 2555 3227 solet
2584 3170 2854 3226 adhiberi.

2088 3244 2217 3319 255.
2246 3243 2460 3319 Reg.gl,
2483 3244 2594 3299 Oll.
2615 3245 2664 3319 l_,
2693 3242 2817 3319 Fiat
2840 3245 3076 3298 voluntas
3098 3253 3207 3319 tua,
3235 3247 3371 3301 sicut
3391 3247 3445 3302 in
3472 3250 3622 3319 caelo,

2016 3325 2067 3370 et
2087 3318 2141 3370 in
2175 3326 2333 3370 terra.
2357 3315 2674 3370 Communis
2696 3318 2966 3390 scriptura
2986 3326 3077 3390 est
3097 3315 3212 3370 Hoc
3231 3319 3447 3390 jugtbus
3469 3315 3622 3386 votis,

2016 3395 2270 3460 correpta
2293 3392 2466 3460 prima
2492 3390 2544 3441 in
2581 3388 2829 3460 jugibus,
2862 3385 3080 3460 utalilti
3122 3385 3262 3460 amid
3302 3385 3623 3447 'Sedulium.
3702 3416 3707 3419 ·

2015 3456 2432 3535 (ἐειιιῑζρνςὲὶινυε
2466 3474 2562 3527 pro
2572 3456 2817 3535 juglibus.
2851 3456 3139 3535 cellarius
3160 3456 3422 3535 Fabricio
3436 3463 3629 3535 impu-

2018 3540 2115 3603 tat,
2147 3527 2288 3600 quod
2313 3527 2612 3603 mutaverit
2646 3527 2869 3603 Jugibus
2894 3527 2996 3581 hoc
3034 3530 3187 3591 votis,
3220 3531 3315 3585 sed
3348 3534 3401 3586 in
3430 3527 3565 3603 Reg.
3588 3537 3624 3592 5

2013 3600 2088 3654 ita
2120 3599 2286 3655 etiam
2338 3599 2558 3670 invenio
2588 3617 2601 3652 :
2633 3601 2777 3670 quod
2828 3615 2895 3654 eo
2946 3604 3109 3670 etiam
3167 3604 3465 3658 notandum
3514 3599 3623 3669 est,

2013 3673 2141 3743 quia
2175 3670 2262 3743 hic
2287 3669 2596 3743 codexgvix
2647 3685 2902 3740 umquam
2951 3669 3184 3743 discedit
3212 3672 3282 3727 ab
3338 3674 3500 3741 Aldo,
3531 3677 3625 3743 qui

2014 3740 2193 3818 habet
2213 3740 2325 3818 {ioc
2341 3741 2819 3818 jugibus‘uotis._ln
2843 3742 3096 3818 editione
3124 3744 3457 3818 Ascensiana
3483 3740 3626 3818 Cap-

2013 3814 2194 3882 pnsoti
2232 3811 2451 3867 invenio
2509 3813 2675 3868 etiam
2726 3811 2948 3882 Jugilus
2998 3814 3095 3866 hoc
3143 3815 3319 3881 uotis;
3367 3811 3619 3875 eamdem

2012 3885 2339 3955 scripturam
2374 3882 2675 3955 praeferunt
2704 3884 2922 3939 stheda:
2952 3884 3185 3950 Poelm.,
3216 3902 3339 3941 cum
3381 3889 3616 3954 addunt,

2012 3954 2160 4019 Non,
2193 3959 2288 4028 hoc
2308 3955 2547 4027 jugilms.
2580 3956 2718 4020 Reg.
2741 3957 2797 4023 4,
2820 3968 2970 4009 noctu
2994 3973 3014 4021 ;
3037 3960 3249 4028 Corrige
3277 3968 3423 4013 nocte
3462 3963 3619 4017 metri

2010 4028 2207 4099 gratia.
2231 4026 2413 4099 Rom,
2445 4043 2722 4099 precamur
2753 4044 2773 4095 ;
2805 4032 2979 4082 retine
3013 4026 3304 4096 precentur.

2081 4097 2209 4153 256.
2246 4097 2303 4152 ln
2328 4097 2460 4169 Reg.
2494 4099 2529 4153 4
2563 4099 2636 4153 ita
2664 4100 2992 4165 depravatus
3019 4111 3102 4169 est
3129 4099 3213 4154 hic
3242 4102 3622 4165 versusJ/lius

2008 4180 2067 4222 ut
2092 4171 2253 4245 [Satin
2272 4171 2420 4245 caelo.
2444 4180 2492 4224 et
2515 4172 2566 4223 in
2585 4180 2722 4225 terra
2736 4168 3195 4245 voluntas.Codex
3211 4171 3615 4245 Artnz..lpsius

2012 4255 2111 4318 pro
2141 4239 2319 4294 Illius.
2376 4244 2709 4318 A_rntzet_nns
2758 4242 3218 4318 retinendnm‘ait
3266 4239 3619 4318 Illius,'quia

2010 4312 2127 4388 haec
2149 4328 2251 4367 vox
2276 4311 2559 4388 emphasin
2590 4312 2774 4388 habet.
2794 4329 2916 4367 cum
2944 4314 3013 4369 de
3034 4314 3161 4388 viris
3186 4316 3424 4388 inclytis,
3440 4311 3535 4373 aui
3550 4318 3618 4374 de

2008 4382 2136 4448 diis,
2180 4382 2323 4451 apud
2360 4391 2583 4454 veteres
2623 4385 2921 4454 scriptores
2979 4383 3253 4452 profanos.
3296 4382 3382 4443 est
3409 4382 3615 4444 sermo.

2079 4455 2207 4528 257.
2244 4455 2299 4508 In
2345 4453 2478 4528 Reg.
2503 4454 2538 4509 4
2570 4453 2786 4528 videtur
2815 4472 2906 4509 ore
2954 4470 3053 4528 pro
3104 4472 3235 4522 esse,
3270 4459 3414 4528 quod
3444 4476 3614 4515 unum

1932 4512 1982 4573 D
2007 4527 2324 4597 tenendum.
2356 4512 2539 4597 Cant”
2588 4527 2883 4597 hostemque
2909 4512 3214 4597 m'alignum.

2078 4596 2584 4673 258.\V«ipkensitis
2610 4596 2867 4673 afﬁrmat,
2917 4598 2968 4652 in
2996 4596 3158 4673 utque
3174 4599 3469 4673 abundare
3486 4619 3608 4673 que,

2008 4672 2168 4741 metri
2184 4669 2529 4724 solummodo
2542 4685 2704 4724 causa
2729 4670 3009 4739 injectum,
3026 4669 3083 4724 ut
3111 4671 3234 4725 aliis
3248 4672 3300 4726 in
3324 4674 3454 4728 locis
3467 4669 3610 4741 apud

2006 4739 2313 4806 Sedulium,
2357 4756 2553 4812 nempe
2583 4744 2619 4795 l.
2644 4758 2725 4803 ιιι.
2759 4757 2898 4796 vers.
2938 4741 3005 4795 89
3038 4757 3054 4806 ;
3086 4743 3229 4813 LIV,
3262 4758 3408 4798 vers.
3443 4739 3535 4813 68,
3554 4758 3611 4804 et

2005 4813 2147 4879 apud
2179 4815 2469 4878 Avienum,
2504 4813 2612 4867 fab.
2651 4814 2739 4879 l7,
2772 4828 2918 4867 vers.
2980 4813 3065 4865 15.
3101 4812 3362 4871 Fortasse
3388 4827 3443 4870 ttt
3476 4812 3615 4876 lianc

2004 4882 2387 4938 difﬁcultatem
2420 4885 2776 4949 declinarent,
2843 4884 3106 4939 librarius
3158 4886 3209 4938 in
3258 4886 3447 4955 Reg.5
3479 4892 3613 4945 scri-

2007 4957 2139 5029 psit,
2164 4963 2222 5009 et
2250 4954 2422 5029 Aldus
2450 4957 2622 5029 edidit
2670 4967 2726 5009 ut
2765 4957 2913 5023 aeto,
2946 4956 3020 5009 sic
3052 4955 3213 5021 pellat
3235 4954 3415 5012 humo.
3447 4960 3612 5029 Equi-

2005 5026 2127 5079 dem
2178 5027 2380 5078 nullam
2433 5027 2596 5082 video
2645 5042 2889 5091 causam,
2946 5044 3045 5081 cur
3074 5029 3147 5083 ita
3195 5029 3447 5085 Sedulius
3499 5026 3608 5087 non

2001 5097 2661 5169 scripseritsRepugnant
2709 5111 2888 5155 tamen
2916 5099 3282 5153 vetustissima
3332 5102 3609 5169 exempla-

2001 5169 2106 5241 ria,
2133 5176 2189 5223 et
2217 5167 2473 5241 sedulins
2516 5185 2621 5241 non
2653 5171 2823 5225 semel
2876 5170 3029 5241 addit
3070 5187 3168 5241 que
3215 5186 3313 5239 pro
3340 5167 3514 5236 etiam,
3548 5182 3609 5229 ut

2001 5238 2234 5295 dicimus
2259 5238 2533 5309 hodieque.
2565 5239 2673 5295 Pro
2724 5258 2789 5295 ne
2817 5242 2933 5296 Ott.
2962 5240 3020 5304 2,
3052 5238 3108 5296 et
3131 5238 3294 5296 Rom.
3322 5256 3351 5294 a
3385 5257 3469 5311 pr.
3503 5260 3605 5311 m.,

2004 5326 2117 5365 nec.

1994 5426 2239 5487 Patrum.
2262 5440 2360 5481 nec
2383 5424 2542 5482 facile
2556 5430 2905 5482 mutaverint.
2937 5425 3016 5479 Ita
3037 5424 3200 5480 etiam
3231 5427 3444 5483 retineo
3468 5430 3609 5489 intra

1998 5500 2217 5552 adorato
2237 5497 2445 5551 Christo
2476 5514 2537 5553 ex
2564 5497 2825 5554 Bibliotb.
2852 5498 3026 5559 Patr.,
3055 5512 3152 5561 pro
3173 5511 3282 5564 quo
3304 5497 3527 5558 Juretus
3554 5512 3612 5560 et

1999 5569 2322 5626 Gallaodius
2349 5583 2470 5623 cum
2502 5582 2611 5625 vet.
2636 5570 2755 5623 cod.
2788 5569 2972 5638 legunt
3003 5570 3221 5623 odorato
3242 5566 3467 5632 Christo,
3494 5574 3607 5633 Re-

2001 5655 2091 5768 (lue
2118 5639 2337 5765 lu‘retus
2358 5640 2614 5697 mendum
2644 5641 2827 5710 prwlia
2855 5645 3017 5707 uictor
3056 5643 3300 5697 correxit
3329 5659 3428 5715 per
3470 5665 3608 5722 pm.

2026 5729 2075 5766 ιο
2102 5727 2177 5766 ωε
2203 5729 2281 5765 ον.

2026 5713 2075 5766 io
2102 5714 2281 5766 victor.
