4086 6184
486 252 591 310 627

1857 238 2081 310 εωιη
2116 248 2393 312 SEDULII

3681 269 3787 327 6'28

632 369 1457 443 'l’amquamvilesolum,smvus
1473 368 2079 443 siblvltrdicetbydrus;
2110 362 2165 435 Α
2187 369 2298 427 265
2337 372 2379 426 Λ
2409 370 2630 427 Christo
2652 372 2836 444 jejuna
2873 387 2994 439 suo,
3020 374 3115 446 qui
3146 388 3402 447 corpore,
3438 387 3495 436 et
3521 394 3619 438 ore

489 464 598 523 260
636 464 765 533 Sed,
790 465 881 538 qui
928 466 1122 522 cuncta
1149 463 1321 537 fovet,
1355 465 1515 537 plena
1539 465 1739 537 pietate
1771 464 2085 522 redundans

636 557 995 629 Omnipotens
1021 558 1231 615 animas
1254 558 1458 629 pariter
1484 564 1794 625 conservet,
1814 565 1867 614 et
1888 568 2040 613 artus
2068 575 2083 613 :

635 650 820 707 Altera
851 667 977 722 pars
1000 651 1199 729 etenim
1224 651 1353 708 caeli
1381 667 1588 721 sumus,
1632 653 1799 708 altera
1829 661 2012 707 tcrrre.

710 748 995 802 Annonam
1021 745 1147 801 fidei
1174 758 1459 816 speramus
1489 762 1626 816 pane
1651 746 1872 814 diurno,

634 838 793 914 231
828 838 904 897 Nc
932 854 1088 897 mons
1122 846 1306 897 nostra
1355 839 1556 897 famem
1595 840 1862 898 doctrinm
1890 840 2090 897 sentiat

1712 932 2013 1006 [umquam.

2335 463 2444 520 Nos
2469 470 2701 531 saturat,
2732 466 2893 521 simul
2934 465 3053 537 Ipse
3078 468 3687 549 manens'vcrbumquc,
3715 478 3792 534 ci-

3491 566 3721 626 busoue.

3491 566 3593 623 bus
3635 585 3721 626 ue.

2339 650 2525 712 Dulcia
2555 668 2681 710 nam
2714 650 2935 710 Domini
2984 655 3190 711 nostris
3221 655 3274 712 in
3307 563 3560 719 faucibus
3590 583 3795 723 blectent

2341 745 2501 820 232
2533 746 2784 818 Eloquia,
2816 755 3255 820 exsuperautquc
3277 747 3453 820 faves,
3477 760 3643 824 atque
3671 771 3792 813 om-

2940 922 2947 925 Δ
3403 847 3516 925 [nia
3544 850 3723 907 mella.

2416 935 2605 993 Debita
2631 936 2809 995 laxari
2835 939 2929 1011 qui
2960 938 3120 997 nobis
3148 948 3347 999 cuncta
3376 954 3657 1017 rogamus,

1838 1096 2016 1155 OPUS
2056 1098 2446 1161 PASCHALE.

488 1256 635 1302 terra
668 1243 906 1315 patiatur
932 1241 1232 1309 infensum,
1256 1255 1358 1298 nec
1386 1248 1656 1298 terrenam
1681 1239 1935 1310 corporis
1964 1253 2092 1295 nos-

491 1337 562 1393 tri
616 1335 1000 1402 substantiam,
1034 1344 1310 1406 tamquam
1369 1332 1496 1389 limo
1530 1331 1874 1398 concretam,
1908 1338 2089 1387 stevus

492 1427 739 1493 coluber,
777 1436 832 1483 ut
872 1442 1051 1483 escam
1092 1441 1209 1482 suae
1237 1426 1553 1482 voracitatis
1599 1422 1840 1491 invadat,
1874 1439 1937 1480 ac
1969 1438 2093 1495 pes-

496 1523 650 1579 simis
681 1538 781 1578 nos
825 1522 1172 1578 suasionibus
1204 1521 1485 1578 involutos
1515 1519 1824 1590 squamosis
1858 1521 2093 1576 nexibus

492 1615 877 1687 amplectatur,
923 1624 976 1671 et
1025 1615 1263 1677 ambiat,
1294 1613 1470 1669 donec
1521 1612 1816 1669 letitalibus
1870 1613 2093 1669 venenis

493 1709 773 1765 inebrians
820 1707 1185 1762 miserabilem
1226 1707 1392 1761 vitam
1443 1704 1738 1762 lambendo
1784 1714 2090 1761 consumat.

494 1800 733 1871 Ideoque
774 1801 1061 1856 Dominum
1093 1800 1454 1868 deprecemur
1483 1796 1725 1865 assidue,
1754 1806 1813 1853 ut
1856 1799 2093 1854 animam

506 1895 713 1964 pariter
744 1893 797 1947 in
840 1892 997 1947 nobis
1031 1898 1263 1955 tueatur,
1293 1901 1347 1945 et
1370 1905 1628 1957 carnem;
1664 1890 1833 1945 altera
1862 1904 2096 1960 namque

494 1985 617 2043 Coeli
642 2000 772 2056 pars
798 1998 1009 2049 sutnus,
1034 1983 1209 2039 altera
1234 1990 1395 2038 terrae
1415 1999 1600 2039 semen
1625 1983 1962 2040 exsistimus.
1990 1981 2099 2039 Pri-

2195 1240 2425 1312 loquens
2452 1256 2581 1298 suos
2610 1241 2683 1297 ita
2711 1241 3013 1312 discipulos
3042 1240 3187 1298 inter
3218 1241 3350 1313 alia,
3384 1257 3506 1316 qua:
3528 1243 3795 1303 docebat:

2196 1331 2380 1389 Nolite
2417 1348 2541 1406 ergo
2567 1334 2781 1390 solliciti
2807 1348 2919 1390 esse
2946 1334 3000 1390 in
3030 1335 3334 1390 crastinum.
3370 1334 3644 1395 Crastinus
3669 1337 3799 1392 enim

2197 1425 2309 1482 dies
2330 1424 2585 1482 sollicitus
2602 1429 2699 1481 erit
2727 1427 2825 1482 sibi
2855 1429 2974 1499 ipsi.
3002 1426 3059 1484 Si
3092 1434 3225 1483 vero
3251 1426 3466 1499 plenius
3487 1426 3800 1502 spiritaliter

2199 1517 2366 1586 dicta,
2402 1519 2470 1575 de
2500 1519 2696 1591 quibus
2728 1519 3035 1592 loquimur,
3065 1518 3297 1577 velimus
3326 1526 3652 1593 agnoscere,
3686 1538 3801 1581 sen-

2202 1609 2423 1681 tiemus,
2443 1610 2587 1668 hunc
2615 1622 2807 1686 panem
2836 1611 3080 1668 divinum
3101 1627 3225 1669 esse
3252 1624 3636 1682 sermonem,a
3654 1619 3799 1690 cujus

2202 1706 2546 1763 substantiali
2576 1704 2826 1762 doctrina
2858 1707 2903 1761 si
2937 1720 3137 1761 vacans
3169 1708 3383 1762 animus
3409 1702 3495 1763 vel
3528 1709 3800 1779 paululum

2198 1800 2562 1870 jejunavcrit,
2602 1814 2812 1871 magna:
2851 1798 3014 1856 famis
3046 1802 3329 1871 penuriam
3359 1801 3678 1857 sustinebit.
3722 1800 3803 1855 Di-

2202 1893 2398 1947 stantia
2435 1892 2704 1963 siquidem
2738 1907 2843 1947 non
2878 1893 3072 1965 pusilla
3126 1894 3271 1949 inter
3303 1895 3582 1963 spiritales
3609 1894 3793 1966 epulas

2203 1993 2260 2040 et
2298 1986 2610 2055 corporales
2646 1984 2880 2041 exsistit.
2917 1984 3022 2041 llas
3047 1986 3193 2042 enim
3227 1987 3438 2058 parcius
3470 1988 3659 2056 edere,
3694 1989 3805 2044 illas

497 2096 611 2133 nem
644 2086 873 2132 nostrum
898 2075 1262 2147 quotidianum
1298 2076 1365 2130 da
1397 2076 1544 2131 nobis
1571 2075 1749 2131 hodie.
1782 2076 1952 2131 Panis
1995 2077 2097 2132 ali-
2132 2083 2178 2141 Β
2204 2078 2233 2118 δ
2281 2092 2574 2150 numquam
2621 2080 2972 2150 prmcipimur
3015 2092 3293 2137 recusare.
3340 2080 3438 2137 llic
3480 2080 3805 2138 absrinentla

500 2174 741 2229 muniant
782 2168 1081 2241 quotidiani
1114 2170 1429 2242 petentibus
1459 2171 1767 2242 tripartitus
1795 2170 2101 2243 intelligen-

498 2266 586 2320 tia:
627 2276 822 2320 sensus
870 2265 1136 2336 aperitur,
1164 2276 1489 2335 quamquam
1539 2264 1840 2335 scripturas
1890 2265 2101 2321 divinas

498 2361 578 2416 sic
604 2369 855 2431 oporteat
880 2373 1072 2412 omnes
1094 2358 1329 2413 adverti.
1362 2358 1508 2428 Ergo
1534 2357 1834 2415 secundum
1861 2358 2100 2414 litteram

500 2452 816 2524 specialiter
844 2451 1188 2506 frumentarii
1217 2451 1482 2521 germinis
1509 2464 1706 2521 panem
1738 2453 1993 2509 vescendi
2021 2453 2104 2508 vl-

496 2550 690 2606 demur
724 2547 895 2620 gratia
928 2546 1234 2617 postulare,
1267 2556 1323 2604 et
1355 2548 1636 2605 moraliter
1667 2553 1693 2583 α
1723 2556 1781 2603 ιιι
1820 2547 1961 2602 servi
1999 2547 2103 2601 Do-

497 2644 709 2701 minum
741 2642 1125 2712 deprecamur,
1155 2654 1264 2710 quo
1304 2640 1557 2697 diurnam
1596 2641 1855 2710 consequi
1891 2655 2104 2699 merea-

504 2752 629 2792 mur
654 2749 945 2801 annonam,
982 2732 1112 2789 dum
1144 2742 1255 2789 tam
1284 2734 1577 2804 utriusque
1602 2734 1832 2789 rationis
1867 2732 2103 2788 formam

500 2828 570 2884 de
595 2827 825 2898 spiritali
866 2828 1185 2882 noverimus
1213 2826 1516 2898 procedere
1543 2826 1857 2898 disciplina.
1890 2824 1973 2883 Ob
1998 2826 2104 2885 hoc

505 2919 650 2974 enim
696 2920 884 2989 epulas
922 2918 1186 2975 victuales
1229 2917 1471 2987 quotidie
1503 2919 1756 2991 iubemur
1783 2934 2102 2990 exposcere,

503 3014 700 3084 nequid
725 3013 781 3068 in
814 3013 1118 3069 crastinum
1152 3023 1519 3078 reservantes,
1543 3012 1795 3069 dubitare
1820 3013 1892 3068 de
1918 3012 2103 3068 divina

506 3108 709 3177 pietate
747 3118 1059 3162 cernatnur.
1107 3106 1261 3172 Quod
1305 3114 1483 3161 tatnen
1520 3105 1592 3160 ita
1621 3106 1950 3162 laboriosum
1980 3120 2106 3181 pro-

508 3203 687 3267 batur,
719 3210 773 3253 et
801 3197 1055 3261 arduum,
1083 3207 1143 3253 ut
1167 3213 1194 3251 a
1228 3195 1413 3266 paucis
1435 3198 1587 3261 viris.
1615 3206 1782 3269 atque
1810 3196 2107 3253 rarissimis

508 3294 631 3348 talis
675 3299 841 3362 queat
883 3291 1070 3361 regula
1110 3291 1397 3347 custodiri.
1430 3290 1675 3360 Namque
1703 3292 1962 3348 Dominus
1990 3291 2106 3361 ipse

507 3383 686 3440 ﬁdelis
731 3385 787 3440 in
827 3384 1104 3454 omnibus,
1155 3386 1247 3461 qui
1294 3385 1438 3441 illius
1491 3384 1658 3440 lsrael
1709 3386 2001 3456 productos
2039 3396 2105 3440 ex

2207 2173 2461 2241 salubris,
2492 2172 2601 2229 illic
2630 2173 2862 2229 aviditas
2887 2173 2946 2228 iit
2974 2174 3176 2228 vitalis.
3219 2172 3466 2243 Denique
3498 2170 3669 2230 David
3699 2188 3803 2231 tne-

2207 2265 2528 2322 ditationem
2566 2266 2868 2321 Dominicae
2917 2265 3053 2338 legis
3097 2268 3376 2323 exercenti
3410 2267 3502 2324 die
3542 2282 3611 2325 ae
3653 2278 3807 2325 nocte

2207 2357 2529 2414 beatitudini
2561 2374 2622 2414 se
2651 2360 2736 2414 bis
2770 2361 2949 2416 verbis
2978 2360 3241 2430 praedicat
3268 2359 3539 2418 inhmrere
3570 2380 3584 2416 :
3619 2361 3807 2418 Beatus

2208 2450 2304 2515 vir,
2346 2450 2434 2517 qui
2464 2466 2570 2505 non
2602 2449 2727 2505 abiit
2762 2450 2818 2507 in
2847 2449 3067 2505 consilio
3097 2450 3395 2521 impiorum,
3429 2461 3475 2511 ot
3500 2454 3555 2507 iu
3584 2453 3673 2508 uia
3700 2470 3809 2526 pec-

2210 2553 2445 2599 catorum
2489 2560 2593 2601 non
2631 2545 2791 2611 stetit,
2837 2557 2882 2601 et
2913 2547 2967 2602 in
2996 2544 3244 2602 cathedra
3272 2548 3579 2620 pestilentia
3606 2568 3714 2608 non
3737 2563 3810 2607 se-

2211 2637 2312 2704 dit,
2356 2637 2448 2695 sed
2490 2641 2543 2695 in
2585 2638 2696 2712 lege
2731 2636 2943 2697 Domini
2972 2639 3209 2697 voluntas
3236 2644 3371 2715 ejus,
3402 2652 3449 2698 et
3475 2644 3530 2700 in
3559 2643 3677 2715 (ego
3704 2648 3806 2717 ejus

2208 2734 2543 2788 meditabitur
2567 2735 2671 2801 die,
2700 2751 2763 2788 ac
2786 2743 2951 2789 nocte.
2981 2734 3105 2791 ilice
3131 2735 3416 2791 meditatio
3441 2737 3705 2792 nimirum
3728 2752 3803 2797 ss-

2211 2836 2376 2897 turat,
2422 2834 2477 2885 et
2515 2827 2771 2898 delectat,
2818 2838 3094 2901 tamquam
3133 2829 3314 2886 mellis
3345 2844 3532 2886 crassa
3557 2830 3804 2904 dulcedo,

2210 2936 2330 2991 qua:
2373 2921 2500 2981 licet
2536 2921 2719 2976 alvum
2758 2920 2865 2979 cito
2900 2920 3173 2979 resecutis
3201 2922 3520 2997 adimpieat,
3555 2936 3805 2985 nectat-ea

2212 3026 2394 3073 tamen
2426 3014 2696 3071 suavitate
2728 3025 2937 3071 naturas
2961 3026 3255 3083 nunquam
3280 3016 3542 3083 probatur
3564 3017 3805 3076 horrore.

2209 3109 2510 3164 Audiamus
2531 3108 2617 3163 hic
2639 3108 2826 3169 etiam,
2851 3106 2995 3163 idem
3018 3105 3281 3176 propheta
3300 3107 3427 3177 quid
3442 3108 3617 3167 dicat:
3646 3109 3807 3183 Quota

2211 3199 2387 3257 dulcia
2410 3198 2646 3271 faucibus
2671 3199 2795 3252 meis
2816 3195 3024 3275 eloquia
3049 3205 3162 3266 tua,
3184 3196 3424 3262 ﬂamine,
3455 3212 3614 3275 super
3645 3201 3739 3258 mel
3764 3210 3806 3256 et

2212 3293 2387 3363 favum
2412 3292 2491 3347 ori
2520 3290 2665 3345 meo!
2682 3290 2929 3346 Perfecta
2956 3290 3122 3346 verba
3152 3290 3285 3361 legis
3307 3289 3803 3362 deiinivitintelligi,

2210 3399 2333 3440 cum
2357 3381 2600 3439 faucibus
2623 3381 2800 3438 dulcia
2820 3382 2948 3438 dicit
2978 3397 3122 3450 esse,
3149 3398 3256 3438 non
3289 3384 3531 3451 auribus,
3567 3385 3689 3442 haec
3726 3400 3809 3442 su-

507 3478 748 3554 Aigypto
788 3492 882 3548 per
922 3488 1093 3535 annos
1136 3480 1188 3537 in‘
1216 3480 1386 3539 eremi
1421 3478 1707 3539 sterilitate
1745 3496 1906 3551 quam
1940 3480 2108 3551 pluri-
2134 3480 2179 3543 C
2214 3492 2309 3553 per
2357 3477 2493 3544 mel,
2547 3484 2601 3533 et
2650 3474 2853 3543 favum,
2903 3476 3017 3542 ori,
3075 3489 3182 3532 non
3227 3476 3435 3533 auditui
3492 3476 3802 3534 ministrari.

510 3562 979 3673 mosnsabbatico
1024 3582 1232 3630 tantum
1277 3584 1556 3645 parentes,
1591 3574 1924 3645 quotidianis
1950 3574 2108 3643 dapi-

505 3664 621 3721 bus'
645 3664 988 3735 gubernavit,
1034 3665 1136 3722 hoc
1163 3675 1220 3722 et
1246 3666 1407 3722 nobis
1435 3708 1449 3733 ,
1482 3668 1527 3722 si
1558 3664 1693 3723 lldes
1728 3678 1837 3722 non
1865 3665 2107 3737 deﬁciat,

507 3772 569 3818 se
590 3761 842 3818 daturum
871 3761 1203 3833 evangelicis
1230 3762 1576 3823 sermonibus
1602 3760 1999 3835 compromlsit,
2031 3760 2109 3817 al-

2215 3571 2350 3628 Nam
2378 3578 2435 3628 et
2462 3569 2642 3636 surdi,
2683 3569 2879 3640 quibus
2923 3568 3139 3627 auditus
3186 3570 3413 3631 minime
3455 3570 3580 3627 sntit
3596 3582 3804 3644 agatur,

2217 3664 2505 3737 praeceptis
2548 3661 2866 3719 ctelestibus
2902 3677 3000 3731 per
3030 3662 3141 3717 oris
3169 3661 3413 3718 cilicium
3442 3663 3687 3735 legentes
3720 3665 3807 3720 im-

2220 3756 2439 3827 plentur
2471 3756 2755 3824 similiter,
2784 3764 2840 3812 et
2868 3754 3162 3826 Apostolus
3188 3754 3255 3811 ad
3284 3753 3599 3813 Corinthius
3635 3768 3657 3797 ε
3690 3768 3807 3814 usus

1999 3894 2316 3959 SCHOLIA.

577 4039 707 4099 259.
755 4040 893 4113 Reg.
940 4052 994 4113 t_,
1037 4036 1138 4092 sibi
1144 4037 1407 4113 indicet;
1447 4040 1753 4113 correctum
1810 4035 2105 4113 recentiori

504 4126 692 4177 manu,
724 4109 819 4165 sibi
840 4107 1091 4165 'v’indicet.
1143 4107 1401 4163 Fortasse
1432 4110 1637 4178 prltnus
1689 4108 1945 4164 librarius
1979 4124 2106 4164 exa-

505 4196 636 4238 rare
663 4181 834 4240 volttit
861 4180 961 4236 sibi
997 4181 1222 4235 vindicet
1251 4198 1270 4246 ;
1302 4194 1426 4235 nam
1460 4179 1677 4250 variant
1705 4179 1960 4239 codices:
1993 4180 2108 4250 ple-

504 4256 665 4324 rique
688 4253 860 4324 nostri
891 4252 1138 4324 scribunt
1175 4251 1428 4306 vettdicet.
1473 4249 1739 4324 Cellaritts
1789 4260 1845 4308 et
1877 4249 2106 4308 Arntze-

510 4322 635 4380 nius
681 4322 967 4395 ediderunt
1021 4322 1214 4395 hydros
1273 4331 1423 4395 recte
1473 4338 1602 4379 casu
1653 4322 1845 4379 Graeco
1903 4336 1971 4379 ex
2005 4337 2108 4380 ms.

511 4396 829 4452 Heinslatto.
858 4393 1036 4450 Nostri
1062 4393 1276 4459 Omnes,
1300 4393 1487 4458 Canl.,
1535 4402 1591 4449 et
1613 4396 1890 4466 pleneque
1916 4395 2114 4453 editio-

511 4480 634 4533 nes,
658 4467 881 4539 hydrus.
911 4465 1152 4539 Serpens
1177 4477 1319 4523 terra
1345 4468 1583 4522 vescitur
1610 4465 2114 4539 :binci’lntelliges,

513 4541 643 4611 quid
695 4537 800 4597 sibi
856 4539 1030 4611 velit,
1075 4537 1368 4609 Tamquam
1420 4540 1522 4592 vile
1572 4537 2117 4611 solum._Vi_tle,Supra

2210 4049 2341 4091 escte
2366 4050 2484 4089 cum
2509 4033 2617 4089 sole
2638 4032 2847 4088 diurno.

2284 4106 2415 4162 265.
2459 4103 2828 4174 Wopkensius
2848 4102 3182 4176 conjiciebat
3231 4113 3512 4172 pectoreet
3559 4120 3665 4173 ore,
3717 4103 3804 4159 sed

2212 4187 2485 4247 receptam
2519 4178 2808 4233 lectionem
2839 4178 2917 4233 sic
2947 4177 3204 4247 explicari
3231 4191 3391 4245 posse
3411 4180 3486 4231 ait
3513 4195 3526 4232 :
3556 4178 3660 4246 Qui
3685 4178 3803 4230 dum

2214 4251 2362 4305 nobis
2391 4265 2652 4304 annonam
2681 4249 2883 4312 utentis,
2918 4248 3141 4321 ﬁdeique
3168 4247 3557 4314 subministrat,
3607 4262 3810 4318 corpore

2216 4321 2394 4386 simul,
2425 4332 2475 4375 et
2502 4324 2589 4374 ore
2618 4336 2712 4374 nos
2741 4328 2963 4375 saturat.

2288 4387 2625 4448 268.°Torn.
2648 4391 2703 4452 2.
2733 4390 3017 4457 mendose,
3056 4389 3178 4445 Non
3206 4399 3429 4447 saturat.
3458 4392 3574 4447 Vat.
3608 4392 3654 4459 l,
3695 4390 3809 4446 Nos

2219 4465 2395 4519 satiat.
2441 4462 2768 4517 Arntzenius
2812 4461 3241 4535 distinguitNos
3265 4474 3467 4519 saturat
3500 4464 3648 4519 simul
3675 4463 3808 4535 ipse,

2223 4551 2454 4608 manens,
2483 4535 2713 4608 fortasse
2757 4528 3400 4608 o_piniotte_Wopkensii,
3449 4551 3606 4608 quam
3651 4528 3813 4589 modo

513 4602 701 4684 notam
750 4624 932 4684 prosae
981 4602 1409 4682 respondentem
1453 4609 1640 4671 versui
1698 4608 1800 4664 116
1849 4602 2120 4680 hujtts'li-
2221 4606 2497 4671 dicebam,
2527 4605 2747 4663 ductus.
2782 4602 2946 4673 Malo,
2994 4604 3106 4661 Nos
3135 4602 3361 4674 saturat,
3382 4602 3543 4663 sinistl
3570 4608 3675 4681 ipse
3700 4620 3805 4660 ma-

514 4681 621 4737 bri.

2220 4695 2368 4733 nens.

588 4753 947 4829 soanori,
976 4753 1089 4829 Ott.
1124 4767 1173 4817 ι,
1207 4752 1410 4808 Panem
1456 4758 1692 4806 nostrum
1746 4749 2112 4829 quotidianum
2138 4767 2193 4829 D
2232 4746 2672 4829 _‘2_07._Yat.__i,
2711 4747 2884 4829 Meus,
2931 4749 3272 4829 namquedei
3317 4751 3531 4805 nostris.
3584 4750 3711 4820 Reg.
3754 4746 3807 4817 5,

516 4824 753 4879 donabis
805 4824 977 4878 hodie.
1009 4828 1296 4890 Arntzen.,
1343 4837 1534 4879 omnes
1589 4826 1757 4878 nostri
1808 4836 1937 4877 mss.
1987 4837 2108 4879 cum

517 4897 797 4967 plerisque
824 4895 1007 4959 editis,
1040 4908 1331 4967 speramus,
1357 4895 1452 4951 sed
1485 4894 1541 4950 in
1571 4894 1702 4967 lieg.
1735 4893 1771 4948 2
1800 4898 2112 4967 corréctunt

516 4964 604 5024 est
630 4964 727 5038 per
761 4972 1047 5043 speremus.
1068 4964 1124 5022 ltl
1165 4964 1326 5023 unice
1373 4967 1565 5043 prolnt
1607 4964 1937 5043 Arntzenius
1957 4984 1986 5043 Ξ
2015 4964 2111 5024 sed

519 5037 641 5095 non
660 5037 950 5113 propterea
982 5048 1328 5113 communem
1357 5037 1685 5113 scripturam
1712 5039 1925 5095 desero.
1956 5039 2115 5113 Post-

521 5120 584 5169 ea
616 5109 906 5185 versetis
934 5110 1169 5166 occurrit
1188 5122 1450 5185 rogamus,
1469 5109 1611 5185 quod
1641 5120 1746 5165 non
1776 5110 2114 5185 mutatmn-

518 5183 750 5239 uanius.
802 5181 1036 5253 Diarnus
1079 5186 1174 5253 pro
1206 5178 1547 5253 quotidiani),
1590 5193 1650 5238 ut
1680 5180 1819 5253 apud
1844 5178 2112 5251 Tacitum,

524 5256 896 5322 Ambrosium,
913 5246 1266 5311 Prudentium
1280 5246 1797 5327 Psycltout.vers,'8l
1809 5254 1861 5318 ϐ,
1882 5246 2116 5309 Redeunt

594 5371 906 5427 a‘Erratum
936 5379 1020 5428 est.
1059 5371 1112 5426 in
1156 5371 1431 5427 nonnullis
1475 5370 1635 5427 editis
1682 5370 1973 5429 mortalitcr
2016 5387 2113 5441 pro

519 5442 803 5498 moraliter.
835 5441 1017 5513 Paulo
1037 5442 1161 5513 post
1187 5443 1243 5499 in
1272 5444 1378 5498 vei.
1412 5444 1534 5499 Cod.
1580 5453 1697 5498 erat
1746 5442 1895 5512 Quod
1944 5454 2114 5498 tamen

516 5513 878 5568 illaboriosum
909 5512 1158 5571 probatur
1178 5532 1197 5569 :
1226 5514 1539 5570 emendavit
1567 5512 1807 5571 Juretus.

592 5578 622 5622 ⁸
677 5578 989 5655 Ampleclor
1033 5586 1212 5642 libens
1256 5588 1629 5656 conjecturam
1679 5583 1945 5643 Gallandii
1992 5584 2112 5641 illas

522 5664 954 5727 numquamtpt-o
976 5664 1084 5727 quo
1113 5670 1301 5713 omnes
1333 5656 1467 5714 editi
1493 5659 1767 5714 contrario
1795 5670 1959 5713 sensu
1992 5658 2112 5715 illas

528 5739 766 5792 namque.
797 5725 921 5780 Mox
948 5725 1193 5783 errorem
1226 5730 1428 5784 veteris
1478 5729 1602 5784 libri
1651 5728 1978 5783 beatitudinis
2029 5728 2112 5783 his

524 5790 688 5845 verbis
716 5795 954 5850 correxit
981 5796 1202 5853 Juretus
1230 5813 1327 5868 per
1353 5798 1655 5854 beatitudini
1699 5814 1756 5852 se
1794 5796 1877 5854 his
1921 5797 2106 5853 verbis.

2216 4820 2366 4885 Ald.,
2397 4822 2442 4876 si
2469 4820 2705 4891 faucibus
2739 4835 2835 4891 pro
2867 4822 2941 4884 iu,
2974 4822 3127 4875 nullo
3155 4822 3303 4878 bono
3335 4836 3524 4876 sensu.

2288 4893 2415 4949 268.
2458 4888 2948 4954 Arntaen.Favos,
2973 4901 3021 4946 et
3060 4894 3238 4949 dulcia
3278 4893 3434 4948 vitello
3473 4894 3649 4949 minus
3699 4891 3810 4947 ele-

2214 4975 2428 5037 gauter.
2461 4962 2751 5037 Praecessit
2773 4964 2883 5037 iant
2911 4962 3104 5019 dulcia.

2287 5037 2413 5094 269.
2458 5036 2591 5106 Reg.
2630 5037 2681 5099 i,
2719 5028 2828 5090 Oll.
2864 5028 2917 5096 i,
2947 5042 3001 5090 et
3027 5036 3140 5103 alii,
3171 5035 3239 5091 Et
3278 5036 3480 5092 dimitte
3533 5036 3673 5091 uobis
3725 5033 3814 5106 deo

2219 5110 2321 5164 bitu
2345 5105 2558 5173 nostra,
2571 5107 2702 5161 sicut
2730 5117 2777 5160 et
2807 5116 2901 5160 nos
2922 5107 3232 5163 dimittimus
3270 5107 3583 5164 debitoribus
3609 5105 3813 5161 nostris.

2220 5184 2481 5237 Arntzen.
2514 5178 2663 5234 nobis
2703 5178 2836 5251 qui;
2876 5178 2993 5248 alii,
3016 5181 3104 5251 qui
3126 5179 3295 5234 nobis.

2220 5370 2535 5445 Laudantur
2560 5368 2726 5425 verba
2751 5368 3009 5445 psalmi}.
3042 5383 3187 5426 vers.
3216 5370 3241 5425 i
3268 5382 3410 5441 seq.,
3435 5377 3597 5445 atque
3621 5366 3812 5423 iterum

2224 5443 2431 5515 psalm.
2469 5454 2658 5507 cxvttt,
2693 5452 2847 5515 vers._
2876 5441 3000 5496 103.

2294 5525 2315 5552 ο
2352 5513 2489 5569 Infra
2526 5516 2576 5566 in
2607 5519 2715 5585 vet.
2747 5511 2867 5567 cod.
2901 5522 3019 5567 erat
3051 5512 3182 5584 Quis
3201 5511 3395 5585 dubitet
3418 5527 3516 5585 que
3536 5509 3675 5585 solus

2219 5587 2355 5657 bigat
2389 5601 2407 5639 :
2457 5585 2632 5639 locum
2683 5582 2901 5657 Juretus
2938 5579 3206 5657 AreSti'tuit.
3271 5579 3586 5657 Formentl_
3615 5579 3814 5657 mentiti

2217 5647 2668 5784 gdstlealpccurgit
2696 5670 2767 5713 ex
2800 5655 2990 5713 Matth.
3019 5668 3128 5727 xvi,
3158 5656 3214 5727 6,
3266 5665 3323 5712 et
3364 5653 3623 5731 Apostolo
3675 5649 3696 5706 l
3748 5647 3813 5705 ad

2264 5740 2366 5784 οτι
2460 5742 2554 5784 .v.
2628 5767 2641 5780 .

2264 5730 2474 5784 orltitb.
2500 5742 2554 5797 v,
2587 5730 2641 5783 ti.
