4086 6184
327 250 432 309 6Ξ9

464 558 772 628 Nectimur,
802 558 1027 616 alterius
1052 560 1096 615 si
1125 560 1344 618 solvere
1373 560 1553 619 vincla
1585 577 1846 634 negamus
1872 576 1889 617 :

464 651 626 726 233
651 649 984 724 lncipietque
1015 652 1133 722 pius
1163 650 1347 711 decies
1371 653 1589 710 millena
1623 653 1826 711 talenta

471 745 757 800 Dimittens
791 744 1072 815 Dominus,
1105 748 1148 801 si
1184 761 1284 803 nos
1314 744 1559 819 afﬂigere
1594 756 1819 819 propter

320 836 431 895 275
468 836 731 893 Denarios
759 846 979 895 centum
1009 853 1332 897 conservum
1359 840 1593 897 senserit
1621 840 1813 907 ullum,

1439 248 1729 307 CARMEN
1769 244 2155 308 PASCHALE.
2198 248 2411 306 LIBER
2449 248 2515 305 ll.

323 370 428 427 270
466 368 576 428 Nos
605 383 823 442 quoque
846 369 1132 438 laxemus;
1168 371 1374 443 proprii
1406 387 1531 428 nam
1562 371 1746 430 cautio
1772 371 1923 429 verbi
1953 372 2005 435 Α

469 464 822 535 Spondcntes
848 466 1133 521 manifesta
1168 475 1355 535 tenet,
1387 466 1722 538 graviusque
1759 467 1925 525 soluti

3524 252 3631 311 650

2168 371 2411 429 Tradere
2437 370 2726 429 confestim
2760 371 3078 441 tortoribus,
3103 371 3269 447 inque
3291 372 3463 431 feroci

2166 462 2397 523 Carcere
2417 463 2700 521 constricti
2732 479 2841 521 non
2884 465 3265 539 permittemur
3293 465 3445 523 abire
3465 507 3482 534 ,

2171 556 2359 614 Donec
2390 565 2580 614 cuncta
2608 556 2828 614 brevem
2861 556 3154 615 reddamus
3183 557 3251 614 ad
3277 575 3451 632 usque
3492 574 3631 630 qua-

3263 650 3556 724 ldrantem.

2243 739 2409 817 23E.
2437 741 2560 801 Non
2587 743 2714 817 quia
2757 757 2859 801 nos
2889 743 3185 816 Dominus,
3213 745 3353 802 lucis
3399 746 3481 803 via
3500 788 3517 815 ,
3546 762 3635 808 δε-

3186 837 3342 911 [mila
3374 838 3527 913 pacis
3545 882 3560 908 ,

2015 924 2272 985 CHALE.

2015 928 2272 985 CHALE.

317 1022 589 1098 epistola,
631 1020 1017 1092 mauifestavit,
1048 1024 1323 1095 spiritales
1352 1025 1542 1097 epulas
1568 928 2011 1082 essgidgtirif-AS
2028 1023 2293 1095 sumptio,
2342 1039 2507 1098 qttam
2582 1022 2910 1095 pecuniariae
2971 1022 3294 1094 quantitatis
3337 1022 3633 1082 inhonesta

318 1133 468 1184 nam,
500 1116 714 1172 dicens:
749 1114 818 1170 Et
848 1132 964 1184 ego,
998 1120 1218 1188 fratres,
1259 1133 1364 1171 non
1408 1118 1549 1188 potui
1592 1118 1731 1172 vobis
1781 1116 1924 1187 loqui

244 1189 252 1195 ’
314 1210 467 1282 quasi
495 1207 837 1280 spiritalibus,
874 1208 967 1264 sed
993 1208 1141 1282 quasi
1174 1209 1469 1265 carnalibus
1494 1251 1508 1277 ,
1552 1209 1701 1281 quasi
1744 1209 1920 1281 infan-

314 1302 451 1358 tibus
473 1303 527 1357 in
551 1300 755 1358 Christo
781 1301 921 1357 vobis
944 1311 1121 1372 potum
1151 1301 1231 1357 lac
1261 1302 1399 1367 dedi,
1430 1319 1533 1357 non
1553 1302 1745 1357 cibum.
1774 1300 1923 1357 Non-

313 1400 441 1452 dum
468 1398 604 1452 enim
632 1398 878 1470 poteratis
905 1396 963 1471 (l
994 1396 1114 1453 Cor.
1144 1414 1226 1467 ιιι,
1267 1400 1322 1465 l,
1360 1397 1452 1470 2).
1494 1398 1627 1468 Quis
1665 1399 1917 1467 dubitet,

312 1490 575 1562 solusque
614 1490 871 1562 ambigat,
918 1491 1035 1547 haec
1077 1492 1259 1548 omnia
1289 1492 1622 1563 spiritaliter
1648 1491 1917 1565 ﬁgurari?

311 1599 497 1655 neque
523 1583 670 1640 enim
704 1584 871 1639 fuisse
914 1584 1039 1639 illos
1069 1584 1328 1649 infantes,
1362 1590 1454 1640 aut
1486 1584 1643 1641 lactis
1670 1584 1740 1641 ab
1767 1583 1918 1654 Apo-

309 1678 461 1734 stolo
502 1676 837 1734 nutrimenta
884 1678 1203 1748 sumpsisse,
1231 1678 1320 1735 vel
1358 1678 1785 1749 stultus'aliquis
1817 1694 1917 1749 po-

309 1773 451 1828 terit
491 1772 773 1827 arbitrari.
817 1772 925 1829 Sed
957 1772 1284 1844 incipientes
1310 1772 1478 1829 verba
1509 1772 1644 1843 legis
1672 1772 1918 1841 haurire,

2032 1116 2286 1173 tractatio
2313 1116 2563 1188 plurimis
2594 1112 2834 1171 ostendit
2876 1114 3016 1184 apud
3062 1114 3349 1170 Dominum
3397 1116 3631 1174 nexibus

2023 1210 2317 1266 involutos.
2350 1209 2605 1282 Quisquis
2626 1209 2793 1275 enim,
2819 1216 2986 1281 prout
3012 1208 3245 1266 facultas
3265 1210 3460 1269 virium
3485 1228 3620 1283 pon-

2023 1305 2264 1372 deratur,
2316 1304 2495 1376 egenti
2546 1303 2714 1359 fuerit
2751 1301 3103 1371 inhumanus,
3166 1303 3307 1371 Deo,
3361 1320 3484 1377 quas
3531 1321 3632 1363 sua

2022 1407 2173 1468 sunt,
2203 1398 2493 1466 inﬁciatus,
2526 1398 2759 1469 abjurat,
2784 1397 2940 1469 cujus
2967 1399 3137 1468 pietas
3161 1398 3370 1455 infinita
3396 1400 3630 1456 misero-

2023 1508 2144 1550 rum
2174 1494 2256 1550 sic
2283 1503 2467 1550 tuetur
2492 1493 2793 1564 angustias,
2825 1500 2887 1549 ut
2923 1492 3190 1565 quidquid
3234 1496 3458 1567 pauperi
3488 1495 3626 1553 ‘dis-

2021 1586 2268 1657 pensatio
2296 1586 2524 1657 benigna
2554 1586 2813 1657 largitur,
2846 1585 2947 1641 sibi
2992 1584 3294 1655 profecisse
3319 1596 3348 1626 ι
3380 1597 3628 1645 testatur.

2022 1678 2078 1734 In
2128 1678 2273 1735 votis
2316 1678 2517 1748 etiam,
2558 1693 2681 1750 quas
2726 1677 3115 1749 promittimus,
3148 1678 3331 1735 divina
3361 1681 3629 1739 beneficia

2019 1771 2297 1829 consecuti
2326 1770 2602 1829 debitores
2626 1772 2962 1842 exsistimus,
2993 1772 3170 1829 donec
3185 1788 3250 1829 ea
3273 1774 3420 1831 fideli
3443 1786 3628 1834 mente

308 1879 380 1919 ac
408 1865 669 1935 paulatim
699 1864 903 1920 divinis
944 1866 1110 1922 imbui
1141 1865 1426 1935 institutis,
1453 1867 1624 1923 lactea
1656 1868 1804 1923 velut
1833 1866 1918 1922 in-
1948 1884 1993 1944 Β
2022 1866 2323 1922 solvamus.
2354 1865 2483 1921 Haec
2507 1864 2690 1935 igitur,
2724 1880 2847 1936 qua:
2875 1864 2947 1921 de
2972 1864 3302 1934 pecuniariis
3325 1866 3471 1924 dicta
3499 1877 3631 1925 sunt

304 1953 489 2013 fantes
531 1956 759 2013 ebibere
805 1958 1106 2028 primordia
1147 1959 1290 2016 scire
1318 1960 1590 2026 convenit,
1622 1960 1748 2030 quia
1777 1960 1923 2017 sicut

303 2048 569 2104 salutaris
607 2049 763 2106 cibus
793 2059 879 2105 est
907 2050 1047 2106 bona
1072 2050 1340 2121 doctrina,
1371 2052 1452 2108 sic
1476 2053 1670 2108 noxius
1694 2063 1779 2108 est
1804 2067 1920 2108 ma-

303 2141 486 2212 ligna.
520 2142 646 2197 ideo
672 2142 936 2199 Dominus
966 2144 1264 2215 discipulos
1291 2146 1548 2202 monebat
1583 2160 1612 2198 a
1647 2147 1917 2202 fermento

301 2234 715 2292 Pharisaorum
740 2277 754 2303 ,
800 2247 862 2293 et
897 2238 1321 2296 Sadducarorum
1371 2239 1688 2310 spiritaliter
1727 2254 1788 2295 se
1825 2255 1917 2296 cao

300 2343 443 2385 vere
470 2344 485 2383 :
515 2330 699 2387 sciens
725 2372 738 2395 ,
770 2332 913 2387 acidi
940 2332 1211 2403 dogmatis
1239 2334 1390 2390 viros
1419 2334 1586 2390 totius
1607 2333 1917 2391 dulcedinis

297 2423 620 2480 ubertatem
645 2438 815 2495 parvo
840 2434 985 2480 tactu
1010 2440 1368 2497 corrumpere
1385 2467 1401 2493 ,
1431 2429 1688 2498 quoniam
1720 2441 1916 2483 secun-

296 2517 440 2573 dum
458 2516 603 2587 quod
626 2518 700 2572 ait
714 2517 858 2573 idem
873 2517 1071 2573 Paulus
1086 2519 1392 2590 apostolus,
1413 2518 1674 2573 Modicum
1692 2524 1917 2591 [ennea-

296 2619 420 2664 tamt
447 2619 607 2665 totam
632 2627 857 2666 massam
884 2615 1171 2681 corrumpit
1203 2628 1223 2667 :
1251 2622 1375 2668 nam
1423 2614 1524 2668 etsi
1556 2628 1757 2683 corpus
1808 2614 1913 2669 Duo

295 2703 443 2759 mini
473 2704 644 2758 nostri
671 2702 801 2759 Jesu
831 2700 1034 2758 Christi
1081 2705 1257 2775 magis
1296 2718 1420 2761 esse
1448 2705 1741 2762 credamus
1765 2705 1914 2763 hunc

294 2812 533 2869 panem,
556 2797 627 2854 ab
646 2797 878 2867 spiritali
904 2797 1263 2855 nihilominus
1310 2799 1526 2855 ratione
1562 2814 1912 2872 nequaquam

295 2890 559 2947 noscitur
587 2889 882 2958 dedicare,
937 2890 1177 2947 maxime
1195 2891 1325 2962 quia
1365 2891 1488 2948 talis
1517 2892 1782 2963 epulatio,
1826 2893 1911 2950 vel

296 2984 436 3038 talis
466 2985 646 3039 oratio
677 2984 810 3039 nulli
830 2972 1137 3055 gentilium,
1166 2985 1296 3040 nulli
1323 2984 1660 3053 Iudaeorum,
1686 2986 1791 3041 nisi
1822 3002 1914 3043 so-

295 3076 375 3131 lis
402 3074 662 3130 divinitus
691 3075 924 3132 traditur
952 3076 1303 3132 Christianis.
1328 3076 1396 3132 Et
1416 3078 1620 3133 dimitte
1642 3079 1789 3136 nobis
1820 3081 1914 3135 de-

290 3165 413 3221 bita
440 3175 639 3233 nostra,
670 3168 803 3223 sicut
824 3177 871 3223 et
893 3184 987 3224 nos
1015 3170 1322 3225 dimittimus
1343 3169 1658 3227 debitoribus
1693 3171 1907 3230 nostris.

2020 1958 2240 2025 debitis,
2272 1960 2437 2015 etiam
2466 1957 2537 2013 de
2564 1957 2781 2014 casteria
2815 1964 3164 2029 peccatorum
3206 1959 3499 2030 generibus
3539 1960 3628 2016 di-

2021 2051 2216 2117 versis,
2244 2050 2441 2122 quibus
2466 2057 2673 2106 teterno
2696 2048 2899 2119 judicio
2933 2059 3183 2106 tenemur
3206 2050 3475 2122 obstricti,
3501 2066 3629 2108 sen-

2019 2143 2122 2199 tire
2144 2157 2244 2198 nos
2262 2141 2554 2199 convenit:
2579 2141 2840 2210 scientes,
2866 2141 2938 2198 ob
2965 2140 3070 2197 hoc
3092 2144 3342 2198 aerariam
3367 2143 3625 2201 similitu-

2017 2234 2200 2291 dinem
2240 2235 2460 2306 tlagitiis
2510 2243 2903 2305 comparatam,
2956 2235 3214 2306 quoniam
3252 2235 3282 2276 δ
3308 2238 3464 2293 radix
3515 2254 3630 2295 om-

2018 2329 2164 2383 nium
2189 2329 2448 2383 malorum
2468 2335 2543 2383 est
2572 2329 2791 2383 auaritia
2821 2327 2884 2399 (Ι
2914 2326 3052 2384 Tim.
3078 2342 3154 2397 vs,
3188 2328 3300 2401 10),
3335 2330 3455 2386 sine
3471 2332 3632 2403 cujus

2017 2423 2229 2479 semine
2257 2422 2456 2478 vitioso
2475 2422 2621 2478 nulla
2644 2420 3038 2492 propemodum
3060 2422 3269 2477 scelera
3291 2434 3626 2493 generantur

2017 2516 2072 2572 in
2112 2514 2273 2570 malo.
2317 2514 2415 2570 llic
2452 2513 2807 2571 homicidium
2857 2521 3172 2584 perpetrat,
3219 2522 3282 2569 ut
3323 2515 3624 2586 innocenti,

2015 2610 2159 2682 quod
2200 2608 2512 2677 aﬂ‘eetavit,
2563 2609 2775 2679 eripiat.
2829 2606 2984 2663 Alter
3019 2608 3247 2678 praemio
3294 2608 3626 2667 sollicitatus

2016 2711 2243 2772 accepto
2272 2700 2554 2758 mendacis
2594 2700 2892 2757 testimonii
2940 2698 2999 2755 fit
3037 2699 3270 2770 jurator.
3313 2699 3626 2758 Nonnullos

2016 2795 2083 2851 ad
2115 2795 2442 2851 lenocinium
2469 2793 2764 2851 adulterini
2793 2792 3107 2850 commercii
3138 2792 3318 2850 coitus
3346 2792 3505 2851 iteda:
3538 2809 3627 2851 re-

2015 2886 2344 2958 demptionis
2383 2886 2634 2958 impelllt.
2662 2883 2772 2942 Alii
2801 2885 2946 2941 furto
2978 2900 3038 2941 se
3064 2886 3361 2953 maculant,
3394 2885 3490 2941 alii
3522 2886 3623 2943 de-

2018 2982 2249 3054 positum
2283 2987 2505 3051 negant.
2536 2978 2678 3035 Sunt
2708 2979 2828 3033 istis
2874 2988 2927 3034 et
2955 2978 3108 3049 plura
3146 2978 3383 3045 similia,
3425 2978 3625 3048 quibus

2015 3077 2188 3133 amica
2218 3089 2434 3146 semper
2463 3074 2635 3130 fames
2660 3073 2781 3129 auri
2809 3072 3148 3128 commilitat.
3189 3071 3404 3128 Nullum
3443 3081 3627 3129 tamen

2015 3172 2225 3227 crimen
2260 3170 2420 3227 facile
2455 3168 2793 3236 admittitur,
2836 3168 2919 3223 cui
2973 3167 3217 3237 pecuniae
3260 3165 3624 3227 ministerium

289 3260 361 3318 Si
389 3259 710 3332 diligentius
742 3262 1029 3330 petitionis
1056 3272 1258 3320 nostra)
1310 3274 1434 3320 vota
1465 3268 1778 3337 metiamur,
1816 3268 1907 3324 vel
1938 3274 1983 3339 (ζ’,
2016 3266 2243 3323 minime
2289 3265 2637 3335 suti‘ragatur.
2678 3263 2845 3333 Igitur
2888 3261 3088 3318 divinae
3145 3260 3362 3332 pietatis
3424 3277 3624 3319 munus

291 3354 594 3410 tribuenda
638 3355 799 3411 nobis
851 3354 1223 3428 indulgentia,
1260 3357 1344 3413 vel
1386 3359 1633 3429 neganda
1665 3362 1908 3430 propriis

292 3444 643 3519 dignoscitur
670 3450 955 3521 exemplis.
989 3448 1106 3506 Hoc
1145 3451 1287 3506 enim
1316 3466 1540 3523 sperare
1578 3452 1839 3524 iubentur
1877 3471 1909 3513 a

296 3538 567 3606 Domino,
591 3540 732 3610 quod
762 3542 1041 3596 cernimur
1070 3542 1346 3598 dimisisse
1371 3558 1665 3601 conservo.
1691 3546 1909 3617 Quippe

297 3646 445 3703 quos
470 3632 618 3702 paris
638 3632 832 3688 eadem
867 3634 955 3689 lex
988 3635 1321 3691 conditionis
1341 3636 1617 3707 astringit,
1661 3647 1719 3691 ut
1752 3637 1908 3695 debi-

299 3734 457 3780 tores
476 3722 621 3780 sicut
641 3739 766 3781 esse
797 3726 1070 3792 nolumus,
1104 3728 1179 3783 ita
1228 3741 1329 3783 nec
1358 3726 1559 3784 habere
1599 3731 1903 3799 cupiamus.

297 3814 357 3871 In
389 3814 627 3872 aliorum
673 3831 912 3889 namque
946 3820 1207 3888 personis
1254 3827 1353 3876 aut
1401 3820 1761 3887 absolvimur,
1816 3832 1911 3882 aut

300 3907 564 3978 ligantur.
591 3909 751 3977 Quod
792 3912 838 3965 si
868 3921 1093 3981 putatur
1120 3913 1412 3980 incertum,
1452 3913 1523 3969 de
1572 3915 1772 3985 quibus
1807 3914 1908 3972 de-

300 4001 580 4059 bitoribus
649 4003 739 4062 hic
792 4016 1027 4078 agatur,
1085 4006 1339 4079 ponenda
1396 4019 1479 4065 est
1534 4009 1910 4067 excusationis

299 4094 541 4150 intirmte
572 4097 851 4164 materies,
882 4105 938 4154 et
962 4114 1062 4155 seu
1084 4097 1338 4157 fortassis
1358 4100 1412 4156 in
1441 4101 1620 4174 culpa,
1663 4102 1784 4158 sive
1806 4117 1904 4173 pe—

299 4189 486 4255 cunia,
516 4190 601 4247 vel
632 4193 692 4247 in
720 4207 1068 4264 quocumque
1095 4194 1190 4250 tibi
1217 4195 1388 4251 frater
1416 4210 1544 4252 reus
1576 4196 1762 4262 fuerit,
1793 4196 1901 4254 hoc

301 4282 515 4339 relaxa.
560 4284 692 4341 Nam
738 4294 928 4342 etnon
977 4295 1086 4342 tam
1133 4287 1458 4345 delictorum
1525 4290 1715 4345 crebra
1771 4305 1915 4362 prte-

2018 3358 2249 3428 indepti,
2274 3356 2648 3426 impunitatem
2671 3354 2912 3411 cteleStis
2946 3353 3296 3425 indulgentite
3318 3354 3622 3422 consecuti,

2020 3449 2161 3522 quod
2184 3447 2514 3519 accepimus,
2534 3446 2767 3502 invicem
2799 3460 2905 3500 non
2928 3458 3210 3517 negemus,
3228 3459 3298 3502 ne
3322 3446 3625 3518 majoribus

2017 3542 2277 3610 absoluti,
2298 3556 2420 3598 cum
2452 3553 2615 3609 parva
2647 3553 2756 3593 non
2785 3537 3131 3602 resolvimus,
3151 3537 3404 3592 maximis
3431 3539 3630 3596 iterum

2017 3633 2249 3689 vinculis
2270 3632 2630 3703 implicemur.
2656 3629 2886 3699 Moxque
2904 3628 3170 3683 Dominus
3192 3628 3284 3684 ille
3306 3630 3621 3687 misericors

2017 3725 2266 3791 donator,
2283 3722 2452 3779 debiti
2476 3738 2581 3777 non
2604 3728 2844 3787 exactor,
2867 3720 2955 3792 qui
2987 3720 3311 3775 talentorum
3345 3721 3502 3777 nobis
3528 3721 3624 3779 de-

2018 3836 2137 3879 cem
2167 3817 2335 3875 millia
2357 3814 2709 3881 relaxavit,'si
2738 3823 2961 3885 propter
2987 3812 3247 3869 denarios
3268 3824 3486 3870 centum
3500 3828 3629 3871 sen-

2015 3914 2148 3969 serit
2166 3927 2266 3968 nos
2285 3910 2631 3982 strangulare
2658 3923 3008 3975 conservum,
3037 3907 3201 3964 savis
3228 3907 3368 3962 tradi
3398 3909 3625 3964 tortori-

2018 4008 2119 4063 bus
2136 4016 2329 4063 cuncta
2344 4004 2535 4076 iubeat
2552 4001 2846 4074 exigendo;
2876 4002 3036 4071 inque
3056 4000 3386 4057 carceralem
3412 4000 3623 4059 detrusi

2018 4102 2317 4161 custodiam
2344 4102 2559 4173 penitus
2581 4095 2764 4170 egredi
2786 4112 2895 4154 non
2916 4100 3179 4161 sinamur,
3207 4093 3382 4152 donec
3402 4096 3618 4154 luamus

2017 4198 2268 4253 universa
2299 4207 2472 4263 usque
2497 4191 2566 4245 ad
2598 4190 2819 4246 modum
2849 4189 3026 4244 ultimi
3052 4187 3371 4258 quadrantis
3394 4188 3621 4243 amissa.

2020 4288 2091 4345 Et
2120 4304 2182 4343 ne
2210 4302 2305 4343 nos
2328 4286 2545 4341 inducas
2573 4283 2990 4338 intentationem.
3022 4281 3140 4337 Non
3167 4281 3313 4354 quod
3341 4280 3625 4352 Dominus,

1784 4380 2101 4440 SCHOLIA.

372 4467 503 4542 ﬁt.
547 4467 664 4542 _Vet.
697 4471 749 4537 i,
775 4468 831 4536 9.
868 4468 1036 4536 Mon.,
1068 4478 1243 4527 tenent
1267 4488 1285 4536 ;
1312 4471 1548 4542 corrige,
1580 4480 1738 4528 tenet.

287 4553 295 4559 '
372 4539 505 4595 272.
547 4540 682 4611 Reg.
716 4544 771 4614 lg,
802 4542 917 4598 Ott.
944 4543 1000 4609 2,
1033 4557 1317 4614 negentne;
1349 4544 1402 4598 in
1433 4539 1567 4614 Reg.
1610 4544 1647 4598 2
1686 4543 1789 4600 fuit
1817 4561 1906 4599 ne-

300 4628 504 4683 gemus,
537 4614 630 4668 sed
658 4612 1061 4686 eadem_veteri
1100 4612 1271 4669 manu
1320 4612 1626 4671 correctum
1677 4626 1761 4670 est
1807 4632 1904 4686 per

301 4700 587 4765 negt-mtas,-
620 4698 742 4765 quaz
784 4684 1032 4765 codicum
1082 4695 1414 4765 nostrorum
1439 4687 1790 4765 communior
1809 4684 1905 4765 est

2013 4470 2294 4528 Conradus
2327 4466 2625 4525 monachus
2666 4466 2811 4540 apud
2855 4465 3369 4540 Peniumdissert.
3404 4464 3616 4540 lsagog.

2012 4544 2078 4599 ad
2102 4543 2125 4600 Ι
2150 4543 2263 4598 vol.
2294 4540 2543 4596 thesaur.
2576 4539 2786 4595 Anecd.
2810 4542 2956 4607 "pag.
2989 4540 3043 4603 5,
3080 4537 3173 4593 ubi
3197 4537 3471 4594 indicatur
3496 4537 3618 4595 car-

2012 4632 2162 4675 men.
2199 4613 2350 4682 Quod
2381 4612 2598 4683 triginta
2619 4610 2874 4682 argentei,
2918 4610 3101 4683 quibus
3138 4627 3171 4664 a
3203 4607 3349 4683 Iuda
3371 4609 3616 4665 venditus

2010 4700 2084 4741 est
2106 4680 2367 4751 Christus,
2383 4680 2609 4755 tempore
2628 4680 2962 4755 Assyriorum
2978 4682 3119 4755 regis
3140 4680 3382 4755 fabricati
3398 4683 3613 4753 fuerim.

505 4752 815 4847 ASicetiam
862 4759 1079 4847 Arnim,
1128 4756 1341 4847 flarth
1386 4757 1580 4847 Aldus,
1637 4767 1691 4847 et
1740 4759 1899 4813 multi
1928 4785 1983 4847 Ι)
2008 4752 2511 4847 ιιιξὶριξιε-ρεηατὶῐε
2540 4752 2756 4847 triginta
2779 4753 2950 4847 Reum
2972 4752 3445 4847 vianditlialilwus.

303 4826 460 4882 editi.
493 4825 622 4889 Alii,
655 4844 916 4898 negemus.
949 4826 1280 4883 Utrumlibet
1325 4838 1534 4882 rectum
1582 4838 1668 4884 est
1702 4846 1715 4884 :
1772 4846 1899 4887 nam

303 4898 570 4967 particula
600 4900 645 4953 si
674 4913 800 4955 cum
830 4899 1123 4956 indicativo
1161 4909 1218 4955 et
1247 4898 1542 4969 subjuncto
1589 4901 1901 4972 promiscue

304 4978 618 5036 usurpatur.
1815 4976 1823 4984 ’

377 5041 506 5097 275.
549 5040 708 5106 Urb.,
747 5058 865 5096 cum
894 5058 1131 5108 seruum;
1157 5043 1302 5112 lege,
1333 5057 1655 5098 conservum.
1692 5044 1798 5098 Pro
1820 5046 1904 5099 ιι.

304 5112 415 5165 lum
472 5112 622 5167 Meus
655 5112 826 5179 illum,
876 5113 1165 5182 Arntsen.,
1210 5130 1390 5168 unum.
1438 5113 1646 5170 Passim
1681 5114 1796 5171 bare
1847 5118 1901 5172 in

306 5198 441 5237 mss.
478 5184 895 5250 permiscentur.
953 5185 1146 5240 Melius
1182 5186 1460 5241 videretur
1520 5203 1701 5240 unum.
1757 5186 1905 5241 Nun-

307 5254 443 5309 nulli
467 5263 676 5328 putant.
706 5258 1007 5311 secundam
1041 5257 1095 5311 in
1125 5254 1382 5328 iDenarios
1410 5257 1514 5312 hoc
1539 5258 1657 5311 loco
1678 5259 1901 5328 corripi,

307 5335 370 5379 ut
398 5327 453 5399 in
480 5327 749 5399 similibus
774 5328 1062 5399 exemplis
1092 5327 1375 5398 Martialis,
1423 5338 1479 5383 et
1524 5328 1769 5399 Dionysii
1797 5328 1904 5385 Cas

306 5398 468 5452 tonis.
487 5396 705 5474 _Melu_ts
736 5398 828 5474 alii
857 5400 1202 5474 trisyllabum
1246 5396 1685 5474 per'syuaeresin
1713 5399 1905 5456 dicunt

307 5482 429 5524 esse
473 5468 749 5524 Denarios.
786 5468 989 5525 Eodem
1040 5470 1204 5525 modo
1257 5472 1361 5525 huc
1408 5468 1574 5528 verbo
1627 5486 1760 5527 usus
1817 5480 1906 5529 est

380 5568 403 5637 ξι
445 5560 577 5637 Erat
608 5562 801 5637 iuvet.
833 5562 980 5628 cod,
1005 5563 1116 5617 sine
1155 5563 1450 5636 profecisse.
1495 5562 1715 5620 Juretus
1745 5579 1906 5637 repo-

309 5632 417 5706 suit
441 5632 537 5706 sibi
558 5632 860 5706 profecisse.

383 5700 408 5740 δ
450 5700 594 5759 Editi
624 5700 814 5780 omnes
846 5708 1032 5777 legunt
1061 5716 1375 5780 generantur
1400 5706 1454 5760 in
1482 5707 1643 5780 male.
1686 5706 1907 5764 Gallan-

312 5772 433 5832 dius
461 5790 492 5832 e
519 5790 614 5833 sua
642 5772 960 5848 conjectura
1004 5772 1082 5833 itt'
1104 5785 1308 5834 textum
1342 5778 1567 5834 immisit
1596 5790 1907 5849 generantur

2077 4830 2206 4885 276.
2250 4828 2403 4884 Meus
2430 4842 2537 4883 non
2567 4826 2711 4881 male
2739 4835 2894 4893 atque
2922 4840 3019 4893 pro
3050 4826 3232 4896 inque.

2076 4901 2204 4955 278.
2254 4898 2532 4956 Vonckius
2561 4896 2870 4967 suspicatur
2900 4897 3058 4967 levem
3104 4912 3203 4967 pro
3245 4896 3468 4960 brevem,
3498 4910 3614 4952 me-

2006 4973 2112 5025 rito
2138 4971 2589 5025 dissentientibus
2610 4966 2965 5039 Wopkensio,
3001 4966 3276 5034 Grunero,
3303 4977 3361 5023 et
3382 4967 3615 5024 Arntze-

2008 5043 2117 5097 nio.
2149 5039 2331 5095 Brevis
2353 5043 2583 5096 sumitur
2609 5055 2709 5109 pro
2739 5041 2959 5105 exiguo,
2991 5039 3223 5094 minuto.
3256 5039 3390 5093 Vide
3425 5048 3614 5109 notam

2005 5114 2072 5168 ad
2099 5114 2321 5168 .lnvenc.
2357 5112 2397 5166 ι.
2422 5130 2460 5174 ι.
2488 5107 2633 5167 γενέ.
2662 5109 3025 5177 554.,ι]ιιὲικα
3054 5127 3213 5180 quam
3240 5108 3456 5180 iminimi
3492 5107 3616 5162 red-

2007 5186 2163 5239 datur
2195 5184 2362 5250 portio
2401 5183 2620 5237 nummi.
2653 5181 2896 5237 Avienus
2927 5182 3037 5237 fab.
3068 5179 3138 5238 58
3171 5200 3183 5235 :
3220 5179 3289 5235 Te
3321 5180 3476 5235 simul
3506 5194 3615 5235 atra

2010 5258 2145 5311 brevi
2170 5255 2335 5310 debile
2364 5252 2548 5324 vulgus
2579 5253 2845 5324 emet._Sic
2864 5253 2971 5324 alia
3006 5254 3227 5324 passim.

2080 5327 2209 5384 279.
2251 5326 2387 5396 Reg.
2422 5320 2473 5392 ιζ
2499 5324 2612 5381 Ott.
2642 5338 2692 5390 ι,
2721 5322 2787 5377 Et
2811 5320 3001 5396 minos
3020 5322 3237 5377 inducas
3277 5321 3331 5396 in
3365 5321 3613 5396 latitatio-

2013 5415 2150 5454 nem.
2194 5392 2449 5455 Sedulius
2478 5397 2684 5464 junior,
2734 5405 2923 5449 auctor
2963 5392 3269 5448 Comment.
3306 5394 3359 5464 in
3390 5392 3606 5462 Mattb.,

2014 5472 2114 5526 ltos
2135 5484 2329 5526 versus
2367 5462 2576 5535 laudat,
2604 5473 2663 5523 ut
2692 5466 2803 5521 dixi
2834 5465 3145 5535 Prolegom.
3181 5481 3234 5518 ιι.
3266 5462 3354 5519 56.
3571 5476 3578 5484 ‘

2010 5565 2063 5617 in
2091 5562 2301 5617 mundo.
2335 5559 2453 5617 Non
2484 5561 2720 5614 arbitror
2762 5559 3128 5613 necessarium
3157 5567 3396 5614 veterem
3429 5558 3611 5628 scrip-

2008 5645 2181 5688 turam
2228 5633 2510 5688 deserere.
2560 5631 2701 5686 Infra
2732 5630 3043 5701 quadrantis
3093 5630 3285 5687 amissa
3317 5628 3609 5700 legendum

2009 5705 2220 5762 videtur
2264 5705 2513 5771 admissa,
2564 5704 2668 5758 hoc
2710 5713 2814 5770 εει,
2876 5701 3192 5773 commissa,
3230 5716 3331 5759 seu
3363 5711 3607 5773 peccata.

2012 5778 2149 5836 Sunt
2173 5779 2263 5849 qui
2286 5776 2470 5833 malint
2501 5776 2726 5844 amissa,
2760 5775 2813 5829 It.
2844 5790 2894 5827 e.
2926 5771 3209 5844 dissipata.
