4086 6184
269 268 378 325 635

1483 513 1488 517 -
1556 480 1761 555 [luntas
1778 523 1793 548 ,

1340 268 1629 328 CARMEN
1665 269 2051 330 PASCBALE.
2093 264 2301 331 LIBER
2342 274 2430 331 ΙΙΙ.

410 384 554 457 Ergo
601 382 777 457 agnis,
828 383 1129 457 avibusque
1178 386 1273 443 Dei
1322 394 1409 443 est
1454 386 1572 445 haec
1621 388 1738 444 sola
1777 402 1874 445 vo-
1898 395 1950 456 Α

3468 280 3572 336 654

2119 391 2189 447 Ει
2214 390 2356 449 bona
2387 392 2634 460 libertas,
2661 391 2901 451 evadere
2926 401 3083 450 torva
3108 398 3322 453 cruenti

1975 482 2082 542 500
2116 483 2222 542 Ora
2245 485 2380 557 lupi,
2410 486 2628 559 vitaque
2657 485 2762 543 frui
2789 501 2887 559 per
2913 502 3113 560 pascua
3137 488 3366 546 Christi.

1600 642 1777 701 orth
1812 606 2207 704 pascuus.

262 778 422 836 nobis
447 777 675 834 libertas
703 776 989 848 optabilis.
1020 785 1080 833 ut
1112 791 1244 834 oves
1275 787 1331 834 et
1365 779 1488 851 agni
1528 780 1725 835 summi
1766 795 1862 851 pa-
1961 796 2159 853 pascua
2190 781 2320 854 largi
2353 781 2501 839 noris
2532 784 2846 842 amoenitate
2876 784 3185 857 gratissima
3225 786 3392 843 vitam
3441 802 3563 846 car-

248 874 425 931 storis
452 872 496 927 si
526 870 792 928 fuerimus
827 872 974 944 digni
1022 873 1270 940 censeri,
1324 884 1506 930 torvos
1555 890 1864 932 mereamur
1960 891 2091 948 pere
2114 876 2227 948 jam
2254 892 2526 935 securam.

258 965 370 1039 lupi
399 980 615 1023 morsus
640 965 907 1035 evadere,
948 974 1111 1039 atque
1153 966 1472 1023 suavissima
1513 966 1723 1025 Christi
1766 984 1862 1040 per

1739 1105 1821 1164 SC
1829 1105 2081 1165 HOLIA

325 1242 457 1299 297.
505 1241 660 1300 Cant.
693 1286 708 1306 ,
739 1243 876 1313 Reg.
905 1241 961 1310 4,
1004 1242 1115 1298 Ott.
1146 1242 1200 1310 l,
1231 1241 1288 1308 2,
1342 1242 1502 1298 Rom.
1523 1288 1536 1309 ,
1571 1241 1703 1298 Urb.
1726 1283 1743 1309 ,
1790 1250 1847 1299 et

253 1315 344 1373 ed.
363 1314 544 1381 Lips.,
569 1315 732 1370 ducit.
756 1314 867 1371 Ott.
905 1315 957 1376 1,
987 1329 1088 1385 pro
1115 1315 1171 1369 d.
1200 1328 1273 1375 Β..
1304 1330 1427 1369 cum
1452 1313 1695 1383 reliquis,
1728 1317 1847 1369 mit-

254 1388 341 1454 tit,
372 1395 433 1441 ut
462 1385 721 1453 Virgilius
765 1387 801 1442 Ι.
843 1402 894 1440 \‘l
924 1385 1053 1441 IEu.
1085 1401 1229 1442 vers.
1261 1385 1365 1441 5'57
1392 1403 1405 1439 :
1430 1388 1496 1439 At
1526 1386 1655 1440 lteva
1681 1388 1846 1441 malo-

249 1474 374 1530 rum
400 1488 471 1499 —
500 1455 721 1512 Exercet
779 1474 976 1529 poenas,
1024 1466 1073 1512 et
1126 1457 1195 1530 ad
1229 1459 1392 1530 impia
1423 1466 1618 1511 tartara
1667 1458 1844 1513 mittit.

250 1528 526 1655 Cellalrius
549 1529 722 1585 edidit
752 1528 954 1597 mittet,
1004 1529 1184 1600 quod,
1230 1528 1446 1595 nescio,
1488 1544 1555 1584 an
1596 1543 1728 1584 casu
1772 1530 1847 1584 illi

250 1616 375 1655 exc:
419 1616 498 1655 eri
534 1641 548 1654 .

250 1603 548 1657 exciderit.

322 1674 453 1743 300.
494 1672 625 1743 Post
654 1670 800 1728 hunc
829 1686 1044 1743 versum
1073 1672 1292 1743 Regtl,
1324 1672 1380 1739 2,
1410 1671 1533 1743 Vat.
1566 1672 1618 1736 1,
1658 1671 1848 1743 Empti-

1951 1260 2051 1368 Ἠιε
2077 1243 2399 1330 mirabilibus
2423 1244 2583 1329 signis
2632 1245 2996 1315 Redemptoris
3042 1249 3297 1321 unigeniti
3340 1248 3463 1314 Dei.
3510 1258 3560 1307 et

2006 1332 2164 1368 omini
2190 1325 2374 1368 nostri.
2401 1326 2449 1368 et
2473 1334 2642 1368 primo
2663 1320 2921 1368 auomoda
2942 1321 3013 1368 ad
3034 1323 3241 1368 nuntias
3279 1321 3552 1368 inuitatus-

2006 1317 2165 1392 omini
2190 1318 2374 1378 nostri,
2401 1326 2449 1372 et
2473 1320 2642 1392 primo
2663 1320 2921 1392 quomodo
2942 1321 3013 1375 ad
3034 1317 3241 1392 nuptias
3279 1321 3554 1390 invitatus,

1953 1386 2169 1458 hydrias
2195 1405 2286 1442 sea:
2313 1386 2794 1458 aquat'mirabi'litcr
2826 1394 3077 1447 convertit
3106 1386 3160 1445 in
3192 1393 3305 1447 lene
3336 1386 3560 1451 merum'.

1957 1458 2013 1513 In
2047 1458 2165 1512 Vat.
2196 1458 2250 1526 2,
2287 1460 2476 1527 Rum.,
2506 1474 2560 1516 et
2594 1476 2716 1515 meo
2745 1462 2868 1517 cuti.
2890 1503 2904 1523 .
2935 1477 3042 1519 non
3069 1463 3342 1519 indicatur
3361 1463 3561 1521 divisio

1957 1530 2100 1605 libri.
2120 1530 2173 1584 In
2194 1530 2328 1605 Reg.
2343 1532 2398 1605 4‘,
2414 1532 2797 1605 desiderantur
2817 1534 3046 1605 reliqua,
3062 1546 3119 1590 et
3145 1545 3262 1603 po~t
3289 1551 3431 1590 vers.
3450 1535 3558 1593 Ora

1957 1601 2068 1672 lupi
2087 1604 2334 1674 sequitur
2347 1602 2444 1657 Ars
2465 1601 3015 1674 Phoctegrammatici.
3041 1601 3228 1661 Codex
3255 1607 3560 1664 Tauriuen-

1957 1670 2054 1736 sis,
2084 1670 2323 1747 Explicit
2341 1676 2470 1728 liber
2495 1670 2694 1739 primus
2712 1677 2829 1730 novi
2853 1675 3185 1732 Testamenti.
3212 1676 3406 1747 Incipit
3430 1680 3558 1735 liber

248 1744 335 1821 cit_
352 1742 480 1799 liber
510 1741 560 1799 1.
586 1742 788 1821 Incipit
824 1742 1055 1821 II._Ot_t.
1092 1741 1442 1821 l,_'1§';rplic_it_
1475 1742 1605 1821 liber
1647 1742 1852 1821 θρόει]ξὶ
1883 1741 1931 1801 Β
1956 1741 2259 1821 secundus._
2292 1743 2506 1821 Legenti
2563 1749 2667 1821 uita
2718 1756 2990 1821 perpetua.
3050 1749 3140 1821 Sic
3194 1750 3247 1803 in
3294 1741 3559 1821 C'atalogo

247 1816 452 1884 primus
480 1818 597 1870 novi
624 1812 960 1869 Testamenti.
991 1813 1190 1885 Incipit
1219 1812 1347 1871 liber
1380 1812 1463 1868 II.
1492 1816 1621 1885 Reg.
1647 1814 1702 1876 ὅ,
1744 1813 1849 1868 Mi-

246 1886 498 1940 rabilium
523 1887 812 1940 divinorum
842 1886 973 1942 liber
1000 1884 1280 1942 secundus.
1311 1886 1423 1942 Ott.
1455 1885 1511 1949 2,
1544 1884 1695 1939 Finis
1722 1903 1845 1939 ora-

246 1958 410 2012 tionis
431 1956 577 2011 Jesu.
643 1954 837 2026 Incipit
878 1960 1006 2012 liber
1042 1957 1325 2012 secundus:
1356 1957 1618 2012 Miracula
1651 1966 1699 2009 et
1734 1960 1849 2027 [ac-

245 2037 301 2100 tg
348 2027 560 2083 Christi.
614 2027 783 2093 Urb.,
853 2029 1063 2100 Egregii
1102 2029 1307 2083 Sedulii
1363 2029 1591 2098 episcopi
1631 2027 1695 2081 de
1732 2031 1847 2083 novi

246 2097 569 2154 Testamenti
599 2100 817 2155 historia
845 2097 973 2156 liber
991 2097 1256 2155 secundus
1276 2100 1508 2172 explicit,
1536 2111 1762 2172 tractans
1783 2102 1845 2153 de

240 2172 374 2238 vita,
427 2172 719 2238 virtutibus,
762 2180 812 2227 et
855 2172 1241 2227 conversatione
1280 2168 1492 2225 Domini
1520 2172 1683 2225 nostri
1716 2168 1843 2225 Jesu

243 2239 466 2298 Christi.
500 2240 696 2313 Incipit
725 2244 956 2316 ejusdem
984 2242 1111 2298 liber
1134 2244 1316 2298 tertius
1353 2243 1418 2298 de
1445 2241 1732 2309 miraculis,
1765 2252 1845 2296 at-

1960 1830 2129 1891 tuss.;
2163 1825 2219 1891 at
2245 1816 2298 1869 in
2326 1816 2699 1891 descriptione
2720 1816 3029 1891 doctissimi
3056 1819 3288 1876 Comitis
3317 1816 3558 1891 Napioite

1954 1887 2130 1940 solum
2165 1887 2416 1953 Iego...er
2453 1887 2683 1942 Primus.
2735 1887 2933 1952 Incipit
2985 1888 3113 1944 liber
3141 1887 3422 1945 secundus.
3456 1892 3556 1946 Le-

1991 1958 2094 2032 enti
2123 1960 2226 2011 vita
2256 1969 2525 2032 perpetua.
2559 1959 2623 2032 lu
2649 1959 2774 2015 Alb.
2816 1958 3048 2032 Explicit
3082 1962 3200 2014 novi
3242 1960 3556 2017 Testamenti

1973 2029 2079 2102 iber
2116 2029 2399 2102 secundus.
2452 2029 2648 2102 Incipit
2697 2029 2912 2085 tertius.
2946 2032 3052 2088 Sed
3105 2034 3221 2087 haec
3274 2037 3343 2087 ita
3397 2034 3558 2089 intel-

1953 2099 2163 2169 ligenda
2196 2109 2356 2164 sunt,
2381 2099 2695 2176 ut_iuci'pia_t
2718 2102 2871 2176 liber
2903 2106 3094 2176 tertius
3142 2103 3430 2171 carminis,
3467 2105 3558 2176 qui

1951 2178 2128 2248 tamen
2151 2182 2235 2248 est
2260 2172 2688 2248 secundusnovi
2717 2173 3072 2241 Testameuti,
3097 2184 3153 2230 ut
3200 2176 3254 2231 in
3296 2172 3556 2248 Prolego-

1949 2242 2126 2298 menis
2155 2244 2376 2300 uberius
2407 2245 2733 2315 explicatum
2765 2255 2870 2301 est.

246 2401 3534 2435 —________________—__________

1430 2533 1779 2617 LIBER
1851 2535 2391 2620 TERTIUS.

1627 2698 2184 2724 εῄ--ῄο

467 2838 629 2911 237
651 2837 830 2895 Prima
853 2852 967 2895 suae
996 2836 1281 2905 Dominus,
1316 2840 1571 2897 thalamis
1593 2842 1846 2916 dignatus

1530 2935 1770 3009 [adesse,

398 3023 630 3080 Virtutis
658 3025 986 3083 documenta
1016 3027 1189 3096 dedit,
1221 3030 1566 3101 convivaque
1600 3047 1843 3102 praesens

392 3118 653 3190 Pascere,
704 3136 811 3176 non
844 3121 1009 3193 pasci,
1068 3126 1315 3195 veniens,
1368 3126 1657 3182 mirabile!
1688 3127 1842 3185 fusas

392 3212 452 3267 In
485 3213 669 3268 vinum
699 3220 969 3271 convertit
989 3232 1189 3287 aquas;
1224 3220 1474 3276 amittere
1497 3219 1735 3290 gaudent

316 3305 354 3362 6
393 3305 664 3364 Pallorem
697 3307 911 3376 latices,
942 3313 1171 3366 mutavit
1197 3312 1317 3367 laeta
1345 3326 1600 3385 saporem

2095 2846 2251 2905 Unda
2290 2862 2449 2905 suum
2476 2894 2491 2918 ,
2526 2848 2717 2921 largita
2762 2863 2972 2904 merum
3002 2892 3016 2917 ,
3077 2863 3409 2919 mensasque
3459 2865 3558 2923 per

3270 2941 3481 3017 [omnes

2095 3035 2280 3092 Dulcia
2313 3052 2420 3093 non
2449 3046 2582 3092 nato
2602 3036 2914 3095 rubuerunt
2939 3036 3135 3108 pocula
3159 3049 3362 3094 musto.

2093 3128 2336 3196 Impletit
2363 3144 2459 3185 sex
2489 3145 2621 3201 ergo
2655 3130 2806 3185 lacus
2829 3129 2934 3185 hoc
2963 3138 3183 3186 nectare
3213 3131 3508 3198 Christus;

2048 3218 2053 3223 ’
2093 3221 2258 3294 238
2285 3223 2497 3293 Quippe
2518 3221 2671 3278 ferax
2693 3222 2784 3294 qui
2812 3223 2937 3277 vitis
2966 3232 3103 3292 erat,
3138 3224 3337 3281 virtute
3358 3224 3552 3281 colona

1990 3312 2060 3370 10
2097 3315 2295 3371 Omnia
2321 3314 2682 3386 frttctilicaus,
2716 3318 2874 3388 cujus
2897 3317 3002 3372 sub
3031 3318 3277 3389 tegmine
3309 3317 3511 3373 blando

1577 3456 1756 3515 OPUS
1790 3456 2180 3517 PASCHALE.

316 3559 497 3617 Prima
530 3562 790 3619 Dominus
820 3566 1020 3637 nuptiis
1046 3568 1311 3625 interesse
1339 3569 1587 3642 dignatus
1628 3573 1845 3629 virtutis
1872 3582 1917 3643 C
1949 3577 2153 3647 genita,
2184 3577 2423 3632 colorem
2452 3576 2682 3631 mutavit
2724 3575 2949 3646 pariter,
2983 3584 3038 3631 et
3075 3590 3295 3631 nomen.
3327 3572 3552 3631 Cunctis

239 3668 359 3711 suae
387 3654 707 3712 documenta
738 3658 1009 3728 patefecit,
1040 3661 1131 3715 ubi
1165 3664 1387 3717 conviva
1431 3665 1734 3736 prtucipuus
1763 3667 1847 3725 di-

240 3750 425 3804 vinam
453 3765 705 3807 reserans
734 3762 1078 3823 potestatem,
1109 3772 1219 3811 non
1252 3756 1401 3828 pasci
1432 3757 1580 3813 visus
1610 3768 1711 3821 est.
1746 3760 1841 3816 sed

237 3844 478 3914 pavisse.
505 3843 797 3901 Defuerant
825 3864 1058 3918 namque
1081 3849 1198 3903 vina
1231 3849 1589 3920 solemnibus,
1619 3862 1675 3907 et
1702 3854 1845 3909 inter

239 3937 529 4007 epularum
560 3939 806 3995 cumulos
840 3939 1061 3996 ferculis
1099 3954 1417 4013 aggregatos
1441 3986 1455 4009 ,
1503 3954 1709 3999 tantum
1751 3960 1844 4001 va-

239 4030 382 4082 cuati
410 4029 609 4085 calices
635 4046 782 4086 mera
814 4034 1060 4088 siccitate
1090 4035 1398 4103 torpebant.
1432 4036 1712 4093 'l‘crrcnus
1750 4037 1845 4094 ali-

241 4130 516 4176 scesserat
536 4132 713 4190 potus,
742 4123 953 4179 scilicet
975 4135 1030 4179 ut
1052 4126 1291 4181 caelestis
1321 4126 1573 4183 inlraret.
1604 4130 1842 4185 Conver-

243 4211 311 4265 tit
353 4209 603 4269 Christus
633 4230 761 4285 ergo
784 4224 911 4271 tunc
943 4218 1134 4272 latices
1169 4218 1220 4273 in
1253 4218 1362 4273 vini
1388 4220 1628 4289 speciem
1659 4229 1836 4275 trans-

243 4321 458 4362 euntes.
502 4308 814 4365 Amiseruul
856 4326 1040 4381 aquae,
1084 4311 1225 4382 quod
1280 4322 1420 4369 natm
1469 4326 1635 4383 sunt,
1685 4316 1840 4386 aquis

242 4397 555 4473 indigentes
597 4401 663 4460 ad
709 4412 916 4476 potum,
947 4405 1197 4478 undaque
1228 4406 1460 4463 nobilior
1481 4407 1644 4478 facta,
1675 4424 1836 4480 quam

1950 3668 2184 3740 denique
2230 3668 2469 3723 inustum
2516 3668 2676 3722 dulce
2718 3667 2947 3723 rubebat
2985 3668 3038 3722 in
3092 3668 3330 3736 poculis,
3361 3682 3422 3721 ac
3453 3683 3551 3737 per

1950 3762 2189 3816 omnium
2215 3762 2451 3831 jucunda
2500 3775 2808 3816 mensarum
2847 3771 3037 3829 captus
3068 3761 3333 3813 suavitate
3359 3760 3551 3814 convi-

1950 3870 2045 3909 vas
2072 3854 2294 3910 haustus
2328 3854 2574 3910 ﬂuminei
2620 3854 2854 3910 nectaris
2899 3852 3204 3908 chriabant.
3250 3850 3551 3920 Stupebant

1952 3945 2179 4001 fontium
2231 3948 2464 4002 ministri
2513 3961 2608 4002 sex
2658 3945 2897 4017 bydrius,
2930 3959 3063 4016 quas
3094 3943 3249 4013 aquis
3281 3942 3545 4012 impleve-

1949 4050 2108 4104 rant,
2151 4040 2276 4094 vino
2314 4039 2652 4095 redundante
2694 4037 2965 4103 fuscatas,
3012 4036 3297 4105 subitaque
3343 4033 3546 4089 Christi

1952 4144 2060 4188 tota
2094 4132 2323 4189 ferviase
2352 4132 2645 4198 vindemia,
2671 4132 2870 4202 quippe
2897 4130 2988 4198 qui
3017 4128 3140 4182 vitis
3162 4126 3353 4184 aderat
3379 4127 3550 4182 virtu-

1950 4228 2019 4280 tis
2047 4226 2258 4287 colona.
2299 4235 2426 4281 nata
2456 4224 2731 4281 fructifera
2771 4226 2873 4279 sub
2902 4222 3153 4279 aetherem
3181 4220 3388 4277 frondis
3426 4236 3548 4274 um-

1950 4317 2192 4381 braculo,
2228 4319 2473 4372 nutriens
2499 4331 2748 4372 racemus
2769 4314 3031 4387 spiritalis
3060 4314 3301 4386 pampini
3330 4327 3549 4384 semper

1946 4412 2262 4465 ammm‘tate
2290 4410 2550 4466 victuros.

1784 4547 2099 4605 SCHULIA.

314 4662 368 4720 1.
401 4663 523 4717 Vat.
560 4662 613 4730 1,
643 4662 744 4718 Ubi
767 4678 954 4725 aquam
991 4624 1049 4715 in
1080 4662 1254 4716 vinum
1294 4662 1562 4716 convertit.
1594 4660 1730 4732 Reg.
1772 4661 1827 4727 2,
1860 4663 1912 4722 D
1938 4660 2086 4716 aliud
2114 4661 2423 4731 symbolum
2461 4661 2643 4732 aptius
2685 4660 2812 4715 vino
2861 4659 3030 4715 rubro
3079 4656 3318 4732 inveniri
3345 4655 3541 4726 potuit.

245 4733 321 4788 De
342 4733 601 4788 miraculo
623 4750 773 4807 aqua:
809 4749 1068 4807 conuersae
1094 4735 1145 4787 in
1181 4735 1378 4787 vinum.
1407 4732 1567 4807 Rom.
1597 4730 1697 4807 Ubi
1728 4732 1834 4785 Do-

241 4807 413 4860 minus
439 4813 647 4859 vocatus
668 4804 742 4859 ad
769 4805 1008 4877 nuptias,
1031 4808 1278 4877 convertit
1305 4820 1497 4871 aquam
1533 4804 1587 4856 in
1634 4804 1831 4877 vinum.

311 4878 367 4931 4.
400 4878 671 4932 Cellarius
694 4892 760 4931 ex
794 4875 923 4930 mss.
950 4875 1200 4946 reposuit
1222 4877 1474 4933 amittere.
1501 4889 1624 4927 cum
1670 4875 1834 4944 vulgo

240 4949 538 5017 reperi~set
564 4948 843 5002 dimittere.
874 4946 1052 5001 Nostri
1086 4950 1251 5002 etiam
1281 4960 1476 5002 omnes
1512 4960 1643 5017 mss.
1678 4950 1833 4997 amit—

245 5016 349 5074 tere
372 5034 495 5074 cum
523 5020 855 5074 editionibus
877 5018 1179 5086 Parrhasii,
1205 5029 1263 5072 et
1293 5018 1441 5080 Aldi.
1476 5016 1579 5071 nisi
1608 5018 1752 5083 quod
1782 5017 1835 5071 in

243 5089 349 5147 hac
378 5091 640 5146 mendose
664 5101 750 5146 est
774 5090 1078 5159 ammittere,
1110 5099 1172 5145 ut
1198 5090 1399 5160 legitur
1420 5091 1586 5145 etiam
1622 5090 1675 5142 in
1707 5088 1834 5143 cod.

240 5165 406 5234 Ang.,
438 5173 493 5217 et
512 5162 640 5218 Alli.
1400 5233 1408 5234 ί
1539 5165 1542 5168 ’

314 5232 366 5290 5.
399 5234 583 5300 Cuut.,
615 5234 800 5301 Fabr.,
823 5242 878 5290 et
906 5234 1151 5288 nonnulli
1194 5233 1284 5289 alii
1321 5233 1553 5305 vulgati,
1580 5232 1705 5285 lwsa
1735 5244 1834 5305 pro

240 5302 399 5360 fleta:
434 5306 537 5360 hoc
583 5300 950 5361 retinendum.
988 5304 1364 5361 Nebrissensis
1414 5300 1529 5360 haec
1576 5310 1727 5357 notat
1765 5300 1832 5355 ad

242 5379 468 5431 verbum
500 5377 804 5433 Pallorem:
836 5377 940 5445 Qui
961 5377 1104 5432 color
1124 5385 1197 5431 est
1220 5378 1323 5431 vini
1356 5379 1539 5449 optimi
1567 5376 1619 5449 in
1651 5388 1837 5443 genere

240 5449 348 5519 vini
365 5450 492 5514 albi,
520 5450 715 5519 gilvum
736 5450 1037 5516 appellant;
1065 5459 1121 5503 et
1148 5449 1213 5503 ad
1242 5447 1470 5503 verbum
1503 5447 1790 5519 rubuerunt
1816 5459 1836 5498 :

246 5518 495 5585 Qua’dam
518 5518 721 5592 hydriw
752 5520 806 5574 in
827 5522 1004 5592 vinum
1034 5520 1246 5592 gilvum,
1275 5519 1515 5591 quaedam
1541 5520 1594 5572 in
1620 5518 1835 5592 rubrum

242 5602 453 5647 multum
482 5588 623 5647 sunt.
666 5595 737 5648 At
766 5607 896 5646 vero
942 5588 1201 5648 Sedulius
1247 5588 1468 5656 asserit,
1501 5603 1673 5656 aquas
1702 5588 1839 5640 anti-

241 5662 382 5734 gisse
401 5664 666 5734 pallorem
716 5679 896 5730 suum,
932 5679 1038 5719 non
1065 5663 1366 5733 sumpsisse
1406 5662 1667 5734 pallorem
1698 5660 1831 5734 viui.

242 5730 442 5805 Natant
463 5736 563 5790 viri
586 5735 811 5805 eruditi,
836 5736 890 5790 in
916 5730 1204 5790 Palaestina
1228 5736 1350 5788 vina
1379 5730 1483 5788 alia
1518 5749 1624 5787 non
1642 5730 1829 5805 fuisse,

246 5801 351 5860 nisi
382 5805 540 5863 rubra
567 5822 582 5873 ;
629 5801 805 5879 neque
834 5807 899 5861 ad
926 5806 1128 5863 Christi
1154 5806 1472 5877 sanguinem
1506 5804 1841 5876 ﬁgurandum

2016 4733 2069 4786 8.
2112 4728 2281 4787 Lacus
2304 4734 2477 4793 accipi
2499 4728 2649 4789 solet
2679 4748 2775 4801 pro
2796 4748 2925 4786 wse
2949 4728 3156 4801 amplo,
3191 4729 3242 4782 in
3274 4744 3382 4800 qun
3422 4745 3543 4801 miu-

1942 4813 2086 4858 stum
2119 4804 2397 4875 recipitur.
2428 4804 2522 4861 Sic
2549 4798 2766 4868 Cicero,
2798 4798 3057 4866 Ovidius,
3080 4798 3411 4868 Columella,
3440 4800 3546 4857 Ne-

1943 4877 2171 4939 mesius,
2204 4888 2257 4928 et
2279 4877 2371 4931 alii
2399 4878 2450 4930 id
2481 4878 2709 4931 verbum
2745 4879 3095 4943 usurparunt.

2017 4948 2069 4999 9.
2103 4945 2156 4999 lu
2190 4945 2302 5001 Ott.
2352 4950 2403 5009 1,
2426 4964 2624 5016 ,verax,
2651 4948 2791 5002 bene
2816 4959 3147 5012 correctum,
3184 4952 3241 4998 ut
3290 4943 3541 5016 videtur,

1947 5031 2046 5080 per
2068 5021 2257 5087 ferax.
2293 5019 2543 5084 Plerique
2574 5012 2746 5072 nostri
2773 5034 2908 5073 mss'.
2941 5017 3105 5087 Aug.,
3141 5016 3288 5079 Λίδη
3323 5015 3455 5080 lies.
3484 5012 3539 5087 2,

1945 5087 2000 5152 5,
2042 5086 2185 5142 Vatt.
2221 5089 2274 5155 1,
2322 5089 2380 5153 2,
2413 5089 2584 5152 Meus,
2616 5089 2777 5155 Urb.,
2824 5091 3006 5153 llom.,
3031 5084 3039 5087 ⁷
3065 5088 3202 5155 Reg.
3233 5086 3287 5149 1,
3334 5100 3433 5153 pru
3459 5084 3536 5155 _d.

1945 5157 2161 5227 scripL,
2186 5153 2294 5214 Ott.
2334 5161 2387 5223 l,
2439 5176 2467 5212 a
2496 5162 2734 5215 Secunda
2766 5153 2864 5226 m.,
2896 5175 3019 5214 cum
3058 5153 3272 5216 Arium.
3319 5153 3541 5227 Pagrb"

1943 5223 2091 5292 Ald.)
2116 5223 2171 5285 et
2197 5229 2417 5287 schedis
2438 5231 2672 5295 Poelm.,
2698 5223 2886 5286 virtute
2912 5229 3149 5285 colenda.
3176 5227 3285 5281 Ott.
3313 5226 3375 5291 2,
3402 5223 3540 5294 Reg.

1944 5302 2000 5378 ἐ
2024 5315 2169 5378 ³1³1³·
2205 5302 2432 5378 την-ΟΝ.
2473 5306 2526 5378 1,
2556 5317 2586 5356 a
2620 5303 3067 5378 pr:‘tti.,_colonn,
3097 5297 3239 5369 quod
3270 5297 3459 5378 Prosa.
3484 5303 3541 5378 et

1943 5372 2191 5442 plerique
2227 5375 2355 5427 editi
2389 5369 2651 5429 retinent.
2685 5373 3059 5429 Nebrissensis
3092 5369 3316 5442 exponit
3354 5369 3544 5442 virtute

1942 5439 2152 5517 colona,
2184 5444 2237 5497 id
2267 5455 2361 5510 est,
2395 5445 2734 5517 agricolante.
2776 5447 2850 5500 lix
2885 5441 3217 5517 prosaalittd
3260 5439 3536 5517 arguitur:

1942 5512 2142 5569 dicitur
2191 5509 2352 5571 enim
2387 5509 2503 5571 vitis
2530 5517 2734 5572 virtutis
2764 5509 2971 5579 colona,
3008 5514 3113 5567 nisi
3144 5511 3430 5583 legendum
3470 5509 3542 5564 sit

1939 5586 2146 5641 virtute.

2016 5656 2097 5712 10.
2138 5658 2309 5731 Meus,
2351 5659 2718 5731 fructiferans;
2744 5673 2842 5731 pro
2881 5657 2938 5713 d.
2964 5673 3034 5731 is.
3068 5656 3272 5731 melius,
3310 5655 3535 5727 [Νεκυί-

1944 5744 2085 5791 mus,
2119 5730 2261 5800 quod
2288 5728 2571 5803 Calpurnii
2598 5728 2761 5803 atque
2790 5728 3114 5803 Tertulliani
3158 5729 3390 5787 verbum
3420 5735 3534 5786 est:

1953 5816 2076 5857 nam
2099 5805 2333 5860 alterum
2356 5801 2422 5859 ad
2449 5801 2685 5861 barbara
2713 5802 2866 5875 rejici
2890 5801 3075 5860 debet.
3383 5819 3397 5873 ι
