4086 6184
543 278 652 334 655

688 390 830 448 Mitis
855 390 1175 447 inocciduus
1200 389 1405 447 enutrit
1431 392 1719 461 pampinus
1745 402 1899 446 uvas.

765 482 896 541 Post
923 487 1142 557 regulos
1169 494 1299 540 nato
1328 483 1549 555 quidam
1572 484 1838 539 moriente
1867 470 2093 553 rogabat

693 578 946 645 Flebilis,
1000 588 1055 633 et
1104 577 1331 649 supplex
1366 577 1678 646 Dominum,
1715 593 1823 649 quo
1851 579 2053 632 viseret
2079 591 2152 632 tc-

1901 669 2077 744 [grutn

696 766 879 824 Febre
920 766 1267 825 innatantem
1317 779 1581 837 puerum,
1635 764 2015 838 trepidamque
2059 781 2155 824 ve-

1942 868 2082 917 taret

1942 868 2082 917 taret

592 953 661 1010 15
698 951 831 1010 Labi
856 952 1097 1008 animam
1125 951 1194 1007 de
1219 950 1350 1008 sede
1377 965 1511 1019 sua;
1544 960 1675 1007 tunc
1706 952 1856 1024 larga
1885 859 2151 1023 intestas,

698 1044 959 1101 Cretlenti
1007 1061 1127 1116 qtre
1164 1045 1310 1101 nulla
1343 1054 1526 1117 negat,
1560 1062 1662 1103 nec
1693 1045 1836 1101 dona
1886 1047 2149 1117 retardat,

697 1139 860 1216 239
893 1139 1146 1195 Velocem
1176 1140 1433 1195 comitata
1464 1139 1624 1196 tidem
1645 1182 1659 1209 ,
1695 1156 1952 1197 sermone
1993 1140 2148 1197 salu.

1973 1243 2083 1290 tem

696 1321 1021 1381 Concedens
1051 1324 1235 1382 facili:
1262 1324 1407 1382 Vivit
1432 1325 1545 1398 jam
1579 1326 1746 1396 ﬁlius,
1782 1234 1978 1401 inquii,|

706 1416 902 1493 Perge,
938 1427 1083 1477 tuus.
1114 1418 1386 1492 Quantum
1416 1421 1629 1494 imperii
1661 1419 1768 1479 fert
1790 1422 1967 1494 iussio
1998 1423 2158 1481 Chri-

1943 1517 2082 1591 [stil

1926 272 2144 335 C(ELll
2180 268 2361 336 GEDU
2369 277 2454 334 LII

2171 397 2224 454 Α
2284 389 2356 446 20
2392 389 2509 446 Non
2537 386 2695 457 dixit,
2725 387 2984 445 Victurus
3012 387 3143 453 erit,
3174 386 3294 456 sed,
3321 385 3441 442 lam
3469 384 3593 457 quia
3623 384 3775 457 vivit,

3735 272 3835 330 638

2393 484 2543 541 More
2561 485 2780 555 Dei,qui
2811 492 3010 540 cuncta
3041 480 3211 553 prius,
3230 495 3390 552 quam
3416 479 3834 548 nata,videndo,

2393 579 2740 637 Praeteritum
2772 578 2968 646 cernit,
2996 575 3258 648 quidquid
3289 575 3405 631 vult
3425 589 3549 631 esse
3579 575 3835 632 futurum.

2475 672 2607 730 Inde
2634 671 2936 729 salutiferis
2964 670 3228 727 incedens
3255 671 3553 741 gressibus,
3582 670 3772 741 urbes,

2395 766 2631 836 Oppida,
2663 779 2815 832 rura,
2847 779 3026 828 casas,
3058 765 3238 829 vicos,
3262 761 3492 819 castella
3524 776 3835 835 peragrans,

2288 861 2362 918 25
2397 860 2592 917 Omnia
2621 860 2870 930 depulsis
2896 859 3125 914 sanabat
3149 872 3383 928 corpora
3406 858 3638 914 morbis.

2478 955 2621 1009 Ecce
2642 963 2824 1009 autem
2847 953 3041 1009 medie
3065 954 3309 1009 clamans
3330 967 3399 1008 ex
3426 951 3652 1023 agmine
3681 951 3839 1010 turba

2402 1049 2678 1120 Leprosus
2706 1048 2967 1119 poscebat
2996 1063 3179 1117 opem,
3213 1048 3510 1116 variosque
3538 1062 3640 1117 per
3669 1056 3807 1102 artus

2404 1142 2538 1200 Plus
2563 1142 2802 1199 candore
2830 1143 2998 1199 miser
3043 1161 3055 1197 :
3104 1141 3162 1199 Si
3190 1144 3304 1207 vis,
3337 1140 3569 1197 Domine
3590 1184 3606 1207 ,
3658 1142 3838 1214 inquit,

3533 1233 3640 1308 [ab
3664 1232 3780 1290 istis

2405 1329 2568 1406 2M)
2611 1328 2696 1389 Me
2723 1328 2957 1387 maculis
2984 1326 3250 1385 mundare
3279 1337 3465 1399 pmes.
3495 1324 3660 1395 Volo,
3690 1325 3840 1384 Chri-

3326 1419 3476 1495 [stns
3502 1428 3564 1477 ut
3593 1419 3783 1491 inquit,

2300 1519 2370 1574 30
2405 1516 2710 1575 Confestim
2739 1515 2880 1572 redit
2911 1530 3023 1572 una
3059 1514 3222 1582 cutis,
3256 1512 3596 1587 proprioque
3621 1512 3812 1571 decore

1905 1650 2084 1710 Ol’US
2119 1651 2504 1710 PASCIIALE.

632 1765 836 1822 Deinde
864 1765 1081 1838 regulus
1106 1767 1373 1837 quispiam
1408 1768 1634 1822 Domino
1666 1767 1923 1826 flebiliter
1949 1770 2156 1842 suppli-
2189 1780 2231 1840 Β
2263 1779 2318 1829 et
2346 1772 2518 1840 vicos,
2536 1779 2591 1828 et
2611 1779 2810 1838 castra,
2842 1770 3156 1829 salutiferos
3181 1785 3400 1844 gressus
3420 1771 3844 1843 accommodem,

556 1860 737 1927 cubat,
765 1870 822 1915 ut
851 1875 1053 1930 :egrum
1104 1860 1389 1917 morientis
1416 1862 1515 1917 lilii
1541 1862 1811 1920 relevaret
1856 1864 2160 1919 incommo-
2260 1872 2452 1920 cuncta
2479 1863 2720 1933 depulsis
2751 1864 3062 1920 morborum
3097 1872 3122 1901 ἰ
3147 1863 3294 1920 vitiis
3325 1862 3579 1922 membra
3613 1864 3842 1921 sanabat.

555 1952 716 2017 dum,
749 1953 926 2024 deque
969 1953 1101 2008 sede
1144 1967 1409 2024 corporea
1448 1957 1722 2011 auxiantis
1765 1958 2000 2013 animam
2049 1958 2157 2016 labi

555 2045 873 2120 prohiberet
915 2047 1206 2103 inﬁrmam.
1237 2049 1388 2106 Tunc
1416 2050 1612 2106 divinae
1641 2052 1930 2122 potestatis
1964 2053 2154 2107 Imma.

556 2140 723 2208 nitas,
747 2155 868 2211 quae
892 2140 1135 2196 credenti
1161 2142 1240 2198 nil
1267 2141 1521 2213 denegat,
1551 2160 1650 2199 nec
1675 2145 1875 2201 donum
1899 2145 2160 2203 dilatione

555 2232 878 2302 suspendit,
926 2234 1069 2304 quod
1106 2234 1368 2290 comitatu
1395 2236 1519 2292 ﬁdei
1552 2253 1659 2293 non
1689 2238 1910 2305 recedit,
1941 2240 2157 2308 plenam

557 2340 728 2397 puero
772 2327 1090 2397 sospitatem
1118 2343 1253 2384 voce
1282 2330 1553 2399 praeStitit,
1584 2345 1839 2387 sermone
1869 2335 2160 2390 concessit.

557 2419 633 2475 ita
679 2435 915 2491 namque
960 2419 1270 2491 reSpondit:
1313 2421 1480 2491 Vade,
1506 2424 1647 2493 [ilius
1668 2433 1785 2479 tuus
1817 2426 1955 2480 vivit.
1989 2426 2162 2495 Quam

560 2514 850 2584 imperiosa
886 2514 1096 2569 Domini
1126 2524 1369 2586 potestas
1397 2527 1499 2584 est,
1540 2532 1810 2591 quamque
1850 2521 2164 2591 magnifica!

562 2625 669 2665 non
694 2609 970 2664 victurum
997 2610 1210 2679 annuit,
1242 2610 1336 2666 sed
1360 2611 1471 2679 jam
1495 2612 1680 2668 vivere
1704 2611 2028 2683 designavit.
2054 2614 2166 2671 Hoc

564 2704 708 2760 enim
739 2702 1037 2760 divinitatis
1066 2717 1150 2760 est
1178 2705 1471 2776 singulare,
1498 2718 1555 2762 ut
1581 2723 1744 2763 omne
1788 2717 1981 2765 cernat
2028 2726 2165 2780 prac-

564 2799 805 2868 teritunt,
836 2799 1099 2872 quidquid
1129 2800 1452 2858 decreverat
1471 2803 1787 2861 affuturum.

636 2891 767 2952 lude
793 2910 889 2968 per
913 2895 1157 2952 diversas
1183 2897 1369 2967 urbes,
1405 2909 1461 2955 et
1490 2900 1748 2971 compita,
1780 2914 1983 2973 perque
2013 2915 2161 2968 rura,

2333 1955 2466 2013 Cum
2506 1968 2733 2027 repente
2774 1959 2844 2015 de
2889 1958 3070 2015 medio
3112 1958 3365 2030 stipantis
3414 1959 3594 2016 turba
3639 1959 3848 2016 concilio

2264 2050 2410 2107 varia
2448 2050 2693 2121 leprosus
2722 2050 3043 2108 infelicitate
3072 2050 3356 2125 perfusus,
3385 2063 3443 2108 et
3479 2053 3721 2111 obsceno
3755 2053 3850 2110 fac-

2266 2153 2352 2202 tus
2380 2146 2616 2202 candore
2643 2146 2917 2213 miserior,
2934 2147 3247 2215 Dominum,
3269 2147 3350 2204 sic
3377 2147 3664 2218 inquiens,
3688 2157 3849 2218 postu-

2265 2238 2412 2294 labat
2439 2258 2451 2293 :
2503 2239 2723 2294 Domine
2746 2280 2761 2304 ,
2806 2243 2851 2293 si
2891 2241 2997 2308 eis,
3028 2247 3170 2312 potes
3197 2256 3280 2295 me
3305 2240 3588 2296 mundare.
3623 2242 3734 2298 Non
3764 2238 3850 2298 fuit

2268 2334 2524 2404 supplicis
2552 2335 2655 2389 isto
2685 2350 2849 2404 parva
2880 2333 3014 2389 ﬁdes
3042 2335 3093 2387 in
3121 2334 3313 2402 verbo,
3343 2336 3435 2406 qui
3478 2351 3599 2391 sua:
3642 2336 3861 2393 mundae

2269 2427 2433 2484 tionis
2475 2426 2722 2483 effectum
2768 2427 2819 2481 in
2865 2426 3048 2481 divina
3093 2435 3299 2482 tantum
3327 2427 3617 2485 voluntate
3641 2428 3851 2485 credidit

2271 2522 2593 2578 institutum.
2632 2522 2893 2591 Namque,
2930 2532 2983 2576 ut
3015 2534 3137 2575 eum
3172 2522 3430 2578 Dominus
3460 2537 3626 2579 sacra
3651 2523 3851 2594 contigit

2271 2633 2463 2682 manu,
2506 2617 2725 2681 dicens,
2781 2615 2946 2682 Volo,
2996 2615 3278 2678 mundare,
3322 2614 3623 2671 confestim
3669 2614 3851 2672 bicolor

2272 2711 2538 2780 mgritudo
2569 2709 2839 2773 discessit,
2876 2724 3188 2779 ponensque
3229 2709 3518 2764 maculosae
3566 2709 3707 2765 cutis
3742 2708 3851 2763 boro

2275 2820 2454 2862 rorem
2483 2803 2768 2875 peregrina
2796 2817 2996 2873 corpus
3024 2802 3200 2858 caruit
3230 2800 3497 2860 fmditate.
3535 2800 3850 2860 Cernebatur

2274 2916 2303 2954 a
2345 2897 2558 2970 populis
2602 2896 2890 2968 repentino
2928 2894 2957 2934 ι)
3005 2904 3244 2951 mutatus
3290 2894 3533 2962 auxilio,
3582 2908 3849 2967 sanamque

2107 3036 2425 3096 SCHOLIA.

642 3151 730 3207 11.
764 3150 884 3206 Vet.
917 3148 968 3214 1,
1001 3148 1172 3219 Mon.,
1200 3160 1253 3204 et
1286 3151 1492 3207 Poelm.
1522 3152 1696 3207 Mitis.
1729 3148 1785 3208 ln
1815 3152 1935 3208 Ott.
1970 3150 2022 3215 1.
2066 3153 2168 3208 du-

571 3223 719 3295 bium
740 3228 827 3295 est
853 3221 1021 3295 Alitis,
1050 3236 1116 3275 an
1152 3221 1299 3277 Vitis.
1337 3223 1663 3295 Veralectio
1687 3235 1771 3277 est
1802 3222 1968 3278 Mitis.
1993 3223 2169 3295 Virgi-

572 3294 678 3349 lius
701 3293 797 3348 lib.
822 3308 839 3347 ι
867 3291 1071 3361 Georg.
1099 3308 1246 3349 vers.
1271 3294 1398 3360 448,
1432 3293 1553 3349 Heu
1575 3296 1594 3349 !
1613 3296 1751 3350 male
1776 3304 1887 3349 tum
1912 3297 2058 3349 mites
2081 3291 2170 3352 tle-

567 3363 1044 3438 [endetpampinus
1074 3383 1219 3420 uvas.
1246 3366 1497 3438 Nonnulli
1523 3367 1732 3438 vulgati
1762 3370 1901 3422 male
1923 3368 2175 3422 scribunt

570 3438 626 3489 in
656 3435 900 3491 occiduas
942 3452 1040 3504 pro
1092 3438 1417 3499 inocciduus,
1450 3437 1506 3493 h.
1553 3435 1737 3493 efuon
1789 3439 2081 3508 perituras,
2114 3447 2175 3495 ul

575 3509 625 3593 in
683 3510 882 3593 glossis
924 3509 1562 3593 .esplicatnr.mParrlt.,
1629 3510 1792 3593 Ang.,
1849 3521 1904 3593 et
1956 3509 2174 3593 scltcdfe

574 3579 807 3652 Poelm.,
837 3579 1062 3634 emittit:
1094 3596 1221 3636 mss.
1258 3580 1352 3635 alii
1382 3579 1557 3636 nostri
1586 3597 1707 3637 cum
1724 3579 2017 3652 plerisque
2053 3581 2168 3637 edi-

560 3652 646 3705 .tis
677 3651 872 3705 melius
895 3654 1108 3705 enutrit.

645 3720 734 3776 12.
766 3720 877 3776 Ott.
918 3723 970 3798 1,
997 3720 1080 3798 De
1106 3722 1248 3779 Filio
1276 3725 1464 3798 reguli.
1490 3724 1963 3798 Meus,_Absentem
1991 3722 2176 3779 liberat

572 3810 791 3867 puerum
822 3792 1010 3863 reguli.
1045 3795 1249 3850 Omnes
1281 3792 1456 3851 nostri
1499 3814 1632 3852 mss.
1658 3795 1787 3852 Post
1815 3797 2023 3867 regulus
2053 3804 2176 3850 nato

571 3864 1098 3938 quidam,_exc_cpto
1147 3867 1532 3922 recentissimo
1586 3868 1777 3923 codice
1815 3864 1946 3938 lteg.
1978 3869 2031 3933 5,
2082 3867 2176 3923 ubi

574 3936 774 4006 legitur
810 3935 1040 4005 Regulus
1069 3938 1193 3992 hinc
1214 3948 1337 3993 nato
1365 3940 1597 4005 quidam.
1658 3940 1832 3995 Aldus
1876 3935 1999 3994 cum
2040 3954 2171 3995 mss.

501 4068 507 4075 ,
573 4007 821 4082 ediderat
857 4006 1267 4082 l’ostgregulus,
1322 4013 1373 4064 in
1422 4010 1632 4066 Erratis
1663 4010 2176 4082 correxitliegulus

574 4076 694 4133 hinc
721 4089 877 4149 nato.
911 4076 1134 4146 Altltttti,
1179 4076 1262 4134 ut»
1292 4091 1456 4149 puto,
1508 4090 1730 4136 secutus
1761 4089 1847 4135 est
1888 4076 2175 4137 Fabricius

573 4162 823 4218 quamns
850 4148 1128 4206 Cellarins
1159 4148 1409 4207 Fabritrin
1432 4154 1709 4208 ascribere
1735 4153 2008 4217 videatur,
2030 4153 2174 4218 quod

575 4221 742 4295 verba
771 4222 1023 4295 codicum
1050 4238 1183 4279 mss.
1208 4225 1324 4292 ipse
1358 4225 1780 4295 transposuerit.
1803 4224 2175 4295 Cappusotus,

575 4290 934 4365 Parrhasius,
963 4294 1193 4365 aliaeque
1230 4290 1527 4352 editiones
1568 4309 1807 4363 veteres,
1857 4290 1982 4352 cum
2038 4310 2171 4352 mss.

576 4364 789 4440 Arum,
817 4364 1117 4430 Cantabr.,
1146 4377 1203 4440 et
1233 4367 1557 4440 Taurinensi
1603 4370 1754 4424 mine
1799 4369 2166 4440 antiquitatis,

575 4434 905 4508 scripturam
961 4438 1357 4508 exemplarium
1419 4455 1549 4495 mss.
1603 4434 2174 4495 nostrorum'conﬁr;

579 4514 750 4561 mant.
784 4505 1148 4564 Nihilominus
1190 4507 1565 4577 Cellarius,et
1620 4513 1972 4577 Arntzenius,
2015 4513 2174 4567 metri

576 4577 820 4643 solliciti,
878 4581 1225 4653 retinuerunt
1279 4582 1507 4653 Regulus
1534 4583 1654 4637 hinc
1686 4594 1823 4638 nato.
1860 4581 2056 4653 ,Verior
2095 4592 2175 4638 ta-

582 4663 706 4702 men
739 4661 823 4726 est
851 4650 1021 4726 altera
1054 4653 1239 4719 lectio,
1271 4650 1397 4726 sive
1423 4654 1691 4726 Sedulius
1711 4652 1937 4726 syllabae
1965 4655 2179 4724 quanti-

580 4728 745 4772 tatem
774 4723 827 4774 in
878 4722 979 4778 hoc
1008 4726 1254 4790 nomine,
1285 4733 1345 4778 ut
1386 4725 1439 4780 in
1464 4722 1789 4794 quibusdam
1833 4722 1995 4786 aliis,
2043 4740 2177 4780 con-

579 4794 887 4869 tempserit,
917 4796 1031 4869 sive
1062 4797 1325 4866 originem
1355 4813 1384 4851 a
1428 4812 1548 4869 rego
1575 4809 1821 4862 secutus,
1855 4797 2086 4865 primum
2120 4798 2172 4852 in

572 4862 1012 4936 νεμέτω-ειη·τὶρί
1044 4862 1206 4936 posse
1235 4862 1659 4923 existittta'verit.

656 4934 741 4987 13.
774 4931 999 5011 Flebilis
1027 4931 1127 5007 pro
1176 4939 1365 5011 flente,
1417 4950 1474 4995 ut
1525 4939 1729 5011 fragilis
1758 4937 2015 4994 .sumitur
2073 4954 2173 5003 pro

577 5003 772 5073 fracto,
817 5003 1063 5078 fugitivus
1095 5022 1193 5079 pro
1239 5003 1480 5080 fugiente
1525 5003 1632 5066 vel
1674 5013 1879 5081 fugato,
1927 5011 2174 5066 sanabilis

577 5091 677 5202 pro
708 5086 933 5205 s‘anatol,i
964 5081 1226 5137 mutabilis
1248 5097 1347 5153 pro
1378 5091 1610 5141 mutato.
1644 5084 1807 5156 fugax
1837 5098 1936 5155 pro
1964 5081 2176 5155 fugien-

603 5162 651 5205 e.
690 5162 720 5201 e
771 5163 890 5205 smn
940 5166 991 5205 a.
1064 5168 1071 5175 '
1810 5182 1815 5189 ·

582 5157 651 5207 te.
690 5156 746 5203 et
771 5152 991 5205 similia.
1064 5168 1071 5175 '
1645 5152 1653 5156 '
1708 5152 1719 5154 ‘
1810 5182 1815 5189 ε

651 5218 739 5275 15.
780 5221 898 5277 \‘at.
932 5222 990 5290 2,
1016 5226 1283 5292 animum;
1307 5225 1403 5282 alii
1440 5228 1689 5281 animum.
1724 5227 1817 5284 Sic
1858 5242 2005 5283 vers.
2038 5226 2171 5293 112,

577 5289 910 5363 Lapsamque
931 5289 1179 5351 animum.

650 5365 737 5441 μέ.
772 5365 1135 5441 Parrhas.,_et
1165 5368 1385 5425 schedae
1410 5369 1623 5426 Poelm.
1653 5371 1774 5441 quia
1799 5370 1972 5426 nulla.

579 5436 906 5560 tu1‘7.t\lat.
941 5440 994 5506 1,
1040 5438 1275 5496 Velocem
1314 5450 1389 5497 est
1430 5436 1679 5506 comitata
1704 5460 1720 5496 :
1750 5444 1944 5499 melius
1973 5442 2182 5498 omitti-

645 5522 668 5559 r
698 5522 751 5560 es
780 5548 794 5560 .

645 5522 668 5559 1‘
698 5522 794 5561 881.

646 5608 674 5637 ι
703 5601 945 5659 Advertit
975 5604 1227 5671 Juretus,
1259 5607 1503 5666 solemne
1546 5592 1711 5664 fuisse
1759 5608 1998 5663 librariis
2043 5607 2160 5663 afﬁ-

579 5667 751 5725 nitate
782 5672 1079 5729 litterarum
1104 5676 1133 5730 b
1164 5667 1225 5731 et
1270 5695 1317 5732 ιη
1343 5694 1565 5746 errare;
1598 5689 1656 5735 ut
1677 5680 1732 5734 in
1759 5691 1869 5736 vet.
1898 5679 2019 5734 cod.
2049 5689 2169 5735 erat

575 5751 894 5811 marmorum
923 5759 1022 5811 pro
1042 5748 1360 5806 morborum.
1894 5773 1914 5786 '

652 5806 678 5846 δ
707 5807 815 5867 Pro
841 5806 1068 5873 mutatus
1096 5817 1147 5872 in
1176 5826 1286 5875 vet.
1317 5820 1440 5876 cod.
1475 5822 1737 5896 scriptum
1768 5828 1887 5879 erat
1915 5830 2162 5879 motatus.

2344 3151 2440 3206 21.
2479 3150 2651 3216 Meus,
2686 3150 2810 3223 quia
2852 3157 3039 3203 cuncta
3070 3149 3217 3223 prius
3260 3164 3414 3216 quant
3458 3158 3589 3223 nota
3634 3149 3845 3223 videndo,

2278 3225 2459 3278 minus
2513 3224 2674 3277 bene.
2699 3220 3000 3285 Sedulius,
3052 3220 3110 3274 tit
3158 3221 3414 3275 observat
3456 3220 3845 3289 Nebrissensis,

2278 3298 2330 3349 in
2365 3295 2449 3349 his
2480 3295 2681 3357 verbis,
2720 3294 2861 3358 prius
2883 3309 3040 3362 quam
3081 3303 3226 3360 nata,
3272 3294 3489 3347 videtur
3523 3294 3842 3362 intelligere,

2283 3368 2453 3421 tilium
2489 3365 2678 3436 [leguli
2711 3381 2813 3418 non
2847 3365 2993 3418 illico
3016 3374 3268 3436 sanatum
3299 3364 3491 3420 fuisse.
3526 3363 3845 3431 Evangelista

2281 3452 2412 3493 vero
2438 3435 2700 3501 Joannes,
2733 3452 2806 3500 tv,
2835 3437 2905 3491 52
2936 3452 3078 3504 seq.,
3113 3435 3301 3501 refert,
3327 3436 3769 3495 sanatumfuisse
3794 3449 3846 3489 ea

2203 3479 2248 3543 Ο
2282 3479 2584 3579 ἰρέεῖιῖοινη,
2615 3479 2718 3577 qua
2751 3479 2887 3579 dixit
2913 3479 3078 3561 Jesits
3108 3524 3122 3561 :
3166 3479 3339 3560 Filius
3367 3517 3484 3579 tuus
3509 3490 3659 3563 vivit.
3691 3507 3847 3579 Neque

2280 3575 2430 3636 certe
2460 3580 2603 3634 aliud
2636 3575 2814 3635 sentit
2841 3577 3122 3645 Sedulius,
3159 3593 3277 3633 cum
3311 3579 3383 3633 ait
3412 3588 3426 3632 ξ
3453 3577 3703 3634 Sermone
3726 3575 3847 3633 sals-

2281 3665 2378 3708 tcm
2418 3682 2491 3693 —
2525 3650 2825 3706 Conccdt’tts
2872 3651 3041 3715 facili.
3091 3651 3208 3705 Non
3251 3664 3383 3718 ergo
3434 3651 3687 3720 puritatis
3729 3648 3845 3704 ratio

2279 3735 2469 3779 contra
2499 3732 2741 3793 apertam
2770 3720 2977 3778 Sedulii
3013 3731 3248 3777 mentem
3277 3721 3654 3793 protrahenda
3681 3730 3774 3777 est.

2352 3798 2439 3851 25.
2485 3791 2641 3849 Rom.
2698 3791 2772 3847 De
2808 3794 3081 3865 sanatione
3123 3791 3550 3865 leprosi._Meus,
3582 3792 3848 3865 ,Leprosttnt

2280 3868 2515 3921 mundat.
2542 3865 2775 3929 Poelm.,
2805 3863 2953 3918 Varii
2975 3863 3250 3933 languores
3274 3863 3550 3919 tolluntur.
3575 3864 3689 3921 Non
3714 3863 3848 3933 omit-

2281 3947 2390 3993 tam
2440 3936 2820 3992 Neltrissensis
2861 3932 3096 3991 notam:
3145 3934 3309 3989 Omne
3354 3937 3609 4007 oppidum
3648 3932 3846 3991 esturbs

2282 4021 2465 4077 μιν-αξιοι·
2497 4009 2738 4074 Romam,
2764 4024 2878 4079 qua!
2903 4023 3005 4061 non
3033 4016 3105 4062 est
3140 4007 3412 4079 Oppidum.
3448 4007 3622 4075 Rura,
3647 4022 3756 4078 qua
3776 4020 3849 4058 co-

2281 4083 2481 4136 luntur.
2512 4081 2697 4144 Cosas,
2743 4077 2950 4150 tuguria
2977 4080 3029 4133 in
3069 4079 3231 4150 agris.
3272 4077 3451 4143 Vicos,
3479 4082 3573 4147 qui
3603 4077 3739 4150 muro
3761 4091 3847 4131 non

2279 4161 2397 4206 sunt
2426 4151 2758 4214 circumdati,
2791 4149 2923 4204 sicut
2953 4149 3188 4211 castella,
3218 4165 3336 4221 qua:
3362 4158 3480 4204 sunt
3511 4166 3658 4205 muro
3681 4149 3845 4221 cincto.

2349 4224 2440 4280 26.
2487 4224 2693 4279 Poelm.
2720 4221 2982 4291 Leprosus
3008 4217 3313 4276 inundatur.
3352 4221 3409 4275 In
3441 4222 3570 4277 aliis
3592 4217 3848 4290 inscriptio

2283 4298 2618 4364 pra-ponitur
2645 4293 2822 4351 versui
2851 4292 2942 4349 23.
2976 4293 3111 4364 Reg.
3145 4295 3196 4359 1,
3239 4294 3298 4357 2,
3326 4292 3476 4348 Volt.
3512 4295 3565 4358 1,
3603 4295 3659 4359 2,
3687 4291 3846 4364 Boot"

2280 4362 2487 4437 Utltilt,
2519 4368 2585 4431 2,
2617 4367 2782 4437 Aug,
2816 4362 3105 4431 Cattlaltﬁ,
3138 4368 3358 4437 Λυσι-2.,
3391 4364 3541 4437 Αιιι.,
3571 4362 3846 4437 βαηιὶιιςῖι

2280 4436 2498 4512 Par-riu,
2526 4431 2751 4503 Cellart,
2786 4437 2988 4512 medias.
3018 4437 3151 4512 licg.
3183 4436 3237 4501 5,
3265 4434 3452 4512 biens;
3485 4434 3635 4512 A_ld.,
3669 4431 3846 4512 Vetti,

2277 4510 2331 4572 2,
2366 4509 2665 4576 Grunerus,
2693 4518 2749 4565 et
2775 4503 3128 4575 Arntzenius',
3156 4508 3348 4561 medio.
3377 4505 3567 4561 Ottob.
3598 4508 3651 4573 1,
3680 4503 3846 4566 medio,

2280 4581 2373 4655 sed
2405 4583 2615 4655 videtur
2642 4588 2950 4655 correctum
2985 4594 3079 4647 per
3105 4579 3311 4634 medico.
3345 4578 3517 4655 Prosa
3550 4578 3713 4646 magis
3742 4588 3848 4655 saa-

2280 4653 2370 4706 dct
2398 4652 2565 4706 medio
2586 4653 2715 4707 :sed
2748 4654 3160 4722 praestantiorem;
3186 4666 3325 4706 mss.
3353 4652 3646 4720 praeferunt
3666 4647 3844 4701 Inedia.

2279 4723 2334 4778 In
2364 4724 2496 4778 Urb.
2533 4725 2790 4780 mendum
2821 4734 2903 4777 est
2936 4723 3130 4776 media.

2351 4795 2441 4851 28.
2488 4796 2604 4850 Vct.
2663 4797 2716 4863 1,
2765 4794 2821 4856 2.
2853 4796 3080 4863 nitetur:
3122 4792 3217 4849 sed
3267 4793 3422 4863 miser
3467 4791 3769 4863 defenditur
3792 4799 3847 4863 ex

2198 4879 2253 4940 D
2280 4882 2390 4921 mss
2422 4908 2435 4930 ,
2469 4880 2518 4920 ct
2554 4858 2743 4923 Prosa.
2777 4865 2989 4940 Vat.71,
3020 4862 3162 4940 Dens
3189 4880 3287 4935 pro
3305 4862 3548 4933 Domine,
3574 4862 3708 4934 quod
3737 4858 3850 4914 reti-

2280 4941 2515 5013 nendum
2544 4940 2628 5013 vel
2657 4953 2721 5013 ex
2755 4940 2875 5007 ipso
2897 4938 3224 5013 Evangelia.

2348 5012 2439 5065 29.
2479 5010 2749 5065 Cellarius
2777 5001 2843 5064 "et
2885 5001 3170 5065 Grnnc'rus
3215 5022 3338 5062 cum
3398 5005 3678 5061 nonnullis
3702 5001 3848 5081 editis

2279 5099 2518 5154 purgare.
2544 5083 2688 5154 quod
2716 5081 2942 5154 verbum
2983 5082 3107 5134 huic
3125 5081 3207 5134 rei
3246 5081 3707 5154 accommmlatttm
3744 5086 3848 5154 qut-

2277 5147 2399 5209 dean
2436 5164 2514 5208 esi
2540 5147 2670 5208 {sed
2702 5151 3049 5207 nihilominus
3066 5154 3396 5205 Arum-nius
3425 5167 3548 5220 cap.
3570 5149 3605 5204 9
3633 5147 3847 5220 Specill-

2276 5228 2566 5282 Ultservat.
2601 5225 2787 5279 multis
2820 5226 3033 5292 probat,
3060 5222 3457 5291 praeferendum
3480 5216 3604 5277 esse
3626 5216 3851 5292 mundare

2279 5313 2346 5353 ex
2375 5298 2566 5365 Prosa,
2597 5311 2661 5351 ex
2697 5312 2799 5350 ms.
2821 5287 3202 5359 'Arntzn'edd.
3232 5293 3451 5359 Parrh.,
3481 5292 3665 5353 l"abr.,
3698 5287 3847 5349 310m,

2278 5382 2332 5429 et
2363 5372 2501 5424 aliis.
2552 5368 2705 5424 Adde
2750 5381 2880 5422 mss.
2916 5380 3133 5420 nostros
3163 5367 3344 5426 llom.,
3378 5365 3552 5419 Meum
3589 5379 3616 5417 a
3648 5372 3846 5432 pytag.

2279 5427 2429 5507 Alb.,
2480 5442 2613 5511 Reg.
2662 5441 2712 5511 ι.
2763 5440 2821 5502 2.
2869 5438 2924 5503 δ,
2971 5436 3119 5493 Vult.
3153 5439 3207 5506 1,
3240 5437 3297 5501 2,
3330 5437 3444 5492 on.
3477 5439 3530 5503 1,
3560 5435 3614 5500 s,
3647 5427 3700 5487 ει
3730 5427 3846 5485 uni.

2280 5513 2432 5568 Meus
2461 5523 2535 5578 at,
2563 5510 2756 5568 melius
2784 5518 2861 5565 ut.

2269 5606 2462 5662 Postea
2495 5605 2724 5662 libenter
2744 5605 2982 5675 legerem
3010 5619 3130 5658 rem
3165 5602 3330 5676 magis
3354 5602 3415 5676 in
3437 5600 3622 5674 specie,
3650 5604 3849 5676 suam

2275 5679 2443 5733 minus
2490 5676 2700 5749 agnosci
2734 5662 2878 5749 risus
2924 5683 2994 5731 est
3042 5676 3099 5749 in
3147 5662 3349 5740 colovrc,
3384 5662 3476 5749 _lt.'
3509 5687 3583 5738 e.,
3607 5662 3737 5749 n3,
3767 5662 3846 5717 itii

2276 5750 2457 5808 minus
2482 5739 2696 5823 agnitus
2725 5747 2848 5818 fuit,
2880 5762 3003 5805 cum
3034 5746 3101 5805 ad
3130 5761 3289 5805 suum
3315 5744 3555 5803 colorem
3586 5739 3763 5797 rediit.
