4086 6184
557 271 662 333 639

1941 263 2156 321 C(ELII
2191 262 2462 321 SEDULII

3748 253 3841 311 640

593 385 664 444 50
699 383 820 443 Jam
848 381 1040 454 procul
1071 395 1102 438 a
1131 380 1297 439 terris
1324 380 1502 436 fuerat
1529 379 1689 447 ratis,
1719 388 1951 451 actaque
1978 378 2165 436 ﬂabris
2191 387 2245 452 Α
2304 378 2376 435 60
2412 377 2560 434 Voce
2590 374 2784 441 simul,
2810 373 3072 430 Miserere
3091 371 3256 438 citus,
3280 370 3560 431 miserere.
3595 367 3847 440 perimus,

702 477 964 537 Sulcabat
992 473 1231 531 medium
1263 473 1458 545 puppis
1488 486 1681 528 secura
1709 470 2056 542 profundum,

702 571 842 630 Cum
887 568 1071 627 subito
1107 568 1222 624 fera
1256 568 1433 638 surgit
1458 564 1653 636 hiems,
1687 565 2016 636 pelagusque
2046 578 2172 635 pro-

1923 657 2099 732 [cellis

704 758 970 825 Vertitur,
1009 765 1068 815 et
1110 755 1381 828 trepidam
1423 754 1677 827 quatiunt
1715 752 1852 810 vada
1893 751 2037 808 salsa
2080 765 2171 806 ca-

1871 846 2094 921 [rinam.

712 944 1033 1002 Pe‘rculerat
1062 942 1296 999 formido
1326 943 1562 1011 animos,
1595 955 1827 1010 seseque
1856 941 2119 1011 putabant
2220 988 2230 1006 δ

601 1039 671 1101 55
706 1039 981 1112 Naufraga
1009 1039 1241 1095 littoreis
1264 1037 1378 1109 jam
1409 1035 1633 1092 tendere
1664 1034 1883 1091 brachia
1911 1035 2081 1090 saxis.

711 1133 835 1205 Ipse
860 1142 1041 1188 autem
1073 1130 1339 1201 placidum
1369 1129 1631 1200 carpebat
1651 1139 1872 1199 pectore
1892 1141 2168 1193 somnum,

715 1226 879 1303 243
927 1226 1218 1299 Majestate
1258 1227 1422 1298 vigil,
1469 1224 1596 1296 quia
1644 1239 1753 1280 non
1801 1223 2063 1280 dormitat
2114 1221 2170 1278 in

1852 1316 2052 1390 [:cvum
2074 1359 2089 1384 ,

712 1417 815 1485 Qui
835 1415 1177 1487 regitlsrael,
1195 1430 1371 1487 neque
1387 1412 1860 1486 prorsusdormiet
1881 1425 2163 1482 umquam.

716 1510 859 1581 Ergo
882 1509 972 1565 ubi
1006 1510 1163 1582 pulsa
1190 1509 1343 1581 quies
1364 1550 1377 1577 ,
1417 1508 1628 1564 cunctis
1660 1506 2028 1563 clamantibus
2060 1517 2164 1559 una

2412 469 2635 525 Auxilio
2661 481 2920 525 succurre
2951 465 3040 536 pio
3067 482 3080 519 :
3113 464 3186 519 nil
3218 472 3343 519 vota
3374 472 3643 531 moratus,

2417 564 2728 634 Exsurgens
2758 561 3050 623 Dominus,
3082 557 3279 614 validis
3301 560 3593 613 mitescere
3614 558 3788 613 ventis

2409 653 2667 725 Imperat,
2701 661 2756 707 et
2780 651 2924 706 dicto
2950 649 3113 705 citius
3143 649 3347 703 tumida
3379 664 3598 719 aequora
3633 650 3817 719 placat.

2413 750 2530 805 Non
2561 758 2679 805 erat
2710 748 2797 803 illa
2824 745 2926 802 feri
2958 760 3175 818 pugnax
3198 744 3423 801 audacia
3455 746 3644 814 ponti,

2307 845 2377 902 65
2415 844 2469 900 lu
2489 842 2779 898 Dominum
2794 842 3031 897 tumidas
3046 855 3168 913 quae
3183 854 3411 911 snrgere
3427 848 3656 910 cogeret
3672 838 3846 906 undas,

2418 936 2583 1010 244
2628 935 2739 992 Nec
2781 935 3074 991 metuenda
3116 944 3297 990 truces
3341 932 3615 1005 agitabant
3644 932 3846 989 ﬂamina
3892 959 3897 965 ν

3591 1026 3787 1100 Irim;

2415 1124 2522 1182 Sed
2576 1125 2763 1181 lzctum
2811 1123 3076 1181 exsiliens
3125 1121 3345 1178 Christo
3388 1136 3573 1189 mare,
3607 1120 3850 1191 compulit

3596 1213 3790 1287 [imum

2415 1315 2693 1386 Obsequio
2724 1314 2936 1370 fervere
2968 1312 3192 1378 fretum,
3223 1309 3531 1382 rapidoque
3560 1312 3740 1365 volatu

2417 1407 2705 1463 Moverunt
2730 1407 2927 1462 avidas
2953 1413 3246 1461 ventorum
3266 1403 3461 1475 gaudia
3498 1417 3724 1474 pennas.

2311 1505 2378 1560 7t)
2489 1502 2706 1559 Interea
2733 1500 2948 1573 placido
2969 1507 3311 1554 transvectus
3334 1511 3633 1565 marmore,
3648 1495 3850 1567 puppim

1923 1604 2008 1658 ΟΡ
2018 1603 2100 1661 US
2143 1598 2528 1663 PASCHALE.

565 1702 724 1760 fateri
758 1703 1090 1774 cogebantur
1116 1712 1173 1759 et
1203 1713 1416 1770 nautae;
1446 1703 1628 1759 cuncti
1682 1716 1742 1758 se
1782 1701 2016 1772 denique
2054 1702 2165 1772 jam
2199 1707 2246 1767 Β
2275 1714 2430 1755 suum
2466 1713 2689 1754 movere
2721 1698 2837 1753 nisa
2870 1704 2997 1752 sunt
3025 1695 3414 1752 conditorem?
3453 1694 3616 1761 absit,
3659 1703 3719 1750 ut
3758 1694 3850 1749 hoc

568 1807 770 1878 perire,
803 1817 857 1862 ct
888 1813 980 1860 aut
1007 1806 1311 1861 tabularum
1355 1807 1617 1861 tractibus
1659 1804 1990 1861 itthmrentes
2014 1847 2030 1870 ,
2076 1815 2172 1861 aut

569 1907 833 1965 brachiali
848 1906 1077 1979 remigio
1096 1908 1412 1978 pervolutos
1423 1907 1728 1978 scopulosis
1740 1906 2177 1963 credebantnau-

569 2009 755 2091 fragos
783 2009 1053 2064 littoribus
1079 2008 1438 2065 collidendos.
1475 2009 1724 2064 Christus
1770 2020 1984 2072 autem,
2017 2024 2177 2066 verus

569 2112 920 2185 gubernator,
950 2127 1013 2167 ac
1036 2111 1295 2184 providus
1310 2120 1359 2182 α,
1390 2112 1603 2168 modico
1627 2111 1878 2167 cervicali
1901 2110 2174 2181 suffultus,

573 2212 852 2270 ﬂuctuanti
885 2211 1162 2268 dormiens
1186 2211 1496 2283 quiescebat
1518 2214 1567 2267 in
1597 2214 1783 2284 puppi,
1815 2215 2022 2283 sopitus
2055 2229 2178 2270 cor-

572 2324 729 2388 pore,
771 2313 993 2386 pervigil
1032 2314 1335 2385 majestate,
1381 2316 1470 2387 qui
1511 2316 1806 2372 secundum
1840 2318 2175 2388 prophetiam

570 2417 885 2477 Davidicam
912 2434 927 2474 :
961 2416 1085 2472 Non
1110 2417 1428 2483 dormitabit,
1452 2434 1614 2491 neque
1633 2418 1977 2491 dormiet,qui
2001 2430 2177 2475 custo-

576 2521 651 2577 dit
672 2518 864 2577 Israel.
879 2519 1124 2591 Cumque
1143 2519 1422 2592 discipulis
1443 2536 1548 2577 una
1569 2522 1876 2579 simulvoce
1892 2523 2179 2580 clamanti-

577 2625 701 2695 bus,
724 2625 972 2691 Domine,
989 2625 1153 2680 libera
1173 2642 1290 2695 uos,
1311 2627 1565 2698 perimus,
1585 2628 1827 2698 exsurgit
1857 2626 2172 2694 suscitatus,

564 2731 749 2786 ventis
799 2731 1034 2799 imperat
1073 2738 1132 2785 ut
1174 2732 1561 2801 quiescerent,
1617 2732 1754 2786 mari
1811 2731 2061 2801 praecipit
2118 2742 2177 2787 ut

579 2831 814 2888 taceret,
847 2821 1147 2904 subitoque
1200 2820 1348 2892 ponti
1395 2821 1604 2892 pariter
1647 2821 1752 2877 iter
1777 2832 1831 2876 et
1870 2823 2016 2876 aeris
2055 2821 2174 2876 ino-

585 2915 772 2987 pinata
822 2911 1116 2985 temperies
1162 2913 1472 2985 prwsentitc
1518 2913 1784 2985 proditrix
1836 2912 1898 2968 fit
1944 2914 2173 2970 divinae.

571 3010 713 3080 Quid
762 3012 931 3083 igitur
980 3010 1240 3068 convenit
1285 3009 1376 3065 illa
1420 3008 1491 3065 de
1543 3016 1870 3077 tempestate
1916 3009 2178 3065 censeri?

2280 1792 2551 1848 elementa
2582 1791 2942 1857 tentaverint,
2975 1790 3117 1860 quod
3159 1789 3413 1861 injuriam
3446 1789 3724 1858 ingereret
3750 1804 3853 1843 ma-

2276 1883 2484 1955 jestati.
2527 1882 2635 1939 Sed
2678 1891 2737 1938 ut
2762 1891 2962 1939 cuncta
3000 1880 3204 1937 Christi
3238 1881 3533 1937 virtutibus
3563 1881 3737 1936 humili
3765 1881 3855 1936 de-

2281 1978 2504 2034 votione
2547 1977 2792 2048 subjecta
2828 1978 3007 2046 potius
3050 1991 3400 2042 censeamus,
3429 1990 3587 2030 omne
3625 1973 3855 2030 creditur

2280 2070 2479 2125 fretum
2511 2070 2796 2125 Dominica
2827 2068 3181 2138 navigatione
3213 2068 3576 2137 laetissimum,
3606 2067 3743 2137 quod
3772 2081 3855 2122 ve-

2283 2162 2427 2218 nerit
2471 2163 2782 2233 obsequens
2808 2204 2823 2229 ,
2867 2177 2934 2217 ac
2977 2176 3314 2233 procurrens
3355 2176 3423 2217 ex
3455 2162 3577 2215 imis
3606 2162 3850 2215 undarum

2281 2257 2504 2313 sedibus
2536 2267 2671 2313 aestu
2710 2256 3039 2313 candidiore
3068 2256 3403 2313 fervescens.
3452 2256 3545 2313 Sic
3591 2258 3749 2310 etiam
3787 2256 3851 2310 le-

2281 2350 2427 2405 vium
2456 2364 2671 2421 praepes
2696 2358 2888 2405 natura
2912 2360 3200 2406 ventorum
3229 2352 3477 2422 puppim,
3500 2366 3599 2423 qua
3621 2349 3852 2407 Christus

2281 2441 2601 2509 insederat,
2652 2442 2755 2497 alis
2801 2442 3011 2498 volucri
3054 2442 3398 2513 jucunditate
3423 2443 3673 2509 diffusis,
3733 2450 3853 2498 tam—

2280 2553 2442 2607 quam
2464 2539 2614 2609 regia
2644 2537 2800 2593 ducis
2825 2548 3027 2603 castra,
3054 2547 3204 2594 cmtu
3230 2537 3533 2594 famulante
3554 2538 3849 2593 vallaverat.

2280 2630 2466 2702 Neque
2495 2633 2637 2687 enim
2672 2633 2760 2686 cui
2791 2633 3068 2687 violentiae
3102 2633 3393 2702 pmestatis
3432 2633 3643 2689 licentia
3669 2631 3852 2687 suifra-

2281 2736 2456 2799 gatur,
2486 2727 2778 2799 imperioso
2804 2727 2963 2783 facile
2988 2737 3214 2800 cogatur
3242 2727 3469 2786 obedire
3496 2729 3743 2797 Domino,
3762 2728 3850 2783 sic-

2281 2834 2343 2876 ut
2393 2837 2671 2893 :equorum
2709 2832 2731 2861 ο
2764 2831 2819 2877 et
2849 2824 3033 2887 venti,
3066 2821 3269 2877 divinis
3298 2822 3504 2878 Christi
3531 2823 3843 2894 jussionibus

2283 2914 2551 2979 inclinati,
2587 2931 2782 2971 cursus
2813 2917 2999 2987 rapida
3028 2918 3399 2972 commotione
3426 2919 3726 2989 prtecipites
3753 2916 3849 2971 lan-

2281 3010 2466 3080 guenti
2496 3010 2683 3065 subito
2713 3011 3020 3082 deposuere
3044 3022 3287 3081 torpore.

574 3105 975 3174 Numquidnam
1004 3103 1033 3142 ιι
1069 3103 1298 3173 pelagus
1347 3118 1521 3157 saevas
1570 3103 1749 3158 erexit
1795 3103 2069 3172 procellas
2118 3104 2169 3157 iu
2200 3109 2247 3174 α
2348 3100 2561 3157 Interea
2581 3104 2709 3172 quin
2730 3104 2893 3158 etiam
2919 3104 3154 3175 gurgitis
3176 3104 3428 3159 dominus
3452 3104 3671 3160 lenitate
3691 3112 3847 3158 trans-

572 3199 861 3255 Dominum
890 3238 907 3265 ,
939 3204 1034 3251 aut
1081 3196 1403 3251 seditiosum
1446 3193 1615 3251 ﬂabra
1659 3195 1933 3250 luctamen
1981 3204 2173 3250 contra

2282 3207 2470 3252 vectus
2495 3238 2509 3263 ,
2542 3197 2734 3253 relicto
2769 3198 3020 3269 navigio,
3056 3214 3151 3268 per
3177 3212 3329 3254 oram
3361 3198 3531 3254 vicini
3559 3199 3746 3255 littoris
3776 3197 3844 3251 in-

2064 3288 2383 3346 SCHOLIA.

567 3398 712 3444 vasto
740 3418 811 3430 -—
838 3385 1070 3443 Carbasa
1105 3396 1285 3459 ponto.
1330 3389 1472 3458 Quid
1511 3397 1693 3444 autem
1736 3388 1803 3443 sit
1835 3387 2023 3442 librare
2051 3406 2171 3445 car-

567 3460 723 3525 basa,
767 3460 1097 3529 intelligetur
1133 3475 1198 3515 ex
1239 3460 1434 3516 Ovidio
1470 3476 1527 3516 ttt
1563 3459 1713 3516 Fast.
1754 3459 1880 3517 585.
1924 3459 2055 3515 Vela
2081 3479 2172 3516 ca-

566 3532 696 3605 dunt
732 3531 919 3605 primo,
963 3541 1012 3586 et
1041 3530 1204 3605 dubia
1232 3533 1484 3588 librantur
1514 3532 1576 3586 ab
1607 3548 1760 3599 aura,
1793 3531 1897 3587 hoc
1924 3543 2032 3603 est,
2065 3550 2172 3589 non

562 3602 944 3677 intenduntur,
975 3602 1071 3658 sed
1104 3606 1225 3659 laxe
1252 3605 1547 3677 agitantur.

637 3675 727 3731 50.
766 3675 884 3729 Vat.
920 3676 971 3741 l,
997 3692 1030 3728 a
1060 3686 1216 3730 terra.

637 3747 728 3802 52.
779 3745 936 3800 Botn.
992 3761 1090 3813 pro
1134 3747 1191 3801 d.
1229 3763 1303 3811 ε..
1349 3749 1637 3815 Arntzcu.,
1682 3746 1898 3803 schedze
1933 3746 2169 3815 Poclm.,

568 3817 713 3872 Tunc
742 3833 839 3886 pro
860 3816 1020 3888 Cum.
1047 3817 1232 3885 Rom.,
1269 3834 1573 3888 perperam.
1602 3819 1774 3873 subita
1802 3819 1987 3885 surgit.

634 3890 725 3945 55.
769 3888 917 3961 Vada
942 3887 1085 3943 salsa
1108 3906 1185 3961 ex_
1208 3890 1436 3961 Virgilio
1466 3892 1499 3943 I.
1536 3906 1590 3953 v,
1623 3906 1766 3945 Vers.
1803 3891 1934 3945 158.

552 3982 555 3985 ·
633 3960 830 4086 ῗί.ιιη
875 3961 1113 4015 Monast.
1152 3959 1468 4029 Pet-tulerat,
1514 3962 1770 4017 mendum
1799 3973 1878 4017 est
1914 3977 2011 4032 pro
2040 3961 2170 4018 Per-

569 4050 630 4086 εν
656 4049 744 4086 era
774 4074 787 4086 .

569 4042 787 4088 tulerat.

636 4104 729 4161 56.
772 4103 829 4158 In
876 4104 1011 4176 Reg.
1060 4105 1087 4159 1
1130 4111 1214 4159 est
1249 4105 1534 4175 placidum,
1581 4114 1641 4161 ut
1676 4105 1733 4160 in
1777 4104 2038 4176 reliquis;
2071 4108 2165 4164 sed

568 4176 747 4247 glossa
780 4191 960 4230 sereno
990 4178 1166 4230 innuit
1192 4177 1422 4244 placida.

639 4247 727 4319 57.
749 4247 993 4318 Plerique
1008 4249 1178 4319 nostri
1196 4262 1326 4302 mss.
1342 4264 1465 4304 cum
1483 4248 1703 4314 Parrh.,
1720 4247 1910 4305 sched.
1927 4248 2164 4319 Paelm.,

563 4316 717 4381 Altl.,
747 4319 871 4389 quia
902 4316 1027 4393 non.
1058 4317 1348 4393 Nonnulla:
1395 4320 1666 4393 editiones
1709 4321 1875 4376 etiam
1927 4316 2165 4393 antiqua:

563 4405 691 4463 cum
728 4405 889 4463 prosa
916 4389 1006 4461 qui
1035 4407 1156 4446 non.
1190 4390 1249 4445 ιιι
1285 4393 1402 4447 Val.
1434 4393 1493 4458 2,
1537 4392 1759 4449 dubium
1788 4393 1912 4463 qui,
1944 4408 2012 4448 an
2042 4389 2169 4463 quia

566 4461 882 4538 legendum.
914 4463 1194 4538 Urquute
1222 4480 1347 4528 non,
1378 4466 1591 4521 scilicet
1621 4461 1883 4538 majestas.

635 4535 992 4616 58.nschodm
1041 4535 1362 4616 Poeltnann.
1420 4540 1664 4616 scribere
1696 4535 1900 4616 iubent
1953 4552 2167 4605 prorsus

563 4621 675 4660 nec.
723 4606 831 4662 Sed
886 4616 1109 4677 pra:th
1157 4608 1396 4663 retinere
1443 4606 1768 4675 scriptura'm
1815 4622 2162 4662 communem

559 4691 722 4747 neque
751 4696 986 4744 prorsus.
1019 4680 1076 4733 In
1104 4677 1264 4735 Rom.
1294 4694 1452 4735 error
1485 4691 1569 4734 est
1616 4681 1877 4733 metricus
1918 4678 2163 4734 dormitat
2189 4704 2242 4766 Ι)

562 4763 826 4816 umquam.

629 4819 717 4901 59.
754 4821 885 4901 lteg.
928 4822 988 4886 l,
1021 4822 1131 4901 O_tt_.
1159 4822 1227 4901 l__,
1281 4821 1460 4901 code}
1505 4820 1913 4901 vetustissimus
1964 4819 2156 4901 Tauri-

558 4890 986 4965 pettsis‘,_‘Cant.,
1017 4895 1144 4949 edd.
1179 4894 1298 4949 Vat.
1331 4896 1384 4959 ι,
1417 4894 1487 4961 2;
1519 4894 1688 4959 Mon.,
1722 4892 2151 4965 lacrymantibns.

553 4959 686 5016 Mss.
720 4962 869 5032 Alb.,
920 4964 1051 5033 lleg.
1094 4968 1151 5033 2,
1208 4966 1273 5031 ὃς
1326 4959 1554 5033 Vol.1,
1608 4959 2039 5031 Urltin.,'Ottoh.
2091 4965 2146 5033 2,

550 5033 734 5103 llom.,
768 5036 932 5107 Aug.,
967 5037 1116 5093 Meus
1159 5052 1283 5093 cum
1326 5037 1519 5102 Prosa,
1551 5051 1604 5094 et
1655 5038 1932 5109 plerisque
1962 5037 2146 5105 editis,

625 5166 652 5195 ⁸
684 5158 923 5224 Juretus,
973 5158 1293 5215 Gallandins
1335 5166 1392 5215 et
1429 5158 1544 5225 alii,
1585 5175 1647 5212 ac
1678 5158 1953 5230 pro/idus;
1985 5160 2146 5225 malo,

542 5243 603 5281 ac
642 5232 907 5302 providus,
936 5246 1056 5302 qua:
1089 5246 1171 5287 esr
1201 5232 1467 5295 scriptura
1496 5231 1550 5284 in
1579 5232 1905 5302 quihusdam
1940 5230 2148 5286 Biblio-

545 5301 718 5357 thecis
753 5301 994 5367 l’atruni,
1037 5311 1092 5358 et
1132 5303 1233 5359 fuit
1264 5304 1429 5359 etiam
1458 5306 1771 5375 conjectura
1801 5301 1994 5375 lure-ti.
2021 5302 2151 5375 Pos-

542 5380 624 5445 tea
652 5382 952 5445 occurrunt
981 5377 1145 5430 verba
1173 5391 1239 5431 ex
1274 5374 1485 5445 psalmo
1511 5373 1637 5439 οἰκ,
1672 5389 1815 5429 vers.
1843 5374 1897 5428 4.
1924 5376 1980 5430 lu
2011 5373 2150 5427 ntul-

539 5442 612 5498 tis
651 5444 1008 5502 Bibliothecis
1048 5442 1285 5502 Patrnztr
1311 5448 1513 5515 legitur
1543 5463 1644 5502 non
1677 5446 1973 5501 dormitavit
1999 5462 2018 5499 :
2045 5446 2144 5500 sed

535 5517 879 5573 retinendum
910 5528 997 5574 est
1026 5519 1349 5575 dormitabit.

600 5585 628 5625 δ
658 5587 882 5645 Juretus
927 5601 1177 5659 testatur,
1209 5594 1398 5648 iuvet.
1432 5592 1559 5649 cod.
1595 5591 1674 5647 sic
1698 5591 1802 5661 legi
1834 5587 2142 5653 Numquid—

536 5672 668 5734 nam_
692 5675 709 5711 :
739 5676 904 5734 quam
939 5662 1191 5734 loquendi
1234 5665 1502 5719 rationem
1550 5664 1821 5719 similibus
1871 5662 2138 5734 exetnnlis

527 5728 815 5804 cotlfirtnat
849 5728 1099 5804 Arnobii,
1134 5747 1189 5789 et
1218 5735 1711 5804 Seduliijunioris,
1746 5732 1985 5786 auctoris
2013 5733 2139 5788 Col-

522 5796 651 5853 lect.
687 5797 740 5851 in
774 5800 1039 5865 epistolas
1066 5796 1243 5868 Pauli,
1269 5796 1600 5874 quiemin:tle
1620 5796 1745 5858 cum
1772 5811 1960 5858 nostro
1982 5812 2144 5874 poeta

2279 3391 2645 3446 clamantibus.
2664 3392 2783 3447 Vat.
2799 3392 2855 3457 2,
2881 3391 3163 3455 mendose,
3192 3393 3490 3460 cunctisque
3512 3390 3835 3447 clamantibus.

2281 3463 2337 3517 In
2370 3462 2502 3527 Reg.
2528 3466 2585 3525 2,
2614 3465 2793 3535 glossa
2837 3465 3041 3535 pariter
3080 3471 3170 3519 est
3215 3465 3584 3530 clamantibus,
3615 3464 3744 3535 quod
3764 3478 3838 3517 ar-

2276 3535 2410 3606 guit,
2445 3535 2588 3590 aliud
2621 3538 2808 3591 fuisse.

2348 3605 2437 3661 (50.
2475 3607 2691 3673 Parrh.,
2726 3608 2943 3663 scltetlte
2969 3607 3205 3672 Poclm.,
3233 3605 3486 3665 Miserere
3512 3607 3647 3662 Deus
3660 3625 3678 3675 ;
3715 3603 3837 3676 quod

2278 3694 2389 3733 non
2424 3679 2631 3745 placet:
2665 3680 2764 3733 etsi
2812 3682 2956 3735 enim
2990 3680 3040 3733 in
3077 3679 3249 3732 Prosa
3278 3687 3362 3732 est
3392 3678 3632 3741 Domine,
3680 3688 3835 3731 tamen

2275 3749 2528 3820 discipuli
2549 3751 2828 3805 Christum
2858 3751 3133 3805 Dominum
3156 3752 3396 3819 quidem,
3424 3767 3533 3805 non
3561 3750 3712 3805 Deum
3730 3757 3838 3802 tunc

2274 3823 2637 3889 appellarunt.
2671 3823 2788 3876 Vat.
2822 3823 2872 3887 l,
2897 3822 3008 3877 Ott.
3039 3822 3095 3887 2,
3120 3824 3285 3892 Λευεί,
3309 3821 3559 3877 Miserere
3586 3824 3683 3876 cito
3706 3837 3724 3875 .'
3745 3821 3838 3875 elo-

2273 3894 2490 3962 gantins
2519 3894 2608 3947 alii
2639 3895 2792 3949 citus.

2342 3965 2430 4019 65.
2470 3964 2733 4033 Virgilius
2764 3982 2780 4019 ι
2813 3965 2941 4021 Ain.
2976 3965 3121 4022 Mli:
3158 3964 3254 4021 Sic
3302 3965 3406 4029 ait,
3450 3975 3499 4021 et
3546 3966 3680 4019 dicto
3713 3963 3837 4017 citius

2273 4038 2483 4110 tumida
2498 4052 2708 4110 tequora
2734 4039 2928 4110 placnt.

2345 4108 2435 4161 68.
2470 4107 2743 4162 Nonnulli
2786 4110 2917 4163 editi
2989 4107 3245 4179 Obsequio
3308 4108 3499 4162 servire
3535 4124 3555 4161 :
3606 4108 3834 4176 majorem

2273 4179 2582 4251 emphasim
2636 4180 2803 4251 rltahet
2850 4183 3065 4251 fervere,
3112 4196 3221 4250 quo
3262 4180 3427 4233 etiam
3473 4189 3692 4250 etyuton
3739 4179 3835 4248 [reti

2271 4249 2586 4305 denotatur.
2634 4250 2769 4306 Vide
2821 4249 2935 4306 not.
2963 4252 3031 4307 ad
3060 4253 3224 4305 verba
3251 4251 3478 4307 Juvenci
3512 4249 3645 4321 freta
3668 4250 3836 4321 ferrida

2272 4322 2309 4375 l.
2344 4336 2425 4388 tn,
2459 4337 2602 4374 vers.
2637 4322 2759 4376 127.

2341 4393 2432 4448 69.
2458 4392 2687 4464 Scitedze
2716 4394 2922 4449 Poelm.
2953 4394 3175 4461 subitas,
3202 4391 3360 4457 Urb.,
3382 4392 3600 4461 Parrh.,
3628 4391 3834 4464 rapid“.

2269 4465 2570 4536 quoducit
2604 4463 2801 4536 _Prosa.
2850 4466 3104 4536 Plerique
3147 4464 3351 4536 avidas,
3407 4465 3464 4518 lt.
3496 4481 3590 4536 re.,
3640 4463 3837 4536 cupidas

2270 4534 2561 4591 ohediendi
2588 4534 2833 4590 Christo.
2870 4534 3171 4605 EXph'catio
3197 4534 3450 4602 Cellarii,
3493 4535 3641 4592 Venti
3665 4535 3836 4606 gaude-

2272 4607 2433 4662 bundi
2478 4610 2763 4676 refugiunt,
2823 4608 3028 4662 Christo
3075 4609 3400 4679 imperante,
3454 4610 3723 4662 contraria
3766 4611 3835 4679 est

2273 4682 2441 4734 Ittettti
2491 4675 2685 4749 puclm,
2740 4675 2831 4750 Qui
2886 4681 2995 4745 ait,
3049 4675 3241 4734 ven-tos
3289 4681 3681 4751 gaudt'bundos
3733 4675 3836 4730 solo

2267 4752 2532 4819 obsequio
2571 4754 2619 4806 in
2671 4751 2947 4807 Christum
2992 4754 3198 4808 circum
3253 4754 3554 4806 volitantes
3601 4751 3836 4816 quodam-

2264 4822 2427 4876 modo
2450 4826 2769 4879 exsultasse.
2801 4825 2984 4877 Ventis
3009 4825 3321 4878 tribuuntur
3344 4839 3560 4894 pennm.
3584 4820 3835 4879 Juvenalis

2261 4901 2367 4949 snt.
2406 4912 2456 4963 γ,
2488 4912 2629 4950 vers.
2658 4896 2781 4957 10f.
2809 4894 2984 4950 Siccat
3012 4894 3251 4948 madidas
3274 4896 3328 4949 in
3356 4911 3561 4949 carcere
3588 4908 3784 4963 pennas.

2332 4967 2420 5023 7f).
2455 4966 2610 5021 llotu.
2640 4965 2739 5022 Ubi
2767 4965 3018 5021 Dominus
3039 4966 3274 5021 liberavit
3300 4969 3557 5020 hominem
3583 4964 3832 5033 querulum

2259 5054 2291 5091 a
2319 5040 2522 5109 legione
2544 5039 2858 5111 tltemonum.
2880 5039 3053 5106 Meus,
3078 5036 3355 5110 Legionem
3377 5039 3668 5093 dtemouum
3691 5051 3831 5106 eapu-

2260 5158 2483 5215 Sedulio
2512 5157 2818 5213 coofundit.

2334 5241 2356 5267 π
2389 5229 2707 5286 Gallandius
2751 5228 3021 5298 coniectat
3064 5244 3333 5299 (equorum
3370 5228 3586 5296 ﬂuctus,
3618 5235 3665 5281 et
3689 5222 3823 5299 venti.

2257 5301 2439 5358 Malim
2462 5305 2593 5357 sicut
2624 5295 3024 5369 requarei'venti.
3075 5295 3132 5353 lo
3170 5311 3387 5369 cegatur
3416 5295 3824 5369 subaudiendum

2256 5388 2339 5427 est
2370 5371 2583 5437 aliquis,
2615 5366 2708 5427 aut
2741 5389 2837 5439 pro
2869 5371 3051 5442 Neque
3096 5366 3384 5441 legendum
3417 5368 3608 5442 Nerua.
3638 5366 3823 5442 st-ilicet

2255 5460 2417 5500 nemo
2447 5456 2673 5514 cogatur
2704 5438 2928 5497 obedire
2952 5438 3271 5505 "imperioso
3308 5441 3554 5507 domino,
3600 5438 3821 5514 coitio-

2254 5516 2414 5570 lenta:
2441 5509 2718 5586 potestatis
2738 5514 2958 5570 licentia
2979 5514 3326 5583 suffragatur,
3345 5516 3507 5586 sicut,
3533 5523 3637 5567 etc.
3658 5509 3825 5566 Obstat

2251 5583 2453 5653 tamen,
2506 5590 2650 5658 quod
2702 5602 2892 5642 attines
2947 5587 3077 5641 edttt
3134 5589 3337 5652 habent
3381 5583 3639 5658 uiolentia;
3680 5597 3696 5634 :
3734 5592 3825 5648 quo

2249 5664 2415 5714 verho
2438 5656 2706 5715 obscurus
2736 5658 2983 5713 redditur
3011 5672 3231 5715 sensus.
3264 5656 3434 5714 Paulo
3461 5669 3586 5727 post
3613 5656 3822 5710 fortasse

2248 5730 2534 5803 legendum
2563 5740 2649 5788 est
2678 5730 2982 5788 uerissime.
