4086 6184
236 252 343 313 611

386 366 668 438 Liquerat,
697 373 752 422 et
775 367 983 425 medios
1009 369 1281 427 lustrabat
1310 374 1564 438 passibus
1591 389 1789 445 agros;

385 460 521 513 Cum
558 460 747 527 procul
776 476 807 515 e
837 463 1064 518 tumulis
1100 465 1325 533 gemino
1352 467 1591 522 stridore
1620 475 1845 524 ruentes

383 551 698 607 Prosiluere
728 554 863 624 viri,
894 570 1031 626 quos
1058 570 1164 613 non
1194 558 1340 614 mala
1364 559 1613 614 daemone
1639 575 1810 631 pauco
1828 601 1844 627 ,

383 643 545 718 255
575 644 684 701 Sed
714 646 856 717 legio
881 650 1111 704 vexabat
1131 659 1312 717 atrox,
1338 668 1593 722 nexuque
1617 661 1848 710 cruento

274 739 349 795 75
375 741 528 793 vaa
558 740 824 794 catenatis
852 743 1136 811 gestabant
1165 743 1336 799 vincla
1370 744 1609 799 lacertis.

382 832 634 904 Angebat
656 849 871 907 quoque
896 851 1053 906 poma
1078 836 1298 909 duplex.
1330 838 1479 896 Heu!
1512 841 1627 896 dira
1649 842 1851 899 furoris

388 927 664 993 Conditio;
692 931 782 999 qui
806 930 914 984 vim
936 931 1159 1000 patitur,
1195 935 1367 1002 magis
1399 932 1491 989 ille
1523 935 1737 1005 ligatur.

386 1021 541 1077 Tunc
565 1020 784 1076 Domini
809 1031 1077 1094 prmeepta
1112 1034 1378 1089 tremens,
1404 1025 1555 1082 exire
1580 1026 1845 1097 iubentis,

388 1114 626 1185 Spiritus
646 1113 834 1170 infelix
863 1115 1141 1172 hominem
1170 1132 1279 1174 non
1302 1118 1467 1174 audet
1500 1119 1679 1183 adire,

1344 259 1633 316 CARMEN
1670 258 2053 318 PASCHALE.
2096 257 2299 317 LIBER
2337 256 2426 315 ill.

3458 253 3564 316 612

1872 382 1924 443 Α
1987 373 2057 431 80
2095 372 2343 443 Efﬁgiem
2363 376 2646 442 repetens,
2665 381 2823 439 quam
2838 367 3120 424 Christum
3138 366 3318 424 cernit
3337 364 3562 426 habere.

2093 464 2259 539 ξω
2285 465 2392 521 Sed
2427 477 2616 534 pecus,
2649 459 2931 516 immunda
2962 462 3209 531 gaudens
3262 459 3388 528 lue,
3421 473 3569 514 sem-

3064 553 3086 627 [
3110 569 3205 625 per
3249 554 3491 609 amicum

2093 648 2383 717 Sordibus,
2414 658 2578 721 atque
2609 647 2761 706 olido
2788 654 3115 704 consuetum
3147 644 3333 702 vivere
3377 659 3561 713 caeno,

2095 742 2201 798 Pro
2232 742 2443 798 meritis
2472 742 2683 813 petiere
2714 741 2861 809 suis,
2894 740 3197 810 tristesque
3228 737 3529 809 phalanges

2100 838 2393 893 Porcinum
2449 846 2679 893 tenuere
2718 849 2940 907 gregem
2994 852 3006 888 :
3055 832 3232 905 niger,
3292 830 3563 901 hispidus,

3220 923 3242 1000 [
3261 924 3495 982 [torrens

1989 1024 2059 1080 85
2097 1024 2284 1081 Talem
2339 1024 2545 1096 quippe
2572 1023 2797 1079 domum
2831 1021 3028 1092 dignus
3067 1017 3172 1075 fuit
3212 1018 3418 1090 hospes
3467 1017 3567 1074 ha-

3306 1111 3483 1187 [bere.

1596 1211 1778 1270 OPUS
1815 1210 2206 1271 PASCHALE.

239 1301 478 1362 eedebat
502 1345 519 1369 ,
552 1317 675 1358 cum
704 1309 933 1371 repente
960 1300 1067 1357 duo
1093 1301 1200 1357 viri
1230 1302 1523 1359 saevissimi
1568 1304 1729 1359 turba
1750 1345 1766 1371 ,
1795 1313 1854 1361 et

238 1397 551 1454 daemonum
585 1397 799 1466 legione
828 1396 1089 1466 possessi,
1120 1395 1192 1451 de
1219 1398 1627 1467 sepulcralibus
1656 1414 1851 1455 monu-

238 1494 449 1549 mentis
471 1491 692 1547 lremitu
720 1490 1028 1560 prosiluere
1051 1488 1308 1544 terribili.
1341 1489 1406 1544 Et
1428 1490 1497 1544 ob
1523 1490 1628 1545 hoc
1649 1490 1849 1546 ferreis

236 1597 561 1642 catenarum
592 1582 819 1638 nexibus
853 1581 1121 1636 innodati.
1170 1581 1281 1636 llen
1311 1582 1324 1635 l
1357 1597 1517 1651 quam
1549 1586 1731 1653 gravis
1762 1591 1847 1639 est

236 1678 444 1734 luroris
487 1675 737 1732 conditio
776 1676 789 1729 !
838 1675 938 1741 Qui
981 1674 1092 1728 vim
1139 1675 1380 1731 sustinet
1420 1675 1710 1730 lacerantis
1762 1676 1844 1730 in-

1954 1306 2121 1363 debat
2147 1321 2358 1378 gerere,
2385 1314 2638 1363 metuens
2668 1304 2911 1363 intrandi
2941 1305 3218 1362 licentiam
3250 1304 3558 1376 postulare,

1955 1414 2121 1469 pecus
2149 1398 2429 1456 immunda
2463 1400 2712 1455 sordium
2761 1399 3125 1456 obscmnitate
3169 1399 3514 1455 laetissimum
3543 1441 3559 1468 ,

1952 1502 2008 1549 et
2025 1494 2226 1549 olentis
2251 1495 2392 1550 comi
2423 1508 2642 1564 semper
2664 1493 2921 1548 amicitiis
2945 1494 3245 1549 involutum
3264 1535 3281 1560 ,
3310 1510 3408 1565 pro
3442 1494 3559 1551 suis

1951 1586 2106 1640 adire
2138 1587 2350 1641 meritis
2380 1587 2719 1656 impetravit.
2750 1586 2963 1659 Quippe
2996 1589 3175 1658 niger,
3208 1587 3473 1653 hirsutus,
3506 1592 3565 1642 et

1952 1678 2234 1746 horridus,
2285 1680 2519 1751 pr0pria:
2555 1679 2894 1736 deformitati
2951 1679 3296 1736 consimilem
3350 1678 3560 1735 studuit

236 1771 447 1835 sanizn,
496 1770 647 1823 illum
681 1781 905 1848 necesse
951 1779 1030 1822 εει
1063 1773 1119 1821 et
1148 1766 1342 1820 vinclis
1371 1767 1680 1836 ptenalibus
1710 1767 1842 1822 sub-

1958 1773 2157 1843 eligere
2199 1774 2543 1828 mansionem
2570 1814 2585 1839 ,
2617 1773 2918 1843 tristesque
2948 1774 3214 1829 continuo
3261 1772 3564 1845 phalangas

232 1866 446 1935 jacere.
497 1861 905 1917 Convenienter
952 1870 1135 1915 tamen
1177 1858 1408 1930 spiritus
1458 1859 1554 1917 ille
1621 1861 1844 1930 nequis-

236 1962 417 2016 simus
447 1959 594 2015 inter
638 1958 797 2013 busta
847 1957 1020 2027 magis
1060 1954 1341 2009 habitabat
1380 1966 1436 2012 et
1478 1957 1726 2022 cineres,
1758 1955 1846 2010 cui

236 2052 383 2109 nihil
407 2063 491 2107 est
522 2067 645 2107 cum
670 2051 780 2106 vita
810 2064 1126 2105 commune.
1158 2048 1314 2105 Tunc
1340 2048 1564 2103 domino
1590 2051 1846 2105 veniente

234 2147 599 2220 perterritus,
630 2154 687 2201 et
712 2161 741 2200 a
771 2144 996 2200 sedibus
1043 2152 1284 2215 purgatae
1326 2144 1529 2198 mentis
1558 2144 1839 2213 exclusus,

232 2240 294 2297 in
346 2239 643 2295 humanam
690 2252 882 2294 rursus
928 2234 1190 2308 el‘ligiem,
1236 2251 1398 2307 quam
1440 2234 1716 2292 Christum
1760 2237 1841 2291 vi-

1950 1865 2225 1935 incursus,
2272 1881 2490 1937 gregem
2524 1867 2786 1936 pervasit,
2836 1868 3087 1936 impulit,
3130 1883 3194 1922 ac
3237 1869 3458 1922 necavit
3500 1866 3556 1923 in

1952 1958 2161 2012 marina
2193 1957 2527 2028 praecipitem
2555 1958 2757 2013 ﬂuenta
2787 1959 3103 2029 porcinum.
3128 1960 3242 2015 Nec
3275 1958 3558 2015 immerito

1951 2048 2207 2104 diabolus
2254 2051 2583 2121 generaliter
2628 2052 2828 2107 dicitur
2876 2052 3130 2107 inimicus
3161 2093 3176 2116 ,
3209 2052 3301 2122 qui
3346 2049 3561 2108 cunctis

1952 2144 2024 2199 sit
2052 2144 2268 2211 noxius,
2300 2156 2382 2214 ut,
2416 2154 2473 2201 et
2500 2161 2639 2217 quos
2668 2146 2809 2214 odit,
2838 2144 3088 2219 impetat,
3120 2155 3177 2204 et
3208 2162 3347 2218 quos
3379 2156 3551 2217 amat,

1948 2238 2283 2311 exstinguat.

1740 2328 2055 2390 SCHOLIA.

230 2429 298 2485 lit
331 2429 399 2483 de
422 2427 619 2482 duobus
646 2426 766 2481 viris
804 2442 919 2497 qua:
939 2425 1145 2498 invasit
1172 2441 1379 2498 gregem
1406 2440 1702 2498 porcorum.
1734 2426 1838 2483 De-

234 2511 472 2575 pravate
510 2507 794 2575 exaratum
816 2494 1062 2575 est_Lege
1088 2494 1292 2575 Jognne
1323 2494 1420 2566 pro
1447 2495 1746 2575 Legionem.

312 2573 407 2628 72.
445 2573 636 2627 Parrh.
662 2570 874 2638 gemini,
907 2571 1121 2624 favente
1150 2571 1348 2634 Prosa,
1376 2568 1471 2623 sed
1502 2570 1837 2626 dissentien-

235 2648 393 2702 tibus
420 2659 579 2707 mss.,
611 2644 845 2711 aliisque
872 2642 1052 2696 editis.

311 2720 407 2773 75.
443 2715 780 2769 Vetustiores
810 2713 1029 2768 codices
1080 2711 1331 2766 scribunt
1382 2711 1698 2781 Prosiluere,
1747 2714 1841 2771 alii

237 2787 557 2844 Prosiliere.
593 2787 666 2840 lle
695 2787 794 2839 hac
827 2785 1085 2838 varietate
1113 2783 1385 2837 scribendi
1408 2785 1520 2839 dixi
1554 2784 1618 2838 ad
1637 2784 1839 2841 Juven-

238 2878 374 2917 cum
396 2857 591 2914 ttot.ad
619 2858 654 2910 I.
684 2873 734 2921 ι,
760 2871 907 2910 vers.
940 2856 1060 2911 H9.
1086 2855 1262 2920 Οιι.1,
1292 2856 1449 2916 malo,
1479 2873 1645 2924 supra
1674 2857 1835 2922 mala,

238 2933 313 2988 ad
349 2946 519 3000 marg.
546 2928 755 2985 videtur
777 2930 990 2981 diversa
1022 2927 1185 3000 lectio
1212 2928 1363 2980 male.
1398 2924 1532 3000 Urb.
1570 2927 1643 2981 ita
1681 2930 1843 2987 habet

238 3023 377 3075 quos
399 2999 499 3056 non
527 3004 663 3075 male
692 3001 924 3055 daemone
950 3014 1151 3075 pauco;
1171 2999 1302 3075 Reg.
1328 3000 1383 3075 5_,
1412 2999 1696 3075 distinguit
1716 3018 1843 3068 quos

1946 2427 2048 2482 teri
2080 2444 2242 2484 manu
2289 2429 2514 2487 exhibet
2555 2431 2624 2487 ad
2669 2432 2995 2504 marginem.
3028 2433 3359 2491 Arnlzenius
3386 2434 3561 2492 edidit

1944 2510 2225 2570 gestantes.

2020 2572 2106 2647 76.
2128 2573 2260 2640 Reg.
2280 2574 2456 2638 l,0tt.
2475 2575 2527 2645 1,
2548 2572 2668 2628 Vat.
2683 2574 2877 2641 2,cod.
2896 2574 3293 2643 Heinsii,dura,
3313 2578 3456 2647 quod
3477 2593 3561 2634 ar-

1943 2644 2127 2720 guitur
2175 2660 2237 2720 ex
2301 2647 2470 2720 Prosa
2503 2648 2698 2720 gravis.
2752 2647 3008 2718 Plerique
3061 2652 3196 2702 dira.
3232 2644 3396 2705 Poena
3424 2664 3555 2706 vero

1944 2716 2299 2791 eratduplex,
2319 2719 2443 2787 quia
2462 2716 2521 2774 ei
2540 2718 2871 2791 (immunem,
2901 2716 2957 2791 et
2986 2720 3197 2775 vincula
3220 2721 3555 2791 patiebatur.

2020 2789 2110 2865 80.
2150 2790 2334 2865 Codex
2363 2802 2524 2844 vetns
2548 2789 2903 2865 Taurinensjs
2936 2790 3169 2865 Etﬁgient
3189 2789 3381 2847 reddit.
3417 2792 3553 2865 Reg.

1954 2862 2023 2933 l_,
2059 2861 2205 2915 Meus
2242 2860 2311 2933 ad
2360 2875 2558 2930 niarg.,
2590 2861 2808 2933 NVulc.,
2842 2860 3051 2930 Nansl,
3096 2863 3261 2918 Torn.
3298 2868 3357 2931 1,
3402 2860 3556 2933 Bas-1,

1947 2930 2153 2994 Colon,
2211 2932 2335 2988 Vet.
2380 2933 2400 2986 1
2436 2973 2451 2995 ,
2481 2934 2538 2997 ‘2,
2586 2932 2730 2987 Mon.
2758 2976 2773 3000 ,
2815 2933 3034 2989 εριιειόίυ
3081 2936 3290 2989 ΡυεΙιη.
3318 2977 3334 3001 ,
3388 2930 3563 2992 editio

1949 3003 2158 3077 Poolm.
2181 3004 2233 3057 in
2266 3005 2809 3077 contextu,reddens,
2842 3005 3205 3077 cujusglossa
3237 3008 3393 3061 estin
3416 3006 3555 3077 Reg.

238 3068 353 3149 non
381 3075 543 3138 mala,
568 3072 802 3149 dammae
824 3087 989 3149 pauco
1011 3099 1082 3149 -_-
1115 3068 1221 3124 Sed
1260 3070 1397 3139 legio
1424 3070 1637 3149 vexabat
1667 3082 1843 3149 atros}.
1871 3086 1917 3149 ρ
1952 3075 1993 3149 14
2022 3075 2283 3149 deserens.
2333 3077 2465 3149 lieg.
2509 3075 2545 3149 2
2566 3118 2582 3142 ,
2633 3076 2667 3130 5
2693 3118 2708 3143 ,
2750 3068 2939 3133 Οιιυιῖ.
2977 3068 3053 3149 1’ξ
3082 3078 3148 3143 2,
3186 3076 3333 3132 Vatt.
3381 3083 3439 3145 1,
3488 3068 3556 3148 Ξ,

191 3189 197 3194 -
239 3147 373 3203 Vat.
406 3149 459 3208 1,
484 3161 610 3211 quos
631 3162 731 3197 non
762 3142 986 3217 demala
1014 3142 1243 3217 daemone
1269 3158 1459 3217 pauco,
1484 3172 1555 3217 —:-
1580 3143 1684 3217 Sgd
1712 3144 1846 3217 legio

237 3218 465 3274 vexabat
506 3228 699 3271 atrox:
728 3214 823 3270 sed
852 3213 1336 3285 appat'etideletum
1384 3214 1462 3267 de.
1517 3215 1573 3268 In
1618 3213 1843 3285 Regfl,

241 3292 435 3361 glossa
464 3300 545 3361 est
579 3289 716 3341 mala
741 3316 815 3327 —
844 3282 1023 3356 pestis.
1058 3282 1847 3361 “malliusconiectabat'qnos

240 3354 357 3417 non
387 3361 473 3414 σιω
503 3359 736 3415 daemone
763 3354 948 3426 pauco,
995 3385 1067 3396 —
1108 3354 1213 3410 Sed
1256 3356 1389 3427 legio
1435 3359 1649 3412 vexabat
1674 3354 1847 3425 atrox,

242 3442 504 3500 correpta
538 3433 708 3500 prima
742 3432 796 3484 in
818 3428 934 3500 ala.
959 3438 1019 3483 ut
1048 3427 1177 3480 alibi
1204 3429 1565 3497 quantitatem
1595 3429 1849 3487 Sedulius

243 3499 517 3576 negiexit.
542 3499 813 3576 ’Rejtcitur
840 3515 871 3555 a
899 3499 1171 3576 Grunero,
1206 3500 1294 3566 qui
1324 3500 1454 3576 illud
1484 3506 1755 3576 malagntmr
1780 3502 1849 3559 ad

243 3570 524 3645 legionem
560 3570 1033 3645 referendmnait,
1058 3570 1151 3624 sed
1182 3573 1550 3627 accusativum
1587 3574 1848 3645 pluralem

245 3641 421 3705 esse:
453 3645 662 3714 opinor.
696 3642 869 3699 voluit
906 3641 1088 3697 dicere
1132 3645 1523 3696 nominativum
1560 3643 1844 3711 pluralem,

246 3722 359 3774 hoc
388 3713 573 3781 sensu,
606 3733 740 3784 quos
771 3713 1351 3787 nonmala__vexabant
1375 3715 1628 3787 dtemone
1654 3732 1846 3787 pauco,

247 3792 354 3848 sed
388 3792 527 3860 legio
552 3783 707 3860 atrox
740 3786 987 3860 vexabat.
1019 3783 1356 3860 Wopkens-io
1400 3785 1519 3840 haec
1564 3783 1853 3860 explicatio

249 3856 704 3933 parnm'arridet,
730 3862 821 3933 qui
851 3856 1082 3933 proinde
1104 3858 1351 3933 tentabat
1377 3873 1504 3925 quos
1533 3875 1633 3912 non
1657 3859 1851 3916 damo—

248 3929 345 3988 nia
392 3949 594 4003 pauca,
639 3960 709 3973 -——
757 3929 865 4003 Sed
917 3929 1318 4003 legiohvexabat
1362 3939 1535 3993 atrox,
1580 3934 1851 4003 producta

247 3998 500 4062 secunda
535 3998 589 4056 in
616 4002 897 4069 dtemonia,
932 3998 983 4072 ut
1020 3998 1122 4053 alia
1153 4000 1294 4055 solet
1322 4016 1545 4069 peccare
1573 4002 1850 4072 Sedulius,

256 4079 346 4133 vel
378 4076 553 4144 pntiu~
574 4091 698 4146 quos
720 4090 823 4127 non
839 4069 1023 4147 Amalus
1051 4073 1255 4147 agmine
1281 4089 1468 4142 pauco,
1496 4101 1565 4114 —
1588 4073 1694 4129 Sed
1719 4069 1855 4147 legio

250 4149 472 4205 vexabat
515 4144 685 4207 atrox,
723 4144 980 4199 nimirum
1010 4152 1067 4195 ut
1092 4144 1256 4196 malus
1288 4160 1387 4211 pro
1413 4147 1665 4201 daemone
1707 4144 1847 4203 acci-

254 4223 457 4292 piatua
492 4218 728 4273 Piimam
758 4217 1135 4292 conjecturam
1179 4228 1283 4292 non
1317 4214 1474 4292 facile
1512 4218 1852 4292 admiserim,

251 4286 386 4348 cum
431 4290 687 4345 Sedulius
731 4287 858 4341 alibi
891 4288 1188 4358 secundam
1219 4286 1271 4339 in
1311 4288 1543 4341 daemone
1572 4290 1853 4358 corripiat.

251 4364 447 4420 Altera
479 4378 585 4416 nnn
618 4360 689 4413 ita
731 4362 915 4424 inepta
942 4369 1023 4413 εει
1054 4374 1067 4410 :
1099 4357 1192 4411 sed
1240 4358 1403 4413 etiam
1449 4360 1528 4413 sic
1563 4357 1753 4415 durior
1774 4375 1856 4419 ρει

252 4434 619 4497 constructio,
643 4446 765 4498 quin
791 4431 897 4484 hoc
920 4439 1077 4495 pacto
1097 4430 1398 4502 procedere
1418 4429 1639 4486 deberet
1669 4451 1682 4485 :
1707 4433 1854 4502 Quos

252 4522 371 4562 nun
398 4507 570 4558 malus
591 4518 805 4574 agmine
830 4514 1021 4569 pauco,
1051 4500 1145 4555 sed
1170 4503 1340 4555 atroci
1363 4501 1578 4569 legione
1602 4500 1849 4561 vexabat.

251 4578 467 4634 Sensus
498 4577 586 4631 hic
606 4585 756 4630 certe
785 4583 901 4628 est:
926 4575 1074 4640 Quos
1105 4587 1212 4627 non
1241 4575 1393 4641 pauci
1424 4574 1721 4643 daemones,
1756 4578 1853 4633 sed

256 4650 408 4718 legio
445 4657 599 4701 atrox
639 4646 947 4718 dtemnnutn
983 4644 1237 4718 vexabat.
1269 4644 1351 4699 Ex
1382 4643 1501 4699 Vat.
1540 4647 1590 4710 1,
1626 4649 1855 4705 fortasse

258 4715 356 4775 hic
378 4719 657 4791 sensusita
681 4717 803 4791 erui
823 4715 1289 4791 poteritquosnon
1319 4718 1383 4769 de
1408 4717 1639 4772 dtemone
1663 4737 1851 4791 pauco,

257 4820 339 4832 --
366 4790 473 4846 Sed
498 4789 630 4863 legio
658 4788 868 4843 vexabat
896 4796 1071 4863 atrox,
1127 4786 1381 4863 vidi-licet
1410 4805 1548 4852 quos
1578 4786 1682 4844 non
1716 4786 1856 4863 legio

257 4863 341 4918 de
367 4858 613 4916 dar-mune
644 4875 834 4930 pauco,
870 4859 964 4913 sed
992 4868 1166 4923 atrox,
1215 4858 1330 4912 sive
1372 4861 1565 4929 iugo-us
1600 4858 1851 4917 Vexahat.

258 4936 418 4991 Sunii
447 4934 591 4989 enim
624 4939 804 5002 potest
830 4930 971 5001 legio
1002 4944 1099 4999 pro
1133 4932 1324 4996 quavis
1357 4946 1541 4995 manu,
1572 4947 1669 4987 seu
1701 4936 1855 4989 turba

260 5004 601 5069 tia-mnuum,
624 5020 743 5073 qua:
776 5007 972 5073 major,
1004 5005 1253 5055 minorve
1281 5015 1403 5056 che
1434 5014 1630 5071 potest.
1660 5003 1856 5059 Verum

260 5078 398 5132 dum
422 5077 617 5132 melius
640 5072 840 5144 aliquid
869 5072 1112 5142 aﬂ'nlgel,
1133 5082 1412 5128 teneamus
1436 5076 1664 5141 primum
1689 5078 1859 5131 inter-

264 5150 633 5217 pretationem
665 5162 733 5201 ex
764 5146 1304 5217 Grnni-roﬂpetitam,
1336 5146 1418 5199 vel
1454 5148 1630 5214 petitis
1655 5163 1721 5202 ex
1749 5148 1858 5201 Ne-

264 5212 393 5275 ἱιτὶγ
416 5221 557 5285 ensi,
592 5234 680 5286 qui
704 5220 928 5287 exponit
953 5231 969 5270 :
1002 5212 1125 5269 Non
1151 5216 1311 5283 mala,
1345 5212 1604 5286 -—-t"epele
1628 5218 1690 5272 ab
1719 5220 1859 5287 infe-

264 5292 516 5358 rioribus,
544 5290 818 5346 vexabant.
865 5286 1047 5359 Pauca
1098 5287 1353 5353 darntonc,
1395 5319 1466 5330 -
1503 5292 1542 5344 i.
1588 5305 1657 5358 e.,
1707 5291 1862 5359 pauci

263 5367 524 5418 daemones
575 5362 719 5416 mali.
770 5358 1000 5429 lntelligi
1046 5361 1210 5414 etiam
1256 5369 1479 5431 potest:
1514 5362 1666 5428 Quos
1708 5358 1863 5417 mala

265 5436 412 5505 legio
462 5436 724 5499 vexabat,
774 5449 880 5505 non
926 5433 1173 5487 daemone
1202 5448 1395 5505 pauco,
1427 5433 1521 5487 sed
1551 5443 1726 5499 atrox,
1761 5438 1864 5489 hoc

265 5504 378 5571 est,
427 5522 736 5561 numerosa.
768 5504 1042 5573 SuspiCari
1069 5519 1284 5572 quoque
1311 5504 1441 5560 licet
1468 5521 1594 5574 quos
1623 5521 1727 5559 non
1752 5522 1865 5558 ma-

268 5593 361 5630 cra
389 5579 618 5633 dleOﬂe
644 5594 827 5647 pauco,
855 5606 925 5616 ——
958 5574 1065 5632 Sed
1092 5576 1225 5646 legio
1252 5574 1461 5630 vexabat
1491 5584 1661 5631 att-0.1:.

349 5648 437 5703 73.
478 5650 614 5720 Reg.
648 5651 699 5719 1,
741 5654 852 5703 Utt.
890 5649 944 5711 1.
986 5648 1041 5702 in
1081 5656 1337 5702 contextu
1360 5688 1375 5711 ,
1412 5648 1617 5703 Poelm.
1651 5648 1706 5703 in
1734 5663 1865 5704 con-

273 5730 452 5787 textu,
484 5730 769 5792 gestantes:
795 5720 1137 5775 communior
1156 5722 1403 5775 codicum
1428 5735 1587 5783 mss.,
1619 5730 1670 5792 et
1692 5720 1865 5776 edito-

274 5805 401 5849 rum
427 5791 695 5863 scriptura
724 5804 803 5850 est
840 5792 1127 5864 gestabant,
1160 5808 1321 5864 quam
1347 5794 1460 5850 Ott.
1494 5793 1519 5847 1
1548 5791 1735 5850 eadem
1768 5807 1863 5849 ve-

1880 4472 1934 4535 D

1952 3145 2109 3213 Urb.,
2135 3148 2319 3216 Rom.,
2351 3146 2501 3201 Meus
2535 3147 2589 3201 in
2640 3158 2925 3211 contextu,
2960 3148 3113 3215 Alb.,
3156 3149 3302 3210 Ald.,
3334 3145 3553 3217 Parrli.,

1950 3222 2117 3287 Ang.,
2147 3230 2381 3289 repetens
2406 3235 2425 3273 :
2450 3219 2545 3273 sed
2580 3219 2631 3273 in
2660 3219 2796 3288 Reg.
2828 3220 2883 3283 2,
2918 3228 2975 3275 et
3000 3222 3109 3275 Ott.
3140 3221 3194 3289 1,
3227 3221 3374 3276 aliud
3408 3222 3559 3276 vide-

1950 3299 2039 3344 tur
2068 3291 2259 3361 fuisse.
2282 3306 2395 3364 quo
2434 3290 2639 3364 deleto,
2679 3292 2868 3346 eadem
2900 3308 3091 3346 manus
3122 3302 3284 3347 vetus
3311 3291 3561 3364 appinxit

1950 3371 2186 3432 repetens
2215 3380 2232 3437 _:
2269 3365 2320 3417 in
2354 3363 2474 3417 Vat.
2510 3362 2533 3415 1
2569 3374 2848 3437 exaratum
2879 3374 2998 3418 erat
3023 3364 3254 3437 Efﬁgiem
3281 3362 3527 3437 non'repe

1951 3441 2084 3500 tens,
2133 3434 2227 3489 sed
2260 3449 2476 3490 erasum
2511 3443 2699 3501 postea
2728 3434 2831 3487 fuit
2877 3451 3001 3488 non.
3038 3435 3218 3489 Editio
3249 3434 3558 3491 l’oelm.'ad

1953 3520 2152 3575 marg.,
2182 3504 2350 3560 Torn.
2385 3507 2438 3565 5,
2474 3504 2648 3571 l.ips.,
2681 3505 2871 3576 [τειὶπ.2
2907 3505 3047 3561 Bibl.
3096 3506 3267 3576 Lugd.
3313 3507 3559 3574 Patrum,

1951 3574 2179 3660 [ugiens
2226 3576 2326 3630 Ms.
2355 3576 2516 3630 Cant.
2551 3576 2812 3660 linquens.
2840 3574 3110 3660 cellarius
3136 3574 3201 3631 ex
3238 3579 3558 3660 conjectura

1952 3648 2175 3703 intrusit
2218 3662 2453 3702 reverens
2484 3664 2502 3700 :
2530 3650 2624 3701 sed
2676 3648 3010 3713 coniecturis
3041 3658 3170 3703 tunc
3218 3648 3438 3703 demum
3480 3649 3558 3703 lo-

1953 3734 2074 3776 cum
2098 3718 2516 3787 relinquendum
2550 3727 2833 3786 putamus,
2881 3720 2956 3773 ait
3008 3719 3325 3781 Grunerus,
3359 3720 3447 3773 tibi
3498 3719 3556 3776 in

1953 3789 2112 3846 codd.
2147 3789 2261 3856 apti
2294 3790 2454 3861 plane
2486 3790 2619 3844 nihil
2643 3792 2934 3859 reperitur.
2970 3791 3092 3861 Ipse
3116 3806 3247 3861 ergo
3271 3790 3557 3846 Grunerus

1954 3863 2111 3936 eligit
2130 3864 2366 3936 fng’ens.
2397 3860 2741 3936 Burmannus
2782 3860 3009 3931 prml'ert
3024 3860 3280 3933 repetens,
3309 3863 3390 3916 vel
3413 3877 3562 3936 reco-

1955 3934 2097 3994 lens,
2128 3932 2291 3999 h.'e.,
2323 3934 2529 4001 animo,
2564 3943 2745 3988 mente
2790 3949 2887 3989 sua
2936 3943 3195 4002 reputans
3224 3950 3240 3989 :
3274 3950 3398 3989 nam
3427 3932 3554 3988 Cel-

1955 4004 2122 4060 larins
2141 4007 2374 4060 recolens
2395 4006 2592 4059 alicubi
2630 4006 2936 4061 invenerat.
2962 4007 3251 4061 Artnezius
3274 4014 3450 4076 putat,
3477 4020 3563 4059 re-

1955 4092 2131 4131 verens
2174 4092 2299 4132 (ἔδεε
2350 4089 2540 4131 contra
2587 4087 2828 4133 mentem
2866 4077 3074 4134 SCdlllli
3112 4093 3126 4131 ζ
3161 4094 3268 4132 11011
3310 4077 3457 4132 8111111
3490 4090 3561 4131 ει

1956 4151 2260 4203 reverentia
2316 4148 2531 4202 daemon
2581 4150 2750 4215 exiit,
2797 4151 2892 4203 sed
2946 4152 2997 4203 vi
3048 4160 3271 4204 (nactus
3333 4163 3400 4202 ex
3432 4146 3559 4201 'im-

1958 4221 2108 4286 perio
2156 4218 2382 4292 Christi.
2431 4222 2628 4287 Aptius
2658 4222 2785 4275 huic
2814 4220 2933 4275 loco
2959 4231 3112 4290 putat
3154 4222 3358 4292 fugiens
3385 4259 3400 4285 ,
3458 4218 3555 4274 sed

1956 4304 2077 4345 enm
2121 4291 2170 4343 id
2194 4290 2250 4345 in
2270 4306 2402 4345 mss.
2449 4306 2557 4345 non
2582 4293 2907 4355 reperiatur,
2941 4290 3411 4361 ingenioalicnjns
3438 4304 3564 4346 eru-

1956 4361 2053 4416 diti
2084 4361 2430 4418 tribuendum
2461 4373 2669 4417 censet.
2701 4361 2872 4418 Tenet
2895 4363 3058 4432 igitur
3078 4378 3201 4418 cum
3235 4380 3337 4417 ms.
3365 4361 3555 4417 Arntz.

1959 4433 2215 4504 linquens.
2269 4432 2660 4504 Antiquissima
2692 4448 2823 4489 sane
2854 4444 2940 4488 est
2983 4434 3144 4489 lectio
3172 4434 3392 4488 reddens
3418 4476 3433 4500 ,
3472 4432 3560 4487 vel

1957 4507 2125 4559 rediit
2150 4545 2165 4569 ,
2192 4520 2363 4575 neque
2408 4506 2709 4573 spernenda
2738 4506 2821 4576 ,Asi
2853 4504 3075 4559 reddens
3096 4520 3218 4560 cum
3247 4506 3427 4576 glossa
3450 4519 3560 4576 fex-

1958 4575 2086 4645 poni
2119 4574 2291 4644 possit
2317 4592 2411 4647 per
2436 4576 2698 4632 deserens.
2732 4574 2932 4631 Verum
2970 4577 3072 4631 etsi
3105 4574 3268 4630 reddo
3295 4575 3565 4647 signiﬁcat

1956 4650 2193 4711 restituo,
2225 4645 2423 4715 emitto,
2475 4649 2571 4704 edo
2593 4693 2607 4715 ,
2644 4660 2823 4704 tamen
2889 4662 2988 4717 pro
3018 4648 3200 4704 desero
3246 4645 3366 4702 non
3403 4645 3565 4702 facile

1958 4717 2289 4776 invenietur.
2309 4722 2537 4776 Retineo
2552 4721 2715 4791 igitur
2729 4728 2961 4788 repetens
2972 4736 3095 4774 cum
3116 4723 3389 4790 plerisque
3403 4733 3561 4783 mss.,

1959 4806 2065 4864 non
2092 4802 2269 4864 tamen
2300 4810 2360 4847 ea
2389 4792 2814 4864 signiﬁcatione,
2843 4807 3005 4864 quam
3037 4791 3383 4864 Burmannns
3408 4791 3563 4845 vole-

1959 4861 2070 4916 bat.
2094 4861 2299 4918 Sensus
2322 4861 2469 4919 enim
2493 4864 2582 4919 hic
2603 4875 2709 4928 est,
2736 4861 2853 4917 Non
2876 4863 3041 4918 audet
3088 4863 3241 4918 adire
3266 4862 3561 4925 hominem,

1959 4944 2241 5005 revertens
2272 4935 2326 4989 in
2353 4932 2611 5003 elﬁgietn,
2644 4950 2805 5005 quam
2830 4937 3008 4990 cernit
3027 4931 3308 4990 Christum
3336 4933 3566 5005 habere,

1960 5004 2097 5068 sive,
2129 5004 2245 5059 Non
2276 5005 2438 5060 andet
2456 5001 2617 5061 adire
2663 5001 2944 5061 hominem
2970 5048 2985 5065 .
3017 5016 3073 5061 et
3112 5009 3309 5062 reverti
3342 5005 3396 5059 in
3448 5001 3569 5057 elli-

1961 5076 2124 5148 giein,
2145 5091 2330 5148 quam,
2359 5085 2465 5131 etc.
2488 5077 2579 5133 Sic
2607 5078 2769 5148 paulo
2792 5079 3004 5148 postait
3031 5078 3223 5148 petiere
3249 5092 3426 5148 pecus,
3456 5082 3562 5148 etc.

2032 5145 2122 5201 81.
2153 5147 2407 5201 Horatius
2431 5162 2468 5207 1.
2489 5145 2651 5217 epist.
2674 5147 2731 5207 2.
2756 5145 2900 5202 vers.
2923 5145 3440 5217 Stiz'Vizisse'taanis
3460 5145 3565 5197 im-

1962 5218 2203 5281 mundus,
2234 5218 2313 5271 vel
2342 5218 2509 5271 amica
2525 5214 2650 5273 'luto
2668 5235 2779 5272 sus.
2802 5217 3047 5273 Advertit
3078 5221 3239 5272 etiam
3282 5214 3566 5282 Wet-ken-

1964 5291 2099 5355 sius,
2128 5305 2325 5362 semper
2346 5290 2654 5343 —-amicum
2675 5303 2965 5346 occurrere
2986 5290 3191 5362 pariter
3206 5289 3360 5362 apud
3407 5287 3570 5362 Avie-

1965 5377 2092 5433 num
2120 5403 2135 5427 ,
2187 5357 2574 5433 Symmachum
2597 5401 2612 5425 ,
2644 5366 2927 5416 Aratorem
2954 5357 3311 5429 ,illelpidiu’in
3344 5373 3441 5429 per
3465 5357 3570 5429 hy-

1966 5432 2130 5503 phen,
2160 5431 2577 5505 ut‘graveolens,
2611 5448 2853 5502 semper-
2875 5447 3085 5505 avaras.

2034 5506 2125 5558 84.
2157 5500 2335 5560 Edim.
2369 5501 2655 5556 Porcorum
2679 5500 2904 5558 tenuere.
2930 5501 3035 5557 Alii
3071 5501 3372 5568 Porcinam,
3399 5500 3566 5557 etiam

1967 5573 2113 5631 Beda
2142 5577 2212 5631 de
2252 5575 2438 5631 Metris
2460 5614 2476 5639 ,
2507 5584 2564 5628 et
2614 5575 2734 5642 eius
2767 5572 3176 5628 Cominentator
3200 5618 3214 5643 ,
3246 5574 3339 5644 qui
3394 5573 3559 5628 tacito

1966 5648 2209 5703 aueloris
2231 5649 2470 5712 nomine,
2503 5644 2650 5701 hunc
2680 5660 2896 5700 versum
2927 5645 3192 5700 excitant.

2038 5719 2128 5775 85.
2177 5718 2390 5790 ,Arator
2433 5718 2733 5790 diemonem
2775 5716 3029 5789 hospitem
3068 5717 3271 5790 pariter
3299 5724 3461 5774 vocat
3505 5715 3565 5788 2,

1970 5790 2003 5849 6
2015 5791 2076 5847 i0
2100 5810 2114 5848 :
2139 5789 2362 5863 Hospite
2381 5790 2449 5847 sit
2470 5787 2667 5862 polluta
2696 5805 2813 5861 suo,
2843 5787 2949 5847 etc.
