4086 6184
421 225 528 284 655

1543 428 1655 501 [mo
1684 425 1951 498 parentis,

563 524 832 583 Sordibus
853 523 1113 590 exclusis,
1137 522 1327 580 oculos
1356 530 1520 594 atque
1543 535 1638 577 ora
1668 518 1893 576 novavit
1919 536 1935 586 ;
2026 543 2030 546 -

563 619 852 690 Verbaque
896 633 996 689 per
1023 618 1271 685 verbum,
1305 632 1402 689 per
1437 617 1618 672 lumen
1661 615 1864 671 lumina
1907 627 2026 668 sur-

1773 709 1951 782 [gunt.

636 807 874 865 Venerat
899 816 954 864 et
983 806 1204 872 mulier,
1237 806 1429 862 morbo
1459 811 1743 861 contracta
1772 809 2010 868 vetusto,

418 901 527 959 200
565 901 679 959 Non
710 901 888 966 senio,
937 897 1318 964 tremebunda,
1368 913 1613 968 gemens,
1655 895 1901 965 incurva,
1935 908 2027 950 ca-

1772 988 1952 1062 [ducis

565 1087 841 1153 Vultibus,
875 1094 932 1142 et
957 1086 1130 1142 solam
1162 1085 1490 1156 despectans
1517 1098 1718 1139 cernua
1748 1091 1972 1138 terram.

565 1182 721 1250 Quae,
763 1180 993 1236 Domino
1043 1179 1360 1244 miserante,
1406 1178 1565 1248 juges
1609 1184 1733 1247 post
1775 1186 1901 1230 octo
1933 1172 2028 1230 de-

1702 1268 1954 1342 [cemque

561 1369 801 1428 Membra
829 1369 970 1425 levat
1001 1381 1230 1435 messes,
1256 1366 1589 1436 caelumque,
1615 1377 1680 1418 ac
1707 1361 1888 1418 sidera
1912 1371 2028 1416 tan-

1805 1453 1954 1528 [dem

1813 216 2035 277 C(ELII
2075 215 2351 278 SEDULII

563 341 726 414 259
753 338 903 394 Tunc
934 337 1197 393 Dominus
1223 334 1434 402 mundi,
1458 335 1553 391 lux
1581 341 1788 400 nostra,
1819 342 1876 388 et
1902 349 2018 390 ser-
2041 336 2092 394 Α

3625 209 3742 269 656

2261 331 2424 404 260
2467 328 2677 397 Cernit,
2735 335 2792 384 et
2839 325 3125 384 ardentem
3171 325 3305 383 solis
3351 322 3737 382 reminiscitur

3418 420 3655 494 [orbem,

2126 519 2233 577 205
2270 517 2468 575 Totum
2513 526 2696 576 erecta
2726 515 2959 582 videns;
3008 515 3135 586 quia
3165 527 3304 586 quos
3348 512 3523 568 malus
3551 510 3739 582 oppri-

3309 603 3432 676 [mit
3461 603 3658 670 hostis,

2271 704 2382 761 Ima
2427 712 2659 776 petunt;
2708 717 2845 775 quos
2873 701 3130 759 Christus
3176 700 3294 769 alit,
3343 700 3463 756 sine
3493 697 3616 755 labe
3649 712 3745 753 re-

3380 789 3660 862 [surgunt.

2341 890 2586 961 Cumque
2628 886 2827 944 dehinc
2874 887 3132 958 populum
3165 899 3288 943 sese
3316 883 3371 939 in
3399 883 3615 938 deserta
3643 897 3739 938 se-

3422 977 3655 1051 [cutum,

2272 1077 2343 1135 Ut
2369 1077 2581 1150 typicus
2606 1076 2839 1149 Moyses,
2873 1090 3145 1147 verusque
3172 1074 3465 1146 propheta,
3499 1071 3712 1128 videret

2268 1171 2560 1241 Antiquam
2589 1169 2795 1225 sentire
2826 1167 3058 1232 famem,
3091 1166 3388 1238 majoribus
3418 1165 3557 1222 actis

2126 1264 2236 1322 210
2272 1263 2566 1333 Antiquam
2590 1263 2916 1318 monstravit
2937 1276 3094 1332 opem
3121 1276 3136 1326 ;
3172 1270 3299 1316 tunc
3328 1259 3458 1316 alite
3488 1258 3657 1314 multo

2273 1355 2466 1411 Carnis
2517 1355 2699 1426 opima
2751 1353 2938 1422 dedit,
2995 1353 3232 1424 geminis
3272 1351 3438 1410 modo
3495 1351 3737 1421 piscibus

3469 1443 3656 1517 [auxit.

1779 1567 1962 1625 OPUS
1997 1561 2388 1623 PASCHALE.

423 1675 690 1747 compulit
717 1672 983 1730 insanire.
1008 1669 1148 1726 Huic
1171 1667 1486 1724 misericors
1511 1666 1684 1722 totius
1705 1663 1894 1720 mundi
1918 1662 2023 1717 sal-
2052 1663 2100 1724 B
2128 1668 2237 1714 tem
2281 1656 2572 1728 aliquando
2617 1656 2992 1713 reminiscitur
3018 1671 3080 1713 se
3105 1656 3335 1713 vidisse.
3385 1655 3529 1724 Quid
3576 1657 3739 1713 dill'e-

431 1779 606 1836 vator,
650 1769 739 1824 lux
783 1775 991 1828 nostra,
1024 1778 1206 1819 sermo
1242 1761 1531 1833 genitoris,
1559 1759 1804 1816 obsceno
1831 1757 2028 1827 spiritu

427 1863 668 1924 turbato,
699 1860 877 1914 visum
903 1855 1160 1919 reddidit,
1194 1869 1257 1909 os
1297 1854 1535 1921 novavit,
1568 1867 1774 1924 perque
1799 1851 2026 1906 verbum

429 1953 593 2010 verba
622 1950 932 2020 proﬁciunt,
959 1963 1056 2018 per
1085 1949 1266 2001 lumen
1298 1946 1501 2000 lumina
1529 1945 1880 2000 reviviscunt.

499 2045 694 2101 Mulier
737 2057 954 2114 quoque
983 2050 1214 2096 venerat
1259 2038 1597 2109 sospitanda,
1640 2037 1812 2093 veteri
1859 2037 2032 2107 magis

427 2147 714 2196 contracta
744 2134 957 2198 morbo,
989 2147 1150 2202 quam
1181 2132 1356 2196 senio,
1389 2141 1547 2202 gestu
1572 2130 1821 2195 tremula,
1856 2129 2036 2198 gemi-

427 2233 574 2287 tibus
617 2228 851 2292 auhela,
903 2225 1144 2294 scapulis
1192 2239 1396 2289 curva,
1447 2223 1686 2278 vultibus
1733 2223 2032 2288 inclinata,

428 2337 753 2393 semperque
779 2320 1111 2389 deSpectans
1151 2317 1410 2370 humilem
1441 2330 1641 2370 cernua
1671 2313 2032 2384 depressione

429 2417 704 2474 tellurem.
749 2413 881 2481 Quae
912 2409 1126 2465 Domini
1163 2408 1456 2463 virtutibus
1485 2406 1715 2462 allevata
1744 2415 1868 2477 post
1909 2416 2034 2462 octo

422 2507 582 2580 juges
613 2520 809 2568 annos,
855 2517 918 2557 ac
948 2501 1164 2564 decem,
1197 2498 1459 2554 membris
1509 2506 1692 2554 erecta
1747 2498 2032 2566 suspensis

426 2602 628 2658 ccelum
675 2605 883 2660 tuetur,
925 2609 992 2649 ac
1038 2592 1244 2661 sidera,
1293 2591 1627 2662 globumque
1656 2590 1793 2646 solis
1835 2591 2035 2648 arden-

2126 1764 2233 1819 rat,
2265 1752 2410 1807 idola
2442 1751 2709 1818 colentes,
2740 1750 3032 1818 advertite,
3059 1751 3204 1806 inter
3232 1750 3424 1816 Deum,
3454 1766 3616 1821 quem
3649 1749 3741 1805 lu-

2127 1849 2274 1921 gitis,
2305 1854 2360 1902 et
2399 1845 2730 1911 daemonem,
2757 1860 2922 1916 quem
2953 1845 3199 1916 placatis,
3233 1844 3278 1900 si
3308 1845 3512 1914 placari
3544 1854 3728 1900 tamen

2129 1944 2174 2000 is
2202 1944 2397 2012 possit,
2430 1944 2522 2012 qui
2549 1940 2752 1996 laedere
2775 1957 2882 1995 non
2911 1940 3145 1996 desiStit.
3175 1938 3377 1995 Omnes
3400 1939 3571 2006 enim,
3600 1954 3740 2010 quos

2129 2039 2226 2096 ille
2249 2038 2520 2111 possidet,
2550 2036 2936 2107 opprimuntur
2968 2055 2981 2092 :
3009 2052 3144 2108 quos
3174 2035 3432 2094 Christus
3453 2038 3584 2108 jugo
3612 2051 3740 2093 sua-

2132 2132 2374 2188 vissimae
2405 2130 2644 2186 levitatis
2672 2140 2888 2196 onerat,
2917 2130 3246 2185 allevantur.

2205 2223 2336 2279 Inde
2363 2238 2487 2278 cum
2515 2223 2772 2292 populum
2801 2222 2852 2276 in
2879 2221 3097 2278 deserta
3126 2237 3251 2278 sese
3272 2230 3645 2292 prosecutum,
3679 2230 3742 2276 ut

2137 2316 2354 2389 Moyses
2395 2315 2636 2388 typicus,
2687 2325 2742 2371 et
2791 2315 3055 2386 prOpheta
3084 2331 3268 2381 verus,
3300 2315 3569 2386 aspiceret
3596 2316 3736 2370 anti-

2119 2426 2268 2481 quae
2291 2411 2470 2466 victus
2498 2408 2794 2465 sterilitate
2830 2408 3086 2476 deiicere,
3120 2409 3374 2464 maximis
3404 2409 3627 2478 antiqua
3648 2423 3738 2463 so—

2134 2502 2266 2558 latia
2311 2502 2588 2573 reparavit
2627 2502 2955 2573 augmentis.
3001 2501 3154 2556 Tunc
3194 2501 3462 2571 siquidem
3503 2502 3743 2572 repenti-

2135 2611 2259 2650 nam
2287 2595 2473 2650 multae
2503 2593 2747 2651 volucris
2773 2608 3019 2661 carnem,
3045 2592 3207 2649 modo
3229 2592 3465 2649 duorum
3507 2593 3738 2663 piscium

1918 2727 2232 2786 SCHOLIA.

499 2835 624 2892 196.
657 2830 866 2887 Poelm.
888 2827 956 2882 ad
986 2841 1188 2896 marg.,
1221 2824 1388 2879 Fahr.
1419 2831 1475 2878 et
1516 2823 1604 2896 alii
1640 2821 1886 2896 nonnulli
1915 2823 2036 2877 vul-

427 2909 562 2982 gati,
591 2907 856 2982 Impera,
882 2893 1361 2982 SclicedaelPoelm.
1405 2910 1531 2949 cum
1564 2893 1768 2982 nostris
1817 2908 1947 2982 mss:
1981 2903 2037 2950 et

427 2965 889 3052 praestantissimis
912 2969 1269 3052 editionibus,
1295 2968 1387 3022 luas
1403 2978 1598 3021 nostra.
1621 2965 1810 3033 Rom.,
1831 2976 2028 3034 nostra,

429 3041 636 3108 Sermo:
675 3053 906 3100 metrum
942 3041 1108 3110 exigit
1137 3051 1335 3110 nostra,
1364 3047 1409 3091 et
1441 3055 1629 3110 sermo,

503 3122 626 3177 197.
661 3117 810 3171 Meus
862 3106 1122 3167 mendose
1170 3108 1401 3162 Moribus
1450 3127 1548 3176 pro
1595 3108 1873 3162 Sardibus.
1929 3106 2028 3162 Ed.

427 3194 575 3262 Lips.
612 3184 890 3262 non_male
933 3181 1163 3262 appulsis
1192 3195 1294 3249 pro
1337 3179 1871 3262 caelusis.nSedulius
1902 3179 2031 3233 alibi

425 3250 590 3319 etiam
622 3256 846 3312 adhibet
871 3251 1092 3308 excludo
1117 3267 1214 3319 pro
1245 3250 1465 3320 expello.
1491 3251 1547 3303 S.
1579 3250 1836 3302 Damasus
1855 3265 2027 3304 carm.

427 3352 465 3399 ι,
502 3334 556 3388 in
598 3327 816 3399 laudern
846 3323 1102 3399 Davidis:
1151 3320 1375 3399 Sedibus
1401 3321 1648 3399 deposilis
1678 3328 1902 3399 purgant
1944 3338 2033 3389 ρε-

427 3389 649 3460 ιίεῑιναιὶιι
676 3397 882 3458 cordis;
913 3395 1004 3463 qui
1047 3407 1239 3447 versus
1272 3393 1322 3444 in
1365 3391 1550 3446 codice
1583 3389 1846 3463 Vaticano
1878 3406 2026 3446 num.

429 3475 520 3540 84,
555 3475 606 3528 in
636 3487 741 3539 quo
765 3477 848 3524 est
880 3461 1200 3522 Psalterium
1229 3479 1293 3517 ex
1313 3463 1580 3540 versione
1600 3461 1656 3516 S.
1693 3461 2028 3540 Hieronymi,

429 3558 484 3602 ct
499 3533 553 3601 in
573 3533 806 3614 quodam
832 3539 1222 3614 epigrammate
1244 3534 1345 3589 sub
1448 3533 2028 3614 llieronyminomine,

430 3604 628 3672 melius
659 3604 881 3680 legitur,
915 3604 1173 3680 Sardibus
1201 3604 1471 3680 expositis,
1505 3605 1876 3680 e_tc.,_ae_legi
1909 3619 2035 3680 pos-_

426 3671 511 3744 set
540 3671 793 3747 expulsis,
813 3671 898 3736 vel
924 3677 1169 3733 exclusis.
1203 3671 1394 3732 In'alio
1423 3671 1687 3747 Psalterio
1717 3671 2032 3746 Hieronymi

433 3759 560 3816 cod.
593 3746 964 3813 Vatic.4226,
997 3753 1330 3820 epigramma
1353 3746 1900 3820 editumﬂieronyini
1921 3762 2033 3820 no-

431 3832 580 3886 mine
611 3821 866 3884 tribuitur
897 3817 1149 3889 Damasi»,
1180 3831 1236 3874 et
1265 3819 1429 3873 simili
1465 3818 1626 3872 modo
1655 3817 1872 3888 legitur,
1906 3819 2034 3874 Sor-

434 3902 586 3957 dibus
612 3897 880 3965 expositis.

509 3973 634 4028 198.
662 3960 810 4024 Meus
841 3972 1097 4034 corrupte
1132 3961 1426 4034 Umbroque
1453 3977 1545 4026 per
1573 3960 1799 4034 verbum,
1833 3974 1898 4015 ac
1935 3960 2037 4014 mi-

436 4059 538 4100 nus
574 4043 852 4108 eleganter
894 4053 985 4108 per
1011 4031 1191 4088 lucem
1239 4033 1458 4097 lumina,
1511 4031 1758 4102 quamvis
1803 4046 2035 4100 praeces-

438 4117 575 4171 serit
601 4115 692 4168 luat:
718 4119 914 4164 nostra.

514 4185 636 4239 199.
668 4184 851 4247 Rom.,
908 4179 981 4232 De
1029 4177 1241 4232 muliere
1283 4185 1584 4247 contracta.
1617 4173 1784 4242 Meus,
1842 4173 2036 4228 Mulier

437 4273 595 4311 curva
620 4246 853 4318 erigitur.
879 4251 1240 4318 Cappusotus,
1266 4257 1543 4313 contacta;
1578 4246 1716 4314 lege,
1743 4255 2032 4300 contracta.

440 4328 602 4388 Urb.,
631 4319 879 4388 ridicule,
910 4319 1088 4374 morbo
1118 4328 1381 4373 contracta
1409 4328 1639 4372 venusto.

509 4397 636 4453 200.
670 4395 842 4458 Meus,
893 4391 1048 4454 Urh.,
1083 4389 1204 4444 Non
1241 4391 1384 4445 senio
1426 4390 1765 4443 tranebunda
1806 4405 2031 4460 gemens,

437 4471 526 4524 sed
554 4484 708 4522 curva
733 4464 946 4520 caducis
971 4492 1042 4504 ——
1081 4461 1339 4528 Vultibus,
1373 4461 1515 4530 quod
1566 4460 1780 4526 probari
1824 4461 2032 4528 nequit.

441 4539 772 4597 Arutzenius
811 4535 1144 4604 iuterpuugit
1168 4533 1633 4604 incurvrareaducis.
1659 4531 1789 4604 _Vet.
1825 4547 1840 4584 ι
1871 4532 2036 4604 inter-

439 4613 630 4681 pungit
655 4614 889 4681 incuruo,
914 4601 1123 4681 caducis
1144 4634 1214 4643 —
1244 4602 1506 4681 V_ult_ibus,
1531 4601 1675 4671 quod
1703 4615 1809 4655 non
1839 4603 2038 4656 malum

438 4673 660 4738 seus'um
689 4679 896 4734 efﬁcit:
930 4676 1023 4730 sed
1058 4689 1214 4744 prosa
1241 4673 1384 4727 aliud
1415 4675 1547 4726 vult.

513 4752 640 4807 202.
668 4754 853 4804 Arntz.
883 4743 1071 4802 scribit
1080 4747 1228 4818 jugis
1248 4758 1348 4814 pro
1366 4746 1613 4818 juges_ex
1635 4743 1852 4818 diverso
1875 4743 2036 4818 modo

435 4820 762 4882 terminandi
783 4814 1167 4886 hujuscemodi
1187 4830 1344 4871 casus
1366 4814 1624 4884 plurales,
1644 4814 1836 4886 jugeis,
1857 4814 2034 4886 juges,

439 4895 678 4970 etjugis.
731 4885 1101 4970 Worikensltts
1153 4899 1301 4970 recte
1357 4886 1600 4970 explotlit
1665 4885 2033 4970 conjecturam

440 4956 669 5029 Ba'rttvuii,
704 4956 961 5015 rusei-aute
987 4957 1116 5011 Dea.
1151 4959 1312 5012 Certe
1352 4956 1574 5011 Domino
1609 4957 1898 5020 miserante,
1933 4958 2037 5014 hoc

440 5049 545 5104 est,
601 5035 865 5091 henelicio
919 5029 1152 5104 Domini,
1194 5029 1602 5104 _probut_u_est1
1649 5029 1929 5104 magisque
1965 5045 2032 5084 ex

439 5099 582 5183 style
610 5103 999 5183 ecclesiastico.
1046 5100 1326 5183 Fabricius
1356 5099 1523 5183 edidit
1565 5100 1713 5183 Qum,
1760 5100 2033 5183 ntiserqnte

440 5171 572 5246 υὲο,
593 5183 787 5253 juges:
810 5175 879 5253 id_
893 5175 1061 5253 secuti
1089 5182 1211 5253 sunt
1241 5171 1486 5225 nonnulli
1507 5171 1736 5253 vulgati,
1765 5185 1828 5253 ac
1848 5172 2032 5253 defenf

439 5239 574 5308 «Ιιιιιι
593 5239 820 5306 ἒρῖιρόω
849 5245 1077 5306 Poelm.,
1102 5244 1226 5313 quia
1255 5258 1411 5298 seces
1437 5239 1660 5314 primam
1681 5242 1941 5313 producit.
1963 5245 2034 5298 At

437 5325 568 5394 quid
600 5320 921 5394 hockrel'ert,
951 5330 1173 5394 euntes
1207 5318 1449 5394 unaniml
1481 5314 1726 5368 codicum
1759 5328 2029 5394 consensi!

439 5385 674 5458 constet,
706 5391 980 5447 Sedulium
1008 5387 1235 5458 primam
1263 5386 1473 5458 injugis
1496 5399 1640 5458 saepe
1658 5385 2032 5458 corripuisse?

508 5466 636 5522 205.
660 5455 816 5519 Meus
846 5455 1102 5527 corrupte
1127 5460 1261 5512 lavat
1292 5455 1569 5526 pro’levat.
1593 5456 1774 5516 Cant.,
1807 5455 1939 5524 Reg.
1977 5459 2031 5524 1,

441 5535 624 5600 Rom.,
667 5535 841 5600 Meus,
878 5531 1154 5596 Parrhas.,
1207 5529 1339 5599 Reg.
1373 5529 1465 5600 27a
1501 5543 1582 5598 pr.
1617 5543 1716 5593 m.,
1761 5527 2032 5600 obscure;

441 5607 567 5661 Vat.
599 5599 625 5660 1
655 5621 724 5659 ex
752 5599 1114 5665 correctione,
1155 5601 1266 5657 Ott.
1294 5603 1348 5665 2,
1381 5599 1538 5665 Urb.,
1571 5616 1787 5654 menses.
1823 5599 1952 5665 Reg.
1998 5600 2034 5654 2

447 5615 567 5661 Vat.
599 5615 625 5660 ι
655 5621 724 5659 ex
752 5616 1114 5665 correctione,
1155 5615 1266 5657 Utt.
1294 5615 1348 5665 2,
1384 5615 1538 5665 uro.,
1571 5616 1787 5654 menses.
1823 5615 1952 5725 neq].
1998 5615 2029 5654 2

441 5692 506 5732 ex
532 5676 889 5742 correctione,
916 5673 1048 5742 Reg.
1074 5674 1128 5738 5,
1156 5672 1307 5738 Ald.,
1334 5673 1456 5742 Vat.
1477 5671 1535 5735 2,
1565 5679 1624 5724 ut
1649 5669 1880 5742 videtur,
1955 5682 2029 5725 at.

433 5747 458 5805 1
500 5764 528 5799 at
569 5759 650 5813 pr.
683 5758 782 5806 m.,
823 5741 962 5809 Aug.
995 5741 1051 5796 et
1096 5742 1251 5796 multi
1292 5741 1441 5804 editi,
1470 5756 1677 5806 messes,
1708 5741 1852 5810 quod
1876 5742 2033 5798 unice

2137 2825 2430 2880 tenendum
2461 2840 2526 2880 ex
2551 2824 2697 2880 Luca
2728 2838 2778 2880 c.
2811 2840 2921 2889 xm,
2954 2825 3047 2880 ubi
3089 2825 3204 2880 haec
3231 2825 3429 2882 mulier
3457 2826 3618 2882 anuis
3645 2826 3737 2883 de-

2137 2913 2255 2952 cem
2285 2905 2340 2952 et
2369 2906 2490 2952 octo
2523 2912 2588 2952 eo
2621 2897 2813 2951 morbo
2847 2896 3121 2968 laborasse
3149 2897 3372 2952 dicitur.
3430 2897 3617 2953 Messis
3641 2914 3734 2968 pro

2136 2983 2279 3023 anno
2320 2983 2465 3037 Saepe
2510 2969 2768 3035 sumitur,
2822 2976 2882 3021 ut
2929 2967 3113 3034 hiems,
3143 2968 3324 3029 arista,
3373 2981 3480 3026 etc.
3525 2972 3733 3034 Arntz.,

2137 3039 2247 3094 Ott.
2283 3041 2306 3094 1
2340 3040 2392 3093 in
2423 3047 2702 3112 contextu,
2735 3047 2790 3094 et
2810 3039 3097 3112 nonnulla:
3136 3039 3426 3112 editiones,
3455 3051 3550 3108 et;
3583 3041 3738 3112 pleri-

2136 3125 2242 3180 que
2272 3126 2404 3184 mss_.
2439 3126 2560 3184 eum
2608 3110 2730 3184 aliis
2759 3109 3072 3184 editis,_ac.
3118 3111 3255 3184 ΑΗ).
3275 3127 3339 3166 ex
3371 3112 3553 3184 glossa
3585 3109 3731 3167 lerat

2137 3178 2340 3246 annos;
2372 3181 2569 3235 deinde
2599 3178 2807 3244 calum,
2842 3198 2903 3235 ac
2929 3181 3101 3234 sidera
3130 3183 3360 3236 tandem.

2206 3252 2332 3306 201.
2368 3251 2501 3321 Reg.
2531 3254 2587 3314 2,
2623 3268 2723 3316 ac;
2752 3253 2842 3306 alii
2877 3253 3174 3318 venustius,
3205 3262 3274 3306 et.

2370 3323 2488 3398 \_"et.
2523 3323 2574 3387 1,
2605 3324 2726 3393 quia
2750 3323 3286 3398 nosgrentcndandum
3313 3335 3418 3392 est,
3447 3325 3572 3396 quia
3591 3343 3732 3398 quos.

2207 3394 2336 3448 206.
2374 3393 2492 3446 Ima
2521 3403 2699 3464 petunt
2725 3409 2789 3447 ex
2818 3393 3046 3464 Virgilio
3076 3410 3190 3462 vtn,
3221 3397 3310 3450 (i7.

2207 3466 2334 3521 207.
2362 3463 2548 3528 Rom.,
2584 3463 2682 3519 Ubi
2712 3465 2845 3532 pluit
2869 3463 3058 3519 manna
3081 3467 3288 3534 populis
3315 3467 3408 3520 Dei
3430 3469 3483 3522 in
3510 3469 3729 3523 deserto.

2137 3535 2327 3590 Melius
2377 3537 2611 3598 Poelm.,
2665 3535 2902 3607 Quinque
2942 3537 3161 3608 panibus
3199 3539 3424 3608 quinque
3468 3540 3635 3594 millia
3660 3541 3732 3592 ci-

2139 3607 2342 3661 bantur.
2376 3608 2489 3662 Hoc
2533 3608 2678 3662 enim
2711 3617 2796 3663 est
2839 3607 3170 3678 praecipuum
3211 3607 3403 3680 capitis
3449 3626 3732 3682 argumen-

2145 3688 2278 3734 tum.

2207 3750 2338 3823 208.
2355 3749 2632 3823 Plerique,
2657 3757 2824 3823 atque
2844 3750 3196 3823 vetustissimi
3224 3750 3395 3823 nostri
3423 3767 3582 3815 tnss.,
3603 3751 3728 3823 Reg.

2139 3821 2194 3884 1,
2223 3821 2278 3887 2,
2311 3822 2366 3887 5,
2401 3820 2550 3875 Vatt.
2581 3820 2707 3886 1,2,
2737 3821 2886 3882 Alb..
2915 3821 3176 3876 Ottobon.
3202 3823 3254 3888 1,
3277 3822 3335 3890 2,
3366 3823 3552 3890 Rom.,
3573 3820 3726 3889 Angl,

2136 3892 2422 3965 Meuicum
2447 3893 2633 3965 Caut.,
2657 3892 2860 3965 Parrh.
2884 3902 2938 3947 et
2962 3893 3084 3946 aliis
3106 3894 3291 3957 editis,
3319 3895 3568 3965 scribunt
3591 3893 3732 3965 Moy-

2137 3979 2236 4018 ses.
2269 3962 2624 4018 Recentiores
2652 3978 2772 4034 cum
2801 3964 2926 4019 Ald.
2958 3971 3016 4018 et
3068 3965 3190 4018 aliis
3218 3966 3519 4034 praeierunt
3543 3962 3726 4030 Moses,

2138 4037 2284 4103 quia,
2317 4042 2374 4089 ut
2403 4035 2639 4108 advertit
2682 4033 2983 4108 Grunerus,
3017 4033 3229 4108 Moyses
3251 4035 3596 4108 trisyllabum
3628 4037 3728 4108 prif

2138 4121 2280 4160 mam
2329 4105 2579 4174 corripit,
2633 4115 2688 4160 et
2735 4106 3027 4160 secundam
3082 4105 3368 4174 producit;
3391 4107 3584 4160 Verum
3635 4106 3730 4161 etsi

2137 4177 2383 4244 exetupla
2415 4176 2663 4246 quaedam
2713 4187 2862 4242 sunt,
2911 4193 2975 4231 ex
3031 4177 3229 4247 quibus
3255 4186 3498 4247 apparet,
3553 4189 3730 4246 poetas

2137 4247 2476 4319 Christianos
2521 4247 2750 4314 primam
2781 4249 2834 4302 in
2882 4248 3090 4319 Moyses
3127 4247 3482 4319 corripuisse,
3536 4263 3724 4303 secun-

2137 4319 2261 4374 dam
2296 4318 2635 4383 produsisse.
2661 4327 2845 4373 tamen
2874 4318 3093 4374 difﬁcile
3112 4329 3196 4375 est
3224 4318 3288 4374 in
3307 4319 3392 4374 his
3423 4319 3722 4373 nominibus

2139 4390 2376 4460 propriis
2400 4390 2754 4461 Hebraeorum
2783 4390 2958 4461 legem
2981 4399 3245 4451 statuere.
3271 4391 3338 4446 ad
3365 4406 3526 4461 quam
3550 4404 3730 4444 versus

2142 4473 2423 4530 poetarum
2455 4460 2886 4516 Christianorum
2919 4461 3111 4529 reﬁngi
3140 4460 3399 4522 debeant,
3449 4478 3569 4516 cum
3603 4475 3729 4530 poe-

2069 4516 2117 4577 D
2144 4516 2215 4589 ite
2242 4531 2508 4600 sequioris
2536 4533 2732 4599 aetatis,
2765 4533 2926 4588 etiam
2954 4516 3351 4602 etltiiici,ﬁsaepe
3379 4516 3430 4586 in
3455 4516 3727 4601 quibusvis

2146 4603 2456 4659 nominibus
2490 4603 2721 4672 propriis
2742 4604 3037 4674 ell'erendis
3062 4619 3309 4674 magnam
3340 4604 3443 4658 sibi
3468 4604 3730 4659 licentiam

2146 4674 2524 4744 arrogaverint
2549 4691 2561 4726 :
2591 4690 2695 4742 qua
2721 4673 2788 4729 de
2811 4689 2871 4729 re.
2891 4675 3120 4729 disserui
3149 4673 3392 4741 pluribus
3420 4674 3476 4728 in
3503 4675 3734 4730 Pruden—

2146 4747 2326 4801 tianis.
2361 4744 2513 4812 Quod
2537 4745 2735 4816 attinet
2760 4746 2978 4816 quidem
3007 4746 3071 4800 ad
3098 4745 3325 4816 Moyses,
3357 4746 3533 4814 prima
3567 4747 3734 4816 potius

2142 4827 2288 4872 esset
2317 4815 2685 4887 producenda,
2719 4832 2841 4870 cum
2870 4815 3060 4873 Graece
3098 4815 3369 4872 scribatur
3401 4833 3499 4886 per
3527 4815 3730 4887 oinega.

2144 4887 2410 4956 Quidquid
2456 4887 2509 4960 id
2539 4887 2809 4960 est,inihil
2855 4887 3058 4956 obstat,
3104 4889 3395 4956 quominus
3426 4887 3632 4960 Moyses
3659 4889 3730 4942 sic

2142 4967 2426 5015 exaratum
2457 4958 2782 5030 disyllabum
2814 4961 3010 5030 sitper
3043 4960 3477 5030 contractionem
3508 4958 3728 5014 duarum

2140 5029 2431 5102 vocalium.
2466 5029 2826 5102 Trisyllabum
2860 5029 3067 5102 Moyses
3099 5030 3201 5085 hoc
3239 5029 3434 5086 eodem
3483 5031 3623 5086 libro
3647 5046 3732 5084 oc-

2141 5101 2313 5156 currit
2343 5116 2488 5155 vers.
2513 5100 2648 5155 285.

2208 5173 2336 5226 210.
2368 5171 2582 5233 Arntz.,
2622 5171 2781 5227 Cant.
2821 5181 2876 5227 et
2906 5172 3122 5228 scheda:
3161 5171 3394 5237 Poelm.,
3437 5189 3565 5229 cum
3603 5188 3727 5228 mss.

2140 5245 2343 5298 nostris
2373 5243 2503 5308 Reg.
2534 5242 2590 5308 2,
2632 5244 2686 5303 ὗ,
2721 5243 2893 5298 Vatic.
2940 5244 2995 5312 2,
3033 5243 3152 5299 Vat.
3186 5247 3208 5300 1
3259 5260 3325 5299 ex
3366 5245 3728 5310 correctione,

2139 5315 2323 5370 Ollol).
2349 5313 2404 5382 2,
2434 5314 2598 5382 Ang.,
2633 5312 2791 5380 Urb.,
2820 5315 2969 5381 Alb.,
3001 5317 3185 5371 multo.
3218 5317 3309 5371 Sic
3340 5315 3557 5383 Parrh.,
3589 5316 3729 5380 Ald.,

2141 5397 2194 5441 et
2222 5389 2402 5440 multae
2423 5387 2659 5455 antiquae
2679 5387 2971 5441 editiones.
3000 5387 3102 5442 Alii
3126 5402 3256 5444 mss.
3287 5396 3344 5442 et
3369 5387 3526 5456 editi,
3553 5385 3730 5441 inulta.

2143 5456 2470 5514 Utrumlibet
2505 5466 2712 5512 rectum
2743 5465 2846 5524 est,
2879 5473 3000 5514 cum
3037 5459 3143 5512 ales
3167 5459 3237 5514 sit
3266 5469 3373 5514 tam
3425 5458 3732 5522 masculini,

2138 5544 2297 5600 quam
2331 5527 2549 5600 feminei
2582 5529 2819 5600 generis.

2206 5600 2332 5656 211.
2371 5598 2489 5653 Vet.
2526 5598 2668 5665 1,2,
2699 5600 2871 5675 Mom,
2911 5602 3131 5675 geminis
3177 5603 3333 5658 modo
3364 5603 3586 5674 panibus
3631 5616 3733 5654 am-

2137 5671 2301 5741 plum,
2334 5679 2389 5725 et
2425 5686 2474 5722 ν.
2511 5685 2624 5740 seq.
2658 5671 2816 5746 pluit,
2863 5671 3016 5731 modo
3047 5675 3274 5746 piscibus
3299 5671 3472 5742 auxit,
3522 5675 3732 5728 inverso

2134 5752 2192 5799 et
2221 5752 2558 5813 praepostero
2585 5743 2800 5800 ordine.
