4086 6184
343 262 448 320 657

1609 474 1872 548 [amplum

481 564 730 636 Quinque
774 565 926 622 dedit
975 565 1173 622 victum
1227 581 1324 637 per
1371 565 1518 622 milia
1570 569 1810 641 quinque
1870 569 1945 623 vi-

1631 664 1866 738 [rorum.

481 753 694 810 Caetera
726 755 880 811 turba
915 756 1084 822 latet,
1120 774 1351 815 numero
1390 775 1491 816 nec
1531 760 1807 816 clauditur
1835 762 1946 817 ullo

332 844 443 901 215
482 845 714 902 Maxima
743 863 1034 918 parvorum
1067 849 1210 920 legio
1231 893 1246 917 ,
1277 854 1360 906 vel
1405 852 1641 908 maxima
1681 862 1936 907 matrum.

1480 265 1768 323 CARMEN
1807 267 2197 326 PASCHALE.
2239 268 2370 326 LIB.
2412 269 2505 326 Ill.

486 377 956 452 2615ufficiens
979 389 1106 436 tunc
1132 394 1328 436 manna
1347 379 1506 452 pluit,
1531 382 1696 438 modo
1719 383 1950 454 panibus
1977 386 2027 447 Α

3542 273 3648 330 658

2198 384 2378 440 Torva
2411 384 2750 442 laborantem
2775 386 3057 457 iactabant
3084 399 3306 457 aequora
3336 385 3562 458 puppim
3584 427 3602 454 ,

2048 478 2156 534 225
2193 479 2468 535 Adversus
2496 495 2620 535 nam
2663 480 2826 536 ﬂatus
2852 489 3000 546 erat;
3034 489 3161 535 tunc
3190 480 3366 536 noctis
3395 494 3579 550 opaca:

2192 573 2464 645 Tempore
2477 576 2719 631 calcatas
2740 575 3008 630 Dominus
3027 575 3435 645 superambulat
3452 573 3650 645 undas,

2188 667 2256 722 Et
2281 668 2420 723 vasti
2449 669 2651 738 premit
2679 683 2806 723 arva
2833 667 2959 725 freti
2991 711 3006 736 ,
3046 669 3363 739 glaucisque
3391 667 3612 723 fluentis

2185 761 2529 818 Circumfusa
2559 778 2746 819 sacras
2775 764 3092 819 lambebant
3115 777 3389 818 marmora
3412 762 3650 833 plantas.

2190 857 2416 913 Miratur
2445 857 2750 928 stupefacta
2775 859 2993 925 cohors,
3023 858 3126 913 sub
3159 858 3296 912 calle
3328 855 3567 928 pedestri

475 941 743 1012 Quodque
757 945 925 1014 magis
939 946 1456 1015 stupeas,cophinos
1471 948 1652 1002 ablata
1668 948 1948 1016 replerunt
2044 947 2152 1004 250
2190 949 2486 1021 Navigeras
2517 953 2760 1021 patuisse
2795 950 2912 1006 vias
2941 969 2954 1004 :
2986 959 3040 1004 at
3066 951 3260 1005 Petrus
3289 951 3524 1005 amicam

478 1035 788 1108 Fragmina
849 1037 1098 1094 bissenos
1139 1081 1154 1105 ,

1634 1134 1814 1206 [aucta
1847 1175 1864 1201 ,

475 1221 608 1290 Quae
634 1223 777 1280 redit
805 1239 836 1279 a
867 1225 1100 1296 cunctis,
1135 1240 1242 1281 non
1268 1236 1354 1282 est
1374 1228 1498 1284 data
1526 1229 1685 1298 copia
1709 1229 1935 1287 mensis.

543 1320 771 1392 Jamque
801 1331 1180 1379 senescentem
1205 1326 1366 1380 calidi
1399 1325 1500 1380 sub
1519 1325 1716 1381 caerula
1749 1326 1903 1395 ponti

326 1416 435 1473 220
472 1418 689 1474 Oceano
716 1421 964 1491 rapiente
991 1420 1160 1489 diem,
1184 1437 1311 1478 cum
1339 1424 1514 1493 pallor
1536 1423 1754 1480 adesset

467 1510 675 1576 Noctis,
705 1521 760 1567 et
782 1511 1065 1569 astriferas
1083 1514 1658 1584 induceretheSperus
1685 1515 1932 1584 umbras,

469 1605 631 1679 262
660 1605 955 1676 Discipuli,
1006 1607 1124 1662 solo
1157 1609 1319 1664 terris
1350 1609 1625 1665 residente
1651 1608 1929 1677 magistro,

469 1695 748 1754 Undosum
783 1699 991 1770 petiere
1023 1701 1223 1768 salum,
1249 1701 1524 1773 fluctuque
1558 1710 1824 1769 tumente,

1221 1041 1545 1112 populisque
1626 1041 1942 1097 vorantihus

2193 1043 2396 1097 lloctus
2439 1041 2646 1098 habere
2689 1042 2851 1098 fidem
2877 1083 2890 1109 ,
2927 1040 3316 1114 Christumque
3346 1056 3651 1113 agnoscere

3305 1138 3547 1212 [semper
3563 1180 3578 1205 ,

2187 1233 2243 1287 In
2274 1232 2484 1288 medias
2511 1233 2795 1290 descendit
2826 1249 3017 1304 aquas,
3042 1249 3204 1303 quem
3233 1234 3425 1289 dextra
3452 1233 3654 1289 levavit

2188 1328 2484 1383 Labentem
2519 1330 2759 1398 Domini,
2792 1330 2866 1384 nil
2891 1340 3042 1386 tanto
3065 1329 3119 1384 in
3141 1329 3352 1400 gurgite
3384 1343 3600 1396 passum
3629 1345 3644 1381 :

2187 1419 2348 1491 263
2392 1419 2488 1475 Cui
2537 1430 2724 1491 portus
2774 1420 2875 1475 fuit
2932 1421 3021 1475 illa
3080 1432 3296 1484 manus,
3356 1417 3642 1488 pelagique

3371 1508 3572 1582 [viator

2039 1601 2145 1658 255
2185 1602 2381 1659 Libera
2406 1618 2503 1674 per
2530 1605 2738 1660 vitreos
2758 1603 2935 1660 movit
2959 1603 3182 1674 vestigia
3213 1617 3458 1672 campos.

2252 1696 2497 1752 Genesar
2521 1695 2645 1752 inde
2675 1695 2804 1765 soli,
2841 1696 3066 1751 Domino
3092 1696 3370 1763 veniente,
3399 1694 3580 1752 coloni

1888 1808 2284 1870 PASCHALE.

1669 1819 1690 1871 (
1888 1813 2284 1870 PASCHALE.

328 1907 638 1965 redundare
664 1908 792 1964 fecit
813 1910 1199 1981 quantitatem.
1231 1912 1382 1966 Tunc
1422 1813 1940 1967 uberrimtitlnuesmlo
1969 1906 2020 1967 B
2045 1904 2171 1959 cido
2197 1904 2591 1973 comprimcbat
2619 1904 2860 1970 incessu,
2895 1918 3157 1974 sacraque
3187 1902 3389 1958 Christi
3417 1904 3639 1975 vestigia

327 2016 530 2057 manna
571 2001 810 2066 diffudit,
858 2003 1022 2058 modo
1050 2005 1294 2074 quinque
1328 2002 1556 2071 panibus
1585 2003 1928 2068 distributis,

325 2097 553 2152 totidem
577 2099 818 2154 virorum
847 2100 1087 2154 millibus
1121 2101 1310 2170 epulas
1337 2100 1618 2155 abundare
1635 2099 1928 2178 concessit.

319 2189 547 2252 Ceterae
591 2201 770 2246 motus
820 2191 994 2246 turba:
1025 2192 1260 2258 delituit,
1308 2193 1620 2259 mulierum,
1670 2192 1930 2262 parvulo-

325 2297 556 2352 rumque
581 2286 928 2359 multitudine
952 2301 1236 2340 numerum
1256 2303 1362 2341 non
1388 2287 1655 2352 habente;
1679 2287 1932 2358 quodque

319 2375 492 2445 magis
542 2377 774 2445 amplius
820 2365 1134 2447 admireris,
1184 2381 1433 2450 quisquis
1473 2381 1575 2434 ista
1609 2380 1927 2450 perlegeris,

319 2468 363 2523 si
404 2469 633 2523 necdum
667 2469 760 2524 tibi
801 2479 926 2524 nota
969 2469 1251 2536 didiceris,
1286 2482 1412 2540 post
1449 2471 1730 2540 expulsam
1776 2481 1929 2525 satu-

319 2567 454 2613 ratas
484 2559 663 2629 plebis
699 2560 939 2616 esuriem
968 2562 1236 2630 c0pltinos
1266 2563 1449 2618 ablata
1481 2561 1769 2617 duodecim
1795 2563 1934 2634 frag-

317 2661 630 2704 mentorum
663 2652 837 2707 moles
864 2651 1130 2724 implevit.
1161 2652 1271 2708 Nec
1295 2663 1440 2708 tanta
1469 2652 1571 2707 fuit
1599 2654 1776 2723 copia,
1801 2669 1926 2708 cum

317 2741 497 2808 daret,
530 2753 735 2814 quanta
767 2742 867 2798 fuit
893 2745 945 2798 in
971 2743 1218 2814 reliquiis
1242 2744 1352 2815 jam
1387 2743 1644 2810 fastidita,
1675 2759 1798 2798 cum
1828 2745 1927 2800 tol-

319 2834 471 2890 litur.

392 2927 611 2984 Interea
675 2929 779 2984 sub
831 2929 1095 2985 czerulosa
1157 2931 1439 2984 :estuautis
1497 2931 1639 2985 unda
1694 2930 1926 2987 fervoris

317 3038 528 3080 oceano
562 3023 706 3079 diem
746 3025 1084 3095 suscipiente
1123 3025 1489 3095 praecipitem,
1529 3040 1650 3080 cum
1693 3026 1928 3081 stellata:

318 3119 500 3174 noctis
525 3119 834 3188 proximum
863 3135 961 3191 per
995 3119 1256 3190 pallidum
1289 3119 1562 3175 nuntiaret
1594 3120 1922 3186 adventum,

320 3212 483 3267 terris
541 3213 800 3283 magistro
846 3212 1153 3279 residente,
1197 3211 1455 3282 discipuli
1511 3215 1780 3268 marinum
1823 3216 1921 3268 soli

2039 1997 2154 2050 miti
2187 1997 2412 2067 pelagus
2439 1996 2731 2053 abluvione
2783 1996 3078 2052 lambebat.
3129 1996 3395 2051 Mirantur
3437 2011 3638 2052 novum

2036 2087 2216 2144 subito
2241 2087 2608 2158 periclitantes
2628 2098 2933 2159 aSpectum,
2961 2089 3205 2157 pedestri
3231 2089 3333 2143 sub
3354 2089 3496 2146 calle
3519 2092 3638 2146 vias

2035 2183 2280 2252 patuisse
2324 2185 2637 2255 navigeras.
2679 2186 3014 2256 Cunctisque
3061 2188 3400 2253 nutantibus,
3454 2196 3637 2242 utrum

2035 2291 2166 2330 vere
2194 2276 2460 2330 Dominus
2489 2287 2800 2346 appareret,
2824 2295 2895 2332 an
2919 2279 3109 2334 oculos
3133 2289 3279 2335 metu
3301 2279 3640 2336 discriminis

2034 2371 2390 2426 obumbralos
2423 2373 2628 2427 incerta
2671 2373 2921 2442 caliginis
2964 2373 3259 2430 simulacra
3293 2374 3633 2444 deciperent,

2036 2463 2228 2518 Petrus
2250 2463 2375 2519 fidei
2407 2465 2650 2532 saucius,
2687 2475 2742 2520 et
2768 2467 3001 2530 amicus,
3029 2466 3117 2520 cui
3156 2465 3440 2520 familiaris
3461 2468 3634 2536 gratia

2033 2572 2252 2624 semper
2281 2557 2557 2612 Christum
2603 2572 2900 2628 agnoscere
2929 2558 3285 2624 concedebat,
3315 2569 3374 2612 ut
3414 2559 3481 2613 ad
3511 2575 3635 2614 eum

2032 2660 2306 2724 pergeret,
2357 2653 2671 2723 postulavit.
2720 2651 3091 2724 Vocatusque,
3137 2654 3212 2708 nil
3261 2653 3540 2722 trepidans
3578 2655 3633 2708 in

2033 2745 2244 2800 marina
2288 2744 2596 2812 descendit,
2639 2745 2789 2800 nulla
2820 2745 3105 2801 refluentis
3145 2745 3306 2801 unda:
3335 2747 3637 2816 rapacitate

2031 2838 2372 2903 submersus,
2401 2838 2491 2908 qui
2522 2837 2822 2893 Dominicte
2853 2853 3052 2893 manus
3079 2839 3284 2893 auxilio
3313 2838 3637 2894 sublevatus

2032 2933 2270 3002 potentis
2298 2931 2540 2988 dextera:
2567 2932 2901 2986 tutissimum
2931 2931 3270 3001 confugisset
3295 2931 3365 2985 ad
3389 2943 3629 3001 portum,

2030 3040 2240 3096 perque
2290 3027 2495 3080 vitreos
2543 3024 2673 3079 salsi
2706 3025 2874 3079 maris
2921 3039 3144 3094 campos
3189 3024 3384 3080 callem
3437 3027 3636 3091 secuit,

2029 3128 2219 3174 contra
2251 3128 2492 3174 mentem
2536 3119 2712 3188 pelagi
2744 3118 2922 3172 viator
2961 3117 3226 3172 existens.
3261 3116 3305 3172 Ο
3332 3117 3456 3172 fidei
3480 3133 3633 3174 cres-

2029 3213 2207 3267 centis
2233 3219 2590 3282 augmentum
2619 3212 2632 3265 !
2667 3210 2880 3280 pridem
2913 3211 3053 3264 retia
3087 3212 3342 3282 pauperis
3381 3221 3634 3266 contem-

315 3304 568 3375 petivere
598 3306 896 3374 navigium,
923 3305 1243 3376 furebatque
1265 3319 1465 3376 pontus
1497 3308 1804 3376 expositam
1829 3308 1925 3362 fla-
1950 3293 1997 3356 C
2032 3307 2160 3377 psit,
2197 3307 2321 3362 vitae
2356 3305 2632 3369 solatium;
2663 3319 2808 3358 nunc
2850 3303 3024 3372 ipsam
3069 3305 3250 3359 renuit
3277 3305 3467 3370 vitam,
3496 3321 3630 3375 qua-

315 3395 433 3451 hris
459 3397 880 3453 adversantibus
904 3399 956 3453 in
984 3399 1252 3454 carinam.
1271 3398 1426 3453 Tunc
1450 3399 1721 3454 umbrosa:
1744 3402 1922 3455 noctis

312 3501 509 3563 quarta
540 3490 655 3548 fere
691 3491 872 3562 vigilia
923 3492 1162 3547 calcatas
1210 3493 1478 3548 Dominus
1527 3507 1695 3560 super
1742 3495 1920 3550 undas

315 3584 702 3651 obambulans,
737 3585 972 3640 tumidos
1020 3584 1265 3656 spumosi
1297 3585 1526 3656 gurgitis
1567 3583 1768 3640 fluctus
1804 3589 1920 3658 pla-

2033 3409 2193 3456 tenus
2225 3399 2438 3454 veniret
2477 3397 2545 3451 ad
2577 3395 2876 3451 Christum.

2104 3493 2346 3550 Genesar
2378 3491 2541 3560 igitur
2568 3499 2766 3544 terram
2785 3532 2798 3554 ,
2847 3497 2993 3544 cmtu
3021 3489 3316 3545 comitante
3338 3490 3635 3562 discipulo-

2034 3603 2190 3653 rum,
2246 3585 2436 3640 relicta
2467 3581 2724 3637 Dominus
2754 3580 2874 3635 navi
2914 3580 3192 3648 calcabat,
3245 3581 3401 3652 cujus
3441 3584 3635 3638 incolae

1809 3679 2128 3739 SCHOLIA.

385 3771 516 3827 212.
547 3772 807 3828 Nonnulli
836 3772 1037 3843 vulgati
1087 3789 1270 3827 nunc:
1307 3772 1425 3839 lege
1466 3781 1622 3836 tunc,
1661 3781 1716 3826 ut
1770 3789 1915 3828 vers.

312 3843 441 3898 210.
473 3843 607 3898 Vide
648 3844 833 3909 etiam,
867 3858 990 3912 qua:
1013 3845 1259 3912 proxime
1289 3843 1403 3896 dixi
1437 3843 1505 3896 de
1536 3844 1637 3897 hoc
1659 3859 1840 3898 versu.

385 3916 514 3970 216.
541 3914 721 3979 Cant.,
755 3915 869 3985 Reg
900 3916 952 3980 1,
978 3916 1031 3979 5,
1060 3913 1214 3981 Urb.,
1242 3913 1428 3978 Rom.,
1459 3913 1601 3968 Vatt.
1629 3917 1681 3976 1,
1709 3916 1764 3980 2,
1790 3933 1915 3970 cum

313 3985 456 4042 Aldo
484 3999 539 4040 et
582 3986 704 4041 aliis
749 3986 908 4041 editis
931 4029 943 4048 ,
981 3987 1192 4056 Quoque
1225 3987 1407 4058 magis.
1447 3987 1546 4038 Alii
1574 4030 1588 4052 ,
1625 3987 1871 4058 Quodque
1900 4030 1914 4046 ,

313 4059 460 4126 quod
495 4058 727 4112 fortasse
760 4059 858 4111 fuit
889 4074 916 4110 a
951 4073 1032 4124 pr.
1061 4074 1132 4110 tn.
1180 4058 1232 4110 in
1275 4057 1405 4126 Reg.
1455 4059 1506 4122 1,
1539 4067 1594 4109 nt
1626 4059 1676 4109 in
1725 4058 1856 4127 Reg.
1883 4060 1920 4111 2

313 4129 538 4185 videtur
574 4131 720 4194 l-ritts
753 4129 915 4182 fuisse
941 4128 1172 4196 Quoque.
1198 4128 1434 4198 Utraque
1461 4127 1618 4182 lcetio
1645 4129 1780 4181 bona
1813 4142 1916 4185 est.

315 4199 672 4266 Desumptum
692 4199 742 4254 id
767 4199 1196 4254 estexluvenali
1224 4211 1326 4252 sat.
1352 4205 1405 4262 ti,
1437 4214 1579 4253 vers.
1611 4199 1679 4254 87
1704 4215 1722 4252 :
1755 4198 1924 4270 thue

313 4271 482 4340 magis
502 4281 727 4339 stupeas.
761 4270 910 4325 Meus
942 4270 1199 4325 mendose
1228 4271 1427 4342 replent
1452 4285 1555 4342 pro
1582 4270 1860 4342 replerunt.

385 4342 512 4395 218.
532 4343 861 4396 Arntzettius
887 4357 1008 4396 eum
1053 4340 1362 4395 (Iellat‘ioct
1386 4356 1485 4394 ms.
1513 4340 1722 4393 lleinsii
1751 4341 1922 4396 edidit

317 4412 647 4479 Redditaque
687 4431 716 4465 a
763 4415 983 4466 cunctis.
1019 4413 1150 4481 Reg.
1202 4413 1254 4476 1,
1297 4411 1410 4466 Ott.
1453 4416 1474 4466 1
1510 4453 1524 4472 ,
1557 4411 1782 4466 Reddita
1807 4429 1922 4479 qum

315 4484 539 4554 cunctis.
570 4483 708 4552 Reg.
759 4487 780 4537 1
841 4500 938 4551 pro
969 4484 1025 4537 d.
1053 4498 1096 4536 s.
1138 4485 1206 4536 ab
1235 4485 1422 4537 eadem
1456 4484 1623 4537 veteri
1656 4497 1728 4535 m.
1756 4526 1770 4548 ,
1805 4501 1920 4554 qua:

314 4553 451 4608 redit
481 4573 511 4606 a
531 4558 749 4614 cunctis.
781 4556 926 4625 quod
961 4556 1209 4624 plerique
1232 4555 1324 4608 alii
1347 4571 1476 4608 mss.
1525 4565 1579 4609 et
1599 4553 1728 4607 editi
1759 4553 1919 4610 exni-

2025 3788 2320 3837 senescens,
2363 3770 2556 3824 mensis
2603 3785 2891 3841 senescens,
2921 3785 3058 3832 cum
3083 3786 3252 3841 prope
3293 3770 3454 3828 ﬁnem
3487 3785 3633 3829 sunt.

2095 3845 2224 3899 224.
2258 3843 2427 3903 Meus,
2460 3851 2743 3914 corrupte,
2769 3840 2943 3914 Turba
2971 3840 3257 3896 lnbrantem
3277 3845 3544 3914 jacebant,
3578 3857 3634 3901 ct

2025 3917 2239 3971 videtur
2259 3924 2566 3968 correctum
2591 3911 2765 3966 Turba
2787 3928 2884 3983 per
2908 3913 3244 3967 Perturbata.
3271 3911 3402 3982 Reg.
3433 3917 3483 3982 1,
3511 3933 3632 3971 cum

2026 3989 2326 4057 plerisque,
2359 3983 2609 4057 Torvadet
2654 3984 2833 4057 glossa
2865 4001 3080 4057 aspera;
3113 3985 3452 4057 sedividetur
3482 3988 3637 4054 prius

2024 4059 2193 4113 fuisse
2223 4056 2414 4110 Turba.
2443 4057 2496 4110 In
2519 4055 2705 4110 Ottob.
2739 4057 2764 4110 1
2797 4055 2945 4112 clare
2971 4056 3162 4111 Turba.
3189 4056 3346 4122 Urb.,
3372 4067 3427 4111 et
3453 4058 3628 4114 Vatic.

2021 4129 2079 4193 2,
2101 4128 2364 4201 jactabat.
2397 4128 2503 4184 Sed
2535 4127 2695 4182 lectio
2722 4129 3030 4182 communis
3054 4139 3202 4184 recte
3233 4129 3499 4197 procedit.

2103 4202 2232 4256 225.
2268 4203 2480 4262 Arntz.,
2505 4209 2684 4251 ventus
2711 4215 2807 4264 pro
2833 4202 3008 4268 ﬂatus.

2102 4272 2228 4326 227.
2264 4270 2386 4323 Vat.
2414 4272 2483 4342 2,
2506 4269 2636 4338 Reg.
2669 4270 3027 4342 5,rglauciquc
3056 4271 3299 4340 ﬂuentis,
3328 4272 3473 4341 quod
3513 4273 3630 4328 cdi-

2033 4352 2143 4397 tum
2176 4351 2260 4395 est
2285 4342 2355 4395 ab
2387 4339 2693 4414 Aldo_;_sed
2719 4339 2872 4394 deest
2901 4339 3096 4414 sensus
3117 4384 3132 4407 ,
3165 4344 3266 4398 nisi
3291 4339 3438 4414 legas
3479 4343 3636 4414 glau-

2029 4416 2174 4485 cique
2211 4413 2396 4485 [luenti
2422 4411 2680 4485 ,_scilicet
2713 4427 2982 4485 marmora
3015 4403 3205 4485 fluenti
3235 4403 3434 4483 glauvci.
3468 4403 3631 4485 Was-

2029 4482 2144 4539 sius
2168 4484 2231 4536 ad
2261 4483 2397 4538 Sall.
2425 4483 2543 4536 Cat.
2565 4482 2657 4545 2|,
2691 4499 2743 4548 p.
2772 4482 2864 4546 27,
2896 4499 2958 4535 ev
2983 4483 3108 4536 cod.
3137 4482 3268 4537 bibl.
3297 4485 3446 4553 publ.
3473 4484 3629 4541 Cant.

2029 4556 2160 4626 legit
2185 4555 2430 4626 siccisque
2454 4555 2686 4626 ﬂuentis,
2718 4555 2856 4626 quod
2907 4553 3188 4608 Grttnerus
3217 4564 3273 4609 et
3305 4555 3634 4612 Arntzenius

315 4627 468 4698 bent.
495 4617 820 4681 Arntzenius
845 4641 941 4690 pro
962 4617 1067 4678 hac
1093 4617 1325 4680 lectione
1346 4629 1479 4698 citat
1502 4624 1852 4698 Parrhasium
1903 4643 1915 4679 :
1948 4617 1997 4677 D
2025 4617 2356 4696 prinferuntf
2378 4617 2494 4678 Non
2538 4617 2754 4695 placet,
2802 4623 3003 4698 fluenta
3045 4627 3233 4698 _vocari
3252 4628 3422 4698 Asicca
3447 4669 3461 4691 ,
3507 4630 3633 4698 quia

314 4696 412 4750 sed
447 4697 492 4750 is
522 4698 689 4751 edidit
717 4697 940 4751 Reddita
959 4712 1075 4759 quia
1095 4698 1312 4750 cunctis.
1341 4696 1532 4750 Nostra
1557 4697 1824 4765 scriptura
1853 4713 1920 4750 ex

316 4782 505 4839 prosa,
530 4785 647 4820 cunt
675 4771 899 4839 tollitur,
925 4771 1072 4839 clare
1098 4770 1472 4839 confirmatur.
1675 4811 1678 4814 .

389 4838 518 4894 219.
563 4839 746 4906 Rom.,
775 4838 873 4893 Ubi
922 4838 1177 4892 Dominus
1219 4838 1497 4892 ambulavit
1549 4853 1709 4908 supra
1756 4854 1915 4892 mare.

315 4909 453 4978 Reg.
506 4912 527 4964 1
561 4951 576 4973 ,
631 4911 781 4965 Meus
814 4913 867 4964 in
916 4919 1199 4974 contextu,
1223 4909 1410 4972 calidi,
1443 4907 1818 4974 cujus'glossa
1865 4908 1916 4962 in

319 4981 513 5049 lteg.1.
535 4983 794 5047 feruentis,
817 4983 870 5035 in
888 4997 996 5052 quo
1011 4990 1188 5036 tamen
1206 4980 1434 5035 fortasse
1453 4980 1604 5050 prius
1624 4979 1725 5052 fuit
1735 4979 1916 5048 gelidi.

317 5052 409 5107 Sic
438 5052 585 5106 Meus
636 5070 734 5122 pro
763 5055 818 5106 d.
853 5051 913 5106 s.’
939 5067 1058 5106 cum
1092 5052 1333 5122 reliquis.
1366 5052 1534 5120 Magis
1571 5051 1789 5104 erudita
1833 5060 1919 5104 est

317 5125 586 5192 scriptura
619 5125 778 5178 calidi
811 5141 824 5177 ε
859 5125 1136 5191 fingebant
1164 5124 1306 5176 enim
1341 5134 1516 5191 poeta:
1542 5163 1557 5184 ,
1588 5135 1806 5192 aequora
1840 5129 1924 5173 te-

317 5191 546 5265 pescere
574 5212 600 5248 a
649 5197 765 5249 sole
795 5196 1100 5249 occidente.
1133 5194 1390 5248 Horatius
1413 5195 1451 5265 _l.
1487 5201 1658 5265 l,rsat.
1685 5191 1742 5256 4,
1775 5207 1918 5245 vers.

318 5263 388 5320 29
421 5284 431 5318 :
470 5263 570 5319 Hic
603 5276 765 5320 mutat
793 5282 986 5320 merces
1013 5276 1253 5333 surgente
1279 5283 1312 5318 a
1341 5263 1451 5318 sole
1477 5264 1545 5317 ad
1567 5279 1833 5333 eum,iquo
1852 5292 1924 5302 —

328 5335 634 5408 Vespertina
663 5347 798 5404 tepet
827 5339 990 5405 regio.
1018 5332 1313 5408 Ovidiusl.
1349 5351 1365 5390 t
1401 5336 1528 5392 Met.
1558 5336 1648 5408 65,
1685 5332 1923 5408 Vesper,

318 5419 368 5462 et
400 5403 618 5462 occiduo
636 5403 753 5479 qua:
779 5403 954 5462 littora
981 5407 1087 5460 sole
1117 5415 1397 5478 tepescunt.
1421 5406 1670 5479 Tibullus
1701 5405 1737 5456 Ι.
1767 5419 1824 5479 tt,
1855 5403 1925 5457 el.

321 5479 355 5551 5
388 5497 416 5551 :_
436 5476 658 5551 Quaque
679 5488 852 5551 patent
898 5488 1072 5541 ortus,
1103 5488 1150 5532 et
1169 5476 1290 5547 qua
1319 5478 1642 5551 ﬂuitantibus
1673 5476 1826 5527 undis
1853 5505 1924 5516 —

323 5549 464 5604 Solis
492 5549 800 5604 anhelantes
819 5551 982 5604 abluit
1012 5551 1179 5603 amnis
1193 5565 1367 5619 equos.
1397 5550 1502 5603 Alii
1527 5557 1742 5602 veteres
1772 5556 1922 5614 puta-

323 5620 476 5689 bant,
503 5622 942 5692 solemquotidie
970 5620 1188 5675 Oceano
1211 5619 1481 5687 exstingui
1507 5637 1518 5673 :
1549 5634 1618 5692 ex
1647 5633 1755 5692 quo
1774 5633 1924 5692 mare

324 5694 660 5749 recalescere
685 5689 919 5749 necesse
951 5703 1089 5746 erat.
1127 5691 1332 5748 Dicitur
1380 5706 1512 5746 vero
1543 5689 1634 5760 sol.
1663 5689 1748 5743 vel
1809 5691 1925 5744 dies

328 5781 596 5820 senescens
646 5781 744 5835 pro
800 5763 1065 5819 occidente
1103 5779 1169 5818 eo
1223 5761 1337 5818 fere
1391 5762 1596 5838 modo,
1637 5775 1745 5830 qna
1801 5762 1926 5816 luna

2030 4695 2229 4767 planta:
2259 4699 2418 4752 siccae
2453 4704 2610 4750 erant
2653 4713 2666 4747 :
2703 4711 2876 4764 neque
2909 4695 2959 4748 id
3005 4696 3209 4765 placuit
3250 4695 3588 4766 Wopkens'io
3614 4745 3628 4767 ,

2027 4769 2122 4837 qui
2173 4770 2286 4838 ipse
2321 4768 2646 4835 conjiciebat
2693 4767 2966 4834 mucisque
3013 4770 3251 4834 ﬂuentis,
3289 4771 3383 4824 sed
3438 4773 3636 4827 melius

2027 4839 2350 4904 concludit,
2381 4854 2504 4908 quae
2553 4839 2764 4906 integra
2815 4847 2962 4899 sunt,
3013 4842 3281 4895 movenda
3339 4859 3445 4896 non
3487 4857 3631 4897 esse.

2026 4909 2360 4982 Arntzenius
2382 4913 2735 4982 _ex__Arator_eA
2755 4925 2863 4982 pro
2885 4910 3144 4982 siccisque
3184 4915 3395 4982 ﬂuentis
3431 4913 3635 4981 profert

2025 4980 2080 5034 itt
2128 4986 2288 5050 epist.
2332 4979 2396 5034 ad
2445 4979 2636 5049 Vigil.,
2667 4978 2937 5033 Fluctibus
2973 4981 3027 5036 in
3057 4978 3239 5036 mediis
3269 4986 3353 5036 cui
3384 4978 3465 5037 via
3497 4987 3633 5037 sicca

2026 5052 2149 5120 fuit.
2198 5052 2302 5106 Sed
2334 5066 2508 5118 neque
2541 5053 2642 5105 ltoc
2683 5053 2804 5105 loco
2845 5052 3042 5105 fluctus
3086 5064 3348 5108 vocantur
3375 5055 3498 5108 sicci
3529 5070 3545 5107 :
3577 5063 3633 5108 et

2027 5121 2281 5178 Sedulius
2307 5123 2425 5190 ipse
2449 5122 2502 5174 in
2522 5136 2684 5189 prosa
2705 5122 2856 5175 nullo
2878 5122 3040 5177 modo
3061 5124 3196 5178 sicca
3217 5123 3417 5179 fluenta
3436 5125 3634 5179 innuit.

2099 5194 2228 5248 229.
2278 5193 2530 5259 Plerique
2553 5237 2566 5255 ,
2601 5191 2754 5264 calle.
2810 5191 3020 5248 Poelm.
3053 5236 3067 5259 ,
3106 5194 3173 5248 ad
3207 5210 3379 5264 marg.
3412 5237 3426 5260 ,
3469 5197 3632 5250 calce.

2029 5263 2182 5318 Meus
2229 5264 2283 5318 in
2332 5271 2591 5318 contextu
2645 5262 2784 5317 calce
2810 5304 2824 5329 ,
2856 5264 2924 5318 ad
2958 5279 3128 5334 marg.
3156 5263 3290 5318 calle
3314 5262 3510 5336 {quod
3547 5282 3636 5322 re-

2033 5335 2346 5388 linendum.

2033 5336 2346 5391 linendum.

2037 5477 2071 5529 ά
2100 5407 2232 5487 252.
2275 5407 2446 5471 Meus,
2476 5405 2693 5459 dextera
2717 5421 2736 5459 :
2767 5413 2826 5458 ut
2855 5413 2960 5460 stet
2992 5419 3184 5462 versus
3208 5445 3226 5475 ,
3259 5407 3635 5478 reponendum

2073 5487 2240 5529 extra.

2073 5483 2240 5532 extra.

2097 5548 2228 5622 256ἒ
2263 5547 2460 5622 ἢθη,
2484 5546 2606 5622 _Ubi
2640 5543 2898 5622 Dominus
2937 5549 3143 5622 sanauit
3161 5551 3434 5620 quemdam
3475 5565 3640 5622 aegro-

2028 5629 2155 5694 t_um.
2181 5617 2494 5694 Meus__,_Ad
2521 5627 2723 5694 tactum
2773 5618 2925 5694 vestis
2953 5617 3260 5694 _liberantur
3316 5617 3547 5694 (egroti;
3580 5622 3640 5678 In

2028 5691 2140 5746 Ott.
2171 5694 2196 5746 1
2231 5690 2483 5745 scribitur
2510 5687 2764 5760 Genesar,
2791 5696 2846 5743 et
2878 5689 3098 5745 videtur
3131 5693 3278 5760 prius
3306 5687 3476 5750 fuisse
3506 5693 3642 5749 Gen-

2029 5779 2208 5827 nezar;
2253 5761 2378 5818 Alh.
2413 5760 2636 5818 exhibet
2664 5758 2939 5817 Genessar.
2969 5758 3144 5818 Meus
3174 5763 3406 5820 σαπρίαν
3434 5807 3448 5831 ,
3481 5765 3638 5822 Rom.
