4086 6184
258 268 363 327 665

391 381 728 453 Sidereoque
748 395 908 451 sono,
940 381 1093 438 Meus
1115 388 1201 437 est
1226 379 1317 436 hic
1340 378 1539 451 Filius,
1569 380 1743 448 aiens,

390 475 644 532 Ostendit
668 474 837 531 verbo
866 474 1111 546 genitum
1137 488 1245 529 vox
1265 472 1443 545 patria
1466 472 1773 529 Christum.

465 567 763 637 Postquam
793 581 1089 638 corporeos
1113 567 1286 623 virtus
1304 581 1553 638 regressa
1578 582 1674 638 per
1698 575 1849 624 artus

389 662 561 736 27o
588 662 754 719 Texit
774 662 1055 718 adoratam
1078 662 1261 717 carnis
1287 661 1560 717 velamine
1591 660 1844 729 formam,

246 756 355 813 295
394 756 577 828 Seque
606 754 788 828 palam
818 756 1081 811 Dominus
1110 755 1325 826 populis
1355 754 1549 823 dedit,
1595 770 1723 812 ecce
1754 770 1845 813 re-

1584 847 1711 920 [pen
1719 855 1774 904 te

395 940 490 996 Vir
519 939 764 1008 humilis,
789 948 990 997 mmsto
1011 935 1260 1010 dejectus
1288 939 1490 996 lumina
1512 940 1667 995 vultu
1687 982 1703 1008 ,

394 1032 673 1098 Procedit,
692 1032 1034 1103 supplexque
1057 1046 1270 1097 manus,
1290 1041 1344 1087 et
1366 1030 1590 1087 brachia
1617 1030 1811 1099 tendit,

402 1129 779 1200 lmploratque
803 1143 1032 1199 gemens
1062 1145 1076 1182 :
1109 1142 1253 1183 unus
1280 1127 1413 1182 mihi
1442 1126 1607 1194 ﬁlius,
1638 1141 1781 1183 unus

394 1220 511 1289 Est,
530 1221 787 1291 Domine:
807 1220 1079 1277 horrenda
1098 1220 1306 1277 lacerat
1326 1235 1488 1292 quem
1503 1219 1729 1291 spiritus
1743 1218 1846 1286 i‘ra,

1379 264 1661 324 CARMEN
1700 261 2089 324 PASCHALE.
2130 266 2262 323 LIB.
2306 266 2400 325 Ill.

3450 266 3555 324 666

1878 386 1935 446 Α
1958 382 2067 440 300
2102 380 2215 437 Nec
2240 380 2458 451 linquit,
2481 378 2588 437 nisi
2609 388 2822 454 mergat
2843 380 3022 452 aquis,
3052 388 3148 437 aut
3173 380 3393 454 ignibus
3422 381 3558 438 atris

2095 475 2255 548 271
2288 475 2585 547 Opprimat,
2606 481 2768 546 atque
2792 473 3030 529 animam
3055 474 3218 531 dubia
3250 476 3353 532 sub
3377 484 3554 532 morte

3274 567 3480 623 fatiget.

3274 567 3365 623 fati
3438 576 3480 624 t.

2096 662 2249 720 Hunc
2274 703 2289 731 ,
2343 676 2539 733 precor
2563 704 2578 731 ,
2635 661 2869 734 expulso
2924 566 3558 736 miseratus[utr::ique

3256 754 3278 829 [
3299 754 3484 814 furore

2096 848 2283 906 Redde
2313 848 2469 917 mihi,
2499 849 2584 907 vel
2610 849 2777 906 redde
2798 849 2927 915 sibi,
2956 864 3026 907 ne
3049 864 3193 907 caeca
3242 859 3485 922 potestas

1972 1020 1977 1023 ι
2096 943 2343 1015 Expellat
2372 942 2638 1014 trepidam
2670 942 2949 999 subtracto
2979 941 3185 999 lumine
3221 942 3408 998 vitam.

1950 1033 2057 1091 505
2093 1033 2337 1104 Dixerat,
2382 1041 2439 1091 et
2481 1050 2656 1106 genua
2684 1032 3053 1107 amplectens,
3086 1034 3424 1106 genibusque
3461 1048 3558 1089 vo-

3304 1126 3482 1181 lutans

3304 1126 3482 1182 lutans

2098 1222 2371 1291 Haerebat,
2406 1221 2776 1291 Dominusque
2807 1219 2898 1291 pio
2928 1218 3039 1292 jam
3067 1126 3449 1291 pectore[votis
3524 1276 3541 1283 ,

1605 1310 1786 1368 OPUS
1828 1311 2209 1370 PASCHALE.

241 1404 478 1462 oraculo
505 1404 723 1461 etelitus
750 1414 1064 1477 prorogato,
1097 1420 1218 1461 cum
1249 1404 1405 1471 dicit,
1443 1403 1544 1458 Hic
1571 1412 1647 1458 est
1672 1403 1847 1459 Filius

239 1515 391 1555 meus
427 1498 668 1564 dilectus,
700 1500 752 1553 in
792 1515 897 1569 quo
937 1500 1059 1553 bene
1095 1500 1411 1572 complacui,
1466 1499 1633 1556 verbo
1663 1499 1848 1557 docuit

238 1590 527 1647 Christum
550 1606 658 1646 vox
693 1600 917 1659 paterna
944 1592 1315 1662 progenitum.

264 1714 271 1719 ε
312 1685 389 1740 At
417 1692 702 1755 postquam
720 1699 1049 1755 corporeum
1080 1686 1341 1741 Dominus
1365 1689 1659 1760 resumpsit
1689 1702 1846 1758 aspe-

235 1784 392 1833 ctum
410 1821 426 1845 ,
458 1776 752 1847 carnisque
777 1777 1046 1833 velamine
1076 1793 1270 1834 rursus
1295 1780 1587 1837 tetheream
1614 1781 1849 1850 protexit

234 1870 512 1943 efﬁgiem,
539 1885 707 1943 seque
732 1871 908 1941 palam
933 1873 1151 1943 populis
1170 1872 1588 1942 demonstravit,
1623 1875 1845 1947 quidam

233 1974 471 2034 repente
496 1963 577 2018 vir
604 1964 846 2030 humilis,
885 1965 1117 2035 genibus
1137 1965 1429 2022 inclinatus
1450 2012 1465 2035 ,
1497 1982 1733 2025 mmrore
1755 1968 1847 2024 de-

228 2056 444 2128 iectus,
475 2057 792 2128 supplicans
815 2058 896 2112 sic
917 2059 1142 2113 orabat:
1174 2059 1382 2116 Unicus
1407 2061 1561 2131 mihi,
1598 2062 1843 2126 Domine.

232 2159 497 2221 superest
537 2148 714 2217 ﬁlius,
757 2150 804 2206 si
831 2165 1123 2221 superesse
1145 2152 1407 2209 dicendus
1436 2164 1553 2221 est,
1587 2155 1641 2210 in
1671 2154 1843 2210 conﬁ-

1954 1408 2047 1462 nio
2069 1408 2262 1464 mortis
2287 1451 2301 1475 ,
2340 1409 2578 1479 vitaeque
2617 1422 2919 1479 suspensus
2945 1451 2960 1476 ,
3008 1423 3171 1480 quem
3218 1409 3445 1479 spiritus
3476 1407 3560 1464 ni-

1954 1501 2119 1555 mium
2149 1500 2392 1557 debellat
2423 1503 2736 1557 immundus
2760 1545 2775 1570 ,
2810 1517 3044 1574 eumque
3076 1502 3386 1558 dilacerans
3413 1546 3429 1571 ,
3464 1510 3559 1557 aut

1952 1594 2187 1651 ﬁammis
2225 1611 2487 1664 exurere,
2533 1606 2628 1652 aut
2670 1598 2724 1653 in
2754 1597 2911 1669 aquis
2941 1597 3136 1654 nititur
3161 1597 3414 1653 molestis
3444 1595 3559 1652 fre-

1951 1697 2182 1757 quenter
2198 1684 2571 1760 exstinguere,
2594 1689 2896 1760 multisque
2916 1691 3140 1761 fatigato
3166 1689 3427 1761 periculis
3449 1698 3558 1745 ter-

1954 1782 2159 1837 tninum
2184 1782 2527 1837 machinatur
2551 1793 2886 1839 extremum.
2918 1783 3097 1850 Hunc,
3125 1796 3224 1837 oro
3248 1791 3300 1849 ",
3324 1781 3553 1851 depulsa

1953 1875 2148 1930 mentis
2176 1875 2385 1930 insania
2413 1918 2427 1942 ,
2476 1876 2611 1930 milii
2654 1876 2825 1932 redde
2851 1918 2865 1941 ,
2907 1877 2996 1932 vel
3025 1877 3169 1945 sibi,
3216 1891 3284 1931 ne
3314 1883 3555 1945 potestas

1955 1969 2172 2024 inimica
2199 1969 2329 2038 luci,
2374 1980 2430 2024 et
2450 1984 2594 2025 caeca
2626 1972 2830 2026 misero
2846 1970 3013 2026 vitam
3044 1969 3332 2026 subtrahat
3358 1969 3556 2039 despe-

1954 2072 2149 2116 ratam.
2196 2062 2322 2117 llaec
2350 2061 2528 2118 adhuc
2559 2062 2773 2118 ﬁetibus
2816 2064 2947 2129 ille,
2996 2063 3313 2135 gemituque
3353 2061 3552 2118 funde-

1955 2155 2063 2225 bat,
2100 2166 2156 2211 et
2195 2155 2449 2211 Dominus
2470 2156 2560 2227 pio
2587 2155 2698 2227 jam
2723 2166 2943 2229 pectore
2967 2172 3194 2229 puerum
3223 2156 3552 2228 sospitabat.

1752 2247 2071 2306 SCHOLIA.

235 2338 350 2394 lem
370 2338 586 2393 luminis
618 2346 827 2409 metam,
852 2339 1011 2394 locus
1040 2349 1125 2396 est
1150 2340 1493 2396 stabiliendae
1527 2342 1749 2397 lectioni
1779 2341 1849 2396 li-

233 2412 531 2483 mitevitaz,
558 2420 647 2467 aut
674 2410 1013 2483 conjectura:
1060 2413 1253 2466 lumine
1281 2414 1422 2467 uiue.
1469 2411 1659 2483 Neque
1709 2413 1844 2469 mihi

233 2481 510 2553 displiCrt
536 2482 830 2553 explicatio
857 2483 1155 2537 Burmanni
1171 2484 1235 2537 ad
1253 2481 1678 2547 Val.Flacc.l.1,
1698 2500 1842 2541 vers.

234 2552 377 2621 825,
407 2568 503 2625 per
526 2552 688 2609 limen
713 2554 838 2608 vitae
864 2556 1090 2625 intelligi
1118 2556 1279 2608 limen
1318 2572 1424 2622 quo
1446 2557 1515 2611 de
1541 2558 1649 2611 vita
1677 2572 1846 2611 exca-

239 2635 363 2679 tur.
422 2624 628 2697 Sensus
669 2627 742 2679 ita
786 2625 930 2690 erit,
980 2624 1201 2697 Mtiyscn
1256 2627 1432 2682 adhuc
1478 2643 1843 2696 permanere,

236 2696 468 2752 etiamsi
499 2712 563 2751 ex
606 2697 705 2752 hac
736 2697 845 2751 vita
900 2696 1220 2757 decesSerit.
1281 2697 1438 2768 Apud
1492 2700 1846 2754 Dracontium

238 2768 438 2840 limina
467 2770 645 2823 mortis
672 2783 816 2838 smpe
844 2771 1109 2834 occurrit,
1144 2771 1220 2823 uti
1253 2770 1396 2840 apud
1443 2770 1739 2826 iuvencum
1779 2771 1846 2825 li-

238 2840 388 2893 mine
418 2838 570 2904 lucis,
601 2843 738 2905 viltB,
770 2842 972 2907 mortis,
1004 2849 1067 2897 ut
1110 2856 1176 2897 ex
1238 2838 1510 2898 indicibus
1559 2842 1845 2897 verborum

241 2923 500 2981 apparet.

313 2983 451 3037 29L
483 2982 704 3049 Parrh.,
724 2983 807 3037 hic
829 2992 900 3038 est
933 2998 950 3037 :
980 2984 1095 3052 alii,
1125 2993 1197 3038 est
1223 2984 1326 3038 hic.
1352 2984 1843 3053 Rom.,mendose,

240 3069 408 3137 agens
443 3070 539 3124 pro
569 3055 735 3123 aiens,
761 3065 818 3110 ut
848 3057 1050 3126 passim
1079 3057 1133 3110 iu
1168 3071 1300 3111 mss.
1322 3058 1428 3131 agit
1460 3072 1559 3129 pro
1588 3058 1663 3110 ait
1696 3058 1850 3112 inve-

240 3134 424 3180 nitur.

1949 2347 2121 2420 trum'
2150 2344 2370 2420 quidem
2453 2360 2585 2420 non
2623 2345 2831 2420 patitur
2900 2345 3179 2420 Procidit,
3231 2349 3556 2420 supplexque

1948 2414 2317 2491 WOpkcnsius
2336 2487 2367 2491 _
2389 2418 2723 2491 conjiciebat
2794 2416 3105 2491 Prociderat
3130 2460 3147 2486 ,
3193 2414 3556 2491 supplexque;

1952 2488 2299 2561 Agrntzeuius,
2328 2487 3001 2561 Procumbil,supplquue
3018 2506 3037 2544 :
3058 2492 3152 2544 sed
3181 2487 3413 2561 uterque
3426 2487 3555 2545 'siue

1952 2559 2106 2613 libris
2136 2574 2266 2613 mss.
2297 2558 2429 2613 nihil
2458 2558 2791 2614 mutandum
2811 2558 3021 2615 censet.
3072 2558 3383 2625 Matthteu’s,
3416 2577 3550 2625 xvtl,

1953 2631 2055 2705 ll,
2077 2629 2151 2705 ait
2189 2647 2202 2682 :
2257 2630 2484 2705 Accessit
2511 2632 2580 2705 ad
2609 2647 2727 2683 eum
2775 2630 2931 2705 homo
2961 2633 3173 2705 genibus
3223 2633 3545 2705 provolutus.

1950 2699 2209 2757 Sedulius
2235 2703 2450 2756 accessit
2479 2702 2547 2755 ad
2565 2718 2683 2756 eum
2712 2699 3085 2773 explicnt'per.
3138 2704 3386 2771 procedit,
3422 2703 3555 2773 roli-

1952 2787 2058 2843 qua
2085 2788 2183 2840 per
2211 2772 2557 2843 supplexque,
2598 2785 2731 2842 ctc.,
2757 2787 2811 2827 ct
2836 2772 3057 2838 clarius,
3086 2790 3235 2829 vers.
3276 2774 3384 2828 505
3411 2792 3423 2828 :
3457 2772 3554 2829 Ge-

1954 2842 2061 2915 nua
2105 2842 2457 2913 amplectens,
2502 2844 2820 2915 genibusque
2874 2845 3115 2900 rolulans
3156 2876 3226 2885 —
3286 2844 3551 2902 erebat.

1950 2913 2186 2980 Poelm.,
2215 2915 2333 2971 Vet.
2367 2918 2421 2979 l,
2449 2913 2618 2981 Mou.,
2650 2917 2797 2981 Bas.,
2836 2917 2982 2979 Co|.,
3014 2916 3334 2986 simplexque
3359 2934 3378 2972 :
3412 2928 3565 2971 mss.’

1949 2986 2192 3060 codices,
2223 2996 2276 3041 et
2319 2989 2576 3060 meliores
2608 2987 2768 3060 editi,
2803 2987 3148 3060 supplexque,
3200 2988 3345 3059 quod
3399 3000 3550 3043 recte

1954 3058 2256 3126 praeferunt
2288 3058 2505 3113 sclieilre
2539 3058 2878 3113 Poelmauni.

2020 3128 2147 3184 298.
2198 3129 2346 3184 Meus
2372 3170 2386 3195 ,
2418 3130 2579 3200 ﬁlius,
2631 3132 2725 3195 ait,
2753 3130 3043 3184 resistente
3076 3139 3271 3185 metro.
3322 3132 3538 3199 Arntz.,

314 3173 450 3251 ass.
506 3196 724 3272 Parrli.,
758 3200 966 3253 verbum
1016 3199 1266 3272 genitum.
1320 3199 1842 3272 Nebrissensiscum
1873 3173 1920 3237 C
1950 3173 2347 3266 instigatur;
2372 3173 2725 3272 balaena":
2753 3173 3272 3272 ’Ᾰῖιξῗξῖἱέέῗῖζὲξ
3303 3173 3535 3268 13ῖίίὲᾙῖ

240 3269 561 3344 invenisset
588 3270 737 3344 verba
764 3272 1019 3344 genitum,
1050 3271 1317 3341 reposuit,
1354 3270 1524 3344 Immo
1545 3302 1616 3311 —
1639 3271 1847 3325 verbum

239 3339 516 3414 genitum.
532 3341 639 3397 Sed
662 3339 1003 3414 sollicitanda
1038 3339 1142 3397 non
1173 3352 1257 3396 est
1283 3342 1558 3414 scriptura
1595 3344 1845 3398 codicum

238 3410 562 3465 inss.verbo
589 3414 839 3481 genitum.
869 3412 1125 3469 Christus
1184 3415 1328 3468 enim
1380 3410 1485 3468 non
1534 3417 1709 3469 solum
1765 3426 1848 3469 est

239 3481 460 3559 uerbum
488 3485 739 3559 genitum,
767 3485 1056 3559 sed_etiar_n
1086 3484 1240 3540 verba
1297 3487 1526 3559 genitus.
1564 3485 1731 3559 lianc
1764 3486 1845 3559 lo-

239 3554 457 3622 quendi
486 3558 756 3610 rationem
790 3571 820 3610 a
862 3556 1113 3611 Patrilms
1170 3554 1483 3622 usurpatam
1538 3557 1850 3626 tbeologice

244 3625 495 3699 explicui
545 3627 612 3680 ad
658 3626 1019 3683 Prudentium
1068 3626 1227 3682 Catlt.
1267 3628 1455 3699 llymu.
1483 3627 1538 3692 5,
1569 3641 1712 3681 vers.
1742 3625 1843 3699 ’2:

244 3694 758 3773 ρηιηὶρανεηδιρὶε,
784 3702 1181 3773 -ρενὺίὸρεηωθι
1213 3694 1401 3770 liytiin.
1430 3699 1519 3764 11,
1547 3698 1795 3773 vers,_l7
1831 3714 1844 3751 :

240 3766 336 3821 Ea:
359 3766 448 3820 ore
474 3766 745 3836 quamlibet
777 3766 962 3824 Patris'
984 3801 1054 3811 —
1076 3766 1173 3825 'Sis
1205 3766 1370 3837 ortus,
1400 3780 1446 3823 et
1468 3769 1623 3823 verbo
1657 3768 1842 3822 editus.

238 3846 271 3899 ir
316 3838 463 3912 295.Δ
486 3841 640 3912 Iiom_.
676 3859 689 3893 :
722 3839 850 3895 Cum
876 3842 1129 3896 Dominus
1158 3842 1288 3895 redi!
1312 3841 1363 3893 in
1414 3842 1683 3911 pristinam
1713 3840 1849 3912 figu-

240 3926 387 3982 ram.
417 3910 566 3965 Meus
592 3910 757 3975 Eiicit
775 3915 1021 3982 spiritum
1042 3914 1371 3967 immundum
1402 3910 1465 3965 ea:
1494 3928 1672 3980 puero.
1703 3910 1844 3966 -ᾸΙη

241 3980 390 4054 Reg:
412 3984 564 4054 iltex
596 3980 812 4054 egressa
829 3997 977 4039 recte
1011 3985 1209 4039 factum
1241 3996 1323 4038 est
1351 3999 1601 4052 regressa.

313 4052 454 4107 294.
484 4052 643 4121 Urb.,
670 4054 856 4116 Rom..
889 4056 1009 4112 Vel.
1054 4060 1107 4120 1,
1137 4058 1193 4122 2,
1228 4056 1463 4110 Monast.
1499 4054 1842 4108 adorandum.

241 4123 508 4193 Plerique
540 4140 670 4181 mss.
703 4132 755 4181 el
784 4129 935 4191 editi,
972 4129 1264 4182 adoratum.
1300 4127 1477 4181 Ellitio
1524 4126 1754 4191 Poelm.,
1780 4127 1845 4179 ad

245 4211 456 4266 Inarg.,
486 4204 542 4249 et
568 4198 655 4252 ed.
692 4198 866 4267 l.ips.,
900 4199 1233 4253 adornatam.
1259 4198 1489 4252 St‘llcdtl'.
1518 4197 1841 4251 Poelmuuui

245 4268 770 4340 liabentadoratant,
800 4287 921 4325 cun;
947 4271 1315 4340 exillicatione
1336 4310 1349 4329 ,
1397 4270 1604 4340 scilicet
1660 4280 1787 4321 tunc
1815 4284 1842 4320 a

245 4338 431 4413 tribus
474 4338 757 4413 discipulis
788 4360 801 4395 :
831 4351 886 4397 et
912 4338 1096 4413 pro‘d.
1138 4358 1185 4396 s.
1236 4341 1479 4395 indicant
1506 4338 1839 4413 adornatam,

244 4419 304 4464 et
337 4410 679 4466 adorandum.
710 4412 766 4466 lu
795 4409 992 4477 Ottfi,
1016 4428 1159 4468 nunc
1188 4421 1273 4467 est
1299 4413 1593 4478 adoratam,
1620 4412 1714 4463 sed
1747 4409 1842 4462 fuit

246 4480 581 4556 adornatam,
615 4483 699 4556 vel
729 4484 960 4540 fortasse
995 4485 1325 4556 adaptatum,
1373 4491 1466 4536 aut
1501 4485 1840 4556 adoptatum.

1953 3272 2007 3335 1,
2038 3273 2093 3338 2,
2147 3272 2257 3325 011.
2282 3272 2333 3336 1,
2388 3270 2544 3339 Urb.,
2583 3271 2767 3336 Rom.,
2800 3270 2925 3327 cuiu
2958 3272 3172 3332 Parrlt..
3207 3274 3356 3335 Ald..
3407 3276 3550 3342 ﬁlius

1949 3357 2127 3396 unus:
2177 3352 2439 3413 notatque
2498 3343 2914 3408 Nl'bl‘iSSCllSiS,
2960 3342 3103 3397 hanc
3157 3346 3540 3410 repetitionem

1950 3429 2105 3480 unus,
2143 3429 2278 3468 unus
2317 3416 2628 3483 signiﬁcare
2670 3417 2901 3469 unicum.
2931 3415 3121 3469 Ottob.
3149 3414 3205 3476 2,
3254 3415 3420 3485 ﬁlius,
3469 3419 3553 3471 in-

1948 3485 2082 3553 quit,
2118 3485 2261 3555 quod
2291 3485 2535 3555 plerique
2557 3485 2693 3540 editi
2726 3488 2991 3544 retinent,
3023 3496 3076 3538 et
3109 3489 3342 3554 praetulit
3373 3486 3547 3542 Arul-

1951 3557 2160 3608 zenius.
2185 3553 2685 3610 Sedulius’videtur
2710 3556 2912 3610 imitari
2935 3553 3240 3610 Iuvencum
3270 3558 3304 3609 Ι.
3326 3573 3548 3621 tt,vers.

1949 3626 2094 3680 298:
2127 3623 2387 3696 [inplorat
2415 3628 2708 3696 lacrymans
2735 3642 2754 3680 :
2803 3629 2992 3681 confer
3026 3636 3140 3681 not.
3181 3625 3551 3695 Wopkensius

1951 3697 2151 3764 accipit
2183 3694 2444 3763 Implorat
2479 3694 2577 3763 pro
2617 3699 2830 3763 plorat,
2887 3696 2992 3751 nisi
3032 3694 3551 3766 sullintelligendunt

1949 3768 2179 3839 velimus
2203 3767 2397 3838 ipsum.
2424 3767 2632 3823 Sensus
2664 3768 2766 3823 hoc
2800 3769 2920 3823 loco
2942 3768 3127 3839 potius
3152 3778 3258 3834 est,
3312 3769 3551 3825 Gemens

1955 3854 2115 3907 Opem
2157 3838 2433 3906 implorat.

2021 3909 2143 3964 50o.
2183 3909 2300 3963 Vct.
2348 3913 2391 3977 l,
2416 3910 2473 3975 2,
2503 3910 2674 3971 Mon.,
2702 3912 2825 3977 quin
2847 3925 2946 3981 pro
2976 3909 3095 3965 nisi.
3130 3909 3345 3968 Parrh..
3385 3909 3541 3964 Nunc

1951 3981 2161 4054 liquidis
2192 3982 2640 4054 demergitaquis,
2670 3999 2808 4037 nunc
2841 3982 3045 4054 ignibus
3068 3983 3221 4036 atris.
3269 3981 3347 4037 Ita
3374 3981 3542 4037 etiam

1949 4053 2166 4106 schedm
2211 4052 2414 4106 Poelm.
2442 4052 2671 4107 fortasse
2691 4069 2755 4107 ex
2778 4052 3090 4108 Parrhasio.

2022 4123 2146 4178 501.
2185 4123 2403 4194 Parrh.,
2434 4126 2651 4179 schetlu:
2680 4124 2910 4187 Poelm.,
2946 4124 3229 4192 Oppi-imit,
3260 4135 3316 4177 et
3345 4124 3550 4194 fatigat.

1952 4194 2004 4267 lu
2033 4196 2141 4267 Ott.
2180 4193 2229 4267 j.
2264 4192 2358 4267 fuit
2391 4195 2597 4265 fatigat,
2646 4195 2739 4249 sed
2769 4208 3073 4250 correctum
3116 4205 3198 4249 cst
3228 4212 3328 4263 per
3355 4192 3554 4267 fatiget.

1948 4265 2003 4320 lu
2032 4264 2141 4319 Ott.
2174 4264 2232 4328 2,
2275 4264 2441 4336 Ang.,
2474 4264 2578 4320 Alli
2610 4309 2622 4329 ,
2655 4267 2856 4336 fatigat,
2909 4267 3051 4335 quod
3104 4266 3319 4321 defettdi
3355 4264 3555 4336 potem,

1947 4335 2161 4390 etiamsi
2185 4338 2483 4407 retineatur
2514 4335 2813 4407 Opprimat.

2018 4407 2144 4478 502.
2192 4404 2499 4478 cellarius,
2550 4404 2709 4460 Nunc
2758 4425 2775 4462 :
2824 4408 3069 4478 plerique
3118 4407 3320 4463 rectius
3384 4406 3555 4461 Hunc.

1947 4477 2316 4547 Wopkensius
2339 4479 2557 4547 conjicit
2594 4480 2799 4533 excluso
2831 4477 2945 4547 pro
2994 4479 3231 4547 expulso,
3260 4480 3382 4542 quia
3416 4482 3555 4533 scri-

246 4546 593 4621 Frequenter
618 4555 734 4609 haec
770 4556 938 4610 Verba
971 4546 1191 4622 adorna,
1224 4546 1407 4617 adoro,
1440 4546 1656 4621 adopto,
1713 4551 1840 4605 ada-
1869 4557 1921 4617 ι)
1948 4546 2145 4622 plores
2166 4546 2561 4622 inferioriszevi
2596 4566 2739 4619 saepe
2765 4546 2987 4604 excludo
3020 4564 3119 4617 pro
3147 4548 3347 4620 expello
3398 4564 3560 4622 usur-

246 4632 345 4694 pto
366 4623 422 4677 in
448 4639 578 4679 mss.
614 4638 910 4694 permutata
935 4629 1289 4695 reperiuntur
1315 4643 1327 4677 :
1372 4641 1473 4695 qua
1504 4626 1571 4676 de
1613 4639 1672 4677 re
1702 4623 1837 4677 ube-

248 4696 372 4767 rius
403 4695 513 4767 dixi
569 4696 877 4767 Prolegom.
928 4712 1050 4766 cap.
1106 4699 1156 4758 7.
1192 4712 1256 4751 ac
1296 4697 1562 4760 susliicari
1610 4696 1844 4767 fortasse

247 4765 455 4837 aliquis
485 4768 706 4837 poterit,
734 4764 763 4822 ᾗ
794 4784 957 4823 manu
982 4764 1187 4825 Sedulii
1212 4783 1334 4822 esse
1354 4768 1602 4834 adoplala
1624 4782 1675 4830 τι,
1700 4764 1844 4832 quod

246 4836 346 4890 alii
372 4836 675 4909 prteSertim
700 4849 821 4908 post
846 4840 1282 4909 Adoptianorum
1304 4838 1554 4892 htltl'esllll
1584 4837 1841 4909 mendum

247 4908 622 4982 crediderint,
664 4906 749 4974 et,
799 4913 908 4966 alio
956 4906 1252 4982 subrogato
1303 4909 1504 4973 verbo,
1556 4906 1845 4962 eraseriut.

248 4978 424 5034 Prosa
446 4983 667 5048 exponit
686 4982 984 5038 tetheream.

328 5050 460 5125 2953.
492 5053 622 5125 Reg.
650 5055 685 5111 5
705 5061 759 5108 et
780 5054 930 5119 Ald.,
962 5055 1129 5125 Atque
1156 5052 1377 5125 palam;
1411 5052 1528 5125 lege
1561 5047 1730 5125 Seque
1758 5065 1853 5119 pa—

252 5124 386 5174 lam.
418 5119 637 5192 Parrli.,
674 5125 893 5180 inverso
921 5119 1114 5181 ordine
1134 5119 1393 5193 ,‘populis
1421 5119 1702 5193 Dominus.

328 5194 458 5248 296.
503 5194 562 5249 111
600 5190 837 5261 Poelm.,
878 5196 1066 5250 humili
1102 5190 1360 5249 mendum
1385 5202 1509 5247 est:
1556 5193 1607 5243 in
1643 5192 1758 5245 Ott.
1782 5190 1850 5261 il,

251 5279 358 5338 pro
382 5276 566 5320 maesto
588 5267 733 5323 aliud
764 5260 914 5338 prius
938 5267 1057 5323 fuit.
1091 5269 1284 5322 Arntz.
1318 5263 1649 5331 transponit,
1703 5260 1851 5314 vultu

252 5336 491 5407 dejectus
522 5339 719 5393 lumina
742 5336 940 5393 mmsto.
975 5339 1116 5395 Beda
1146 5340 1213 5392 de
1242 5341 1360 5392 Art.
1403 5345 1591 5395 metr..
1617 5342 1671 5387 et
1703 5346 1853 5385 (30111-

251 5420 534 5462 mentator
586 5411 725 5466 eius.
752 5413 871 5466 sine
914 5411 1154 5465 auctoris
1202 5408 1421 5463 nomine
1457 5408 1603 5459 hunc
1628 5417 1849 5458 versum

252 5427 534 5462 metuatur
586 5427 615 5463 e
642 5427 725 5479 IIS,
752 5427 871 5466 Sllle
914 5427 1154 5465 auctoris
1202 5427 1421 5463 nomine
1457 5427 1603 5459 nunc
1628 5427 1849 5458 versum

252 5479 566 5556 proferunt.
605 5427 850 5556 Defectus
881 5482 1099 5556 lumina,
1127 5490 1184 5534 ut
1212 5479 1355 5556 apud
1385 5475 1636 5556 Ovidium
1670 5473 1851 5556 gentos

251 5549 482 5626 tlejecta,
506 5545 925 5626 apud'Statium
978 5545 1177 5607 vultum
1206 5545 1457 5626 dejectus,
1492 5547 1636 5617 apud
1670 5545 1849 5616 Virgio

251 5618 395 5674 lium
425 5618 627 5679 vultum
655 5626 901 5680 demissa.

332 5692 459 5749 297.
485 5695 675 5753 Ottob.
708 5698 765 5764 1,
789 5698 1046 5765 Procidit,
1075 5704 1384 5754 correctum
1427 5689 1694 5747 Procedit.
1742 5688 1853 5745 Me-

1948 4630 2097 4692 pant.
2137 4621 2333 4673 Verum
2360 4621 2647 4676 lectionem
2672 4623 2945 4690 vulgatam
2976 4636 3080 4674 non
3113 4622 3275 4673 modo
3317 4620 3553 4685 codices,

1948 4692 2041 4745 sed
2073 4692 2234 4747 etiam
2266 4705 2426 4759 prosa
2459 4704 2654 4748 tuetur.
2685 4692 2916 4754 Poelm.,
2945 4692 3091 4754 ($01.,
3119 4692 3270 4759 Bas.,
3292 4693 3555 4760 utrinque.

1948 4762 2119 4829 Meus,
2168 4768 2381 4829 .\rntz.,
2431 4780 2458 4816 a
2504 4780 2613 4819 sec.
2668 4780 2768 4829 111.,
2820 4772 3060 4834 utroque.
3110 4764 3245 4818 Vera
3287 4764 3448 4818 lectio
3478 4773 3564 4818 cst

1949 4844 2245 4904 utrumque.

2026 4906 2152 4960 7.03.
2184 4905 2401 4968 Parrh.,
2428 4916 2558 4959 tetra
2589 4915 2830 4976 potestas.
2856 4904 3227 4974 Wopkensius
3253 4905 3567 4973 suSpicatur

1954 4991 2087 5029 stara
2118 4991 2135 5027 :
2168 4976 2262 5027 sed
2299 4978 2433 5030 liene
2459 4987 2542 5031 est
2569 4991 2724 5041 eruca,
2753 4976 2805 5030 h.
2837 4993 2916 5043 e.,
2954 4976 3262 5043 furibunda,
3299 4977 3447 5030 nullo
3479 4992 3564 5028 ru-

1957 5047 2130 5117 tionis
2151 5048 2351 5117 lumine
2381 5048 2624 5117 pra-dita,
2658 5059 2715 5101 ut
2749 5052 2866 5114 ipse
2893 5048 3149 5117 explicat.

2028 5115 2153 5171 505.
2183 5115 2294 5171 Ott.
2323 5116 2380 5180 2,
2415 5115 2535 5170 Vel.
2567 5119 2620 5182 1,
2652 5118 2707 5185 2,
2744 5120 2913 5180 Morti,
2944 5115 3160 5172 seliedu-
3192 5116 3395 5171 Puclm.
3422 5156 3437 5179 ,
3479 5131 3569 5168 ro-

1956 5188 2117 5242 lutus.
2148 5186 2429 5255 Scriptura
2462 5189 2807 5243 communior
2836 5188 3073 5242 rolutans
3104 5191 3458 5243 conlirmatur
3489 5201 3559 5240 ex

1957 5258 2204 5329 Virgilio,
2236 5258 2271 5311 Ι.
2292 5273 2350 5312 111
2369 5257 2583 5313 ιΕηείίι.
2611 5274 2755 5314 vers.
2784 5259 2910 5320 607.
2941 5275 2969 5312 a
2994 5275 3102 5329 quo
3125 5259 3565 5329 integr-umbone

1957 5327 2178 5386 versum
2202 5329 2459 5385 Sedulius
2488 5339 2764 5385 mutuatus
2790 5340 2892 5385 est.
2949 5327 3053 5385 Sed
3091 5330 3345 5399 Virgilius
3372 5327 3442 5382 ait
3474 5348 3567 5399 ge-

1958 5418 2063 5454 nua
2092 5400 2384 5467 amplexus.
2419 5400 2518 5456 Est
2552 5410 2733 5455 autem
2764 5403 3002 5454 volutans
3043 5401 3185 5453 idem
3206 5444 3220 5467 ,
3252 5415 3315 5453 ac
3340 5417 3392 5453 se
3426 5400 3573 5452 rotu-

1961 5483 2095 5537 tans,
2127 5472 2213 5525 vel
2256 5472 2538 5539 volutatus,
2576 5482 2630 5526 ut
2663 5472 2913 5527 volrentia
2944 5472 3203 5539 plaustra,
3253 5471 3568 5524 volventibus

1960 5545 2134 5609 annis,
2166 5551 2222 5597 et
2249 5546 2353 5597 alia
2384 5543 2604 5599 similia.

2034 5613 2157 5670 506.
2191 5614 2305 5669 Ott.
2330 5616 2391 5680 2,
2413 5613 2664 5682 Merebat,
2699 5614 2925 5669 fortasse
2958 5612 3214 5670 librarius
3240 5612 3415 5670 voluit
3442 5612 3577 5668 scri-

1964 5686 2096 5743 bere
2128 5684 2399 5756 Mterebat,
2438 5686 2533 5745 sed
2566 5686 2726 5758 longe
2752 5686 2947 5742 melius
2978 5693 3064 5742 est
3091 5684 3355 5741 Haerebat.

337 5790 366 5819 "
405 5783 534 5844 Erat
564 5788 616 5845 in
645 5799 758 5849 vel.
791 5788 914 5847 cod.
949 5788 1105 5844 Hunc
1135 5804 1223 5844 ore
1254 5806 1267 5842 :
1317 5785 1537 5844 Juretus
1572 5788 1719 5839 recte
1749 5778 1919 5836 edidit
1943 5793 2055 5835 ora.
