4086 6184
515 242 620 301 667

659 364 975 430 Aonuerat;
1011 370 1137 417 tunc
1166 359 1352 431 praedo
1381 358 1588 427 furens,
1612 372 1677 413 ac
1699 357 1896 414 noxius
1918 357 2113 426 bostls,
2143 360 2196 422 A

662 456 759 509 (Ini
787 469 1039 526 possessa
1062 454 1151 509 diu
1185 462 1267 509 est
1295 452 1460 509 alieni
1485 451 1686 507 fabrica
1709 451 1869 521 juris,

657 548 887 604 Pervasa
925 547 1165 617 migrare
1195 546 1358 601 domo
1384 543 1718 615 compulsus,
1753 544 1805 597 in
1835 541 1970 597 iram

517 640 626 698 510
660 640 892 695 Tollitur
912 653 1222 707 accensam,
1247 648 1603 708 correptaque
1624 651 1857 703 carpere
1879 635 2118 691 membra

659 734 822 807 272
865 732 1101 801 Nititur,
1147 741 1203 789 et
1230 733 1460 798 frustra,
1510 730 1741 788 Domino
1773 732 2120 803 prohibente,

1726 824 2045 897 [laborans,

666 919 825 990 Fugit
846 920 897 975 iu
925 920 1206 989 obscuras,
1237 935 1409 991 puero
1436 918 1670 992 vivente,
1705 920 1974 975 tenebras.

736 1014 850 1071 Rex
883 1015 1047 1071 etiam
1089 1015 1239 1070 solus
1286 1029 1507 1086 regum,
1559 1023 1613 1071 et
1655 1013 1919 1069 Dominus
1949 1011 2126 1068 domi-

1777 1106 1797 1180 [
1826 1117 2051 1163 naulum

667 1199 785 1256 Non
815 1200 1159 1270 dedignatus,
1190 1200 1355 1257 Petro
1385 1202 1644 1270 piscante,
1676 1199 1935 1255 tributum

521 1292 626 1348 515
663 1291 894 1349 Solvere
919 1292 1251 1359 Caesareum,
1284 1293 1445 1349 medii
1472 1293 1540 1349 de
1568 1292 1781 1363 gurgite
1808 1292 1959 1364 ponti

666 1384 895 1441 ﬂamum
918 1386 1060 1442 ferre
1076 1386 1250 1457 jubet,
1267 1386 1512 1458 gerulum
1529 1384 1919 1441 didrachmatis
1947 1383 2120 1440 aurei.

1880 1479 2058 1536 OPUS
2097 1475 2480 1533 PASCHALE.

1896 237 2113 299 C(ELII
2146 237 2423 299 εευυιιι

3707 235 3809 293 663

2363 356 2541 413 lncola
2576 368 2702 412 mox
2728 355 2902 428 pelagi
2926 355 3218 426 pendentia
3243 352 3327 410 ﬁla
3361 350 3673 421 momordit,

2359 449 2514 506 Iussa
2532 449 2730 505 tributa
2748 448 3285 519 ferens,graviorqne
3297 454 3559 502 onerante
3570 446 3803 515 metallo,

2363 544 2499 601 Vilis
2526 544 2702 599 honor
2732 544 2895 615 piscis
2925 543 3100 614 pretio
3126 542 3332 612 majore
3360 538 3631 611 pependit.

2437 638 2599 710 273
2626 636 3031 709 Discipulisque
3061 636 3179 692 suis
3203 650 3265 693 se
3302 633 3807 706 percunctantibus,

3588 725 3749 801 [aula

2368 822 2623 881 Calestis
2653 821 2813 894 regni
2839 822 2961 893 quis
2982 821 3156 893 possit
3191 818 3372 889 major
3397 819 3624 875 haberi?

2370 915 2440 974 Ut
2475 916 2616 970 Deus
2636 954 2651 979 ,
2682 923 2735 970 et
2761 914 2954 970 doctor
2976 911 3269 979 mirabilis,
3297 910 3585 977 Omnibus,
3617 911 3814 982 inquit,

2370 1010 2592 1065 Celsior
2616 1018 2701 1063 est
2731 1008 2976 1076 humilis,
3002 1008 3330 1077 cunctisque
3352 1005 3627 1076 potentior
3652 1005 3781 1075 ibit,

2369 1101 2473 1171 Qui
2505 1102 2716 1158 cunctis
2743 1102 3025 1171 subjectus
3053 1100 3183 1167 erit,
3214 1113 3452 1170 seseque
3480 1098 3781 1166 minorem,

2228 1196 2334 1252 525
2370 1193 2621 1251 Demissa
2648 1194 2867 1250 cervice
2884 1236 2900 1262 ,
2926 1193 3096 1259 feret,
3124 1192 3269 1249 velut
3298 1190 3403 1248 iste
3428 1189 3644 1248 videtur

2371 1284 2667 1349 Parvulos;
2711 1294 2767 1340 et
2801 1293 3079 1341 monstrat
3110 1298 3339 1355 puerum
3368 1283 3670 1340 consistere
3692 1299 3819 1355 par-

3578 1378 3757 1452 [νυιιι.

2220 638 2327 694 520

521 1573 673 1631 Tunc
702 1574 887 1645 praedo
914 1574 1242 1631 furibundus
1264 1616 1279 1640 ,
1318 1584 1374 1631 et
1401 1573 1681 1641 turbidus,
1713 1574 1803 1644 qui
1836 1574 1981 1629 male
2008 1582 2118 1628 tra-
2149 1574 2196 1635 B
2225 1581 2337 1626 tum
2379 1569 2483 1625 hoc
2514 1568 2873 1625 nihilominus
2913 1567 3056 1625 facto
3086 1583 3202 1626 sua;
3241 1583 3343 1627 nos
3367 1568 3616 1626 Christus
3642 1569 3825 1626 imita—

526 1679 727 1725 etatam
768 1670 908 1739 juris
940 1668 1099 1726 alieni
1131 1669 1392 1724 labricam
1423 1669 1512 1724 ditt
1543 1677 1800 1733 vexarat,
1836 1682 2118 1738 perversae

521 1764 716 1821 domus
764 1763 1074 1818 bobitaculo
1116 1764 1490 1834 migraturus,
1538 1763 1589 1817 in
1641 1762 1775 1816 iram
1811 1761 2125 1816 stimulatur

522 1872 845 1923 accensam,
899 1864 1267 1927 correptaque
1314 1856 1558 1911 membra
1615 1855 1965 1924 discerpere,
2018 1853 2126 1908 Do—

524 1951 675 2006 mino
702 1956 947 2016 vetante,
984 1964 1090 2003 non
1121 1948 1445 2016 praevalens,
1473 1948 1526 2002 in
1560 1946 1771 2003 inferna
1802 1961 1975 2018 puero
2004 1961 2126 2016 per-

522 2042 730 2099 volavit
757 2042 948 2097 illaeso.

594 2134 710 2190 Rex
739 2135 928 2202 etiam,
961 2133 1054 2205 qui
1087 2134 1236 2188 solus
1258 2142 1345 2206 est
1372 2148 1581 2201 regum,
1611 2142 1665 2188 et
1696 2133 1959 2188 Dominus
1992 2148 2121 2203 pro-

520 2229 685 2283 batur
730 2242 854 2283 esse
884 2226 1314 2292 dominantium,
1365 2227 1625 2282 tributum
1665 2240 1772 2280 non
1800 2226 2123 2296 dedignatus

520 2317 727 2375 inferre
783 2332 1123 2384 cmsareum,
1167 2317 1234 2372 de
1276 2318 1500 2373 marinis
1533 2318 1786 2372 ﬂuctibus
1816 2318 2119 2388 piscantem

520 2411 743 2469 Petrum
754 2412 1143 2483 jubeterigere
1167 2419 1468 2479 natantem,
1493 2410 1895 2465 didrachmatis
1917 2419 1943 2447 ιι
1966 2408 2121 2466 aurei

519 2506 865 2578 portitorem.
895 2504 1052 2561 Tunc
1075 2504 1333 2561 mobilior
1360 2504 1516 2560 velox
1546 2504 1821 2559 habitator
1850 2502 2115 2558 undarum

520 2602 738 2658 voravit
768 2601 1031 2674 tremulas
1054 2599 1204 2655 hami
1226 2599 1552 2669 decipientis
1582 2598 1833 2664 insidias,
1867 2612 1895 2651 a
1923 2599 2112 2668 genui-

520 2694 606 2751 nis
633 2695 948 2766 aequoribus
979 2694 1195 2749 calamo
1222 2692 1531 2763 ﬂagellante
1558 2705 1859 2762 suspensus
1879 2732 1893 2759 ,
1926 2690 2119 2761 piscis-

516 2800 625 2856 que
655 2785 953 2840 vilissimus
981 2784 1206 2840 divitem
1250 2783 1506 2840 deferens
1529 2785 1850 2856 pensionem
1877 2825 1893 2850 ,
1945 2782 2118 2854 pluris

517 2878 686 2936 valuit
717 2878 925 2937 honore
956 2880 1214 2952 ponderis
1244 2880 1425 2947 alieni,
1478 2896 1637 2952 quam
1665 2879 1896 2953 proprii.
1938 2879 2121 2948 Quan-

2227 1672 2370 1720 tores
2409 1662 2585 1717 voluit
2623 1676 2746 1718 esse
2787 1662 3060 1718 doctrinm
3084 1704 3102 1730 ,
3149 1664 3241 1735 qui
3274 1679 3397 1721 cum
3426 1679 3654 1721 renuere
3698 1679 3825 1735 pos-

2226 1766 2309 1813 set
2334 1756 2612 1828 indignam
2642 1755 2803 1826 hujus
2833 1757 3174 1827 prtebitionis
3202 1758 3458 1828 injuriem
3487 1761 3699 1828 (utpote
3742 1760 3826 1815 cui

2229 1849 2363 1905 nihil
2403 1859 2519 1906 erat
2561 1848 2766 1905 sociale
2814 1864 2937 1905 cum
2989 1850 3195 1920 plebe,
3245 1851 3350 1906 nisi
3400 1858 3461 1905 ut
3494 1851 3829 1909 salutaribus

2228 1954 2454 1999 cunctos
2479 1942 2765 1999 beneﬁciis
2782 1942 3118 2016 adjuvaret),
3136 1944 3326 2000 maluit
3352 1944 3691 2015 superﬂuum
3722 1961 3833 2001 mu-

2230 2052 2334 2093 nus
2364 2036 2669 2105 exsolvere,
2703 2053 2864 2108 quam
2889 2039 3093 2108 petenti
3116 2037 3342 2097 cuilibet
3369 2037 3572 2108 aliquid
3599 2054 3830 2109 negare,

2231 2139 2290 2185 ut
2314 2129 2538 2199 justitire
2565 2130 2847 2196 conditor,
2879 2141 2935 2185 et
2958 2131 3250 2201 magister,
3283 2134 3372 2200 qui
3402 2131 3573 2187 dixit:
3602 2130 3629 2171 1³
3667 2131 3833 2189 Omni

2230 2223 2417 2293 petenti
2443 2223 2631 2290 tribue,
2665 2224 2873 2292 primus
2907 2223 3161 2280 instituta
3190 2240 3307 2282 suae
3336 2224 3472 2296 legis
3502 2225 3787 2296 impleret.

2299 2318 2543 2388 Cumque
2570 2317 2916 2387 simpliciter,
2949 2328 3009 2372 nt
3033 2318 3307 2381 solebant,
3344 2334 3469 2373 cum
3498 2330 3829 2389 percuncta-

2228 2424 2421 2468 rentur
2443 2413 2697 2483 apostoli,
2721 2412 2845 2484 quis
2870 2412 3043 2484 major
3070 2415 3122 2469 in
3148 2414 3417 2471 caelorum
3443 2422 3623 2485 posset
3652 2431 3830 2488 regno

2227 2506 2463 2575 censeri,
2497 2516 2768 2576 tamquam
2805 2506 2967 2569 Deus,
3003 2505 3304 2578 ductorque
3329 2506 3616 2576 mirabilis,
3642 2510 3843 2566 omnia,

2228 2602 2330 2656 bus
2368 2599 2628 2655 humilem
2660 2600 2946 2670 respondit
2974 2615 3099 2656 esse
3125 2601 3397 2671 petiorem
3425 2643 3440 2668 ,
3487 2610 3833 2673 cunctosque

2227 2693 2567 2765 prmcellere,
2588 2694 2679 2764 qui
2696 2693 2907 2748 cunctis
2931 2708 3056 2749 sese
3078 2694 3435 2748 novissimum
3456 2695 3825 2767 praestitisset,

2229 2785 2376 2841 velut
2396 2802 2532 2857 puer
2562 2783 2885 2852 infantulus,
2912 2800 3074 2856 quem
3102 2785 3366 2855 spiritalis
3389 2786 3626 2856 exempli
3650 2787 3827 2858 gratia

2227 2878 2447 2935 tenebat
2481 2879 2534 2934 in
2567 2878 2746 2935 medio
2783 2878 3137 2934 constitutum
3169 2920 3184 2944 ,
3232 2879 3331 2934 aevi
3380 2878 3595 2935 scilicet
3641 2880 3831 2950 pusilli

2081 2991 2356 3051 CHOLIA.

2081 2993 2169 3051 CH
2222 2993 2356 3050 LIA.

586 3091 714 3147 509.
741 3090 862 3163 Ott.
886 3090 942 3156 2,
970 3089 1135 3163 Ang.,
1178 3089 1462 3163 Reruersa;
1506 3090 1626 3159 lege
1654 3089 1904 3163 Peroasa,
1937 3087 1993 3143 ιι.
2037 2993 2114 3157 ἓ,
2147 2996 2343 3151 (locem
2375 3087 2683 3163 dicirachma
2710 3081 2815 3163 al_ii_'
2832 3064 3077 3163 scribunt
3108 3087 3411 3163 didragina,
3447 3088 3537 3143 alii
3568 3090 3827 3163 dirimatis.

517 3164 727 3217 invasa.
777 3160 958 3232 Utitur
1003 3161 1164 3215 etiim
1198 3159 1519 3232 Ammianus
1551 3161 1833 3232 participio
1875 3176 2120 3232 pervasus

516 3232 705 3285 eatlem
754 3230 1170 3297 signiﬁcatione.
1220 3230 1355 3285 Cum
1406 3231 1590 3285 Ottob.
1621 3232 1655 3283 2
1698 3230 2116 3300 facitlnttjant.,

518 3303 687 3366 Μου.,
745 3302 894 3367 Bas,
944 3302 1112 3358 Toru.
1148 3304 1199 3367 1,
1249 3302 1306 3369 ‘2,
1361 3301 1563 3368 Edim.,
1617 3302 1758 3357 Bibl.
1809 3301 2011 3370 Lugd.,
2066 3310 2123 3357 et

518 3389 703 3446 prosa,
758 3381 819 3427 nt
866 3389 1008 3446 nunc
1059 3373 1276 3446 quidem
1318 3374 1558 3446 legitur._
1588 3372 2117 3446 Cotlengurmanni,

516 3444 812 3511 Pet-vasta;
845 3445 931 3500 ed.
964 3443 1135 3516 Lips.,
1167 3443 1407 3499 Proviso.
1455 3443 1562 3499 Sed
1594 3460 1716 3498 cum
1751 3444 1992 3515 plerique
2026 3460 2123 3498 oo-

510 3518 613 3571 stri
646 3531 776 3587 mss.
847 3524 903 3571 et
955 3517 1360 3587 praestantiores
1391 3516 1518 3570 editi
1552 3531 1738 3571 vocem
1782 3516 2121 3571 commodio.

514 3604 630 3644 rem
663 3586 891 3643 Pervasa
920 3586 1231 3646 eithilieant.
1264 3588 1541 3642 retinenda
1576 3602 1636 3642 ea
1667 3598 1750 3641 est
1788 3606 1799 3641 :
1839 3587 2029 3654 immo,
2065 3596 2124 3642 ut

517 3660 712 3730 probat
755 3660 1107 3724 Arutzenius,
1154 3659 1319 3716 etiam
1359 3661 1410 3731 in
1453 3674 1612 3731 prosa
1644 3660 1837 3715 eadem
1869 3674 1975 3713 vox
2002 3674 2124 3731 gpro

511 3727 763 3802 perversae
791 3731 1125 3788 restituenda
1163 3740 1266 3786 est.
1315 3727 1468 3786 Citat'
1505 3731 1836 3787 Arntsenius
1881 3745 1948 3786 ex
1989 3727 2124 3786 Cns-

512 3803 757 3886 siodorio
803 3820 1048 3875 pervasus
1096 3813 1150 3858 et
1193 3818 1459 3871 peruasor,
1509 3812 1565 3858 et
1602 3817 1667 3859 ex
1723 3802 1978 3859 Salviano
2005 3818 2124 3872 per-

522 3890 684 3929 υιιδιο.

586 3945 713 4000 511).
767 3945 939 4012 Meus,
977 3945 1095 4001 Vet.
1132 3947 1179 4009 1,
1207 3946 1263 4010 '2,
1310 3944 1478 4014 Mou.,
1514 3959 1732 4014 corpore
1760 3962 1779 4000 :
1807 3945 1983 4001 retine
2010 3961 2125 4000 car-

514 4033 633 4086 pere
664 4032 785 4070 cum
820 4018 961 4087 aliis,
992 4016 1134 4087 quod
1165 4017 1435 4071 sententia
1464 4025 1519 4070 et
1547 4032 1705 4084 prosa
1735 4018 1986 4085 exigunt.

585 4089 711 4142 515.
750 4087 850 4143 Ubi
884 4086 1136 4141 Dominus
1172 4089 1412 4156 praecejn't
1446 4087 1639 4153 Petro,
1673 4090 1804 4142 solvi
1852 4088 2119 4144 tributum.

512 4188 584 4199 —-
607 4159 795 4232 Arintz.
834 4160 943 4214 Rea:
972 4161 1129 4214 etiam
1168 4175 1349 4232 regum
1372 4159 1534 4232 solus,
1566 4158 1839 4232 Dominus.
1875 4160 2127 4232 Plerique

516 4231 688 4284 nostri
729 4246 864 4286 mss.
908 4246 1030 4285 cum
1061 4230 1342 4287 codicibus
1372 4230 1577 4285 lleinsii
1610 4240 1664 4286 et
1693 4231 1871 4300 Lips.,
1906 4230 2123 4297 Parrb.,

514 4300 639 4355 Ald.
672 4311 723 4355 et
756 4301 877 4356 aliis
904 4303 1124 4367 ojttimis
1147 4302 1502 4364 editionibus,
1525 4303 1905 4359 dominantum.
1938 4302 2123 4368 Rom.,

515 4373 923 4446 dominantium,
951 4374 1093 4443 quod
1130 4374 1231 4429 fuit
1259 4375 1422 4429 etiam
1455 4375 1508 4429 in
1540 4374 1675 4446 Reg.
1712 4377 1763 4441 1,
1807 4373 1903 4429 sed
1938 4377 1991 4428 in
2024 4372 2128 4429 hoc

513 4444 579 4498 ad
608 4446 767 4499 metri
800 4447 1059 4501 meliores
1106 4447 1254 4515 leges
1284 4456 1594 4502 correctum
1625 4444 1707 4502 est
1738 4446 2119 4501 dominantum.

514 4516 698 4572 Codex
751 4519 965 4579 Arum,
1021 4518 1112 4573 ed.
1160 4517 1406 4583 ,Poeho.,
1455 4518 1621 4571 Tom.
1658 4519 1709 4583 1,
1743 4519 1800 4579 2,
1829 4517 1882 4578 5,
1925 4516 2124 4584 aliique

515 4588 738 4655 vulgati,
773 4589 1105 4643 dominorum
1136 4605 1152 4642 :
1181 4588 1254 4641 ita
1286 4589 1496 4642 videtur
1526 4588 1695 4642 fuisse
1726 4589 1778 4642 in
1805 4587 1917 4641 Ott.
1952 4588 2004 4654 1,
2035 4587 2122 4642 ubi

516 4673 662 4729 nunc
688 4670 915 4729 apparet
935 4661 1316 4715 daminantum.
1344 4658 1466 4711 νςιι.
1491 4658 1547 4723 ‘2,
1574 4659 1690 4713 sine
1713 4660 2123 4727 conjunctiOne,

514 4726 629 4803 Rea;
660 4726 985 4803 etianisolus
1014 4747 1215 4803 regum,
1262 4729 1517 4803 Dominus
1543 4726 1923 4783 dominantnm.
1978 4731 2123 4800 Apo-

513 4799 707 4873 stolus,
745 4801 761 4853 l
793 4800 1031 4873 Timoth.
1058 4799 1132 4870 vt,
1168 4803 1236 4857 15
1267 4818 1281 4855 :
1314 4799 1473 4857 Solus
1496 4810 1695 4871 potens,
1724 4816 1816 4855 rea:
1852 4799 2050 4873 regum,
2072 4810 2125 4856 et

515 4868 775 4924 Dominus
800 4868 1203 4927 dominantium.

583 4941 711 4997 515.
742 4942 845 4996 Ms.
880 4944 1072 4998 Arntz.
1105 4945 1294 5000 scribit
1322 4944 1630 5000 Ctesarium.

588 5013 893 5086 διϐχγειι.
926 5015 981 5081 1,
1014 5014 1071 5078 2,
1100 5014 1220 5086 Aug
1251 5058 1266 5082 ,
1286 5015 1593 5081 Alb.,1ieg.
1628 5017 1682 5073 5.
1709 5014 1820 5071 Ott.
1844 5016 1901 5085 ει,
1934 5016 2118 5082 Rom.,

513 5085 685 5154 Meus,
718 5084 891 5154 Lips.,
923 5086 1141 5140 schedio
1175 5084 1379 5142 l‘oeltn.
1409 5129 1423 5152 ,
1460 5089 1585 5144 Ald.
1612 5128 1629 5154 ,
1678 5087 1897 5154 Parrh.,
1944 5098 1999 5145 et
2026 5087 2118 5144 alii

509 5158 663 5230 editi,
696 5159 833 5230 auri.
859 5158 994 5228 Reg.
1024 5159 1075 5220 1,
1107 5162 1215 5213 υιι.
1254 5162 1307 5222 1,
1334 5171 1388 5215 et
1415 5160 1597 5230 plures
1618 5159 1771 5225 editi,
1792 5161 1956 5226 aurei,
1976 5158 2119 5230 quod

508 5229 726 5301 videtur
747 5228 919 5286 fuisse
942 5244 970 5282 a
1004 5245 1087 5299 pr.
1121 5247 1192 5283 ιιι.
1222 5230 1276 5285 in
1306 5228 1436 5301 Regi
1469 5233 1525 5301 ‘2,
1560 5232 1648 5287 ubi
1677 5246 1822 5286 nunc
1865 5242 1951 5287 est
1975 5228 2116 5287 auri.

508 5298 567 5354 lu
598 5300 733 5371 Reg.
763 5302 815 5360 1.
843 5301 957 5357 Ott.
995 5303 1045 5366 1,
1075 5317 1140 5356 ex
1172 5304 1290 5356 auri
1320 5298 1539 5359 videtur
1570 5304 1765 5357 factum
1796 5305 1964 5357 aurei.
2004 5303 2119 5359 Me-

507 5372 613 5445 lius
643 5383 725 5428 est
754 5375 902 5427 aurei
948 5372 1273 5445 disyllabum
1327 5390 1427 5444 per
1455 5374 1931 5441 contractionem;
1975 5374 2119 5443 quod

505 5442 713 5516 librarii
745 5460 850 5500 non
885 5442 1270 5516 intelligentes,
1298 5442 1349 5501 in
1379 5448 1494 5501 auri
1516 5455 1923 5502 converterunt.
1950 5442 2119 5516 Wop-

504 5510 731 5588 kensius
761 5524 942 5572 tamen
975 5510 1085 5572 non
1133 5518 1431 5588 improbat,
1466 5518 1775 5573 didrackma
1818 5520 1935 5572 auri
1964 5510 2119 5572 usur-

506 5585 622 5650 pari
646 5601 747 5655 pro
774 5603 961 5653 aureo,
997 5600 1054 5643 ut
1083 5585 1345 5644 nomisma
1366 5592 1591 5661 argenti,
1625 5599 1795 5645 statua
1821 5589 1971 5645 salis.
2006 5589 2117 5645 Vo-

582 5704 608 5779 ξ
640 5696 806 5779 sint,
836 5686 1119 5779 draginatis
1168 5719 1184 5755 :
1213 5705 1336 5779 lego
1368 5705 1745 5761 didrachmatis
1767 5747 1783 5773 ,
1827 5705 1911 5763 uti
1940 5707 2124 5779 legere

506 5763 664 5838 jubet
689 5763 1009 5825 Gallandi'us
1041 5787 1105 5828 cx
1138 5763 1401 5831 carni'ine.

2150 4489 2206 4551 D

2297 3161 2422 3215 517.
2461 3162 2637 3229 Inepte
2668 3162 2719 3213 in
2752 3160 2890 3214 Bibl.
2933 3159 3103 3228 Lugd.
3127 3159 3437 3230 prudentia,
3462 3168 3520 3215 et
3561 3163 3612 3215 in
3642 3161 3826 3228 Rom.,

2224 3247 2254 3286 a
2282 3247 2365 3301 pr.
2390 3246 2507 3304 ιιι..⁸
2531 3232 2829 3304 pandentia,
2863 3247 2959 3299 pro
2987 3232 3288 3304 pendentia.
3319 3231 3422 3289 Pro
3451 3233 3621 3304 pisce,
3653 3234 3831 3290 incola

2228 3302 2439 3374 pelagi:
2467 3301 2545 3374 s_ic
2576 3302 2802 3368 Plinius,
2836 3301 3047 3370 Cicero,
3082 3302 3358 3358 thdrus.

2296 3371 2423 3432 518.
2471 3371 2603 3443 Reg.
2641 3377 2691 3441 1,
2744 3374 3049 3441 honorante,
3095 3375 3237 3446 quod
3290 3382 3442 3431 recte
3478 3376 3825 3433 emendatum

2214 3462 2324 3517 ,pcr
2349 3454 2612 3517 onerante.

2299 3517 2425 3573 519.
2454 3515 2574 3588 Vat.
2601 3516 2654 3572 ‘2.
2686 3517 2967 3578 mendose,
2994 3516 3240 3588 piscibus.
3270 3516 3368 3573 Hic
3397 3533 3589 3573 versus
3615 3519 3829 3577 deside—

2228 3600 2378 3644 ratur
2410 3589 2461 3641 in
2497 3587 2616 3642 Vct.
2654 3587 2705 3657 1,
2738 3589 2795 3655 ἓ,
2833 3587 3001 3654 illum,
3034 3598 3213 3643 exstat
3241 3587 3295 3643 in
3328 3590 3581 3645 omnibus
3631 3593 3829 3648 nostris

2228 3660 2631 3730 exemplaribus
2666 3677 2678 3714 :
2714 3674 2891 3730 neque
2914 3674 3108 3715 sensus
3133 3661 3251 3715 sine
3281 3676 3346 3713 eo
3372 3661 3639 3730 procedit.

2298 3728 2425 3788 510.
2471 3730 2634 3803 Rom.
2667 3750 2682 3786 :
2715 3728 3225 3803 Deinterrogatione
3249 3728 3630 3803 discipulorum
3655 3750 3673 3788 :
3702 3733 3828 3802 Quis

2228 3805 2397 3879 maior
2420 3814 2549 3879 esset
2596 3802 2652 3856 in
2699 3818 2857 3879 regno
2882 3802 3146 3879 caelorum.
3187 3803 3337 3859 Meus
3367 3822 3380 3858 :
3411 3802 3543 3879 Quis
3570 3806 3635 3857 sit
3663 3808 3829 3879 major

2230 3878 2437 3947 futurus
2461 3876 2514 3929 in
2541 3891 2700 3948 regno
2728 3875 2993 3929 cwlornm.
3011 3905 3078 3914 —
3103 3877 3292 3948 Arntz.
3313 3920 3327 3943 ,
3349 3876 3457 3929 suis
3477 3892 3678 3948 semper
3697 3875 3829 3931 cin-

2229 3945 2486 4001 ctantibus
2511 3945 2670 4016 :lvge
2698 3948 2807 4001 suis
2830 3963 2882 4000 se
2907 3947 3383 4018 percunctantibus,
3412 3945 3627 4002 scilicet
3656 3965 3711 4003 se
3732 3962 3830 4018 pro

2228 4036 2364 4082 enm,
2395 4030 2448 4072 ut
2484 4018 2622 4071 alias
2643 4034 2768 4072 suus
2796 4033 2891 4088 pro
2921 4020 3057 4089 ejus,
3090 4016 3190 4089 sibi
3213 4032 3309 4087 pro
3336 4019 3382 4072 ei
3407 4034 3426 4072 :
3457 4034 3580 4087 quae
3602 4016 3827 4086 quidem

2230 4088 2486 4159 loquendi
2514 4090 2651 4159 ratio
2679 4103 2786 4159 non
2829 4098 3036 4143 temere
3078 4088 3386 4144 adhibenda
3412 4098 3517 4152 est,
3545 4090 3646 4145 sed
3676 4092 3829 4145 dam-

2230 4158 2347 4215 nari
2385 4177 2491 4214 non
2524 4158 2712 4232 debet.
2735 4158 2891 4215 Multi
2942 4160 3190 4215 scribunt
3219 4162 3639 4230 percontantibus
3673 4176 3830 4232 :quz

2230 4232 2472 4287 varietas
2497 4229 2563 4285 ad
2617 4232 3065 4301 orthographiam
3116 4229 3376 4299 pertinet.
3411 4232 3590 4299 Meus,
3629 4229 3828 4300 Roth”

2230 4301 2411 4368 Cant.,
2461 4302 2606 4357 Vatt.
2656 4304 2709 4369 1,
2736 4302 2804 4370 Ξ,
2850 4301 3009 4363 Urb..
3052 4303 3186 4372 Reg.
3220 4303 3285 4366 5,
3328 4302 3521 4357 Parrb.
3568 4310 3629 4358 et
3667 4304 3828 4367 ΑΜ..

2230 4373 2388 4428 aulis.
2426 4376 2559 4443 Reg.
2599 4374 2658 4440 1,
2703 4373 2760 4440 2,
2809 4372 2961 4438 Alb.,
2992 4374 3105 4428 Ott.
3158 4375 3212 4442 1,
3256 4383 3313 4427 ιιι
3363 4375 3612 4438 videtur,
3649 4378 3830 4442 Ang..

2231 4445 2383 4512 aula,
2411 4446 2506 4499 sed
2540 4445 2696 4515 prius
2725 4446 2777 4499 in
2809 4445 2893 4500 his
2924 4445 3098 4500 tribus
3129 4444 3365 4501 fortasse
3392 4443 3493 4500 fuit
3518 4443 3681 4500 auito.
3708 4447 3830 4502 Ple-

2231 4516 2388 4585 rique
2411 4516 2567 4580 editi,
2597 4517 2743 4581 auta,
2774 4518 2829 4570 h.
2862 4531 2948 4582 e.,
2989 4516 3040 4569 io
3066 4515 3216 4572 aula.

2299 4588 2422 4643 521.
2458 4588 2629 4653 Meus,
2665 4587 2833 4660 Regni
2880 4586 3111 4660 caelestis.
3151 4587 3407 4657 Plerique
3440 4588 3611 4643 nostri
3647 4604 3782 4641 mss.
3808 4629 3827 4654 ,

2226 4660 2342 4732 quis
2376 4660 2534 4727 possit
2569 4659 2756 4732 major.
2792 4659 2975 4732 Fabr.,
3001 4659 3211 4732 Poelm.
3237 4670 3291 4714 et
3321 4659 3505 4732 plures
3528 4659 3680 4725 editi,
3717 4677 3828 4713 ma-

2220 4731 2310 4800 jor
2338 4733 2452 4801 quis
2480 4730 2659 4804 possit.
2692 4730 3021 4804 Arntzcnius
3048 4730 3223 4786 edidit
3262 4730 3377 4802 quis
3420 4733 3588 4804 iunior
3613 4732 3782 4799 possit
3808 4771 3829 4797 ,

2228 4804 2373 4869 quod
2410 4804 2461 4857 in
2494 4803 2616 4856 ΑΗ).
2650 4804 2940 4871 reperitur.
2976 4801 3076 4858 Ms.
3108 4801 3321 4871 Arna},
3345 4806 3461 4871 quis
3502 4801 3670 4872 posset
3718 4818 3834 4856 ml-

2218 4875 2309 4945 jor
2343 4890 2359 4926 :
2392 4875 2468 4928 sic
2497 4874 2661 4930 etiam
2693 4888 2849 4943 prosa
2881 4882 3051 4942 posset
3088 4888 3186 4942 pro
3217 4876 3399 4946 possit.
3430 4874 3713 4946 Notandns
3744 4883 3834 4946 est

2230 4960 2360 5017 usus
2389 4947 2549 5012 hujus
2602 4947 2822 5017 phrasis
2866 4947 3027 5017 possit
3074 4943 3251 4999 haberi
3304 4960 3406 5017 pro
3445 4943 3698 5017 habeatur
3741 4944 3833 5000 vel

2229 5015 2496 5143 {urbanitas
2543 5018 2628 5072 sit.
2656 5013 2875 5072 Similia
2924 5027 3224 5072 occurrunt
3278 5016 3413 5071 alibi
3458 5014 3598 5088 apud
3636 5013 3832 5073 Sedu-

2254 5105 2389 5143 111111.

2254 5105 2389 5143 111111.

2301 5160 2428 5215 522.
2464 5160 2596 5230 Reg.
2633 5161 2685 5219 1.
2716 5158 2874 5226 Tum;
2903 5174 3093 5227 supra,
3128 5172 3225 5228 pro
3248 5157 3304 5213 d.
3328 5173 3404 5224 s.,
3437 5155 3527 5214 Ut.

2299 5233 2426 5287 523.
2456 5227 2577 5293 Vat‘.
2600 5236 2653 5301 1,
2678 5231 2866 5295 Rom.,
2886 5230 3103 5301 Parrh.,
3135 5227 3368 5286 Dimisso
3386 5271 3401 5294 ,
3434 5246 3533 5299 pro
3557 5227 3831 5295 Demissis,

2229 5303 2375 5373 quod
2404 5304 2597 5357 melius
2622 5304 2859 5359 videtur.
2887 5303 3072 5365 Cant.,
3095 5302 3313 5359 schedze
3342 5302 3583 5367 Poelm.,
3614 5303 3729 5356 Ott.
3768 5301 3833 5360 1.

2230 5376 2397 5445 Ang.,
2428 5375 2630 5443 aliique
2658 5390 2815 5441 mss.,
2847 5384 2901 5429 et
2932 5375 3117 5445 plures
3138 5375 3297 5437 editi,
3322 5377 3475 5445 gerit.
3508 5373 3617 5429 Ott.
3649 5373 3701 5434 1,
3730 5387 3836 5445 t-ro

2228 5448 2282 5501 d.
2318 5443 2387 5505 ἐν.
2425 5447 2574 5510 Alb.,
2608 5448 2743 5514 lteg.
2780 5453 2830 5511 1,
3008 5444 3182 5513 Lips.,
3217 5445 3403 5507 Fabia,
3433 5443 3601 5512 feret;
3642 5444 3743 5497 sed
3778 5443 3836 5495 in

2229 5519 2367 5588 Reg.
2400 5518 2436 5570 2
2467 5518 2613 5572 aliud
2645 5519 2764 5582 fuit,
2794 5528 2846 5572 et
2873 5518 3058 5588 glessa
3085 5523 3174 5572 est
3198 5526 3363 5588 gerat.
3398 5515 3620 5584 Parrh.,
3658 5522 3832 5584 geret.

2229 5589 2591 5646 Recentiores
2619 5589 2916 5661 praeierunt
2945 5588 3097 5659 feret.

2299 5705 2330 5745 ι’
2371 5705 2712 5772 Gullaodius,
2748 5705 2905 5762 Omni
2936 5703 3132 5777 petenti
3163 5712 3210 5777 te
3238 5704 3425 5775 tribue,
3456 5719 3523 5762 ex
3555 5700 3789 5777 Vulgata
3815 5746 3832 5769 ,

2231 5777 2363 5834 Luc.
2399 5794 2448 5834 vr
2472 5820 2486 5849 ,
2518 5778 2608 5836 50.
2633 5779 2763 5837 Alite
2788 5774 3059 5837 editiOnes
3080 5774 3289 5840 Sedulii
3316 5774 3579 5837 omittunt
3601 5774 3667 5831 te.
