4086 6184
204 224 307 283 ὃϐῖ)

342 428 462 485 Non
506 428 700 497 annis,
748 427 845 484 sed
894 437 1120 499 mente,
1161 429 1356 500 jubet,
1405 431 1530 502 quia
1583 428 1801 485 mollior

707 509 714 515 ’
1568 525 1728 603 [aetas

343 618 429 675 Nil
474 632 689 690 pompte
731 618 982 676 mortalis
1021 627 1205 687 amat,
1249 634 1363 676 non
1404 619 1578 677 ambit
1620 620 1799 677 bono-

1556 712 1692 786 [rem
1709 755 1727 783 ,

203 806 305 864 330
340 803 505 881 274
552 801 666 860 Nec
711 803 973 876 resupina
1022 813 1227 873 tumet;
1269 804 1352 863 sic
1408 821 1557 878 purae
1602 805 1802 865 semita

1545 899 1718 975 {vita},

340 997 616 1066 Quantum
642 1010 808 1066 prona
836 994 962 1050 solo
980 1038 993 1062 ,
1028 1004 1234 1052 tantum
1259 995 1321 1052 lit
1345 997 1599 1069 proxima
1624 997 1795 1054 caelo:

340 1090 492 1147 lens
515 1088 721 1147 etenim
747 1102 1015 1162 vergens,
1040 1091 1211 1147 altum
1242 1092 1401 1163 petit,
1430 1092 1648 1164 altaque
1676 1108 1799 1149 ver-

1586 1185 1724 1259 icit.

1341 221 1626 280 CABMEN
1667 219 2062 283 PASCllALE.
2099 223 2235 283 LIB.
2278 222 2368 283 III.

343 336 571 392 Scilicet
601 334 875 407 ingenium
902 337 1085 397 teneri
1115 345 1390 397 sectemur
1418 348 1480 397 ut
1517 338 1620 397 aevi
1825 350 1879 410 Α

3408 226 3515 286 670

2043 339 2388 412 interiorque
2410 340 2638 413 gradus,
2669 355 2780 413 quo
2798 341 3293 410 vultdesccndere,
3310 348 3510 418 surgit.

2050 433 2191 491 Ecce
2220 433 2488 491 humilem
2517 434 2783 492 Dominus
2824 434 2894 491 de
2924 444 3174 493 stercore
3207 436 3352 494 tollit
3379 452 3508 511 ege-

3232 528 3386 603 [num
3414 571 3431 601 ,

1900 618 2007 678 335
2046 621 2114 677 Et
2144 619 2273 675 facit
2299 620 2550 691 egregios
2580 620 2725 676 inter
2748 618 2989 676 residere
3017 629 3281 692 tyrannos
3310 640 3323 677 :

1992 700 1998 707 ’
2049 713 2120 770 At
2148 724 2338 769 contra
2367 713 2636 770 tumidum
2665 714 2895 785 pugnaci
2928 726 3119 771 mente
3149 715 3415 773 rebellem

2047 812 2393 883 Praecipitem
2425 813 2569 870 cosio
2591 812 2693 869 sub
2724 820 2927 869 tartara
2955 813 3121 884 jussit
3150 812 3325 870 abire.

2044 905 2208 981 275
2233 904 2404 961 Parva
2429 903 2647 977 loquor,
2705 905 2753 961 si
2798 904 2939 961 facta
2985 902 3083 962 Dei
3131 919 3232 977 per
3275 906 3494 978 singula

3152 998 3423 1073 [curram,

2044 1095 2111 1151 Et
2141 1094 2380 1169 speciale
2406 1093 2639 1164 bonum,
2692 1104 2815 1151 cum
2867 1092 2939 1151 sit
2990 1093 3264 1168 generale,
3320 1097 3498 1155 revol-

3241 1185 3419 1261 [vam.

1557 1317 1738 1376 OPUS
1777 1318 2166 1380 PASCHALE.

199 1436 281 1495 vel
304 1429 841 1504 teneri,sectandum
864 1431 1193 1507 praecipiens
1217 1432 1641 1505 ingenium,non
1665 1442 1795 1490 aeta-

199 1541 325 1590 tem.
349 1529 615 1601 Quoniam
643 1528 775 1585 anni
800 1527 1056 1585 videlicet
1071 1527 1349 1586 inlantiles
1368 1530 1585 1601 exiguae
1614 1539 1642 1568 α
1668 1546 1794 1601 par-

196 1623 403 1692 vitatis,
435 1636 538 1683 nec
564 1620 862 1681 mundanae
889 1635 1106 1693 pompae
1125 1620 1254 1692 quid
1274 1621 1528 1693 diligunt,
1558 1637 1659 1680 nec
1689 1623 1790 1680 bo—

198 1717 342 1772 noris
392 1714 688 1770 ambitione
740 1722 1035 1784 tanguntur
1070 1756 1084 1780 ,
1138 1728 1239 1771 nec
1297 1723 1513 1772 tumore
1568 1715 1792 1787 superbi

195 1809 370 1865 fastus
400 1804 680 1861 inﬂantur.
716 1805 953 1877 Ideoque
980 1806 1105 1861 vitae
1130 1806 1457 1877 simplicitas
1493 1807 1787 1876 inclinatae,

1897 1448 2007 1495 tem
2038 1439 2093 1493 in
2121 1435 2399 1509 squaloris
2426 1435 2651 1494 tartarei
2682 1434 2953 1508 profunda
2971 1435 3194 1509 deiecit.
3224 1437 3302 1495 lta
3335 1452 3492 1497 nam-

1893 1546 2002 1602 que
2023 1531 2187 1588 lectio
2214 1530 2400 1586 divina
2430 1528 2782 1602 proloquitur
2802 1528 2830 1569 ιι
2856 1547 2871 1585 :
2903 1529 3208 1587 Humilibus
3238 1530 3379 1589 Deus
3403 1533 3495 1588 dat

1895 1625 2140 1697 gratiam,
2169 1623 2404 1693 superbis
2437 1631 2612 1678 autem
2636 1622 2850 1679 resistit.
2905 1622 2970 1679 Et
3021 1623 3217 1679 iterum
3241 1623 3496 1681 similiter

1897 1733 2227 1782 memorans,
2280 1716 2461 1771 dicit:
2514 1715 2782 1771 Suscitans
2831 1732 2864 1770 a
2907 1726 3043 1772 terra
3090 1718 3317 1787 inopem,
3355 1727 3403 1772 et
3432 1718 3495 1774 de

1892 1822 2115 1868 stercore
2141 1813 2340 1883 erigens
2361 1827 2675 1883 pauperem;
2700 1819 2752 1864 ut
2785 1812 2999 1867 collocat
3022 1828 3138 1867 eum
3166 1830 3280 1867 cum
3301 1815 3495 1885 princi-

195 1907 459 1973 quantum
486 1899 662 1955 vicina
702 1898 763 1955 lit
786 1900 928 1967 solo,
966 1906 1073 1953 tam
1106 1900 1166 1953 lit
1196 1899 1370 1955 vicina
1424 1904 1583 1957 caelo.
1636 1901 1790 1959 Mens
1818 1903 1867 1967 B
1894 1909 2064 1983 pibns,
2106 1923 2222 1963 cum
2251 1905 2574 1976 principibus
2601 1905 2783 1980 pepuli
2811 1906 2915 1960 sui.
2943 1904 3135 1963 Omnis
3164 1907 3309 1962 enim
3360 1922 3493 1978 pau-

194 1996 335 2052 enim
364 2009 600 2066 vergens
622 1992 870 2065 erigitur,
895 2005 1078 2051 erecta
1103 1993 1435 2065 devergitur;
1454 1995 1792 2068 inferiorun

192 2089 375 2146 cordis
404 2089 672 2154 incessus,
704 2104 813 2160 quo
835 2088 1173 2145 descendere
1201 2088 1416 2157 nititur,
1439 2090 1788 2149 sublimatur.

191 2185 466 2241 llumilem
496 2200 731 2255 namque
792 2184 937 2241 Deus
979 2194 1035 2241 et
1082 2197 1377 2258 pauperem
1423 2185 1492 2242 de
1536 2186 1793 2243 sordibus

191 2280 378 2350 erigit,
428 2287 486 2339 et
530 2288 812 2350 potentum
862 2279 1115 2337 societati
1158 2280 1462 2353 conjungit.
1510 2280 1791 2339 Cervicein

191 2373 477 2430 diabolica:
507 2388 636 2433 vere
662 2372 940 2445 superbia:
982 2373 1192 2430 ccelesti
1236 2373 1501 2447 dignitate
1541 2375 1793 2449 praecipi-

1896 2010 2082 2071 pertas
2105 1998 2435 2055 humilitatis
2452 1998 2622 2055 socia.
2656 1998 2800 2054 Audi
2820 1997 3174 2055 Saloinonem
3197 1996 3498 2055 dicentem;

1896 2092 2189 2165 Paupertas
2216 2091 2465 2148 humilia!
2489 2091 2673 2148 virum.
2720 2091 2829 2150 Sed
2879 2106 3045 2162 parva
3074 2092 3237 2149 nimis
3273 2093 3498 2164 exigua.

1894 2201 1999 2256 que
2026 2185 2349 2252 referimus,
2388 2184 2433 2241 si
2462 2199 2563 2255 per
2593 2183 2802 2255 singula
2835 2182 3147 2240 Divinitatis
3179 2184 3321 2241 facta
3364 2200 3493 2242 cur-

1895 2292 2084 2338 rentes
2110 2321 2127 2348 ,
2176 2278 2494 2351 specialiter
2533 2277 2914 2344 revolvamus,
2957 2292 3079 2349 quas
3118 2278 3284 2334 nullis
3315 2279 3494 2350 expli-

1896 2374 2069 2432 canda
2100 2372 2469 2439 sermonibus,
2498 2371 2830 2445 generaliter
2855 2371 3221 2430 inuotescant.

1682 2506 1978 2567 SCHOLIA
1989 2548 2003 2565 .

256 2603 395 2660 327.
428 2600 603 2667 Meus,
646 2610 905 2657 sectamur
945 2610 995 2657 et
1047 2617 1064 2654 :
1105 2615 1302 2658 sensus
1351 2602 1593 2672 postulat.
1629 2611 1792 2658 secte-

192 2693 304 2732 mur
326 2684 412 2730 ιιι.

260 2747 394 2804 329.
424 2744 555 2817 Reg.
588 2746 642 2814 1,
675 2745 860 2814 Cant.,
918 2745 1027 2802 Ott.
1076 2747 1130 2817 1,
1160 2745 1460 2817 mundatis,-
1490 2745 1542 2801 in
1585 2746 1696 2801 Ott.
1725 2746 1791 2817 1,

195 2820 362 2874 veluti
394 2814 596 2889 glossa,
631 2824 718 2889 est
745 2818 998 2872 mortalis.
1030 2814 1142 2872 Ott.
1195 2817 1251 2884 2,
1297 2814 1578 2889 mandatis.
1616 2816 1791 2872 Pleri—

196 2906 294 2960 que
334 2887 476 2945 mss.
500 2899 555 2944 et
583 2887 740 2955 editi,
770 2889 1029 2955 mortalis,
1057 2890 1200 2960 quod
1236 2892 1455 2958 prmlert
1483 2887 1788 2957 Grunerus,

195 2964 311 3031 quia
352 2962 461 3017 etsi
510 2961 679 3017 Prosa
706 2960 873 3017 habet
900 2963 1203 3025 mundanae,
1228 2969 1408 3016 tamen
1433 2960 1667 3014 mortalis
1707 2969 1793 3015 est

198 3030 376 3105 magis
408 3032 700 3105 poeticum,
720 3041 779 3105 et
802 3031 1067 3105 niundalis
1094 3032 1234 3105 apud
1265 3032 1402 3105 alios
1435 3046 1541 3087 non
1586 3030 1791 3100 reperi.

199 3101 307 3160 tur:
333 3105 538 3158 lterum
566 3102 842 3174 Sedulius,
877 3104 914 3157 l.
938 3120 1021 3173 1v,
1050 3119 1104 3159 v.
1125 3101 1390 3168 293:Qui
1419 3117 1618 3174 pompa:
1650 3119 1790 3174 nier-

200 3176 312 3230 talis
349 3175 538 3229 honor.
560 3173 689 3228 Mihi
711 3175 762 3229 in
791 3174 1016 3231 Sedulio
1044 3189 1149 3230 non
1173 3173 1487 3244 displiceret
1508 3173 1789 3241 nmndalis,

198 3260 285 3303 aut
314 3249 488 3320 etiam
518 3246 810 3320 mundialis
832 3246 1178 3320 trisyllabum
1213 3262 1309 3315 per
1330 3244 1791 3320 contractionem,

198 3334 300 3391 quo
328 3318 599 3391 vocabulo
626 3316 1418 3391 Tertullianus,Hieronymus,
1446 3316 1794 3384 Prudentius,

199 3388 251 3445 (ἐι
272 3388 564 3445 Salvianus
598 3396 842 3444 tilutilttr.

266 3435 851 3529 iiii)
875 3462 1115 3530 superbo
1147 3460 1215 3515 ab
1254 3458 1453 3516 Ovidio
1482 3467 1537 3513 et
1585 3457 1794 3514 Seneca
1821 3435 1867 3499 Ο

202 3544 519 3603 usurpatur,
547 3542 603 3586 ut
631 3535 849 3600 supinus
870 3532 937 3603 ab
959 3533 1106 3587 aliis.
1131 3530 1295 3585 Pura:
1320 3534 1436 3585 vita:
1455 3570 1469 3595 ,
1502 3532 1624 3603 quia
1663 3545 1797 3599 puer

199 3620 228 3658 a
262 3600 400 3672 puro
432 3603 653 3667 dicitur,
683 3614 734 3657 ut
767 3603 845 3657 ait
875 3602 1274 3670 Nebrissensis,
1307 3603 1415 3669 vel,
1464 3609 1522 3655 ut
1552 3600 1797 3657 lsidorus

203 3676 330 3731 libr.
357 3691 434 3730 xu
455 3674 604 3745 Orig.
634 3689 684 3729 c.
711 3674 767 3739 2,
799 3690 830 3729 a
862 3676 1106 3744 puritate.

433 3744 641 3832 lviii-.1.
673 3745 940 3832 Quantum
961 3753 1036 3803 est
1051 3762 1275 3832 "prona;
1297 3744 1396 3828 alii
1414 3744 1670 3832 omittunt
1698 3751 1798 3832 est.

204 3818 320 3874 lloc
340 3816 553 3873 Sedulii
567 3832 726 3872 versu
745 3828 924 3887 potest
940 3816 1258 3874 conﬁrmari
1275 3817 1396 3882 conj
1408 3825 1614 3883 actura,
1639 3829 1801 3887 quam

205 3890 447 3946 iudicavi
472 3887 539 3945 ad
565 3886 890 3953 JuvenCum,
918 3890 956 3949 l.
984 3904 1057 3954 iv,
1077 3888 1334 3947 vers.36:
1356 3888 1457 3955 Qui
1479 3897 1629 3942 terra:
1650 3886 1801 3958 proni

206 3975 305 4030 pro
331 3961 440 4028 Qui
465 3968 655 4015 terram
685 3961 856 4028 proni,
886 3968 944 4014 ut
988 3962 1042 4016 in
1084 3976 1216 4016 mss.
1254 3960 1470 4031 legitur.
1498 3958 1683 4014 Adisis
1714 3973 1807 4013 va-

206 4035 318 4088 rias
339 4033 629 4089 lectiones.
682 4030 906 4089 Tantum
929 4041 985 4089 et
1013 4043 1285 4103 quantum,
1310 4030 1407 4102 pro
1428 4040 1532 4085 tam
1551 4038 1607 4086 et
1627 4046 1805 4099 quam,

207 4104 286 4158 sic
311 4104 452 4158 satis
476 4103 758 4161 usitatum.
964 4146 969 4149 -

279 4174 410 4231 555.
431 4173 707 4247 Vonckius
734 4174 1319 4246 malebatlnferiorque
1339 4176 1509 4247 gradu
1540 4171 1807 4247 quoriilt;

209 4246 551 4315 exemplaria
579 4257 762 4303 vetera
805 4259 859 4303 et
888 4261 1048 4317 prosa
1086 4244 1315 4316 exigunt
1341 4244 1577 4317 'gradus.
1626 4244 1809 4317 Nostri

210 4331 406 4375 omnes
448 4325 508 4390 et
540 4318 784 4389 plerique
808 4316 1019 4390 aliique
1034 4317 1143 4373 vult
1171 4318 1503 4390 descendere,
1527 4317 1716 4387 surgit.
1753 4316 1807 4390 In

209 4390 438 4445 schedia
461 4388 668 4447 Poeltn.
696 4385 821 4446 erat
843 4385 1093 4447 notatum
1119 4429 1135 4454 ,
1174 4390 1289 4455 Quo
1321 4432 1336 4456 ,
1371 4389 1565 4445 scilicet
1597 4385 1656 4442 eo
1682 4430 1696 4453 ,
1730 4385 1809 4444 uel

213 4478 273 4514 ea
306 4470 458 4532 parte
482 4478 583 4531 qua
614 4477 631 4514 :
662 4463 836 4527 aliter,
869 4478 1006 4516 cum.
1054 4459 1277 4515 Manent
1325 4462 1530 4516 ca'dem
1554 4458 1774 4532 schcdai
1795 4501 1810 4523 ,

212 4531 512 4605 lugendum
537 4533 845 4589 descendere
873 4532 1065 4605 surgit,
1093 4546 1198 4605 non
1222 4532 1476 4588 descende
1496 4576 1515 4605 ,
1566 4531 1811 4601 resurgit.

214 4604 373 4661 Hanc
399 4603 714 4661 varietatem
741 4603 1071 4664 Arntzenius
1104 4604 1157 4656 in
1187 4605 1305 4659 suis
1352 4618 1459 4659 non
1504 4604 1812 4659 invenerat.

215 4676 415 4733 Exstat
445 4686 627 4731 tamen
660 4677 712 4730 in
740 4676 984 4734 editione
1011 4674 1127 4743 ipsa
1152 4673 1500 4742 Poelmanni,
1530 4678 1580 4731 in
1610 4688 1716 4743 qua
1740 4672 1816 4729 le-

211 4750 367 4817 gitur
389 4762 491 4815 quo
520 4747 627 4801 uult
669 4747 944 4812 descende,
988 4745 1233 4817 resurgit,
1284 4756 1340 4801 et
1387 4745 1456 4803 ad
1503 4760 1675 4815 marg.
1700 4760 1817 4817 cum

1901 2604 2067 2660 etiam
2107 2603 2301 2669 Taciti,
2332 2608 2394 2659 ut
2439 2602 2716 2659 nonnullis
2753 2602 2988 2670 videtur,
3018 2600 3331 2660 defenditur
3359 2621 3372 2658 :
3400 2604 3495 2662 sed

1901 2676 2125 2759 latinius
2147 2684 2234 2732 est
2260 2683 2443 2730 contra
2462 2675 2828 2759 simpliciter.‘
2850 2674 3217 2759 Retinendum
3258 2689 3390 2748 ergo
3430 2678 3496 2733 At

1899 2758 2106 2812 contra,
2135 2763 2256 2815 qua
2276 2757 2584 2802 communis
2611 2757 2696 2804 cst
2720 2757 3012 2815 scriptura.

1969 2821 2092 2943 31537.
2120 2816 2244 2875 Vat.
2281 2817 2333 2889 1,
2366 2816 2702 2890 Praecipitem
2745 2836 2771 2874 ε
2800 2817 2926 2875 caelo
2956 2838 2974 2875 :
3006 2818 3126 2887 alii,
3155 2816 3496 2891 Praecipitem

1969 2914 1970 2920 η
1995 2907 2046 2943 o.

1897 2906 2046 2945 εοειο.

1966 2963 2090 3018 558.
2124 2961 2342 3028 Perrin,
2364 2960 2585 3032 schelius
2615 2960 2849 3030 Poelm.,
2874 2961 3056 3016 Pauca
3081 2961 3285 3032 loquar.
3304 2962 3490 3031 Rom.,

1895 3032 2060 3105 Ang.,
2086 3034 2237 3100 Alb.,
2262 3044 2319 3089 et
2361 3033 2479 3105 alii,
2514 3031 2687 3088 Parva
2736 3033 2940 3105 loquar.
2984 3031 3339 3091 Communior
3388 3050 3496 3105 ive-

1896 3103 2324 3176 rinrquelvctio,
2358 3103 2529 3176 Parva
2568 3105 2770 3175 loquor,
2799 3103 2886 3161 cui
2909 3106 3052 3161 lavet
3101 3120 3281 3174 prosa.
3330 3104 3499 3176 WOp-

1897 3174 2119 3231 kcnsius
2144 3178 2390 3245 exponit,
2418 3174 2592 3247 Nimis
2616 3174 2804 3247 exigua
2833 3193 2913 3230 me
2935 3176 3166 3247 proferre
3190 3179 3373 3232 sentio.
3404 3174 3494 3232 Si-

1898 3249 2113 3315 donius,
2140 3262 2312 3304 carm.
2339 3250 2391 3314 ὅ,
2426 3245 2599 3302 Parva
2624 3245 2823 3318 loquor.
2858 3245 3038 3314 Quid?
3061 3247 3220 3315 quod,
3246 3263 3350 3305 etc.
3374 3248 3491 3303 Vat.

1901 3318 1950 3379 l,
1979 3321 2023 3374 si
2041 3337 2165 3375 cum
2192 3319 2334 3381 aliis.
2368 3318 2464 3375 sed
2488 3333 2648 3389 supra
2672 3320 2887 3376 videtur
2915 3335 3043 3375 esse
3083 3321 3207 3375 nisi.
3252 3320 3499 3389 Scripto-

1900 3406 1987 3463 res
2027 3390 2297 3462 sequioris
2342 3391 2443 3447 aevi
2499 3391 3059 3463 usurpabautcurrere
3090 3408 3180 3461 per
3212 3392 3376 3463 facta,
3408 3408 3500 3460 per

1900 3461 2171 3528 miracula,
2201 3473 2337 3530 etc.,
2382 3475 2479 3531 pro
2521 3461 2756 3516 breviter
2793 3477 3111 3525 recensere,
3155 3461 3221 3516 ut
3258 3462 3497 3518 Severus

1900 3532 2192 3602 Sulpicius,
2223 3534 2481 3602 Paulinus
2509 3531 2771 3598 Nolanus,
2802 3531 3156 3602 Augustinus.
3187 3532 3297 3588 Nec
3339 3534 3500 3587 dissi-

1899 3601 2032 3660 mile
2052 3618 2131 3658 est
2165 3603 2295 3657 illud
2324 3601 2627 3667 Ciceronis,
2663 3602 2817 3657 Verr.
2848 3601 2908 3669 δέ
2945 3604 3016 3657 al.
3056 3605 3110 3666 5,
3144 3619 3193 3657 c.
3217 3604 3327 3658 42:
3361 3602 3500 3657 Nunt

1902 3692 1991 3747 per
2022 3690 2195 3729 omnes
2224 3675 2489 3739 civitates,
2540 3689 2656 3741 qua:
2710 3676 2948 3729 decumas
2996 3673 3195 3741 debent,
3249 3675 3501 3744 percurrit

1903 3748 2068 3802 oratio
2096 3762 2229 3803 mea.

1977 3818 2101 3872 339.
2134 3816 2458 3872 lii-acontius
2476 3815 2757 3889 etuijungit
2780 3817 2943 3889 etiam
2972 3817 3211 3889 generale
3232 3824 3286 3872 et
3306 3816 3505 3887 sprcia-

1906 3889 1971 3949 le.
1999 3889 2036 3945 l.
2065 3906 2120 3955 ll,
2152 3902 2298 3960 vers.
2329 3889 2433 3960 183
2466 3904 2480 3940 :
2515 3885 2583 3940 Et
2604 3888 2828 3959 speciale
2838 3885 3015 3960 jubes,
3044 3898 3307 3960 tamquam
3335 3885 3502 3960 'gene-

1906 3962 2035 4030 rule,
2069 3959 2394 4033 tueri._Pnst
2417 3959 2560 4033 hunc
2588 3958 2989 4033 versunj,Reg.
3012 3964 3040 4033 71
3080 3978 3094 4015 :
3126 3958 3358 4033 Egpligit
3380 3958 3508 4033 liber

1905 4018 2183 4087 secundus.
2219 4031 2415 4096 Incipit
2435 4031 2659 4102 liberm,
2682 4033 2735 4085 in
2760 4018 2988 4087 Christo.
3009 4032 3138 4101 Reg.
3166 4018 3245 4084 2':
3281 4028 3509 4102 Erplicit

1909 4105 1998 4159 lib.
2032 4118 2090 4159 ll.
2124 4103 2307 4158 Ottob.
2342 4105 2364 4157 1
2403 4119 2418 4156 :
2463 4101 2609 4176 Finit
2653 4102 2751 4176 lib.
2782 4118 2841 4159 ll.
2872 4102 3066 4176 Incipit
3089 4099 3182 4157 lib.
3212 4117 3293 4156 iit.
3341 4099 3511 4176 Eran-

1909 4176 2108 4246 gelislat
2141 4182 2376 4239 sequitur
2394 4174 2533 4228 tituli
2560 4174 2779 4246 singulis
2812 4172 3067 4243 capitibus
3107 4176 3381 4229 coarctari.
3430 4172 3508 4246 ita

1912 4242 2105 4302 vitiose
2130 4247 2395 4314 scriptum
2420 4254 2532 4309 est,
2582 4242 2814 4299 fortasse
2842 4257 2902 4299 ut
2927 4246 3224 4309 indicetur,
3283 4242 3512 4314 singulis

1912 4316 2183 4388 capitibus
2220 4331 2362 4388 suos
2410 4316 2601 4388 titulos
2631 4315 2893 4386 praeponi.
2942 4316 3068 4388 Vat.
3120 4318 3145 4371 1
3185 4334 3198 4372 :
3237 4315 3516 4388 Hicgliber

1915 4385 2093 4444 tertius
2122 4387 2307 4441 incidit
2325 4386 2607 4441 secundum
2629 4385 2896 4456 persanas.
2927 4385 3146 4443 Clarum
3180 4397 3266 4442 est
3292 4385 3399 4441 Hic
3448 4386 3514 4456 li-

1916 4462 2001 4515 ber
2032 4460 2236 4524 tertius,
2270 4459 2371 4512 alia
2405 4455 2636 4513 couifusa
2663 4467 2712 4513 et
2741 4459 2937 4513 litteris
2967 4460 3107 4513 inter
3136 4473 3197 4513 se
3230 4455 3518 4528 permixtis

1917 4532 2173 4587 obsi-ura.
2206 4530 2339 4601 Reg.
2374 4532 2407 4586 5
2438 4547 2451 4584 :
2480 4529 2639 4601 Finis
2662 4529 2882 4601 secundi
2910 4530 3054 4585 libri.
3097 4528 3252 4601 Liber
3306 4529 3519 4601 tertius,

1918 4602 2228 4658 Divinarum
2280 4597 2599 4656 mirabilium
2650 4600 2778 4655 liber
2824 4602 3025 4656 tertius.
3074 4600 3273 4656 Meus:
3314 4597 3521 4655 Sedulii

1919 4673 2529 4764 poetteIibersecu'ndus:
2561 4670 2756 4764 .Incli’pit
2801 4689 2880 4729 ut.
2934 4672 3118 4764 codex
3169 4680 3521 4764 pervetustlus

1932 4746 2321 4802 l‘aurinensis:
2363 4745 2596 4814 Explicit
2649 4744 2777 4800 liber
2821 4745 3097 4800 secandus.
3161 4741 3354 4811 Incipit
3396 4741 3525 4796 liber

216 4814 349 4875 ivult.
385 4814 518 4882 Sed,
565 4829 625 4875 ut
655 4819 872 4889 Opinor,
926 4833 1088 4874 error
1140 4814 1564 4889 iypographicus
1590 4829 1680 4871 est
1724 4816 1818 4870 tle-
1843 4820 1897 4881 D
1921 4820 2119 4889 tertius.
2153 4815 2268 4888 Ego
2295 4816 2656 4889 Abundantius
2682 4823 2837 4871 istum
2861 4818 3050 4889 librum
3071 4815 3265 4889 contuli
3281 4814 3524 4889 feliciter.

214 4888 703 4961 scende,_rcsurgit
730 4907 750 4945 :
782 4888 965 4947 nullus
995 4892 1141 4946 enim
1175 4888 1299 4961 inde
1328 4888 1537 4961 eruitur
1564 4902 1781 4961 sensus.

291 4959 423 5017 554.
446 4958 643 5028 Cant.,
673 4966 892 5024 Arutz.,
923 4965 1063 5031 Ang.
1085 5004 1099 5026 ,
1136 4959 1284 5023 Alb.,
1308 4958 1471 5031 ⁸Ιιεξς.
1499 4960 1554 5024 2,
1602 4960 1659 5025 5,
1700 4958 1819 5014 Vat.

219 5034 256 5088 2
278 5042 339 5087 et
366 5031 477 5089 Ott.
509 5032 566 5093 2,
591 5049 827 5104 egenum.
855 5033 947 5090 Sic
967 5028 1079 5089 υἷι.
1112 5032 1137 5086 1
1161 5072 1175 5096 .
1226 5028 1324 5088 sed
1366 5028 1700 5104 correctum,
1729 5044 1827 5104 per

221 5113 485 5173 egentem,
514 5101 660 5172 quod
700 5105 966 5161 exhibent
992 5104 1126 5174 Reg.
1163 5106 1185 5157 1
1245 5110 1301 5157 et
1330 5102 1445 5159 alii.
1480 5102 1626 5158 Edili
1658 5101 1824 5157 simili

221 5177 395 5231 modo
432 5177 667 5231 variant.

294 5246 424 5303 335.
484 5246 809 5318 Tyrannos,-
843 5247 1065 5318 antiqua
1137 5245 1580 5318 signiﬁcatione,
1630 5258 1827 5314 nempe

221 5332 427 5471 [8335.
458 5390 631 5471 Meus,
662 5388 1041 5471 Econtrahve'l.
1082 5388 1125 5443 E
1155 5399 1334 5471 contra
1366 5406 1385 5443 :
1415 5404 1538 5460 qua:
1565 5386 1826 5471 loquendi

221 5462 378 5517 ratio
403 5462 729 5518 auctoritate
748 5461 958 5517 Aurelii
980 5459 1245 5527 Victoris,
1264 5459 1612 5534 Hieronymi,
1629 5459 1832 5526 Servii,

1925 4888 1981 4943 In
2009 4888 2133 4942 aliis
2161 4885 2448 4943 codicibus
2479 4886 2760 4943 inferioris
2803 4900 2944 4942 nom
2966 4887 3070 4942 hoc
3096 4888 3219 4942 loco
3257 4885 3398 4939 nulla
3444 4893 3528 4940 est

1926 4960 2203 5014 distincrio
2228 4959 2372 5014 libri.
2416 4959 2475 5014 In
2519 4959 2687 5015 editis
2739 4961 2943 5015 pariter
2973 4959 3114 5015 idem
3159 4959 3519 5013 observatur:

1926 5046 2053 5085 nam
2085 5030 2180 5086 alii
2204 5045 2234 5084 a
2259 5046 2402 5102 vers.
2426 5028 2547 5084 Iam
2570 5027 2807 5102 placidas
2827 5031 2992 5085 alium
3022 5031 3221 5084 librum
3250 5027 3527 5102 inchoent,

1929 5103 2021 5157 alii
2047 5116 2225 5156 secus.
2260 5101 2425 5156 Liber
2449 5097 2632 5156 autem
2677 5104 2767 5173 qui
2816 5102 3021 5166 ﬁnitur,
3059 5102 3110 5156 in
3151 5113 3282 5173 mss.
3330 5097 3531 5173 dicitur

1930 5172 2203 5229 secundus
2244 5185 2309 5235 et
2338 5174 2475 5228 liber
2500 5173 2593 5242 qui
2618 5169 2927 5237 inchoatur,
2955 5175 3167 5237 tertius,
3184 5171 3306 5237 quia
3323 5169 3532 5242 primus

1930 5245 2067 5300 liber
2095 5245 2356 5299 carminis
2382 5240 2536 5315 quasi
2579 5256 2733 5315 extra
2779 5245 3025 5298 ordinem
3065 5242 3307 5314 ponitur,
3339 5249 3393 5292 et
3447 5240 3530 5315 in-

1932 5315 2193 5372 scribitur
2239 5316 2375 5371 liber
2400 5312 2633 5371 'veteris
2659 5314 2992 5372 Testamenti
3026 5332 3037 5369 :
3067 5312 3209 5367 liber
3257 5312 3532 5366 secundus

1931 5387 2191 5444 carminis
2239 5385 2441 5443 dicitur
2471 5389 2683 5456 primus
2738 5388 2863 5443 novi
2913 5385 3280 5449 Testamenti;
3311 5382 3534 5438 etidctn

1933 5460 2070 5515 ordo
2088 5458 2288 5515 deinde
2316 5466 2587 5514 servatur.

302 5565 333 5593 ³
378 5554 434 5611 in
464 5564 576 5613 vet.
604 5556 733 5613 cod.
761 5565 882 5612 erat
909 5557 1086 5628 exigui
1114 5571 1216 5627 pro
1237 5557 1469 5628 emigrare,
1491 5563 1547 5611 et
1579 5554 1669 5628 qui
1716 5552 1841 5628 dili-
1936 5554 2057 5628 cnbi
2088 5569 2207 5628 cap.
2234 5568 2314 5628 iv,
2335 5567 2475 5628 vers
2522 5551 2796 5628 6._Altera_
2829 5567 2894 5606 ex
2947 5551 3150 5628 psalmi
3204 5564 3337 5628 cxn,
3379 5562 3528 5628 vers.

219 5635 361 5701 gruit
411 5643 507 5713 pro
743 5626 1077 5713 diliguntilu
1105 5629 1290 5713 multis
1311 5626 1691 5713 .'lb_ibliotliccis
1737 5626 1839 5685 Pr

224 5698 379 5755 inim
407 5712 511 5756 non
542 5701 766 5771 diligunt
788 5698 908 5771 ,séd
934 5701 1167 5773 deligunt
1219 5698 1500 5756 scribitur.

300 5769 332 5808 ιι
379 5768 554 5827 Prima
587 5771 703 5830 lirec
722 5773 1010 5846 scripturae
1038 5772 1206 5830 verba
1239 5779 1464 5829 suntex
1511 5769 1689 5842 Epist.
1744 5768 1839 5827 Ja-

1936 5626 1990 5693 7,
2014 5624 2069 5692 8;
2086 5621 2189 5680 alia
2219 5624 2458 5695 denique
2481 5638 2547 5679 ex
2570 5622 2833 5695 Proverb.
2860 5638 2919 5688 x,
2936 5622 2992 5688 4,
3013 5621 3310 5695 secundum
3328 5623 3540 5677 versio-

1937 5711 2058 5754 nem
2092 5695 2255 5765 LXX,
2288 5694 2450 5767 quam
2476 5694 2734 5753 Sedulius
2757 5696 3079 5769 plerumque
3101 5694 3369 5769 sequitur.
