4086 6184
566 221 668 280 671

1931 221 2155 283 C(ELII
2190 221 2465 284 SEDULIl

3751 229 3846 287 672

1703 488 2053 584 LIBER
2126 494 2725 610 QUARTUS.

2008 676 2383 701 _——~

712 839 877 935 276
910 857 1030 916 Jam
1076 857 1319 931 placidas
1344 857 1600 915 Jordanis
1632 861 1761 915 item
1789 866 2161 929 transgressus
2188 865 2243 922 Α

1847 950 2099 1023 [arenas,

715 1047 919 1105 Judaeae
947 1052 1189 1103 sectatus
1218 1044 1343 1112 iter,
1371 1044 1489 1100 sine
1519 1044 1740 1100 nomine
1765 1044 1995 1100 mixtum

709 1141 952 1212 Vulgus,
994 1148 1048 1195 et
1095 1140 1408 1194 innumeras
1439 1137 1687 1194 relevans
1730 1151 1762 1192 a
1802 1136 1959 1194 clade
1994 1146 2174 1193 cater-

1944 1229 2099 1304 [vas,

719 1325 962 1397 Suscipit
994 1324 1261 1392 infirmos,
1292 1332 1348 1380 et
1377 1324 1471 1379 dat
1490 1322 1775 1379 discedere
1804 1337 1989 1379 sanos.

650 1421 684 1476 5
719 1421 804 1478 Nil
832 1420 995 1494 igitur
1019 1432 1233 1476 summo
1255 1417 1324 1474 de
1351 1432 1413 1473 se
1455 1416 1803 1488 sperantibus
1826 1432 2068 1487 unquam

719 1515 953 1571 Difficile
983 1522 1066 1570 est
1089 1511 1343 1568 conferre
1362 1511 1498 1575 Deo,
1523 1511 1608 1566 cui
1637 1524 1808 1580 prona
1838 1508 2070 1565 facultas

714 1608 895 1666 Ardua
925 1609 1177 1680 planare,
1207 1614 1262 1662 et
1287 1620 1450 1662 curva
1478 1607 1533 1659 in
1556 1604 1765 1661 directa
1788 1603 2002 1661 referre
2029 1621 2043 1670 ;

2409 856 2570 929 277
2618 855 2749 913 Nam
2790 856 3050 930 quidquid
3096 869 3288 917 natura
3316 871 3513 934 negat,
3566 876 3628 919 se
3656 862 3843 935 judice,

3532 953 3789 1026 [praesum

2418 1042 2667 1114 Namque
2701 1042 2943 1100 foramen
2982 1059 3113 1101 acus
3141 1044 3281 1102 sicut
3308 1054 3599 1118 penetrare
3631 1050 3848 1107 camelos

2314 1135 2383 1192 1Ο
2418 1137 2788 1193 Membrorum
2819 1153 2927 1206 prae
2962 1137 3105 1195 mole
3132 1140 3342 1211 nequit,
3382 1141 3463 1196 sic
3483 1140 3658 1207 dives,
3694 1143 3847 1213 opima

2425 1231 2728 1288 Fertilitate
2757 1240 2993 1297 tumens,
3025 1240 3242 1289 tenuem
3275 1248 3381 1289 non
3415 1234 3593 1305 possit
3616 1234 3762 1291 adire

2425 1323 2670 1379 (ἶωιρειίς
2698 1325 2849 1395 regni
2877 1323 3163 1380 ducentem
3190 1325 3257 1379 ad
3284 1326 3470 1381 limina
3496 1326 3715 1394 callem,

2425 1417 2489 1472 Ni
2530 1416 2756 1474 Genitor
2787 1432 2967 1473 rerum
3001 1419 3113 1490 (qui
3152 1420 3412 1476 mundum
3440 1420 3561 1492 lege
3581 1433 3807 1490 coercet,

2424 1511 2494 1567 Et
2521 1512 2666 1567 nulla
2694 1512 2796 1568 sub
2824 1512 2945 1583 lege
2966 1522 3178 1582 manet,
3218 1514 3307 1570 cui
3335 1514 3574 1571 condere
3601 1516 3742 1572 velle
3761 1528 3849 1582 est,

2317 1605 2386 1661 15
2423 1605 2593 1675 Quem
2617 1606 2765 1662 frons
2781 1606 2928 1662 nulla
2947 1606 3112 1676 videt,
3139 1606 3235 1664 sed
3260 1614 3428 1665 totum
3452 1609 3719 1680 conspicit
3738 1609 3853 1681 ipse)

1941 1766 2121 1824 OPUS
2158 1765 2542 1825 PASCHALE.

642 1908 761 1965 Jam
788 1921 911 1964 cum
950 1906 1135 1962 denuo
1183 1905 1439 1962 Jordanis
1486 1905 1690 1961 ﬂuenta
1736 1903 2173 1976 transgrediens,
2205 1911 2252 1973 Β
2279 1903 2418 1974 ejus,
2448 1903 2592 1958 viam
2623 1902 2837 1958 scilicet
2863 1901 3272 1974 cognitionum,
3300 1910 3357 1959 et
3382 1903 3858 1960 semitas‘volunta-

572 2000 778 2058 Iudaea:
799 1999 1051 2056 semitam
1080 1998 1412 2070 praeteriret,
1457 1997 1659 2070 passim
1705 1997 1900 2068 vulgus
1943 1998 2175 2053 immen-

574 2108 720 2159 sum,
755 2102 811 2148 et
855 2101 1108 2147 catervas
1132 2091 1204 2147 ab
1227 2091 1380 2146 omni
1423 2090 1691 2147 varietate
1734 2091 2008 2160 languoris
2055 2090 2175 2147 sine

572 2184 795 2242 nomine
837 2185 1052 2240 curavit
1099 2185 1441 2253 innumeras,
1489 2183 1738 2239 infirmos
1789 2183 2087 2254 accipiens,
2119 2193 2176 2240 et

569 2279 813 2336 columes
837 2288 862 2315 ἰ
883 2293 1128 2334 remeare
1154 2276 1484 2333 concedens.
1507 2276 1592 2333 Nil
1617 2277 1784 2349 igitur
1809 2292 2025 2333 summo
2046 2292 2177 2332 con-

572 2371 719 2429 ferre
748 2372 976 2427 difficile
1001 2380 1087 2426 est
1109 2370 1180 2428 de
1206 2386 1267 2428 se
1295 2371 1668 2442 sperantibus,
1704 2371 1954 2436 Domino,
1979 2371 2066 2427 cui
2090 2370 2174 2426 fa-

573 2466 752 2521 cultas
780 2480 951 2537 prona
981 2464 1295 2536 suppeditat
1321 2463 1350 2504 b
1381 2465 1549 2520 ardua
1579 2465 1830 2536 planare,
1856 2479 2020 2519 curva
2042 2464 2176 2520 diri-

570 2573 722 2631 gere,
755 2557 898 2629 quod
928 2566 1014 2613 est
1042 2558 1308 2628 superbos
1333 2558 1398 2612 ad
1428 2557 1723 2614 humiliora
1763 2557 2059 2628 deponere,
2087 2572 2178 2613 er-

575 2650 826 2705 ranlibus
856 2650 1110 2705 semitam
1140 2649 1542 2706 demonstrare.
1581 2648 1746 2706 Isaias
1777 2666 2014 2721 namque
2050 2665 2178 2720 pro-

574 2742 740 2812 pheta
781 2743 1101 2813 magnificus
1132 2745 1202 2799 ita
1244 2744 1491 2800 noscitur
1519 2744 1785 2807 elocutus,
1824 2742 2027 2800 Christi
2053 2759 2175 2799 cum

574 2836 923 2893 denuntiaret
961 2838 1257 2893 adventum
1288 2856 1302 2895 :
1338 2837 1404 2892 Et
1434 2848 1583 2893 erunt
1613 2855 1774 2907 prava
1800 2839 1855 2893 in
1884 2838 2101 2904 directa,
2130 2849 2178 2893 et

576 2943 764 2997 aspera
786 2928 841 2983 in
863 2929 973 2983 vias
997 2928 1201 2997 planas.
1228 2929 1500 3001 Numquid
1519 2929 1588 2986 de
1609 2931 1779 2995 saxis,
1801 2940 1892 2986 aut
1908 2931 2175 2998 sentibus,

578 3030 672 3074 aut
725 3018 941 3075 inﬂexis
987 3021 1197 3076 viarum
1252 3021 1603 3092 prophetavit
1644 3023 1998 3089 anfractibus,
2055 3039 2177 3079 cum

572 3109 824 3164 Christus
853 3111 920 3164 ad
950 3113 1268 3166 salvandum
1298 3113 1511 3168 venerit
1543 3117 1829 3182 tnumlnm,
1870 3132 1978 3171 nun
2002 3117 2176 3183 silvis,

575 3212 634 3256 et
684 3202 983 3270 montibus,
1041 3203 1138 3259 sed
1186 3203 1446 3260 humanis
1486 3207 1738 3276 gentibus
1781 3211 2179 3267 constitutum?

2277 2006 2412 2063 tum,
2456 2011 2561 2066 qua
2612 1994 2874 2050 Dominus
2917 1994 2987 2050 ad
3036 1995 3223 2050 mundi
3273 1994 3454 2050 cordis
3505 1996 3855 2052 habitaculum

2276 2098 2425 2144 recto
2455 2089 2701 2158 graditur
2732 2087 3006 2158 ingressu.
3035 2086 3406 2158 Cogitationes
3458 2089 3661 2144 etenim
3694 2097 3751 2144 et
3778 2104 3856 2143 vo-

2275 2180 2517 2236 lunta’es
2548 2180 2649 2235 viae
2700 2187 2827 2235 sunt
2867 2195 3119 2249 operum,
3162 2195 3287 2251 quae
3326 2180 3529 2236 bonum
3567 2181 3855 2253 cnjuspiam

2275 2273 2393 2328 sive
2419 2273 2620 2327 malum
2652 2271 2965 2342 p'razcedere
2990 2272 3250 2328 videntur
3275 2271 3554 2329 effectum.
3601 2272 3856 2344 Quidquid

2276 2383 2409 2438 ergo
2435 2369 2757 2423 naturaliter
2782 2368 2873 2424 vis
2899 2367 3158 2440 denegat,
3187 2367 3385 2424 divinte
3409 2366 3728 2424 facillimum
3750 2370 3859 2427 sub-

2269 2461 2416 2533 jacet
2454 2462 2728 2532 potestati.
2771 2462 3012 2533 Namque
3052 2462 3232 2519 bellua
3287 2461 3548 2518 Camelus
3611 2464 3855 2519 immensa

2278 2556 2421 2612 sicut
2447 2554 2690 2613 foramen
2723 2567 2852 2612 acus
2882 2560 3137 2628 exiguum
3169 2570 3273 2625 pro
3300 2554 3435 2610 tanti
3461 2557 3711 2627 corporis
3737 2556 3859 2611 mole

2280 2666 2386 2706 non
2418 2660 2596 2721 potest
2625 2660 2995 2719 transmeare,
3025 2650 3105 2704 sic
3131 2649 3421 2719 opulentus
3457 2648 3614 2706 dives
3640 2660 3693 2704 et
3719 2649 3860 2705 tumi-

2279 2741 2382 2797 dus
2414 2740 2602 2812 nequit
2628 2742 2695 2797 ad
2728 2757 2894 2812 regna
2926 2741 3173 2797 cmlestia
3206 2752 3424 2797 tenuem
3459 2740 3672 2812 angusti
3719 2741 3858 2796 callis

2281 2837 2512 2894 introire
2548 2853 2642 2907 per
2674 2845 2911 2907 portam,
2945 2835 3052 2893 nisi
3087 2851 3273 2892 rerum
3315 2834 3577 2905 providus
3612 2835 3859 2907 guberna-

2282 2942 2389 2999 tor,
2417 2933 2511 3004 qui
2536 2940 2710 2987 totum
2756 2932 2878 3003 lege
2918 2930 3184 2996 continet,
3226 2944 3329 2985 nec
3367 2938 3585 2984 tenetur
3626 2929 3741 2998 ipse
3774 2926 3859 2980 sub

2282 3026 2422 3098 lege,
2465 3042 2629 3098 quem
2673 3024 2818 3079 nulla
2860 3037 3116 3093 umquam
3159 3021 3329 3077 facies
3369 3021 3586 3092 aspicit,
3627 3019 3720 3076 sed
3762 3020 3858 3089 ipse

2280 3127 2477 3174 cuncta
2504 3133 2720 3188 semper
2748 3118 3000 3184 intendit,
3031 3128 3213 3172 motos
3238 3116 3345 3172 hac
3373 3114 3687 3172 conditione
3716 3113 3858 3169 disci-

2284 3213 2441 3282 pulos
2487 3213 2683 3268 talibus
2725 3211 2952 3267 fovisset
2998 3210 3252 3282 alloquiis
3300 3211 3675 3266 consolator:
3719 3205 3855 3277 Apud

580 3291 698 3349 lloc
725 3301 811 3348 est
840 3293 971 3350 illud
1002 3297 1189 3360 etiam,
1244 3296 1360 3352 νοω
1394 3296 1670 3355 clamantis
1711 3302 1764 3356 in
1799 3302 2024 3372 deserto,
2054 3321 2174 3376 quae
2203 3298 2250 3362 C
2281 3305 2531 3363 homines
2559 3307 2664 3364 hoc
2690 3307 3028 3378 impossibile
3056 3317 3160 3374 est,
3190 3306 3331 3375 apud
3358 3306 3528 3362 Deum
3561 3315 3732 3360 autem
3759 3319 3857 3358 om-

576 3394 787 3453 monet,
821 3401 1016 3459 parare
1043 3388 1186 3445 viam
1216 3388 1469 3459 Domino,
1510 3400 1688 3450 rectas
1714 3392 1894 3451 facere
1936 3396 2160 3454 semitis

2270 3401 2359 3457 nia
2392 3401 2671 3473 possibilia
2707 3410 2868 3468 sunt;
2917 3416 3026 3457 non
3066 3400 3328 3457 omnibus
3372 3400 3573 3471 quippe
3610 3398 3843 3456 divitibus

2063 3579 2381 3639 SCllOLIA.
2459 3620 2467 3627 ο

648 3713 702 3768 1.
729 3710 842 3789 Va_t.
864 3711 888 3767 1
912 3733 924 3768 :
951 3711 1029 3789 _De
1043 3713 1223 3789 d_i_v_i_te1
1240 3715 1331 3789 qui
1357 3730 1569 3789 regnum
1599 3715 1842 3771 caelorum
1862 3717 2173 3774 intrareuon

575 3790 760 3856 potest.
792 3782 925 3856 Reg.
954 3784 978 3838 1
1019 3801 1033 3838 :
1060 3784 1159 3839 Ubi
1178 3782 1435 3842 Dominus
1459 3786 1761 3842 innumeras
1786 3789 1856 3842 ad
1882 3791 2008 3844 Adae
2025 3799 2175 3844 sanat

578 3863 827 3908 catervas.
876 3855 1187 3924 Legendum
1227 3856 1431 3912 Judazte
1473 3872 1568 3925 pro
1616 3858 1687 3911 ad
1714 3860 1863 3926 Adre,
1894 3862 2178 3917 utindicat

578 3926 778 3995 glossa.
803 3956 875 3966 —
895 3926 1088 3999 Ottsﬂ,
1109 3944 1439 3996 congressus;
1465 3929 1615 3987 ΑΙιΙ..
1640 3930 1900 3999 ingressus
1921 3948 1940 3987 :
1962 3935 2173 3990 retineo

580 3998 1149 4071 transgressussbleus,
1180 3999 1460 4060 tuendose.
1492 4000 1588 4054 iste
1621 3998 1990 4071 transgressus.

650 4070 706 4124 2.
749 4066 1029 4136 Nonnulli,
1058 4080 1283 4125 sectatur
1300 4072 1415 4125 iter.
1461 4072 1715 4142 Plerique
1747 4066 1879 4128 mss.
1913 4084 1968 4128 et
2016 4076 2170 4142 editi,

579 4140 799 4195 mixtum
822 4157 841 4196 :
862 4150 915 4195 et
945 4142 1175 4198 fortasse
1196 4141 1451 4197 Sedulius
1466 4141 1708 4198 imitatur
1724 4143 2024 4201 Juvencum
2048 4148 2086 4201 l.
2118 4140 2174 4203 nt

580 4225 725 4287 vers.
862 4225 877 4263 :
896 4209 1231 4283 Complentur
1246 4229 1436 4287 mensa:
1446 4215 1621 4268 mixta:
1639 4216 1749 4269 sine
1769 4217 1975 4271 nomine
1991 4219 2172 4287 plebis.

584 4281 727 4337 Eilit.
762 4281 934 4351 l.ips.,
965 4281 1203 4350 mestum,
1237 4286 1468 4341 fortasse
1498 4301 1593 4350 pro
1617 4287 1825 4340 mistum
1858 4304 1878 4343 :
1908 4281 2064 4344 multi
2084 4290 2177 4346 alii

580 4353 710 4430 editi
742 4352 891 4409 clare
920 4364 1172 4430 acastum.
1198 4358 1279 4430 _ln7
1303 4356 1435 4425 Reg.
1486 4358 1537 4419 l,
1574 4366 1829 4430 itntestum
1875 4371 1955 4414 est
2005 4362 2175 4430 prima

579 4427 870 4496 scriptura,
907 4437 959 4479 et
984 4426 1164 4504 glossa
1188 4428 1732 4504 inﬁrmum;mixtum
1745 4429 1915 4485 altera
1945 4426 2181 4504 scriptu-

578 4512 674 4552 ra:
709 4509 892 4553 contra
925 4498 1122 4553 accidit
1143 4499 1196 4553 in
1236 4498 1370 4567 Reg.
1402 4501 1459 4556 2.

2281 3721 2518 3777 occurrit
2546 3720 2686 3791 apud
2716 3720 3038 3788 Iuvencum,
3072 3719 3314 3788 Avitum,
3352 3721 3658 3791 Aratorem.
3686 3718 3854 3791 Fortu-

2284 3799 2491 3857 natum,
2526 3790 2825 3847 ut’veteres
2850 3792 3234 3860 inscriptiones
3257 3793 3533 3853 omittam,
3564 3790 3633 3846 Se
3661 3790 3850 3860 vit-ofe-

2281 3865 2379 3929 cit,
2417 3874 2523 3919 etc.
2545 3910 2559 3931 ,
2604 3863 2673 3919 de
2701 3865 2896 3933 quibus
2927 3859 3094 3917 videri
3129 3872 3305 3925 potest
3334 3878 3385 3915 v.
3429 3877 3478 3916 c.
3517 3861 3745 3927 lgnatius
3769 3859 3855 3933 Po-

2282 3943 2470 4002 tenza,
2516 3930 2569 3989 in
2602 3930 2769 4004 Opere
2809 3934 3024 3989 erudito
3057 3933 3160 3989 hoc
3188 3950 3330 3988 anim
3357 3933 3709 4004 l795_editu:
3762 3930 3857 4004 No-

2280 4005 2400 4059 lizie
2444 4002 2769 4060 concernenti
2818 4007 2858 4060 il
2906 4022 3058 4059 sacro
3107 4006 3340 4077 deposito
3368 4005 3445 4077 _di
3490 4002 3856 4077 SuAugustaIe

2281 4078 2524 4142 murtire,
2555 4087 2661 4133 etc.
2712 4077 2886 4143 Cuius
2930 4075 3187 4147 martyris
3229 4075 3541 4147 sepulcrum
3571 4075 3750 4147 Romm
3770 4088 3856 4125 nn-

2286 4163 2383 4219 per
2425 4159 2702 4216 repertum
2734 4148 2834 4204 fuit
2863 4148 2966 4204 hoc
2994 4144 3231 4219 simplici
3267 4147 3465 4203 titulo:
3506 4144 3787 4219 Augustalis
3808 4158 3855 4197 se

2284 4221 2396 4273 vivo
2428 4221 2568 4274 fecit.

2360 4219 2588 4347 “833.
2622 4292 2674 4351 1.
2705 4290 2853 4356 Alb.,
2900 4289 3058 4356 Urb.,
3095 4291 3278 4360 Rom.,
3321 4288 3554 4355 Parrh.,
3590 4303 3691 4345 ms.
3739 4287 3855 4360 Buri-

2286 4363 2495 4435 manni,
2523 4379 2616 4429 pro
2641 4363 2810 4417 mole:
2842 4363 3035 4417 melius
3054 4371 3141 4419 est
3154 4355 3274 4435 μηδ’
3288 4363 3439 4425 mole,
3466 4366 3709 4432 quamvis
3727 4355 3853 4412 aliud

2287 4434 2358 4489 sit
2389 4432 2442 4488 in
2474 4449 2656 4503 prosa.

2362 4498 2754 4561 H.Bentleius
2799 4504 3029 4560 Emend.
3080 4504 3147 4559 ad
3196 4504 3370 4560 Cicer.
3420 4502 3629 4572 Qumst.
3659 4498 3851 4558 Tuscul.

648 4572 706 4625 5.
731 4571 947 4647 Amm,
974 4587 1006 4647 ᾳ
1024 4554 1348 4647 morm-alii;
1375 4554 1606 4637 aﬁclade,
1639 4578 1698 4624 ut
1722 4570 1759 4625 ι.
1784 4585 1864 4639 ιιι,
1894 4589 2038 4629 vers.
2068 4574 2174 4631 45:

2281 4591 2339 4647 p.
2368 4554 3578 4647 alia};animi);sanguine;nausa;
3593 4554 3754 4643 1...};
3768 4554 3854 4626 no-

582 4636 815 4705 Populos
836 4657 866 4693 a
883 4642 1030 4695 clade
1067 4642 1269 4696 levavit.

655 4710 708 4765 8.
739 4711 922 4786 Cant.,
950 4716 1159 4786 Arn_tz.,
1184 4714 1405 4786 schedas
1426 4713 1660 4776 Poelm..
1687 4719 1907 4782 Parrh.,
1932 4714 2174 4786 Edimb.,

582 4778 745 4864 Rom.
771 4782 995 4864 ,_ang..
1029 4782 1139 4864 ou.
1167 4785 1237 4864 _i_,
1270 4784 1336 4864 ἓ,
1370 4785 1489 4864 Va}.
1526 4789 1588 4864 1,
1615 4787 1671 4857 2,
1716 4793 1849 4864 Reg.
1881 4778 1936 4864 3,
1971 4778 2172 4864 Alb._ei

580 4850 755 4921 Urb.,
789 4850 930 4926 Nani
958 4853 1233 4924 quidquid.
1271 4856 1400 4926 Reg.
1433 4856 1491 4921 1,
1523 4856 1577 4921 2,
1622 4850 1744 4917 cum
1780 4850 1962 4919 multis
1987 4859 2173 4924 editis,

578 4925 1369 5005 prae-sortiti:Iecentioribns,
1409 4927 1476 5005 Et
1519 4930 1788 5005 quidquid.
1840 4935 2177 5005 MeusALQui

576 4993 854 5066 quidquid.
902 4993 1177 5076 Your-kings
1209 5012 1273 5052 ex
1306 4993 1616 5076 conjectura
1645 4993 1668 5058 τ’
1708 5006 1776 5063 Ut
1801 4993 2054 5076 quidquid
2076 4993 2173 5076 ii...

574 5076 698 5140 tura
725 5077 897 5140 negat,
939 5082 994 5120 se
1011 5067 1218 5140 judice,
1247 5082 1469 5138 praestet.
1504 5071 1784 5133 Grunerus
1812 5067 2079 5134 defendit,
2112 5075 2174 5128 Et

610 5137 849 5210 uidquid,
882 5137 1024 5206 etc.,'
1046 5139 1146 5210 etsi
1174 5140 1391 5206 fatetur,
1420 5144 1698 5204 duriorem
1729 5164 1850 5205 esse
1881 5148 2021 5203 hunc
2049 5162 2175 5201 ver-

613 5206 768 5288 orum
790 5224 1012 5288 nexum.
1044 5206 1266 5288 Clario:
1284 5226 1367 5268 est
1393 5216 1573 5279 lectio,
1615 5235 1776 5284 quam
1803 5220 2047 5288 plerique
2073 5233 2170 5271 uo-

574 5281 673 5359 stri
700 5281 920 5337 codices
950 5292 1138 5359 tenent
1161 5324 1178 5348 ,
1214 5281 1354 5359 Nam
1383 5281 1678 5358 quidquid,
1710 5281 1814 5348 etc.
1836 5332 1852 5356 ,
1897 5281 2176 5359 magisque

577 5351 646 5407 ad
684 5368 900 5417 prosam
927 5351 1192 5410 accedere
1225 5351 1457 5414 videtur.
1491 5351 1772 5417 A'blativus
1803 5351 2100 5417 abstilu'tus'
2119 5378 2176 5415 se

563 5424 752 5496 judice
775 5466 792 5493 ,
834 5434 1047 5496 prestat
1079 5440 1179 5494 pro
1217 5428 1330 5497 ipse
1362 5431 1533 5504 judea:
1556 5433 1976 5500 prrestat,simili
2011 5432 2172 5486 modo

645 5528 691 5601 ﬂ‘
706 5518 932 5601 Eulgati
953 5536 1148 5579 omnes
1170 5523 1431 5601 habentet
1450 5531 1680 5586 columes
1700 5548 1719 5587 :
1750 5531 1892 5601 apud
1912 5527 2178 5601 lsidorum

490 5600 493 5605 '
575 5584 890 5677 lityi'n.
938 5602 1125 5677 exstat
1169 5596 1287 5677 inec
1317 5612 1422 5677 vos
1455 5584 2056 5677 calamis‘vel'columis,
2079 5615 2179 5672 pro

578 5670 763 5715 erecto
783 5670 841 5717 et
868 5667 1151 5719 incolumi.
1177 5667 1455 5725 Tribuitur
1477 5672 1643 5727 etiam
1675 5672 1889 5728 Plauto.

648 5730 678 5766 δ
720 5729 939 5786 Juretus
965 5734 1036 5788 ita
1064 5737 1342 5807 emendat,
1382 5737 1551 5795 ardua
1573 5744 1813 5812 planare,
1838 5757 1997 5797 curva
2045 5740 2169 5796 diri-

2282 4645 2407 4702 vum
2460 4645 2656 4704 noluen
2696 4660 2780 4702 est
2809 4662 2909 4717 pro
2938 4647 3284 4717 pinguedine.
3332 4646 3502 4701 Recte
3535 4645 3673 4700 hanc
3699 4654 3851 4717 muta-

2284 4720 2485 4775 tionem
2511 4712 2840 4774 Arntzenius
2870 4712 3217 4774 condemnat.
3251 4717 3498 4773 Sumitur
3518 4718 3659 4772 enim
3690 4712 3855 4770 fertili-

2283 4800 2364 4845 tas
2394 4807 2489 4861 pro
2504 4791 2835 4861 abundantia
2858 4805 2956 4845 seu
2981 4791 3139 4859 copia
3186 4804 3389 4845 rerum.
3416 4788 3635 4855 Arntz.,
3656 4784 3850 4861 Part-hu

2280 4856 2440 4936 ΑΜ..
2472 4860 2596 4936 Vrit.
2629 4864 2691 4936 l_.
2721 4861 2780 4936 2,
2812 4861 2944 4936 Reg.
2978 4862 3011 4914 5
3036 4856 3293 4936 (posset:
3323 4861 3465 4936 quod
3498 4875 3606 4913 non
3633 4856 3849 4936 diSplicet

2281 4934 2599 5005 grntzenio.
2647 4934 2703 4989 ln
2744 4932 2855 4989 Ott.
2900 4932 2927 4986 1
2955 4973 2970 4996 ,
3015 4947 3079 4986 ex
3125 4933 3287 4997 possit
3325 4934 3524 5005 factum
3569 4938 3761 5005 posset:
3800 4932 3850 5005 in

2280 5002 2415 5075 Βθκ-
2447 5005 2501 5071 ί,
2543 5003 2601 5071 2,
2652 5020 2717 5060 ex
2745 5012 2915 5073 posset
2943 5013 3248 5058 correctum
3278 5003 3439 5073 possit
3467 5045 3482 5070 ,
3536 5002 3673 5070 quod
3704 5002 3852 5065 magis

2280 5076 2883 5149 placetpropoterit.“
3128 5145 3142 5149 _
3230 5146 3241 5149 _
3313 5144 3324 5149 _
3564 5144 3620 5149 __

2351 5147 2440 5202 15.
2476 5140 2684 5201 Ροθιῖιι.
2710 5145 2914 5201 claudit
2932 5145 3281 5217 parenthesin
3313 5144 3364 5217 in
3393 5144 3661 5217 conspirit,
3695 5140 3776 5193 alii
3803 5140 3850 5189 in

2275 5217 2405 5290 ipse.
2455 5218 2532 5274 De
2560 5233 2691 5274 voce
2717 5214 3047 5290 impossibilis
3068 5217 3182 5290 dixi
3211 5216 3279 5270 ad
3314 5214 3674 5290 {Prudentium
3717 5222 3843 5266 vers.

2316 5291 2386 5344 55
2416 5290 2614 5354 Apoth.
2639 5331 2656 5359 ,
2691 5292 2766 5346 uti
2789 5286 2878 5345 'dc
2913 5288 3143 5361 simplici
3191 5286 3449 5359 possibilis
3479 5288 3548 5341 ad
3579 5286 3850 5342 Iuvencum

2275 5374 2335 5428 tt,
2369 5361 2499 5418 555.

2275 5543 2413 5600 gere.
2439 5543 2543 5600 pro
2562 5491 2693 5598 quo,
2734 5526 2935 5600 inquit,
2955 5534 3114 5600 vetus
3137 5523 3312 5600 code;
3342 5520 3580 5600 habebat
3608 5534 3751 5600 curva
3787 5512 3852 5600 ἀέο

2274 5591 2491 5672 ἤματός
2521 5591 2760 5672 fortasse
2800 5591 2941 5672 apud
2967 5597 3250 5672 duretam
3289 5594 3578 5672 legendum
3620 5591 3844 5672 digerat:

2180 5700 2185 5711 <
2274 5661 2398 5728 Alio
2426 5671 2591 5727 modo
2609 5686 2716 5726 non
2745 5661 3093 5740 intelligitur,
3123 5667 3254 5739 quid
3289 5661 3568 5723 emendet.
3620 5661 3846 5719 Veterum

2277 5742 2623 5813 proverbium
2651 5751 2769 5799 erat
2795 5757 2950 5796 curva
2983 5742 3285 5815 corrigere._
