4086 6184
231 248 328 302 675

365 366 476 421 Iloc
505 365 841 434 impossibile
862 375 946 424 est
967 368 1198 439 homini,
1231 369 1480 440 dixisset,
1513 384 1567 429 at
1597 375 1707 430 alto

361 463 526 534 278
569 459 837 518 Possibile
878 471 959 520 est
991 463 1084 534 jus
1117 473 1280 522 Omne
1321 466 1462 532 Deo;
1518 467 1814 539 multisque

1426 558 1736 634 [molestum

363 647 625 704 Divitibus
649 647 863 706 tandem
896 648 1100 708 faceret
1124 651 1413 709 mitescere
1434 667 1683 710 censum.

360 741 494 797 Nam
527 741 777 814 pr0prias
812 743 953 800 bene
993 754 1190 802 tractat
1222 760 1384 816 opes,
1429 747 1686 816 coeloque
1724 760 1812 803 re-

1560 836 1742 910 [condi

257 930 324 985 ΞΟ
359 927 668 985 Thesauros
696 928 811 985 vult
843 929 934 986 ille
959 945 1116 996 suos,
1147 931 1241 987 ubi
1266 931 1527 1004 quidquid
1562 932 1811 1000 habetur,

362 1020 477 1078 Non
508 1021 732 1078 mordax
763 1038 946 1095 aerugo
989 1034 1179 1100 vorat,
1214 1041 1319 1080 non
1354 1026 1498 1082 tinea
1542 1027 1739 1092 sulcat,

360 1115 471 1171 Nec
501 1116 642 1172 male
663 1115 941 1172 defossum
968 1116 1261 1174 famulatur
1289 1118 1499 1174 furibus
1527 1133 1740 1188 aurum,

364 1207 571 1278 Jejunis
599 1208 926 1280 quicumque
954 1209 1135 1266 cibum
1154 1253 1168 1276 ,
1201 1211 1512 1266 sitientibus
1541 1211 1815 1278 haustum,

362 1299 674 1371 Hospitibus
708 1311 934 1370 tectum,
969 1301 1128 1356 nudis
1175 1302 1402 1373 largitur
1423 1303 1704 1371 amictum,

255 1394 321 1450 25
343 1392 566 1452 Solatur
589 1409 761 1450 nexos
785 1393 837 1448 in
868 1409 1120 1463 carcere,
1165 1394 1416 1465 perfovet
1443 1410 1639 1466 aegros,

361 1488 527 1561 279
561 1491 743 1561 Atque
781 1487 904 1544 aliis
940 1487 1155 1560 largus,
1200 1488 1305 1546 sibi
1349 1497 1558 1546 tantum
1605 1497 1822 1546 constat

1494 1582 1744 1656 [egenus

1357 255 1641 313 CARMEN
1685 255 2076 316 PASCHALE.
2118 252 2248 311 LIB.
2293 253 2384 310 IV.

3409 263 3516 317 674

2061 371 2174 427 Nec
2200 369 2370 425 dubie
2400 368 2454 425 in
2485 369 2684 426 cmlum
2717 371 3022 428 substantia
3055 374 3301 444 pervenit
3334 375 3446 447 illa,

2055 464 2189 533 Quae
2217 460 2441 517 Christo
2467 464 2670 520 collata
2701 465 2862 520 datur
2892 466 2993 523 sub
3022 481 3265 539 paupere
3290 470 3486 538 forma,

2058 557 2191 626 Quae
2261 554 2481 614 damnis
2525 569 2814 630 augmenta
2861 561 3041 630 capit,
3081 577 3203 632 qua:
3249 564 3526 637 spargitur

3235 654 3318 728 [ut
3347 657 3448 724 sit,

1949 747 2021 805 30
2058 747 2190 816 Quae
2223 750 2368 820 perit
2418 757 2477 806 ut
2505 758 2752 815 maneat,
2786 763 2908 821 quae
2937 749 3106 806 vitam
3135 756 3353 806 mortua
3383 766 3529 821 prte-

3299 841 3453 917 [stat.

2135 939 2412 995 Praeterea
2437 939 2684 1010 geminos
2715 938 2983 995 Dominus
3007 939 3297 996 considere
3327 923 3524 1011 caecos,

2066 1032 2203 1087 Dum
2252 1030 2528 1102 quoddam
2581 1030 2843 1088 transiret
2901 1031 3024 1099 iter,
3079 1031 3379 1088 comitante
3430 1048 3526 1089 ca-

3251 1125 3449 1200 [terva,

2065 1217 2386 1288 Conspicit‘,
2419 1218 2704 1276 exstinctae
2735 1227 3025 1289 poscentes
3056 1235 3283 1276 munera
3309 1220 3526 1292 formae,

2065 1311 2480 1380 Flebilibusque
2505 1326 2668 1382 vagas
2700 1312 2993 1382 implentes
3018 1314 3247 1370 vocibus
3269 1329 3451 1370 auras.

1953 1403 2026 1458 '55
2062 1402 2175 1458 Nec
2196 1410 2456 1458 cunctata
2479 1404 2664 1458 solens
2686 1403 2862 1474 pietas
2885 1403 3090 1462 inferre
3113 1405 3344 1462 salutem
3364 1448 3380 1474 ,

2066 1495 2234 1566 280
2269 1494 2402 1563 Quae
2440 1495 2608 1551 sentit
2637 1495 2870 1567 ﬂagrare
2907 1495 3106 1567 ﬁdem,
3150 1513 3276 1554 mox
3322 1498 3530 1558 lumina

3201 1591 3456 1665 [tangens

1563 1677 1744 1734 OPUS
1783 1677 2168 1736 PASCHALE.

1563 1677 1744 1734 OPUS
1783 1677 1866 1734 PA
1963 1680 2168 1736 HALE.

222 1771 606 1845 patrimonium
635 1771 718 1826 sui
747 1786 946 1828 census
971 1781 1054 1828 est
1083 1772 1291 1838 oneris,
1321 1771 1416 1828 sed
1448 1771 1546 1837 illi,
1575 1773 1666 1841 qui
1697 1787 1818 1840 pro-
1850 1677 2103 1846 BSﬁsque
2133 1775 2491 1846 largissimus,
2523 1777 2626 1833 sibi
2687 1787 2894 1836 tantum
2937 1795 3143 1852 pauper
3181 1792 3266 1840 est
3305 1795 3362 1842 et
3400 1802 3530 1858 ege-

222 1865 349 1935 priae
383 1864 560 1920 malus
589 1874 772 1919 rector
801 1873 886 1918 est
918 1864 1201 1920 ubertatis.
1232 1864 1364 1919 Nam
1392 1881 1513 1920 cum
1545 1864 1678 1920 dicit
1713 1865 1817 1919 Do-

222 1958 401 2012 minus
431 1972 530 2026 per
569 1955 892 2027 prophetam
947 1974 960 2010 :
1006 1956 1208 2010 Aurum
1244 1966 1292 2012 et
1335 1967 1609 2026 argentum
1649 1974 1818 2012 meum

220 2061 307 2116 est,
358 2050 624 2115 ostendit,
673 2065 779 2105 nou
819 2064 941 2105 esse
981 2049 1209 2116 malum,
1252 2050 1398 2120 quod
1444 2050 1563 2118 ejus
1610 2059 1717 2115 est,
1771 2051 1818 2106 si

217 2144 504 2215 operarius
532 2142 665 2198 illud
693 2143 870 2198 bonus
885 2143 1172 2208 ,habuerit;
1205 2142 1334 2198 nihil
1361 2143 1570 2198 etenim
1609 2143 1815 2212 dili'ert,

219 2245 407 2290 utrum
435 2235 594 2290 bonis
623 2235 746 2306 quis
775 2235 1031 2305 operibus
1062 2235 1137 2290 nil
1167 2235 1460 2305 dependat,
1490 2252 1557 2292 an
1589 2237 1817 2306 plurima

218 2329 476 2400 malignis
523 2327 782 2383 elfundat.
839 2327 939 2383 llle
987 2327 1254 2398 siquidem
1296 2343 1424 2383 suas
1474 2339 1589 2384 tuto
1638 2339 1824 2385 servat

217 2437 378 2494 opes,
425 2430 482 2476 et
518 2420 776 2489 collocat,
821 2421 913 2490 qui
949 2421 1089 2477 coelo
1133 2421 1421 2478 thesauros
1463 2425 1720 2490 occultat,
1759 2440 1824 2480 ac

215 2515 495 2583 recondit,
522 2514 611 2571 ubi
636 2530 744 2569 non
767 2514 950 2570 edacis
981 2516 1145 2570 tineae
1195 2532 1298 2572 nec
1325 2517 1589 2588 aeruginis
1611 2518 1822 2573 scabrae

217 2611 518 2682 quidquam
542 2623 756 2665 morsus
783 2608 1042 2676 absumit,
1078 2625 1177 2665 nec
1201 2609 1411 2665 furibus
1437 2609 1504 2665 ad
1534 2610 1822 2666 furandum

217 2706 405 2761 aditus
439 2711 713 2760 reseratur
740 2702 996 2770 ellossus,
1025 2703 1114 2774 qui
1139 2703 1343 2774 jejunis
1382 2703 1588 2769 cibum,
1629 2704 1819 2761 sitien-

221 2799 372 2854 tibus
421 2806 627 2866 potum,
656 2796 966 2867 peregrinis
1002 2795 1276 2851 ministrat
1316 2796 1632 2867 hospitium,
1686 2812 1821 2853 mte-

216 2903 335 2948 stos
355 2892 573 2947 solatur
589 2890 640 2944 in
656 2903 897 2955 carcere,
927 2887 1077 2944 fovet
1100 2902 1280 2958 aegros
1310 2889 1360 2944 in
1384 2904 1638 2958 corpore,
1663 2904 1824 2944 cunc-

1921 1887 2042 1927 nus.
2075 1871 2185 1926 Nec
2211 1872 2464 1928 dubitare
2493 1874 2614 1944 quis
2647 1874 2828 1941 debet,
2875 1876 3022 1931 illam
3067 1893 3290 1948 prorsus
3330 1881 3383 1936 in
3425 1898 3530 1939 cte-

1921 1963 2030 2018 Ium
2057 1964 2420 2020 substantiam
2450 1967 2766 2036 pervenire,
2795 1982 2917 2038 qua:
2945 1971 3048 2024 sub
3090 1971 3351 2027 vilissima
3393 1990 3526 2043 pau-

1922 2056 2067 2126 peris
2100 2055 2275 2111 forma
2303 2056 2525 2113 Christo
2574 2059 2836 2128 probatur
2878 2059 3150 2131 impensa,
3189 2081 3311 2135 quae
3355 2065 3529 2123 detri-

1923 2149 2122 2204 mentis
2151 2158 2409 2219 augetur,
2441 2152 2749 2223 spargendo
2789 2162 3064 2224 servatur,
3113 2159 3259 2227 perit
3317 2169 3376 2215 ttt
3415 2177 3532 2216 ma-

1924 2251 2070 2308 neat,
2115 2241 2278 2297 vitam
2304 2252 2332 2279 ⁸
2361 2254 2571 2299 mortua
2602 2255 2977 2314 repraesentat.

1995 2333 2210 2389 Interea
2241 2334 2372 2388 dum
2403 2337 2610 2406 populo
2643 2339 2906 2394 Dominus
2937 2341 3236 2399 comitante
3274 2346 3526 2418 vallatus,

1927 2424 2200 2480 Hicricum
2230 2425 2420 2482 luisset
2442 2443 2726 2496 egressus,
2754 2430 2894 2486 duos
2921 2433 3092 2488 oculis
3119 2446 3309 2506 captos
3337 2440 3534 2510 aspicit

1923 2516 2277 2574 considentes
2306 2519 2358 2574 in
2385 2534 2604 2590 aggere,
2635 2521 2785 2577 reddi
2815 2522 2916 2578 sibi
2943 2524 3141 2581 lumina
3165 2530 3527 2598 postulantes.

1927 2609 2188 2666 Petebant
2237 2611 2308 2665 ita
2355 2612 2693 2670 conﬁdentes
2739 2630 3022 2686 gressuum
3058 2634 3178 2674 cum
3228 2623 3531 2680 mobilitate

1925 2701 2293 2772 considereb.
2315 2703 2420 2760 Sed
2454 2707 2713 2762 tenebrae
2745 2707 3082 2765 reluctantur
3107 2711 3378 2781 adversae,
3428 2732 3530 2773 nec

1926 2805 2176 2852 cunctata
2205 2797 2292 2853 vel
2318 2799 2590 2868 paululum
2620 2801 2794 2856 virtus
2817 2801 2928 2872 illa,
2955 2804 3142 2873 pietati
3165 2807 3241 2862 nil
3262 2807 3531 2878 abnuens,

1928 2905 2048 2959 qua:
2077 2891 2306 2946 salutem
2337 2893 2621 2949 consuevit
2646 2894 2869 2964 inferre,
2897 2911 3005 2967 qua
3035 2896 3197 2955 ﬁdem
3238 2903 3408 2958 sentit
3445 2918 3534 2959 ar-

1710 2983 2002 3041 SCl-iOLlA
2015 3023 2029 3039 .

291 3084 392 3162 16ἰ
404 3081 670 3162 Plerique
697 3078 1030 3162 nostriLmss.
1056 3094 1184 3162 cum
1213 3079 1608 3162 Arntn,,.Ald.,
1635 3078 1820 3162 Febr...
1849 3075 1896 3139 C
1931 3079 2183 3162 qu'iuferre
2205 3097 2222 3134 :
2246 3154 2256 3162 _
2280 3083 2358 3162 in_
2378 3081 2594 3162 scltcdis
2625 3082 3171 3162 Poelmaascriptum
3209 3098 3326 3144 erat
3368 3091 3528 3162 ferre,

218 3167 273 3213 et
313 3155 449 3210 aliis
493 3149 681 3222 editis,
731 3161 784 3204 at
826 3151 974 3205 alto:
1020 3152 1267 3221 plerique
1316 3151 1487 3219 editi,
1519 3163 1567 3205 et
1595 3151 1722 3204 alto.
1762 3149 1822 3204 In

216 3227 507 3284 nonnullis
547 3223 749 3278 nostris
774 3222 924 3292 prius
952 3223 1168 3278 videtur
1200 3224 1368 3278 fuisse
1395 3225 1444 3277 et
1485 3226 1570 3277 vel
1613 3241 1675 3277 ac
1728 3237 1826 3292 pro

217 3239 507 3284 nonnullis
547 3239 749 3278 nosms
812 3239 924 3278 rtus
952 3239 1168 3278 vmetur
1200 3239 1368 3278 tuisse
1395 3239 1444 3277 et
1485 3239 1570 3277 vet
1613 3241 1675 3277 ac
1728 3239 1826 3292 pro

217 3311 293 3356 at.
327 3297 728 3365 Wopkensius,
771 3239 1138 3360 Burmannus,
1179 3294 1507 3350 Arntzeoius
1533 3298 1656 3363 jure
1688 3311 1827 3366 pra:-

213 3373 417 3427 ferunt
443 3377 518 3434 at,
551 3367 763 3422 favente
801 3382 982 3436 prosa.
1027 3368 1083 3421 in
1111 3368 1222 3422 Ott.
1254 3368 1311 3433 2,
1340 3368 1553 3437 dixisse,
1581 3369 1670 3422 sed
1696 3368 1823 3434 alto,

214 3443 488 3498 mendum
522 3439 735 3495 videtur
764 3453 864 3508 pro
891 3439 1127 3505 dixisset,
1155 3447 1200 3493 et
1233 3441 1360 3492 alto.

288 3515 390 3570 22.
423 3512 765 3567 Burmannus
792 3510 1015 3580 conjicit
1046 3509 1159 3564 Nec
1184 3509 1321 3564 male
1341 3510 1631 3579 depastum,
1660 3509 1714 3564 h.
1745 3524 1824 3573 e.,

213 3586 368 3656 quod
406 3599 604 3656 avarus
630 3582 937 3656 abScondit,
968 3598 1090 3636 cum
1122 3582 1348 3656 deberet
1377 3597 1443 3635 eo
1468 3583 1544 3635 uti
1573 3592 1711 3656 :Aaut
1737 3595 1826 3634 ac-

213 3651 546 3728 cipiendum
593 3653 672 3708 ait
709 3669 852 3728 novo
897 3668 1061 3728 sensu
1118 3653 1367 3728 dejodere
1417 3667 1514 3721 pro
1557 3651 1823 3728 e/fodere:

215 3723 351 3784 nam
402 3727 550 3782 fures
591 3740 696 3780 non
739 3725 919 3780 solent
946 3741 975 3779 e
1002 3726 1304 3780 visceribus
1328 3737 1484 3779 terra:
1513 3740 1706 3778 aurum
1735 3723 1830 3778 de-

214 3799 443 3854 fossum
495 3799 794 3866 surripere.
842 3796 1173 3851 Arntzenius
1223 3796 1488 3864 explicari
1544 3811 1708 3864 posse
1753 3794 1830 3848 ait

217 3873 363 3926 male
400 3869 663 3939 defossum
686 3909 700 3932 ,
740 3869 813 3922 ita
842 3867 1175 3939 negligenter
1208 3867 1440 3935 positum
1468 3909 1484 3932 ,
1529 3880 1586 3921 ut
1618 3868 1827 3922 facilem

211 3942 388 3999 furtis
448 3938 636 3995 ansam
688 3942 966 4010 praebeat:
1023 3938 1268 3993 defendit
1315 3949 1496 3994 autem
1541 3939 1826 3994 lectionem

215 4017 374 4069 hanc
428 4011 700 4081 volgatam
733 4025 796 4064 ex
824 4009 1035 4066 Sedulii
1070 4010 1295 4079 epistola
1338 4011 1402 4065 ad
1431 4010 1828 4073 Macedonium,

216 4087 391 4155 culpa
424 4083 644 4152 defossa:
667 4082 902 4155 pecunia:
926 4098 1029 4155 non
1055 4098 1298 4136 carerem.
1324 4083 1451 4155 Sed
1490 4083 1542 4136 in
1589 4084 1690 4155 hac
1717 4081 1832 4155 epi-

213 4151 375 4212 stola
406 4151 589 4210 sermo
612 4151 696 4208 es't
725 4153 792 4208 de
824 4151 1081 4224 pecunia,
1127 4169 1224 4209 seu
1266 4154 1469 4209 talento
1490 4195 1504 4218 ,
1548 4154 1692 4221 qttod
1736 4153 1830 4206 ab-

214 4227 513 4284 scondidit
549 4240 772 4292 servus,
814 4226 904 4294 qui
947 4224 1120 4280 noluit
1163 4227 1460 4294 negotiari,
1510 4224 1704 4280 timens
1728 4225 1830 4278 do-

212 4302 448 4356 minum
477 4341 491 4365 ,
539 4297 663 4368 quia
706 4302 960 4351 austerus
1003 4305 1138 4350 erat.
1195 4296 1330 4368 Vera
1360 4305 1539 4351 autem
1574 4299 1712 4352 ratio
1739 4297 1836 4352 de-

211 4370 492 4428 fendendi
536 4367 857 4438 seripturam
902 4367 1513 4438 receptamdesumitur
1555 4383 1621 4422 ex
1654 4368 1832 4423 verbis

1929 3151 2121 3232 scilicet
2169 3154 2298 3232 null.
2339 3152 2395 3208 ld
2424 3171 2556 3232 _nor_t
2601 3155 2793 3223 probat
2830 3151 3160 3232 Arntgenius
3193 3151 3529 3232 obsequens

1929 3221 2172 3296 largitur.
2243 3225 2376 3295 Reg.
2415 3227 2480 3292 1,
2537 3221 2611 3280 ἰη“
2642 3235 2923 3292 contextu,
2973 3227 3096 3284 Ott.
3135 3230 3199 3296 1,
3241 3248 3306 3288 ex
3348 3221 3534 3292 corre-

1929 3294 2367 3380 ctione-1mm...
2417 3299 2762 3380 quicumque,
2811 3294 3216 3380 quodfortasse
3247 3305 3341 3360 fuit
3384 3323 3412 3360 a
3445 3323 3531 3380 pr.

1929 3381 2004 3420 m.
2038 3367 2089 3421 in
2124 3369 2260 3438 Reg.
2287 3372 2342 3437 2,
2375 3367 2436 3423 et'
2462 3371 2515 3422 in
2548 3367 3010 3439 plerisque-editis
3042 3375 3331 3430 retinetur.

2000 3440 2103 3516 27._
2121 3440 2245 3516 Yet.
2280 3439 2857 3516 l,_vitiose,__ch_pro
2881 3441 3013 3516 Nec.
3045 3443 3273 3500 Scheda1
3298 3447 3530 3516 Poeltu.,

1934 3509 2045 3588 Nec
2069 3511 2306 3588 dubium.
2333 3512 2444 3588 (_)_tt.
2470 3509 2526 3573 2,
2568 3510 2676 3563 Nec
2711 3511 2904 3588 dubio._
2931 3513 3064 3584 Reg.
3103 3516 3156 3580 1,
3189 3515 3302 3570 Nec
3337 3509 3530 3588 dubita,

1929 3582 2024 3636 sed
2056 3583 2235 3650 glossa
2263 3583 2557 3636 dubitanter
2583 3582 2756 3646 poscit
2779 3583 2952 3637 dubie.

2002 3653 2091 3707 51.
2116 3653 2278 3707 Rom.
2307 3652 2384 3706 De
2407 3652 2779 3729 duobns_t_:t_zcis
2802 3671 2833 3704 a
2859 3653 3083 3729 Domino
3105 3659 3327 3729 sanatis.
3355 3659 3528 3729 Meus,

1934 3719 2076 3779 Duos
2117 3741 2278 3778 cwcos
2305 3733 2480 3778 sanat.
2513 3753 2583 3765 -—
2612 3723 2988 3796 Wopkeusius
3036 3728 3219 3794 aptius
3250 3742 3398 3796 putat
3436 3719 3535 3787 In1

1933 3807 2092 3863 terea,
2117 3797 2262 3866 quod
2291 3806 2476 3850 exstat
2497 3795 2716 3865 quidem
2739 3797 2793 3850 in
2817 3812 3000 3865 prosa.
3027 3799 3120 3854 sed
3155 3795 3284 3855 mss.
3315 3813 3368 3858 et
3399 3805 3534 3860 editi

1933 3867 2194 3922 exhibent
2246 3866 2527 3922 Pra’terea.
2579 3866 2721 3920 Alm.
2771 3870 2993 3925 inverso
3037 3871 3229 3926 ordine
3279 3871 3534 3930 Dominus

1933 3941 2184 4014 geminos.
2221 3943 2434 4014 Arntz.,
2480 3940 2721 4014 geminos
2734 3955 2949 4014 cernens
2972 3986 2985 4007 ,
3014 3943 3112 4014 sed
3141 3944 3320 4000 obstat
3350 3962 3531 4013 prosa.

1936 4011 2006 4068 Pa
2016 4013 2153 4074 l'l‘ll.,
2171 4012 2444 4064 consistere
2465 4011 2862 4082 proconsidere,
2883 4013 3022 4082 quod
3045 4030 3200 4082 prosa
3218 4011 3528 4072 confirmat.

2005 4083 2096 4138 52.
2138 4084 2354 4146 Arutz.,
2399 4081 2617 4143 Parrh.,
2661 4080 2790 4136 Cum
2841 4099 2859 4136 :
2889 4080 3014 4150 alii,
3045 4080 3214 4141 Dum.
3269 4086 3379 4143 Iter
3424 4105 3532 4146 non

1935 4153 2110 4232 solum
2141 4155 2376 4208 sumitur
2412 4162 2666 4232 pro-actu
2703 4154 2902 4220 eundi,
2953 4156 3046 4210 sed
3079 4160 3240 4213 etiam
3286 4175 3384 4232 pro
3422 4163 3530 4219 via.

1937 4225 2225 4280 Comitante
2245 4233 2448 4278 caterva
2475 4223 2833 4291 Virgilianum
2865 4235 2968 4281 est.

2009 4298 2099 4351 55.
2121 4295 2510 4370 ίννοριίεᾲῃεὶῃδ
2539 4295 2848 4364 suspicatur
2867 4299 3134 4354 exstinctis
3155 4313 3416 4370 poscentes
3447 4305 3532 4358 lu-

1937 4368 2079 4422 mina
2103 4369 2308 4438 frontis.
2338 4366 2432 4422 Sic
2456 4366 2494 4420 l.
2527 4381 2794 4438 m,_vers.
2833 4370 2936 4423 M5
2963 4387 2976 4424 :
3010 4366 3204 4426 Decute
3255 4387 3535 4429 nocturnas

211 4445 370 4530 ipsis
419 4436 659 4523 blattbsei
682 4454 756 4503 vl,
792 4437 858 4494 19
879 4454 996 4530 seq:
1087 4437 1266 4530 Nolite
1308 4440 1665 4530 Jtttesaurizare
1696 4439 1834 4493 vobis
1862 4469 1917 4530 Β
1941 4436 2206 4494 exstinctis
2259 4438 2481 4530 vultibus
2539 4436 2786 4530 umbras}.
2818 4439 2982 4522 Favet
3025 4443 3159 4530 huic.
3187 4447 3530 4530 conjectura:

212 4509 508 4570 thesauros
536 4514 589 4564 in
618 4519 754 4565 terra
779 4549 792 4563 .
816 4549 830 4564 .
856 4552 870 4564 .
904 4511 988 4564 ubi
1021 4514 1163 4581 fures
1191 4509 1467 4579 e/Todiunt,
1489 4519 1548 4583 et
1570 4511 1832 4583 furantur.

210 4585 614 4640 Thesaurizate
656 4592 825 4635 autem
872 4583 1012 4636 vobis
1043 4583 1096 4635 in
1123 4586 1270 4649 uelo,
1309 4623 1324 4635 .
1351 4623 1365 4637 .
1395 4622 1408 4635 .
1442 4582 1528 4636 ubi
1559 4582 1700 4651 fures
1731 4599 1835 4636 non

211 4656 517 4726 eﬂ'odiunt,
562 4670 652 4708 nec
683 4657 940 4724 furantur.
972 4655 1176 4726 Aurum
1203 4654 1364 4726 igitur
1392 4655 1533 4710 male
1557 4655 1832 4726 defossum

211 4724 335 4796 eSt,
389 4726 536 4798 quod
553 4740 785 4798 avarus,
827 4741 949 4798 cum
979 4725 1312 4798 deberet_e_o
1342 4725 1484 4780 bene
1530 4724 1629 4798 uti,
1683 4724 1838 4779 defo-

211 4800 305 4855 dit
352 4817 367 4852 :
412 4795 570 4868 'quod
613 4795 760 4850 fures
809 4797 1099 4863 aliquando
1147 4795 1414 4850 effodiunt
1465 4805 1521 4851 et
1563 4795 1830 4868 furantur.

211 4867 580 4950 Signiﬁcatio
622 4868 1232 4950 veronprOpriadefossi
1261 4868 1491 4950 a‘uriest
1533 4867 1834 4950 absconditi

211 4936 437 4998 subtus
486 4949 706 4994 terram.
753 4936 966 5008 Cicero,
1012 4939 1047 4993 Ι.
1079 4936 1115 4992 ll
1161 4939 1227 4992 de
1270 4937 1537 4994 Oratore:
1592 4936 1661 4993 Ut
1698 4939 1836 4991 enim

211 5015 264 5068 si
307 5027 512 5067 aurum
543 5011 649 5077 cui,
679 5009 815 5079 quod
845 5019 972 5065 esset
1002 5009 1349 5078 multifariam
1372 5011 1666 5079 defossum,
1697 5025 1838 5063 com-

209 5091 538 5139 monstrare
583 5081 794 5147 vellem,
833 5083 958 5135 satis
1001 5098 1110 5136 esse
1137 5081 1370 5148 deberet,
1413 5083 1459 5134 si
1485 5084 1632 5151 signa
1661 5088 1709 5135 et
1738 5096 1836 5134 no-

209 5166 303 5210 tas
342 5153 674 5210 ostenderem
699 5155 932 5208 locorum
958 5195 972 5219 ,
1016 5163 1122 5208 etc.
1174 5153 1305 5208 Post
1332 5169 1520 5206 aurum
1545 5153 1836 5219 Cellarius,

210 5237 277 5284 et
305 5227 422 5280 alii
469 5227 670 5293 vulgati
693 5223 920 5296 affigunt
944 5233 1227 5296 punctum.
1255 5233 1418 5296 atque
1446 5225 1519 5278 ita
1551 5225 1691 5279 male
1719 5239 1843 5296 sen-

206 5315 354 5355 sum
394 5297 750 5366 abrumpunt.
791 5295 925 5351 Nam
948 5294 1164 5366 tractat,
1190 5298 1294 5350 vult
1325 5294 1433 5365 ille,
1465 5298 1576 5366 qui,
1612 5296 1698 5350 vel
1726 5295 1841 5361 ille,

207 5372 575 5444 quicumque.

296 5441 411 5497 25.
452 5441 580 5506 Reg.
635 5441 704 5506 1,

222 5439 234 5444 ’
296 5441 411 5497 25.
452 5441 580 5565 Κθξ.
635 5441 704 5506 1,
751 5455 850 5510 pro
887 5439 942 5494 d.
994 5455 1040 5493 s.
1065 5480 1080 5504 ,
1134 5439 1264 5511 Reg.
1291 5440 1346 5506 2,
1383 5455 1447 5493 ex
1480 5439 1842 5502 correctione,

207 5514 365 5570 νδιο
428 5511 482 5570 ίυ
557 5553 571 5570 ο
613 5510 722 5566 θῑιο
756 5512 814 5570 ἳι
856 5511 1008 5570 υΐῢη
1054 5511 1202 5570 All».
1232 5511 1418 5570 Rom.,
1454 5511 1624 5570 Meus.
1652 5510 1786 5570 Reg.
1816 5510 1842 5564 Ei

269 5533 365 5567 at.
428 5533 482 5576 ι,

302 5714 335 5742 ⁸
374 5701 447 5756 In
478 5711 585 5760 vet.
611 5700 734 5760 cod.
767 5709 883 5758 erat
904 5701 1008 5756 vita
1029 5715 1128 5772 pro
1153 5703 1330 5756 vitam.

557 5553 571 5576 .
613 5510 722 5566 Ott.
756 5512 814 5576 2,
856 5511 1008 5578 Urb.,
1054 5511 1202 5577 Alb.,
1225 5510 1418 5577 Rom.,
1454 5511 1624 5576 Meus,
1652 5510 1786 5581 Reg.
1816 5510 1849 5564 ὅ

209 5596 276 5643 et
330 5582 446 5639 alii
495 5597 628 5638 mss.
681 5582 826 5655 apud
867 5583 1252 5652 Arntzenium,
1295 5598 1417 5641 cum
1444 5581 1661 5650 Parrh.,
1697 5581 1847 5650 Ald.,

1944 4527 2128 4584 prosa,
2153 4521 2208 4584 et
2235 4512 2504 4584 scriptura
2529 4511 2637 4564 mei
2667 4509 2903 4584 codicis,
2936 4523 2989 4567 et
3013 4512 3103 4567 ed.
3139 4509 3317 4584 Lips,
3339 4518 3536 4571 lumina

1943 4583 2146 4656 {oi-mw.
2187 4582 2294 4656 Sed
2337 4583 2508 4652 magis
2553 4582 2762 4656 poetica
2785 4593 2884 4656 gest
2910 4585 3074 4656 lectio
3117 4582 3329 4656 recepta
3367 4605 3380 4642 :
3412 4605 3534 4643 nam

1943 4657 2074 4708 czeci
2117 4653 2393 4709 deformes
2425 4660 2579 4713 sunt,
2609 4661 2664 4707 et
2691 4653 2796 4709 dici
2838 4655 3045 4720 solent,
3091 4670 3145 4711 ut
3196 4653 3349 4714 notat
3394 4661 3533 4715 idem

1944 4724 2327 4796 Wopkensius,
2352 4735 2407 4780 et
2433 4725 2763 4796 hocgmunus
2795 4728 3092 4794 poscebant
3129 4734 3290 4791 cmci.
3337 4740 3394 4784 ut
3423 4733 3538 4788 for-

1945 4795 2088 4870 mam
2119 4799 2336 4870 amissis
2363 4795 2659 4851 luminibus
2689 4798 3017 4870 exgstinctam
3049 4814 3462 4870 recuperarent.

2017 4869 2110 4944 Si:
2153 4869 2336 4944 Cant.,
2368 4884 2588 4944 vacuas.
2623 4867 2768 4944 quod
2797 4869 3074 4944 epitheton
3121 4867 3245 4942 apte
3285 4890 3313 4928 a
3364 4874 3538 4944 poetis

1944 4938 2399 5019 tribuiturauris,
2431 4937 2525 5019 sed
2556 4937 2659 5019 hoc
2691 4939 2813 4995 loco
2845 4943 3003 5019 metri
3037 4943 3124 4998 lex
3159 4937 3329 5011 poscit
3359 4937 3536 5019 rogas,

1945 5011 2084 5086 nisi,
2121 5008 2322 5086 omissa
2346 5009 2748 5086 coniunctione
2780 5028 2899 5082 que,
2927 5013 3096 5086 legasJ
3133 5008 3190 5070 ut
3234 5008 3540 5073 revera'le-F

1943 5083 2090 5151 gitur
2119 5081 2170 5134 in
2194 5079 2305 5134 Ott.
2340 5081 2391 5140 1.
2422 5077 2712 5151 Flebilibns
2733 5077 2941 5136 vacuas.

2021 5153 2110 5207 55.
2138 5151 2309 5218 Meus,
2333 5159 2611 5218 corrupte,
2637 5150 2748 5206 Nec
2769 5165 2955 5208 cuncta
2979 5156 3172 5222 solens;
3194 5171 3297 5211 ms.
3321 5157 3538 5222 Arnlz..

1953 5221 2065 5278 Nec
2107 5223 2305 5296 cunctis
2363 5237 2610 5296 cessans,
2668 5225 2813 5292 quod
2867 5239 2972 5280 non
3029 5226 3270 5294 ineptum
3326 5221 3543 5296 reputat

1951 5294 2276 5366 Arntzenius
2310 5311 2324 5346 :
2355 5293 2548 5366 durior
2587 5297 2732 5366 enim
2779 5305 2866 5350 est
2898 5293 3262 5366 constructio.
3304 5293 3541 5366 scilicet,

1955 5365 2065 5420 Nec
2111 5373 2352 5419 cunctata
2397 5365 2560 5436 pietas
2609 5364 2780 5420 solens
2822 5365 3010 5435 inferre
3055 5370 3252 5422 cunctis
3301 5364 3540 5425 salutem.

1954 5437 2060 5493 Pro
2080 5438 2272 5508 inferre
2292 5436 2358 5492 ed
2369 5479 2389 5508 ,γ
2399 5435 2834 5508 Lipsaconferre.
2866 5437 2970 5491 Pro
2986 5439 3098 5491 Deo
3119 5441 3232 5506 pio,
3255 5442 3338 5495 vel
3365 5441 3546 5498 divina

1953 5507 2153 5584 pietate
2159 5509 2336 5584 pietas
2349 5507 2668 5584 simpliciter
2688 5522 2794 5584 non
2812 5509 3047 5584 semela
3061 5509 3283 5565 Sedulio
3303 5516 3544 5584 ponitur.

2029 5582 2118 5637 56.
2159 5577 2530 5651 Wopkensius
2573 5593 2674 5649 pro
2703 5579 2832 5646 Quae
2855 5579 3079 5650 conjicit
3103 5597 3224 5636 cum
3235 5621 3253 5650 ,
3282 5577 3372 5641 v'el
3407 5585 3544 5653 Qua.

297 5775 335 5817 ι’
376 5772 692 5833 Obscurum
733 5773 787 5830 id
818 5784 935 5840 est,
965 5767 1084 5830 sive
1111 5773 1259 5844 legas
1298 5773 1557 5842 conﬁdere
1584 5786 1708 5829 cum
1741 5777 1849 5828 vet.
1880 5767 2032 5842 cod.,
2059 5769 2175 5829 sive
2201 5771 2490 5842 considere,
2520 5771 2667 5844 quod
2692 5772 2915 5832 Juretus
2941 5772 3200 5833 malebat.
