4082 6188
252 236 350 295 881

1387 242 1674 301 CARMEN
1716 242 2101 303 PASCHALE.
2138 244 2268 301 LIB.
2310 245 2401 302 Ν.

3447 260 3555 316 682

249 353 348 412 100
385 356 533 408 Arva
564 352 778 423 legens,
804 352 1047 423 placidas
1067 355 1329 413 Dominus
1360 359 1599 418 calcaret
1621 377 1841 433 arenas,
1869 363 1925 424 Α
1950 361 2056 418 110
2095 363 2167 417 Se
2183 369 2668 418 reseratsermone
2687 363 2885 431 Deum,
2902 366 3198 439 turbasque
3213 369 3553 443 frequentes,

385 444 611 503 Curavit
634 446 857 517 gemino
883 449 1145 506 miserum
1171 453 1471 523 spiramine
1495 455 1741 511 clausum

383 539 490 608 Qui
524 554 718 595 vocem
750 555 861 597 non
893 557 992 600 ore
1027 543 1215 614 dabat,
1245 561 1354 602 non
1393 563 1526 605 aure
1566 550 1841 620 trahebat,

381 633 743 707 Sidereaeque
762 651 955 694 manus
977 639 1156 710 ruptis
1174 642 1549 711 penetralibus
1579 660 1772 701 omnes

386 724 608 782 Attaetu
641 737 870 795 patuere
898 728 1068 797 fores,
1092 730 1361 808 laetusque
1391 744 1619 805 repente

245 818 344 876 105
383 817 692 890 Audirique
712 820 965 893 loquens,
987 824 1294 896 meruitque
1316 827 1507 883 audire
1530 829 1838 901 loquentes.

451 911 532 968 Tu
560 928 779 985 quoque
809 913 1031 971 virtutis
1059 919 1283 974 sensisti
1305 935 1508 976 munus
1540 922 1752 990 herilis,

382 1004 544 1077 287
568 1004 947 1064 Procumbens
966 1009 1164 1079 oculis,
1184 1010 1341 1080 cujus
1362 1012 1417 1068 in
1440 1013 1643 1070 lumina
1685 1014 1842 1072 Chri-

1626 1104 1769 1179 [stus

382 1190 643 1264 Exspuit,
670 1201 729 1250 et
758 1194 998 1266 speciem
1026 1196 1299 1254 simulatae
1329 1200 1519 1257 mortis
1539 1201 1765 1258 ademit.

450 1287 588 1345 Hinc
631 1288 839 1361 majora
887 1290 1095 1349 docens
1140 1294 1369 1364 populos
1407 1296 1648 1352 ctelestia
1676 1340 1690 1363 ,
1747 1314 1841 1354 ve-

1622 1389 1764 1462 [rum

2093 454 2225 523 Quae
2276 453 2442 512 nimis
2482 454 2788 523 irruerant,
2842 457 3071 528 cupiens
3117 460 3291 519 vitare
3334 480 3553 533 parum-

3323 556 3478 629 iper.

2097 643 2297 714 Stagna
2364 643 2500 713 petit
2528 685 2544 709 ,
2605 659 2880 718 parvaque
2940 646 3142 706 sedens
3204 649 3446 710 Simonis
3497 655 3552 711 in

3318 746 3441 801 alno

3318 746 3441 801 alno

2092 830 2302 889 Littore
2326 832 2613 888 sistentem
2640 831 2895 888 ﬁrmabat
2917 832 2987 889 ab
3010 849 3231 906 aequore
3263 744 3498 903 p[lebeni.

2092 927 2259 999 288
2286 925 2355 981 Et
2391 925 2555 982 dictis
2589 925 2703 997 jam
2741 925 2865 982 finis
2900 935 3057 995 erat;
3101 936 3231 985 tunc
3268 929 3434 988 altius
3463 947 3554 987 ae-

3390 1040 3421 1078 3

1948 1111 2149 1171 1151η
2208 1110 2432 1183 pelagus
2481 1110 2639 1181 jubet
2696 1112 2777 1168 ire
2836 1120 3046 1180 ratem,
3106 1021 3553 1187 vastoqugago-

3312 1209 3481 1265 fundo

3312 1210 3375 1264 {ut

2091 1294 2249 1351 Retia
2271 1294 2484 1350 demitti
2509 1296 2771 1366 piscantia
2791 1338 2809 1364 ,
2840 1312 2964 1368 qua:
2994 1298 3128 1354 nihil
3156 1208 3375 1355 omniain

2088 1388 2357 1445 Claudere
2380 1404 2477 1460 per
2508 1398 2721 1446 noctem
2745 1404 2917 1446 vacuo
2946 1399 3172 1461 potuere
3203 1393 3410 1450 labore.

1588 1520 1766 1578 OPUS
1803 1519 2189 1579 PASCHALE.

237 1612 379 1662 terat
423 1606 585 1663 verba
633 1608 929 1680 suscipere.
1001 1610 1108 1667 Sed
1150 1618 1297 1668 tactu
1335 1629 1528 1670 manus
1581 1617 1833 1672 aetherem
1863 1619 1910 1679 Β
1937 1616 2179 1673 edocens
2220 1615 2514 1683 institutis,
2552 1616 2718 1671 Deum
2750 1631 2871 1672 sese
2900 1617 3237 1676 manifestius
3270 1623 3544 1693 aperiret,

235 1702 450 1757 cunctis
479 1702 870 1771 penetralibus,
911 1719 1032 1775 quae
1062 1707 1297 1776 pernicis
1322 1708 1595 1766 clauserat
1623 1712 1832 1768 violen-

235 1794 330 1862 tia,
362 1794 646 1865 disruptis,
676 1804 896 1866 repente
927 1797 1075 1854 fores
1106 1809 1334 1870 patuere
1368 1801 1637 1874 impulsae,
1665 1820 1837 1859 vena-

233 1905 466 1962 ruinque
487 1891 751 1947 custodiis
776 1892 1023 1962 protinus
1048 1893 1325 1961 relaxatis,
1349 1896 1440 1967 qui
1466 1897 1630 1952 modo
1656 1909 1835 1954 mutus

232 1981 539 2050 videbatur,
568 2000 634 2040 ac
659 1984 879 2052 surdus,
926 1996 980 2041 et
1010 1984 1127 2056 ipse
1157 1986 1304 2058 loqui
1335 1989 1553 2057 meruit,
1611 2000 1664 2045 et
1697 1990 1836 2045 alios

233 2062 524 2148 loquentes
546 2076 770 2132 audivit.

303 2169 391 2223 Tu
421 2184 637 2239 quoque
664 2168 960 2226 Dominica:
987 2171 1208 2227 virtutis
1237 2171 1380 2227 dona
1403 2174 1654 2236 sensisti.
1687 2174 1839 2246 cujus

232 2260 283 2317 in
318 2260 499 2316 oculis
539 2270 773 2317 tartarea
815 2261 1063 2320 crecitate
1109 2265 1440 2333 compressis
1484 2266 1740 2322 Christus
1784 2276 1843 2322 ut

232 2354 478 2424 exspuit,
492 2356 730 2423 speciem
750 2354 899 2411 illico
916 2357 1183 2413 simulata:
1205 2360 1396 2414 mortis
1417 2360 1663 2416 extersit.
1686 2358 1844 2416 Cum-

231 2462 342 2519 que
390 2447 648 2517 perennis
686 2449 811 2504 vitae
856 2447 1111 2521 sull‘ragia
1150 2453 1323 2510 sacris
1363 2452 1570 2511 habere
1606 2453 1841 2526 populos

1941 1711 2152 1765 evitans
2192 1707 2468 1778 paululum
2511 1709 2701 1764 turbas
2745 1710 3151 1779 praecipitanter
3191 1712 3424 1784 inl'usas,
3478 1718 3545 1773 ad

1942 1818 2195 1872 Stagnum
2222 1802 2416 1856 marini
2447 1802 2678 1872 gurgitis
2706 1803 2879 1867 venit,
2910 1817 3179 1874 parvaque
3201 1805 3440 1863 Simonis
3464 1826 3548 1866 re-

1943 1893 2128 1949 sidens
2154 1894 2207 1948 in
2227 1892 2437 1957 carina,
2461 1892 2678 1963 plebem
2706 1893 2890 1949 littore
2917 1905 3326 1963 permanentem
3350 1900 3549 1956 divinis

1946 1985 2218 2042 imbuebat
2241 1984 2492 2040 oraculis.
2515 1984 2756 2040 Tandem
2777 1984 2920 2040 dicta
2938 1985 3227 2057 deﬁniens,
3256 2006 3546 2062 numquam

1946 2078 2235 2136 desideriis
2260 2079 2480 2149 copiosa
2508 2120 2523 2144 ,
2561 2077 2715 2148 jubet
2743 2079 2906 2134 altius
2933 2093 3095 2136 eunte
3123 2085 3368 2140 navicula
3397 2128 3411 2151 ,
3453 2104 3547 2157 pe-

1942 2173 2065 2245 lago
2092 2173 2228 2229 retia
2249 2172 2446 2227 dimitti
2471 2171 2757 2242 piscantia,
2782 2188 2903 2244 quae
2931 2175 3098 2231 totius
3130 2178 3304 2233 noctis
3332 2180 3551 2237 evoluta

1944 2267 2178 2336 circulo,
2230 2267 2365 2322 nihil
2417 2265 2637 2320 trahere
2690 2265 2759 2320 de
2805 2265 3090 2336 profundis
3126 2283 3293 2338 Opere
3331 2273 3551 2329 valuere

1942 2360 2228 2415 frustrato.
2262 2358 2426 2414 Paret
2454 2357 2647 2413 Simon
2675 2371 2836 2412 sacro
2863 2358 3019 2412 laetus
3045 2361 3299 2429 imperio,
3334 2365 3550 2421 turbas-

1945 2469 2052 2525 que
2080 2451 2397 2523 ﬂuctivagas
2440 2449 2588 2506 linea
2626 2447 2824 2505 doctus
2866 2450 3154 2508 obsidione
3191 2455 3550 2527 concludens,

1733 2588 2053 2647 SCHOLIA.

310 2700 444 2759 100.
464 2699 522 2756 ιη
550 2699 662 2773 Οιι.
691 2701 977 2773 liortasse
1000 2701 1154 2773 prius
1178 2701 1280 2760 fuit
1297 2703 1526 2760 calcarat
1551 2720 1571 2759 :
1599 2717 1743 2759 nune
1759 2712 1845 2760 est

239 2773 496 2839 calcaret,
529 2782 587 2826 ut
612 2772 666 2826 in
697 2771 841 2828 aliis.

316 2843 451 2899 {02.
481 2842 653 2911 Meus,
681 2843 902 2910 Parrh.,
931 2844 1022 2902 ed.
1066 2845 1245 2916 Lips.,
1274 2862 1369 2901 nec
1415 2863 1512 2917 pro
1550 2864 1674 2903 non.
1710 2846 1837 2904 Ele-

240 2918 468 2989 gantius
504 2925 589 2971 est
631 2930 755 2980 non,
790 2917 1070 2988 magisque
1112 2929 1288 2974 metro
1319 2919 1569 2989 congruit
1603 2938 1616 2973 :
1639 2935 1845 2989 ﬂuam-

244 3003 415 3058 quam
447 2987 566 3042 hinc
598 2989 999 3060 monosyllaba,
1030 3004 1152 3058 qua;
1200 2991 1383 3046 brevia
1424 2987 1736 3056 censenti},
1761 2991 1846 3047 vel

243 3074 444 3131 revera
477 3067 603 3113 sunt
628 3060 962 3125 communia,
992 3062 1077 3114 vel
1105 3060 1265 3116 facile
1292 3063 1686 3131 producuntur.

321 3128 455 3185 104.
481 3131 808 3185 Arntzenius
828 3132 932 3186 etsi
961 3136 1255 3204 consentit.
1290 3128 1401 3190 fere
1430 3149 1621 3190 omnes
1642 3133 1849 3189 habere
1873 3140 1919 3204 ο

243 3201 485 3263 Attactu,
516 3212 692 3255 tamen
724 3206 941 3271 praetert
968 3203 1013 3256 Α
1041 3214 1203 3259 tactu.
1235 3205 1535 3261 Retinenda
1580 3216 1665 3261 est
1710 3206 1849 3261 scri-

248 3283 417 3343 ptura
462 3283 616 3344 vetus
643 3274 877 3340 Attactu,
910 3290 1010 3344 pro
1036 3292 1144 3344 quo
1173 3278 1416 3332 nonnulli
1449 3278 1696 3332 scribunt
1723 3277 1850 3332 Ata-

244 3355 376 3407 ctu;
398 3354 455 3399 et
484 3343 630 3413 inde,
657 3356 715 3399 ut
739 3343 971 3410 videtur,
1008 3343 1182 3404 Vatic.
1206 3348 1264 3413 2,
1292 3349 1442 3413 Alb.,
1475 3350 1518 3402 A
1548 3357 1706 3403 tactu.
1736 3348 1847 3404 0b-

244 3416 587 3488 servandum
638 3423 857 3482 tamen,
889 3417 1102 3473 litteras
1157 3420 1483 3488 majusculas
1528 3420 1684 3475 initio
1729 3436 1850 3476 vcr-

246 3502 471 3560 suuma
499 3485 673 3543 littera
700 3488 943 3557 ejusdem
969 3490 1118 3544 verbi
1142 3485 1423 3560 sequentis
1460 3491 1707 3546 nonnihil
1727 3506 1850 3546 esse

246 3557 532 3632 interdum
578 3568 880 3627 separatas.
940 3560 1110 3628 Meus,
1145 3557 1376 3624 Atiacru,
1410 3577 1509 3632 pro
1560 3562 1617 3617 d.
1661 3578 1734 3625 s.,
1767 3561 1849 3615 Ad

245 3638 472 3684 tactum.
506 3629 563 3684 In
591 3645 751 3700 prosa
783 3639 867 3685 est
889 3639 1056 3697 tactu,
1084 3634 1205 3701 quia
1236 3629 1436 3687 attactu
1474 3634 1702 3688 verbum
1736 3648 1852 3686 ma-

243 3701 640 3827 gisitggiprium
662 3712 947 3771 poetarum
971 3712 1078 3759 est.
1103 3702 1303 3760 Confer
1326 3704 1457 3761 lect.
1482 3720 1599 3759 var.
1628 3704 1695 3760 ad
1725 3705 1763 3759 l.
1787 3719 1847 3769 ιι,

243 3788 300 3827 ν.
453 3809 470 3825 .

243 3788 300 3829 ν.
336 3776 362 3825 1
378 3776 470 3827 56.

322 3842 455 3919 1195.
485 3843 951 3919 _Rarrh.,_scheda:
981 3845 1215 3911 Poelm.,
1249 3849 1567 3919 loquentem.

325 3915 455 3970 106.
485 3915 655 3983 Meus,
689 3915 860 3971 Sanat
878 3932 1091 3974 meum.
1114 3948 1187 3960 —
1208 3915 1488 3986 Pari-has,
1514 3920 1732 3975 inverso
1760 3933 1852 3972 or-

245 3986 407 4062 dine,
454 3988 671 4062 sensisti
709 3990 914 4043 virtutis
949 4004 968 4043 :
1011 3990 1229 4046 schedze
1281 3990 1534 4057 Poelm.,
1582 3989 1847 4062 pessime,

246 4059 467 4113 sensisti
494 4060 721 4114 virentis.

324 4129 456 4184 107.
486 4127 669 4186 Codex
702 4133 914 4198 Arntz.,
945 4130 1225 4190 Fabricius
1251 4143 1309 4190 et
1336 4133 1580 4189 nonnulli
1610 4132 1703 4188 alii
1733 4132 1852 4187 vul-

247 4203 365 4277 gati
388 4246 402 4267 ,
430 4200 485 4277 in
512 4204 693 4272 cujus;
718 4203 842 4269 alii,
870 4204 1025 4277 cuius
1052 4206 1149 4277 in,
1173 4205 1433 4277 producta
1462 4206 1648 4260 ultima
1677 4205 1731 4259 in
1755 4220 1851 4277 δατ

238 4275 337 4345 jus
375 4272 859 4348 rat_ione_c;esura:.
905 4273 1089 4345 Cant.,
1124 4272 1348 4347 Arntz.,
1391 4279 1641 4348 plerique
1679 4274 1851 4348 nostri

244 4344 419 4408 ωδε»,
454 4344 668 4419 l’arrb.,
713 4344 836 4400 Ald.
859 4390 874 4413 ,
906 4344 1137 4419 lumine,
1176 4365 1298 4404 cum
1326 4344 1504 4419 glossa
1533 4348 1588 4402 in
1616 4346 1750 4417 Reg.
1779 4345 1848 4415 2,

243 4424 487 4489 aspectu.
516 4414 683 4471 Favet
711 4431 894 4485 prosa.
924 4417 1057 4489 Reg.
1092 4421 1118 4474 1
1153 4434 1219 4475 ac
1240 4414 1421 4486 plures
1447 4420 1601 4485 editi,
1627 4414 1842 4484 lumina,

245 4487 403 4556 quod
451 4487 1182 4562 grammaticorumAregulis
1228 4492 1401 4562 magis
1445 4501 1528 4546 est
1566 4498 1853 4562 consenta-

244 4573 444 4634 neum.
477 4557 689 4634 _lienset
724 4568 902 4615 tamen
932 4557 1376 4633 Cannegetierus,
1403 4561 1852 4634 quantoﬁquisque

153 4670 159 4675 .
245 4629 557 4704 elegantior
601 4633 702 4697 sit,
745 4642 797 4685 et
823 4635 1089 4704 vetustior
1124 4629 1383 4704 Scriptor,
1417 4629 1564 4688 ianto
1594 4629 1851 4703 frequen-

248 4701 365 4774 tiuﬁs
396 4701 448 4753 in
475 4702 544 4753 ab
573 4716 639 4774 eo
663 4702 970 4774 promiscue
1000 4701 1257 4774 usurpari
1294 4701 1375 4760 vel
1402 4721 1524 4760 cum
1545 4701 1807 4759 ai-usativi
1829 4742 1846 4769 ,

246 4773 343 4826 vel
378 4785 515 4846 cuin_
534 4772 758 4846 ablativi
793 4789 944 4828 casu.
986 4772 1175 4831 Editur
1210 4776 1656 4846 Edimburgcnsis
1688 4783 1844 4845 puta.

248 4855 455 4917 verat,
482 4841 764 4917 Sedulium
822 4847 892 4900 iu
923 4848 1208 4917 scripsisse
1256 4841 1612 4901 Procumbens
1636 4886 1653 4911 ,
1691 4841 1840 4912 'etc.,

248 4911 566 4969 imitatione
584 4914 786 4970 Lucani
812 4932 872 4971 ιιι
896 4960 911 4983 ,
936 4911 1060 4974 Ἠῒὶ.
1096 4918 1166 4973 At
1187 4919 1528 4973 Burmannus
1553 4926 1701 4972 recte
1722 4920 1840 4971 ani-

247 4986 584 5059 madvertit,
617 4986 722 5042 alia
752 4988 822 5043 de
854 5005 913 5044 re
945 4991 1085 5059 apud
1128 4990 1404 5045 Lucanum
1449 4989 1555 5059 agi.
1592 4988 1843 5043 Fortasse

246 5054 429 5129 alitum
468 5056 644 5112 locum
692 5060 931 5115 indicare
966 5054 1137 5116 voluit
1174 5062 1348 5118 editor
1380 5054 1845 5129 Edifnburgensis.

330 5127 460 5203 108.
498 5129 859 5186 Consentiunt
904 5134 1149 5203 plerique
1186 5132 1404 5188 codices
1448 5132 1504 5187 in
1553 5127 1847 5203 simillime;

245 5197 391 5271 alibi
411 5210 588 5271 tamen
614 5204 718 5257 hoc
741 5197 963 5258 verbuin
986 5197 1246 5260 scribitur
1271 5204 1463 5271 siinilo,
1488 5216 1540 5259 et
1561 5201 1850 5257 similatus:

246 5268 368 5323 nisi
394 5272 501 5325 duo
535 5270 790 5328 distincta
829 5289 954 5331 esse
978 5277 1139 5330 verba
1181 5276 1358 5331 malis.
1395 5268 1569 5330 Etiam
1601 5275 1704 5327 hoc
1730 5273 1853 5327 loco

245 5339 389 5396 Vat.
424 5341 473 5407 1,
515 5344 773 5399 similam.
817 5345 921 5399 Pro
964 5347 1145 5400 mortis
1174 5346 1434 5402 Weitzius
1462 5355 1577 5401 not.
1610 5344 1676 5398 ad
1720 5344 1857 5398 Pru-

245 5411 508 5485 dentium
539 5429 663 5485 pag.
692 5414 796 5471 567
825 5417 955 5472 citat
982 5419 1184 5483 noctis,
1216 5418 1449 5473 fortasse
1488 5431 1637 5472 casu.
1680 5416 1853 5470 Inter-

245 5480 403 5560 dum
415 5480 602 5560 tamen
614 5480 787 5560 ’πορθ
816 5489 989 5560 poetis
1015 5505 1114 5560 pro
1142 5480 1314 5544 morte
1340 5488 1650 5543 adhibetur.

333 5553 462 5632 1_09.
494 5555 655 5632 Rom.
681 5556 792 5632 _Ubi
817 5553 1082 5632 Dominus
1120 5561 1303 5615 sedens
1343 5561 1398 5632 in
1423 5556 1853 5632 puppi,__docebat

248 5623 460 5679 turbas.
492 5627 642 5705 Meus
666 5626 820 5705 Jubet
843 5674 858 5698 ,
903 5629 1118 5705 Petrum
1138 5632 1350 5705 piscari.
1373 5623 1566 5686 Arnii.
1604 5627 1853 5684 Homines

245 5708 369 5771 pro
391 5698 609 5771 populos
629 5740 645 5767 ,
674 5715 742 5756 ex
771 5701 953 5771 glossa
986 5698 1234 5760 fortasse.

334 5766 467 5823 110.
496 5767 657 5839 Urb.,
686 5766 872 5841 Rom,
916 5783 1177 5845 sequentes
1205 5792 1225 5830 :
1249 5773 1445 5833 melius
1471 5772 1698 5846 reliqui,
1743 5776 1852 5845 [re-

737 5866 1012 5928 Ρηιιοι..
1062 5864 1241 5928 ΧΙΧ.

1978 2712 2175 2758 uelites.

1945 2721 2434 2855 qui’igfbielior‘es
2465 2773 2638 2855 nostri
2676 2786 2808 2855 mss.
2841 2787 2964 2827 cum
3010 2775 3195 2855 multis
3236 2777 3397 2835 editis
3426 2799 3550 2855 par-

1947 2862 2112 2925 itaque
2124 2849 2316 2925 sedens
2345 2844 2579 2925 Simonis
2602 2843 2657 2897 in
2686 2844 2855 2925 alno;
2882 2860 3078 2925 nempe
3117 2848 3267 2925 alnus
3293 2843 3551 2925 per_syn_

1950 2918 2226 2974 ecdoehen
2266 2932 2367 2988 pro
2416 2918 2536 2970 navi
2564 2931 2593 2969 a
2627 2915 2801 2983 poetis
2825 2916 3095 2970 interdum
3123 2915 3359 2986 ponitur.
3384 2915 3541 2980 Rom.

1950 2999 2139 3045 contra
2164 3000 2395 3043 metrum
2413 3029 2427 3051 ,
2460 2998 2514 3043 et
2543 2988 2690 3041 nullo
2718 3001 2881 3042 sensu
2909 3003 3070 3058 parvo
3097 2991 3277 3044 sedens
3299 2995 3350 3045 in
3376 2993 3551 3049 Simo-

1954 3061 2032 3133 nis
2061 3060 2198 3114 alvo.
2233 3061 2359 3114 Mss.
2391 3059 2688 3128 Lipsiensis
2710 3098 2725 3123 ,
2763 3069 2819 3113 et
2854 3059 3085 3133 Alinel.,
3114 3061 3231 3133 Vat.
3266 3064 3319 3127 1,
3352 3063 3462 3120 Ott.
3490 3069 3547 3133 2,

1951 3131 2113 3198 Urb.,
2148 3132 2299 3186 Meus
2324 3176 2338 3199 ,
2373 3135 2539 3199 Ang.,
2570 3144 2831 3198 parvaque
2857 3129 3037 3184 sedens
3066 3130 3123 3183 in
3151 3132 3380 3190 Simonis
3403 3129 3545 3193 alno.

1954 3202 2046 3260 Sic
2069 3205 2189 3257 Vat.
2217 3204 2273 3269 Ξ,
2306 3203 2454 3277 A_l_b,,
2485 3210 2541 3255 et
2581 3200 2925 3277 Parrlt.,_sed
2952 3202 3068 3277 alvo
3099 3217 3198 3277 pro
3223 3206 3365 3260 alno.
3413 3208 3547 3277 Reg.

1951 3278 2007 3341 5,
2041 3292 2199 3348 parra
2240 3274 2575 3348 residensque
2612 3270 2846 3348 Simonis
2873 3272 2927 3324 in
2953 3270 3119 3348 alno:
3148 3276 3227 3331 sic
3253 3277 3306 3330 in
3339 3270 3550 3337 Erratis

1952 3342 2123 3421 Aldus
2143 3387 2158 3410 ,
2199 3345 2293 3400 sed
2323 3345 2439 3421 _h_ac
2479 3342 2929 3421 interpunctione
2951 3342 3153 3421 Stagna
3199 3349 3323 3417 pem
3355 3368 3514 3421 ρανυα
3536 3395 3550 3417 ν

1951 3416 2295 3489 residensque,
2313 3416 2544 3489 Simonis
2564 3418 2625 3489 in
2650 3413 2772 3468 alno
2800 3432 2819 3467 :
2842 3414 3001 3489 prius
3024 3413 3263 3489 ediderat
3291 3413 3551 3489 parvaque

1950 3488 2131 3542 sedens
2176 3483 2231 3542 in
2262 3488 2494 3542 Simonis
2521 3487 2642 3539 alno
2664 3524 2679 3547 ,
2710 3485 2857 3609 (Ἧιιὰ
2899 3483 3218 3550 Fabricius.
3252 3483 3547 3562 Cellarius,

1952 3569 2007 3609 et
2031 3558 2359 3609 Arntzenius
2384 3567 2708 3609 seuuuntur.
2785 3556 3108 3609 ebrissensis
3138 3557 3345 3609 legerat.
3370 3563 3426 3609 in
3456 3564 3547 3609 Si-

1952 3569 2007 3613 et
2031 3558 2359 3613 Arntzenius
2384 3567 2708 3628 sequuntur.
2736 3556 3108 3609 Nebrissensis
3138 3557 3345 3628 legerat
3370 3563 3426 3615 in
3456 3556 3547 3619 Si;

1952 3632 2119 3683 monis
2138 3631 2282 3689 alno.
2312 3628 2407 3682 sed
2443 3626 2697 3696 corrigit,
2729 3637 2785 3678 ut
2807 3632 2915 3679 stet
2940 3641 3127 3680 versus
3147 3669 3162 3691 ,
3196 3626 3426 3686 residens
3454 3635 3545 3688 Si-

1950 3701 2346 3755 monisinalno.
2370 3699 2447 3753 De
2468 3698 2616 3751 varia
2639 3697 2941 3765 quantitate
2959 3696 3120 3761 hujus
3144 3702 3291 3753 vocis
3314 3701 3548 3759 Simonis

1952 3773 2076 3827 vide
2101 3782 2216 3827 not.
2248 3771 2315 3825 ad
2349 3770 2604 3824 Dracont.
2634 3768 2672 3822 l.
2698 3782 2759 3822 ιιι
2787 3783 2936 3823 vers.
2957 3767 3089 3834 230,
3117 3779 3170 3824 et
3218 3771 3285 3825 ad
3316 3771 3538 3830 Juvene.

1950 3843 1989 3898 l.
2021 3859 2038 3898 ι
2071 3859 2211 3899 vers.
2244 3842 2353 3897 458
2382 3857 2495 3895 var.
2522 3841 2651 3896 lect.
3595 3880 3598 3883 Α

2026 3915 2150 3970 115.
2195 3912 2465 3969 Cellarius
2509 3911 2680 3967 tenuit
2721 3908 2959 3979 ﬁrmabat
2997 3924 3118 3965 cum
3164 3927 3326 3980 mss.,
3364 3926 3419 3971 et
3445 3917 3549 3974 Fa-

1953 3985 2160 4041 bricio:
2226 3994 2280 4041 et
2343 3982 2586 4039 laudavit
2641 3982 3029 4054 Poelinanpum
3098 3998 3194 4052 pro
3260 3986 3539 4054 formabat,

1952 4055 2320 4127 Wopkensius
2345 4055 2400 4110 id
2429 4054 2639 4127 accepit
2667 4053 2736 4109 de
2764 4069 2867 4108 ms.
2892 4051 3206 4127 Poelmanni
3235 4051 3351 4112 {ita
3380 4062 3544 4117 etiam

1953 4125 2315 4195 Arntzenius,
2347 4127 2439 4197 qui
2481 4125 2667 4198 addit,
2695 4138 2886 4198 omnes
2901 4125 3111 4198 _editos,
3143 4142 3278 4198 quos
3317 4128 3543 4198 ipsein-

1953 4208 2233 4270 spexerat,
2287 4194 2563 4270 praeferre
2593 4195 2854 4270 ﬁrmabat.
2901 4194 3443 4270 Yerumﬁellarius,
3485 4215 3546 4259 ut

1954 4265 2054 4341 ego
2083 4282 2235 4341 puto,
2267 4265 2438 4343 ipsam
2481 4267 2775 4343 editionem
2808 4265 3125 4343 Poelmanni
3168 4265 3456 4343 intelligit»,
3490 4276 3546 4330 in

1992 4338 2060 4398 ita
2083 4338 2234 4397 certe
2259 4348 2343 4395 est
2370 4338 2855 4413 fombathostri
2886 4353 3076 4413 omnes
3101 4355 3233 4396 mss.
3257 4338 3379 4397 cum
3400 4338 3540 4413 Ahg.

1992 4359 2060 4398 ua
2085 4358 2234 4397 certe
2259 4358 2343 4395 eSl
2370 4358 2648 4412 ιονηιαυαι.
2672 4358 2855 4392 ιῐοδιιΊ
2886 4358 3076 4392 omnes
3101 4358 3233 4396 mss.
3257 4358 3379 4397 Clllll
3400 4358 3540 4413 Aug.

1954 4358 2194 4483 grinabal
2214 4454 2229 4480 ,
2262 4420 2319 4467 et
2338 4416 2516 4484 glossa
2546 4409 2761 4484 ill_R8g:
2808 4408 3038 4484 docebat_
3050 4425 3068 4460 :
3094 4412 3285 4466 eodem
3314 4420 3549 4481 pertinet

1957 4477 2229 4542 mendum"
2259 4485 2312 4539 in
2341 4477 2467 4539 ineo
2499 4480 2688 4536 codice
2717 4477 2970 4549 ﬁrmabit.
2997 4477 3362 4537 Consentium
3408 4486 3544 4542 Par-

1878 4526 1929 4585 Β
1957 4526 2210 4621 magis;
2229 4526 2465 4622 narrt“.
2501 4526 2941 4624 BEQi'aiinsstﬁu
2974 4526 3546 4624 εαίιιῗᾹῖιῦξηιῑίὲἱι-

1956 4631 2102 4690 sius,
2148 4622 2521 4691 Burmannus,
2567 4622 2818 4678 Barthius
2854 4630 3041 4696 tenent
3081 4622 3547 4696 formabalpquod

1956 4701 2283 4755 Arntzenius
2306 4700 2358 4753 in
2382 4698 2663 4753 Observat.
2695 4711 2817 4762 cap.
2844 4693 2877 4748 9
2908 4695 3015 4748 late
3050 4695 3356 4750 COnﬁrmal.
3392 4693 3548 4754 Faci-

1957 4771 2024 4825 lis
2053 4772 2296 4840 quidem,
2330 4780 2385 4825 et
2418 4770 2673 4838 frequens
2704 4768 2933 4840 mutatio
2960 4765 3206 4840 estinter
3237 4768 3353 4840 haec
3378 4772 3544 4828 Verba

1953 4836 2196 4913 ﬁrmabat
2214 4885 2228 4909 ,
2256 4836 2311 4897 et
2338 4836 2595 4913 formabat
2624 4855 2641 4891 :
2672 4838 2989 4913 etverbum
3023 4836 3185 4913 Lbi‘ﬁ‘.
3210 4839 3422 4895 docebat
3449 4858 3549 4913 ap-

1957 4909 2061 4967 tius
2090 4909 2413 4982 exprimitur
2437 4927 2532 4980 per
2559 4910 2811 4982 formabat
2846 4924 2862 4960 :
2887 4909 2980 4982 sed
3011 4909 3364 4982 nihilominus
3388 4909 3548 4968 dese-

1954 4983 2119 5041 renda
2154 4980 2261 5037 non
2301 4992 2385 5038 est
2415 4980 2574 5036 lectio
2603 4980 2851 5036 codicum
2883 4980 3146 5048 ﬁrmabat.
3174 4983 3232 5036 ln
3265 4997 3423 5051 prosa
3463 4995 3548 5039 est

1947 5055 2224 5109 imbuebat.

2024 5127 2146 5181 115.
2171 5127 2352 5188 Rom.,
2379 5122 2450 5178 In
2480 5120 2662 5193 pelago
2686 5137 2704 5174 :
2735 5120 3012 5195 retine_ln
3032 5122 3263 5195 pelagus.
3293 5123 3546 5195 Plerique

1953 5196 2168 5255 codices
2198 5196 2448 5251 scribunt
2474 5191 2639 5247 ratem
2660 5209 2678 5245 :
2710 5191 2954 5247 nonnulli
2985 5191 3158 5246 rauim.

2029 5269 2152 5325 116.
2194 5269 2304 5323 Ott.
2336 5267 2396 5334 1,
2440 5282 2467 5337 a
2510 5280 2595 5337 p_r.
2646 5279 2747 5337 ηιμ
2778 5263 3169 5337 ΜβυβνΒοιιιη
3203 5266 3369 5337 Ang.,
3395 5267 3544 5337 Alb.,

1957 5341 2068 5397 Ott.
2094 5340 2153 5406 2,
2181 5337 2329 5394 Vatt.
2362 5340 2416 5402 1,
2441 5334 2659 5405 2,Ῥιε8.
2689 5334 2746 5406 2,
2778 5334 3008 5406 dimitti;
3026 5334 3119 5387 alii
3143 5374 3156 5396 ,
3186 5336 3405 5406 demitti.
3435 5336 3552 5394 Sag-

1960 5403 2190 5484 pissime
2204 5410 2453 5484 occurrit
2477 5409 2600 5484 huic
2616 5403 2854 5459 varietas
2883 5409 2934 5458 in
2964 5403 3069 5458 hoc
3084 5404 3277 5484 verbo.

2032 5484 2156 5539 117.
2176 5481 2459 5538 Nonnemo
2478 5477 2787 5547 conjecerat
2807 5492 2943 5529 vano
2963 5490 2983 5528 :
3000 5474 3101 5547 sed
3117 5490 3280 5529 uacuo
3300 5492 3400 5547 pro
3419 5495 3553 5535 vano

1958 5564 2105 5612 recte
2131 5554 2256 5623 poni
2284 5550 2479 5623 probat
2502 5544 2899 5623 wopkensius,
2926 5544 3014 5601 cui
3040 5544 3547 5623 adhaeret'Arntze-

1959 5615 2557 5693 nius,'lieet'lrequens
2596 5615 2849 5674 occurrat
2875 5619 2927 5673 in
2954 5615 3236 5674 codicibus
3263 5635 3397 5677 mss.
3430 5620 3547 5678 haec
3643 5687 3650 5697 .

1959 5697 2304 5771 permutatio.

3098 5854 3179 5916 22
