4082 6188
314 276 417 334 689

1513 604 1614 645 sua
1648 590 1841 645 transit

447 676 686 735 Sabbata
716 694 828 734 non
859 694 1081 747 curans,
1112 679 1389 737 hominem
1415 695 1612 737 curare
1642 690 1861 752 paratus

453 773 628 843 Quem
661 775 835 831 voluit
877 776 1049 847 magis
1078 790 1203 833 esse
1249 791 1408 832 suum
1456 796 1471 833 :
1514 792 1641 833 nam
1687 778 1912 834 sabbata

1590 868 1841 942 [prepter

1448 282 1733 369 CARMEN
1762 280 2146 341 PASCHALE.
2178 282 2312 342 LIB.
2341 282 2431 339 ιν.

310 396 418 455 180
454 398 626 470 lnque
646 399 790 455 uteri
819 401 1056 471 spatium
1091 410 1237 459 totus
1278 410 1615 459 convenerat
1634 401 1899 476 hydrops.
1930 406 1987 467 Α

454 491 615 567 295
643 493 762 550 Non
796 494 916 551 tulit
954 494 1096 553 hanc
1138 496 1375 568 speciem
1417 496 1602 553 mundi
1645 497 1827 565 Pater,
1858 507 1913 553 et

3501 289 3605 348 690

2149 400 2305 458 Hunc
2349 402 2542 472 procul
2594 411 2653 459 ut
2703 404 2887 461 videre
2932 406 3127 463 decem
3177 408 3455 465 maculosa
3510 420 3611 480 ge-

2156 586 2382 656 Leprosi
2415 597 2661 659 portenta
2689 590 2815 656 viri,
2848 606 2986 662 quos
3012 605 3247 663 corpore
3273 499 3543 650 negtium

2155 678 2404 736 Discolor
2430 682 2685 737 obscenis
2706 684 2964 754 turpabat
2993 700 3152 756 pinna
3184 684 3389 757 ﬁguris,

2159 771 2492 843 Prmeeptor,
2550 775 2851 842 miserere,
2904 788 3063 849 potes
3111 794 3346 851 namque
3394 781 3613 849 omnia,

3346 872 3499 947 [Jesu
3524 917 3540 943 ,

455 957 690 1016 Condita
735 968 863 1016 sunt
893 961 1195 1030 hominem,
1227 977 1336 1018 non
1366 971 1451 1018 est
1481 961 1646 1019 homo
1686 963 1912 1019 sabbata
2017 957 2122 1014 195
2158 956 2473 1016 Clamantes
2500 961 2687 1018 dixere
2715 964 2881 1020 simul
2913 984 2926 1019 :
2957 973 3089 1021 tunc
3113 968 3252 1022 llexa
3284 974 3551 1038 potestas,

313 1144 418 1203 185
454 1145 608 1202 Tunc
631 1146 752 1216 pius
783 1146 1096 1204 humentem
1129 1148 1333 1204 siccata
1364 1056 1836 1220 corporigrtftidgr.

453 1240 626 1295 Jussit
652 1241 804 1297 abire
832 1240 981 1296 luem
1022 1259 1036 1296 :
1066 1240 1266 1297 ﬂuidus
1296 1258 1422 1297 mox
1447 1242 1659 1298 viscera
1692 1243 1915 1300 morbus

451 1333 686 1402 Deserit,
716 1342 773 1390 et
798 1348 985 1390 vacuae
1014 1333 1260 1390 resident
1285 1336 1340 1390 in
1373 1344 1596 1406 pectore
1624 1334 1800 1404 ﬁbrae,

455 1426 855 1499 Carnalemque
879 1428 1057 1483 lacum
1091 1429 1262 1497 pestis
1289 1428 1566 1500 lymphata
1593 1428 1836 1499 reliquit.
1920 1488 1925 1491 _

2157 1049 2290 1117 Quae
2314 1067 2610 1123 numquam
2639 1056 2841 1125 pietate
2865 1067 3046 1127 vacat,
3075 1059 3401 1115 clementior
3428 1060 3546 1115 iniit
3577 1076 3593 1117 :

2158 1145 2256 1215 lle,
2286 1148 2631 1204 sacerdotum
2659 1152 3054 1221 conspectibus
3079 1169 3175 1209 ora
3202 1154 3430 1211 referte.

2156 1238 2403 1312 Cumque
2451 1241 2594 1297 viam
2643 1254 2929 1314 peterent,
2988 1246 3174 1302 subito
3230 1249 3490 1303 mundata
3534 1248 3617 1303 vi-

3337 1336 3544 1411 [Cissim

2157 1425 2423 1482 Mirantur
2451 1442 2547 1483 sua
2580 1430 2823 1485 membra
2851 1430 2983 1499 viri,
3015 1431 3341 1502 variumque
3373 1441 3588 1488 tuentes

522 1522 690 1595 296
726 1523 980 1594 Cmperal
1007 1522 1220 1578 interea
1247 1521 1535 1591 Dominus,
1568 1522 1790 1580 Galilma
1819 1537 1915 1593 per
2013 1516 2122 1574 200
2160 1518 2297 1575 Esse
2327 1520 2496 1587 nihil,
2530 1536 2654 1579 sese
2698 1524 2902 1593 pariter
2932 1525 3304 1595 speculantur,
3334 1534 3390 1580 et
3418 1539 3612 1581 omnes

1687 1613 1841 1688 [arva

308 1706 417 1763 190
452 1705 907 1779 Transgrediens,
962 1715 1152 1765 sancto
1196 1708 1465 1781 quoddam
1504 1709 1642 1782 pede
1689 1718 1913 1781 tangere

1551 1801 1833 1875 [castrum.

1938 1796 1988 1856 B

2160 1617 2469 1689 Explorant
2500 1619 2750 1690 proprias
2780 1618 2993 1675 alterno
3022 1620 3225 1676 lumine
3255 1620 3480 1677 formas.

2162 1708 2247 1764 Ex
2276 1709 2475 1780 quibus
2505 1719 2565 1764 ut
2586 1720 2771 1780 grates
2796 1720 2985 1781 ageret
3015 1727 3113 1782 pro
3143 1727 3371 1768 munere
3401 1721 3576 1777 tanto,

2155 1803 2423 1875 297Vix
2456 1819 2600 1859 unus
2626 1806 2816 1861 reduci
2838 1820 3136 1863 conversus
3149 1807 3388 1875 tramite,
3418 1820 3624 1878 pronus

1642 1913 1820 1971 OPUS
1861 1914 2257 1973 PASCHALE.

294 2023 414 2081 que
447 2008 724 2064 dominata
766 2017 938 2064 totum
973 2009 1273 2081 hydropem
1311 2011 1365 2065 in
1404 2009 1585 2065 alvum
1629 2009 1904 2080 turgidam

292 2110 682 2173 congregarat.
708 2100 828 2156 Non
851 2101 973 2156 tulit
995 2101 1181 2157 mundi
1206 2101 1371 2159 Pater
1390 2102 1533 2157 hanc
1556 2102 1815 2172 speciem,
1844 2116 1906 2156 se

293 2209 597 2269 praesente,
627 2197 952 2267 consistere,
971 2210 1176 2267 suaque
1202 2197 1449 2262 sabbata,
1478 2204 1601 2266 quae
1628 2206 1757 2251 tunc
1776 2195 1906 2250 ade-

293 2300 451 2359 rant,
482 2307 588 2345 non
614 2290 851 2357 curavit,
882 2290 1163 2346 hominem
1193 2290 1459 2346 festinans
1484 2304 1709 2355 curare,
1741 2305 1900 2359 quem

291 2399 461 2440 suum
506 2384 678 2455 magis
715 2399 838 2439 esse
879 2384 1237 2439 desideraret.
1280 2381 1389 2438 Nec
1438 2383 1581 2438 enim
1625 2381 1903 2435 hominem

290 2486 529 2549 propter
552 2476 836 2532 sabbatum
865 2475 1011 2532 Deus
1038 2475 1295 2540 instituit,
1332 2476 1475 2530 sicut
1506 2475 1559 2529 in
1592 2474 1699 2528 alio
1727 2474 1910 2529 Evan-

290 2569 428 2642 gelii
471 2569 640 2625 sancti
681 2568 923 2640 capitqu
955 2567 1079 2624 suis
1100 2568 1369 2623 Dominus
1411 2567 1529 2638 ipse
1557 2566 1743 2622 verbis
1776 2567 1908 2622 edo-

290 2661 442 2724 cuit,
468 2660 568 2716 sed
590 2660 816 2715 sabbata
845 2669 1066 2730 propter
1091 2659 1368 2715 hominem
1391 2660 1722 2729 procreavit.
1751 2658 1908 2715 Tunc

290 2767 440 2825 opus
462 2753 653 2808 salutis
681 2752 1007 2822 impertiens
1030 2794 1044 2815 ,
1078 2752 1397 2806 humentcm
1423 2751 1695 2806 viscerum
1726 2750 1903 2805 desie-

291 2845 417 2902 cari
445 2845 611 2916 jussit
651 2845 913 2900 illuviem.
951 2843 1086 2899 Cum
1122 2852 1354 2914 repente
1390 2844 1646 2898 morbosa
1694 2843 1908 2912 paludis

292 2953 586 3009 corporea:
615 2937 759 2993 unda
786 2936 1065 3003 discessit,
1098 2937 1360 3007 lacusque
1384 2938 1570 2991 vitrea!
1590 2936 1701 3007 jam
1724 2936 1910 2993 carnis

295 3028 968 3102 exhaustusﬂymphatae
1028 3028 1196 3100 pestis
1240 3029 1428 3085 subito
1474 3040 1737 3085 vacuatus
1783 3030 1907 3085 abs-

290 3126 499 3182 cessit.

372 3220 617 3292 Cumque
649 3219 913 3275 Dominus
948 3217 1384 3290 Hierosolymam
1417 3226 1610 3288 petens
1634 3262 1648 3284 ,
1691 3234 1788 3290 per
1809 3220 1908 3277 Sa-

2015 2010 2263 2073 mariam,
2288 2020 2341 2066 et
2364 2010 2645 2067 Galilaeam
2664 2054 2679 2078 ,
2705 2013 3090 2086 Hiericumque
3113 2015 3408 2085 transiret,
3439 2017 3616 2088 quod-
3676 2074 3681 2079 ,

2012 2103 2133 2159 dam
2166 2115 2405 2160 castrum
2428 2107 2729 2163 clementer
2767 2109 3049 2180 ingressus
3080 2119 3194 2178 est,
3228 2126 3391 2181 quem
3423 2113 3617 2182 procul

2011 2206 2070 2253 ut
2103 2196 2293 2252 decem
2322 2198 2510 2254 miseri
2540 2199 2733 2255 videre
2764 2199 2967 2270 leprosi
2995 2247 3008 2270 ,
3045 2202 3329 2257 maculosa
3373 2202 3620 2270 corporis

2013 2288 2352 2345 obscenitate
2377 2289 2690 2357 foedissimi,
2723 2307 2857 2363 quos
2888 2292 3131 2348 discolor
3162 2308 3350 2364 sparsa
3379 2293 3621 2350 vultibus

2014 2393 2174 2452 poena
2201 2383 2347 2453 turpi
2375 2382 2582 2438 fecerat
2610 2382 2958 2440 deformitate
2987 2396 3243 2454 portenta
3263 2429 3277 2453 ,
3319 2388 3479 2442 simul
3511 2402 3621 2443 una

2013 2489 2150 2530 voce
2188 2473 2498 2530 clamavere
2536 2474 2838 2532 flebiliter:
2885 2474 3014 2529 Jesu
3054 2479 3330 2549 magister,
3379 2480 3622 2533 miserere

2008 2568 2192 2622 nostri.
2220 2567 2373 2623 Tunc
2411 2567 2702 2639 singularis
2728 2567 2819 2622 illa
2844 2569 3117 2638 potentia,
3166 2585 3287 2640 quae
3320 2586 3616 2640 numquam

2009 2659 2214 2727 pietate
2246 2658 2304 2713 iit
2328 2668 2354 2696 ἰ
2379 2675 2546 2716 vacua
2572 2701 2586 2726 ,
2627 2659 2946 2730 respondit,
2994 2675 3059 2717 ac
3087 2660 3412 2716 miseranter
3441 2661 3574 2716 dixit
3601 2679 3615 2716 :

2010 2753 2110 2821 lle,
2137 2756 2395 2810 ostendite
2433 2772 2520 2810 vos
2551 2756 2932 2812 sacerdotibus.
2973 2756 3307 2829 Subitoque,
3333 2757 3461 2813 dum
3493 2772 3620 2829 pro-

2012 2859 2235 2918 perant,
2269 2850 2406 2921 fugit
2431 2854 2611 2906 omnis
2639 2867 2707 2907 ex
2731 2867 2921 2907 eorum
2951 2853 3212 2909 membris
3241 2853 3527 2925 iniquitas,
3565 2863 3622 2909 et

2012 2945 2216 2999 mutuis
2250 2959 2311 3000 se
2342 2944 2552 3001 visibus
2588 2946 2890 3014 intuentes,
2921 2948 3134 3001 alterna
3159 2947 3365 3013 pariter
3393 2945 3624 3001 munda-

2016 3039 2165 3094 tione
2196 3040 2539 3111 gaudebant,
2578 3041 2721 3111 quod
2757 3041 2811 3095 in
2858 3041 3010 3097 nullo
3041 3040 3337 3112 quidquam
3380 3056 3447 3095 ex
3488 3039 3618 3094 hor-

2013 3134 2181 3188 renda
2220 3133 2491 3189 varietate
2531 3143 2893 3188 remanserat.
2947 3134 3024 3188 Ex
3072 3134 3271 3204 quibus
3314 3148 3454 3188 unus
3485 3142 3622 3188 tam-

2013 3242 2175 3296 quam
2199 3226 2441 3283 decimas
2479 3243 2589 3298 prte
2621 3228 2876 3284 omnibus
2910 3228 3159 3301 percepti
3195 3229 3439 3283 muneris
3464 3226 3620 3284 obla-

1806 3315 2102 3373 SCHOLIA
2113 3359 2126 3373 .

1806 3321 2126 3374 SCHOLIA.

380 3408 502 3464 181.
547 3408 674 3484 Non
704 3408 822 3463 tulit
856 3408 1259 3484 Itane-speciem,
1284 3405 1694 3463 hemistichium
1729 3406 1906 3479 Virgi-
1933 3413 1980 3477 C
2010 3428 2117 3481 que
2146 3413 2376 3468 verbum
2408 3414 2585 3469 soleat
2613 3414 2820 3484 accipi,
2849 3413 3107 3469 Sedulius
3150 3428 3181 3468 a
3222 3414 3459 3484 lympha,
3507 3415 3623 3469 sive

290 3482 505 3537 lianum
539 3496 576 3535 tt
609 3478 734 3534 ιΕη.
771 3494 916 3535 vers.
948 3477 1078 3535 407.

376 3552 501 3607 182.
559 3560 769 3616 Arntz.,
818 3567 1037 3617 sanare;
1090 3551 1205 3614 alii,
1253 3564 1467 3611 curare,
1517 3549 1661 3617 quod
1707 3566 1907 3605 venus-

292 3626 409 3680 tius
433 3633 537 3681 est.
562 3638 682 3678 cum
714 3624 857 3677 idem
883 3622 1106 3676 verbum
1132 3620 1401 3691 prmcedat
1426 3636 1531 3674 non
1557 3636 1768 3691 curans,
1793 3633 1901 3676 etc.

372 3693 503 3750 184.
537 3694 670 3763 Reg.
702 3695 759 3760 5,
787 3693 938 3756 Διά..
969 3690 1154 3757 Fabr.,
1190 3704 1242 3748 et
1272 3691 1517 3763 nonnulli
1548 3690 1638 3744 alii
1674 3692 1901 3762 vulgati,

293 3767 388 3821 sed
418 3781 521 3819 non
551 3762 704 3818 homo
731 3780 829 3834 pro
857 3781 957 3818 non
984 3773 1056 3818 est
1083 3767 1254 3819 homo.
1280 3765 1390 3834 Ott.
1416 3762 1474 3827 2,
1499 3763 1778 3834 hominem,
1805 3780 1908 3817 non

297 3842 461 3892 homo
500 3835 713 3891 sabbata
734 3831 934 3891 contra
968 3844 1224 3890 metrum.
1257 3834 1315 3889 lu
1350 3833 1480 3889 Urb.
1519 3843 1572 3886 ct
1598 3831 1722 3888 Vat.
1753 3835 1788 3889 2
1813 3835 1909 3889 de-

301 3911 581 3965 sideratur
612 3909 700 3962 hic
726 3923 941 3963 versus.
1560 3969 1566 3975 _

374 3982 504 4035 185.
539 3979 645 4033 Pro
691 3981 808 4047 pius
836 3979 1164 4035 Arntzenius
1208 3978 1518 4045 suspicatur
1546 3974 1692 4045 prius
1723 3974 1794 4031 ob
1824 3992 1908 4031 se-

298 4066 479 4120 quens
508 4066 629 4105 moa:
675 4065 692 4102 :
741 4052 834 4105 sed
881 4051 1071 4105 retinet
1110 4050 1225 4114 pius
1256 4064 1322 4103 cx
1356 4063 1536 4120 prosa,
1568 4055 1623 4120 et.
1648 4049 1771 4116 quia
1807 4048 1909 4120 hoc

303 4118 590 4191 epitheton
621 4121 840 4177 Sedulio
871 4122 921 4175 itt
955 4122 1163 4175 deliciis
1191 4130 1325 4174 erat.
1353 4118 1678 4173 Parrhasius
1709 4134 1776 4172 ex
1806 4118 1909 4173 ali-

304 4209 419 4264 quo
451 4192 641 4264 codice
668 4192 1050 4264 jatnvcdiderat
1076 4192 1238 4263 prius.

377 4263 505 4319 186.
531 4264 758 4318 Schedaa
780 4262 989 4317 Poelm.
1018 4259 1263 4323 monent,
1292 4259 1578 4331 legendum
1601 4260 1771 4331 abire,
1802 4277 1911 4315 non

298 4334 515 4397 habere,
529 4334 653 4402 quia
672 4335 877 4389 scilicet
898 4338 948 4388 in
968 4334 1089 4403 ejus
1100 4334 1336 4387 editione
1353 4330 1530 4387 exstat
1551 4330 1735 4385 habere
1752 4331 1907 4385 luem.

301 4404 365 4460 In
385 4406 503 4460 Vat.
526 4407 544 4460 1
572 4406 669 4459 l'uit
685 4404 891 4468 habere,
912 4406 1006 4460 sed
1031 4414 1334 4459 correctum
1363 4413 1447 4457 est
1468 4418 1561 4469 per
1578 4403 1754 4455 habire
1769 4443 1784 4464 ,
1803 4418 1913 4471 quo

306 4476 554 4531 inuuitnr
585 4476 746 4530 abire.
779 4474 1040 4531 Cellarius
1070 4490 1193 4530 cum
1222 4477 1389 4541 Alm.,
1412 4473 1587 4541 Lips.,
1607 4482 1663 4527 et
1689 4474 1915 4540 quibus-

296 4549 428 4603 dam
470 4550 702 4617 vulgatis
729 4546 901 4601 edidit
932 4546 1175 4617 ﬂuvidus.
1206 4545 1467 4617 haetiam
1502 4544 1748 4598 scribunt
1777 4545 1908 4615 Reg.

301 4619 433 4683 1,2,
457 4615 656 4685 Vatl'z,
676 4615 939 4685 Alli.,sed
963 4620 1014 4671 iti
1036 4618 1240 4685 Reg.1,
1270 4615 1328 4681 9.,
1361 4625 1670 4670 correctum
1702 4626 1788 4670 est
1817 4632 1914 4685 per

305 4691 528 4753 fluidus,
547 4691 689 4759 quod
712 4690 1008 4759 pra-ferunt
1030 4690 1274 4757 plerique
1290 4688 1460 4759 nostri
1480 4702 1615 4741 mss.
1636 4702 1759 4740 cum
1786 4687 1909 4759 cod.

300 4759 467 4816 Cant.
480 4757 687 4824 ,Patrt'lt.
701 4757 839 4825 {Ald
854 4801 869 4825 ,
882 4770 937 4815 et
952 4761 1072 4814 aliis
1090 4759 1271 4813 editis.
1289 4757 1445 4825 Saepe
1461 4758 1577 4811 huic
1592 4758 1915 4825 permutatio

2008 3499 2150 3547 aqua
2182 3486 2343 3539 sumit
2374 3501 2473 3552 pro
2502 3499 2730 3554 aquoso.
2764 3486 2888 3541 Ser.
2913 3485 3239 3539 Samonicus
3272 3499 3323 3538 c.
3353 3486 3444 3551 27,
3469 3499 3619 3541 vers.

2009 3554 2110 3610 507
2162 3572 2176 3607 :
2206 3553 2502 3626 VHclleboro
2531 3553 2739 3626 quoque
2777 3566 3029 3626 purgatur
3059 3556 3405 3625 lymphaticus
3435 3572 3620 3621 error;

2010 3627 2090 3679 sic
2117 3625 2336 3680 codices
2374 3625 2810 3690 ettiendatiores;
2846 3625 2938 3679 alii
2971 3628 3153 3696 legunt
3179 3626 3366 3678 [tumor
3395 3642 3493 3691 pro
3529 3643 3622 3680 cr-

2014 3711 2127 3749 ror.
2164 3696 2331 3750 Prosa
2383 3696 2591 3750 Sedulii
2643 3697 2789 3751 favet
2833 3706 3069 3763 receptae
3118 3697 3368 3751 lcetiuni.
3401 3696 3624 3765 Triplex

2012 3766 2368 3834 distinguitur
2398 3767 2661 3838 ltydrnpis
2688 3771 2901 3836 species
2921 3784 2936 3820 :
2956 3768 3194 3827 Ascites,
3223 3781 3346 3820 cum
3374 3783 3511 3836 aqua
3539 3777 3625 3822 est

2015 3840 2067 3917 i_n
2099 3838 2457 3917 cavitagbus,
2491 3840 2581 3894 vel
2624 3841 2767 3917 inter
2799 3841 3156 3917 peritnnieum
3202 3848 3257 3917 et
3300 3840 3614 3899 musculos;

2012 3908 2400 3980 Tympanités,
2430 3926 2555 3965 cum
2606 3910 2952 3965 membranas
3000 3909 3265 3964 distendit
3298 3924 3404 3962 non
3453 3924 3615 3977 aqua,

2013 3981 2109 4035 sed
2134 3996 2257 4043 aer;
2302 3990 2358 4035 et
2389 3984 2692 4050 Anasarca,
2735 3997 2856 4035 cum
2902 3997 3040 4052 aqua
3085 3981 3229 4035 inter
3254 3982 3620 4036 musculorum

2015 4052 2333 4115 interstitia,
2357 4060 2560 4115 cutem,
2591 4063 2645 4107 et
2664 4052 2950 4122 glandulas
2972 4068 3067 4120 per
3089 4052 3353 4106 ambitum
3376 4052 3622 4119 corporis

2014 4122 2358 4177 diffunditur.
2401 4123 2658 4180 Sedulius
2712 4125 2962 4191 primam,
3014 4133 3071 4178 et
3119 4124 3330 4177 tertiam
3376 4123 3616 4191 speciem

2014 4192 2334 4249 describere
2366 4197 2607 4249 videtur.

2090 4264 2417 4325 189.1tom.,
2453 4264 2532 4319 De
2559 4265 2733 4319 decem
2757 4265 2994 4336 leprosis.
3022 4265 3194 4331 Meus,
3226 4263 3402 4336 decent
3426 4265 3622 4334 leprosi

2015 4337 2357 4407 mandantur.
2378 4336 2521 4390 Mon.
2549 4335 2828 4407 corrupte,
2853 4335 3057 4391 Gallica
3082 4336 3173 4407 per
3202 4352 3347 4390 arva.
3364 4335 3620 4391 Nonnulli

2018 4408 2267 4461 scribunt
2293 4405 2521 4470 Galilea,
2556 4406 2648 4461 alii
2675 4405 2915 4462 Galilwa.

2090 4476 2214 4532 190.
2245 4478 2358 4532 Ott.
2391 4479 2449 4545 ἓ,
2480 4486 2747 4539 sanctum;
2778 4479 2916 4546 lege,
2946 4487 3147 4532 sancto.

2090 4549 2213 4603 195.
2251 4552 2468 4611 Arnim,
2500 4553 2666 4619 Ang.,
2701 4545 2850 4618 Reg.
2870 4545 2925 4613 5,
2957 4547 3114 4612 Urb..
3144 4548 3330 4613 Rom.,
3357 4561 3478 4619 cum
3503 4545 3622 4602 edi-

2018 4619 2261 4674 tionibns
2294 4621 2514 4689 Parrh.,
2549 4617 2698 4684 Ald.,
2746 4617 2926 4687 Lips.,
2959 4619 3195 4675 turbabat
3239 4619 3425 4674 minus
3456 4617 3615 4674 bene.

2017 4690 2215 4764 0tt.41,
2249 4693 2518 4764 torpebat,
2550 4690 2769 4747 diversa
2810 4691 3113 4764 scriptura,
3142 4692 3229 4745 vel
3275 4692 3455 4758 potius
3493 4704 3617 4746 cor-

2020 4762 2190 4816 rectio
2242 4762 2485 4832 turpabat
2516 4779 2535 4818 :
2569 4763 2638 4816 ita
2696 4763 2976 4831 plerique;
3036 4762 3210 4831 Meus,
3265 4768 3525 4827 turparat.

304 4833 365 4885 in
400 4848 558 4897 inss.,
600 4844 655 4886 et
683 4832 853 4905 editis
881 4833 1058 4905 etiam,
1091 4829 1679 4905 aliorumscriptorum
1711 4844 1903 4905 o_c_cur-
1932 4837 1987 4897 1)
2086 4833 2210 4905 196.
2239 4829 2470 4891 Schedae
2503 4829 2736 4901 Poelm.,
2771 4829 2903 4904 Reg.
2935 4835 2968 4887 5
2995 4832 3060 4889 ad
3087 4829 3288 4905 marg.,
3322 4835 3489 4905 inquit
3523 4847 3623 4904 pro

307 4906 386 4957 rit
418 4921 433 4958 :
465 4905 559 4957 sed
592 4904 764 4957 satius
790 4911 875 4957 est
919 4901 1173 4966 amplecti
1208 4898 1424 4971 ﬂuidus.
1455 4913 1577 4952 nam
1622 4900 1848 4969 ﬂuvidus
1875 4914 1907 4954 a

305 4974 547 5029 lucretio
599 4974 909 5037 adhibetur,
955 4970 1211 5027 fortasse
1239 4981 1296 5024 ut
1343 4970 1571 5039 primam
1621 4971 1906 5039 producat.

306 5046 445 5100 Cum
479 5047 643 5115 igitur
670 5043 988 5111 corripitur,
1018 5042 1262 5115 scribere
1290 5050 1513 5115 praestat
1542 5041 1761 5115 ﬂuidus.

390 5112 521 5170 188:
549 5119 723 5179 Meus,
755 5117 961 5181 locum;
992 5115 1109 5179 alii,
1142 5112 1333 5178 lacum,
1365 5112 1510 5178 quod
1546 5112 1772 5178 probum
1805 5120 1905 5167 est.

306 5186 482 5258 pletis,
502 5185 835 5258 jymphaticu
863 5185 1098 5258 linquit:
1128 5184 1310 5258 caeteri
1332 5225 1348 5249 ,
1385 5181 1657 5258 lymphata
1682 5184 1908 5258 reliquit.

304 5255 472 5325 Urb.,
500 5253 803 5315 Fabricius.
831 5267 888 5311 et
917 5253 1164 5323 q'uzrdani
1195 5256 1317 5309 alia:
1344 5254 1615 5309 editiones
1640 5253 1909 5321 relinquit,

306 5337 373 5382 ut
403 5344 454 5384 ν.
486 5345 641 5396 sup.,
688 5329 911 5382 resident
947 5344 965 5381 :
996 5328 1090 5381 scd
1140 5325 1258 5380 haec
1308 5326 1536 5380 mutatio
1584 5337 1911 5394 temporum,

304 5414 460 5469 sape
486 5402 766 5470 eleganter
789 5398 1099 5453 adhibetur.
1126 5397 1193 5470 plu
1244 5398 1376 5467 Reg.
1407 5396 1436 5452 1
1467 5413 1531 5451 ex
1560 5396 1807 5470 relinquit
1839 5396 1915 5470 fa-

304 5466 601 5530 cttimtest'
615 5470 842 5537 reliquit.
876 5468 1205 5524 Arntzenius
1236 5466 1564 5537 scripturam
1599 5466 1917 5537 lymphatico

306 5540 461 5611 liquit
497 5558 660 5613 quam
703 5541 921 5613 scltedze
953 5540 1161 5613 P_nelm.
1197 5539 1609 5613 indicant,_nnn
1638 5539 1918 5613 inconcin-

306 5608 439 5684 nam
467 5608 599 5667 dicit
623 5627 766 5668 esse.
800 5610 1129 5684 Lymphatus
1159 5621 1212 5666 et
1245 5610 1590 5684 lymphaticus
1621 5609 1810 5684 eadem
1843 5608 1918 5664 si-

310 5683 670 5754 gniﬁcatione
691 5679 971 5756 gaudent:
1004 5693 1061 5738 et
1088 5679 1335 5753 quamvis
1355 5696 1457 5753 pro
1486 5679 1687 5739 furenti
1710 5688 1919 5738 utrum-

396 5808 419 5836 ⁸
450 5800 734 5869 Fortasse,
776 5800 875 5871 fuit
915 5815 1096 5855 vacua.

2018 4903 2154 4972 inﬁt.

2092 4974 2217 5029 197.
2252 4975 2435 5031 Editio
2468 4976 2704 5041 Poelm.,
2743 4984 2803 5030 et
2852 4974 3101 5032 nonnulli
3144 4975 3234 5030 alii
3272 4975 3508 5045 vulgati,
3541 4990 3625 5027 re-

2019 5045 2176 5115 ferre,
2208 5048 2354 5116 quod
2384 5046 2596 5101 etiamsi
2629 5045 2848 5102 defendi
2878 5049 3092 5117 possit,
3124 5055 3306 5102 tamen
3335 5062 3442 5117 non
3474 5054 3559 5117 est
3586 5059 3617 5097 a

2020 5131 2181 5188 manu
2223 5115 2448 5183 Sedulii,
2496 5126 2555 5172 ut
2613 5132 2682 5172 ex
2735 5115 2897 5187 prosa
2944 5119 3135 5188 liquet.
3178 5116 3408 5173 Schedte
3455 5115 3619 5171 etiam

2021 5185 2231 5243 Poelm.
2261 5189 2523 5242 damnant
2548 5185 2761 5258 referre.

2094 5258 2219 5314 198.
2270 5263 2484 5325 Arntz.,
2517 5255 2737 5323 curata;
2779 5259 2894 5326 alii,
2927 5274 3051 5313 cum
3083 5273 3268 5328 prosa,
3318 5255 3614 5328 mundata,

2023 5330 2165 5399 quod
2186 5330 2405 5385 verbum
2430 5329 2485 5385 in
2508 5346 2567 5385 re
2587 5328 2776 5385 eadem
2805 5325 3107 5385 adhibitum
3131 5330 3257 5383 libr.
3276 5329 3334 5394 3,
3359 5342 3503 5382 vers.
3522 5325 3617 5385 29.

2093 5399 2220 5472 202.
2250 5399 2470 5472 119885,
2508 5401 2655 5472 Ald.,
2685 5410 2915 5472 agerent.

2095 5471 2223 5526 205.
2251 5467 2621 5540 wopkensius
2652 5467 3051 5538 exconjectura
3071 5467 3290 5540 prafert
3312 5483 3437 5540 mea;
3462 5485 3619 5536 unus,

2024 5542 2149 5612 quia
2197 5538 2443 5612 leprosus
2474 5542 2568 5596 ille
2606 5558 2713 5596 non
2757 5544 2868 5606 vix,
2901 5551 2995 5595 aut
3023 5554 3174 5610 aegre
3217 5538 3331 5612 hoc
3376 5538 3623 5596 ofﬁcium

2023 5611 2339 5683 praestabat.
2400 5613 2716 5669 Lectionem
2771 5621 3048 5680 receptam
3084 5611 3342 5683 explicat
3368 5612 3453 5667 via:
3496 5616 3624 5683 quia

2024 5682 2331 5741 raterarum
2356 5683 2591 5755 exeruplo
2633 5684 2753 5739 hinc
2778 5691 3053 5738 «uocatum
3073 5682 3140 5738 iri
3188 5682 3518 5753 credidisses,
3543 5683 3625 5741 vel
