4082 6188
524 191 628 249 695

661 312 781 367 Jam
809 325 918 367 non
950 310 1212 381 peccandi
1242 310 1344 368 sub
1371 312 1688 372 conditione
1717 315 1970 371 solutam.

664 404 800 460 Nam
830 403 1097 460 vomitum
1125 406 1457 479 quicumque
1503 422 1663 465 suum
1690 409 1843 465 canis
1892 423 1991 465 ore
2036 424 2125 465 re-

1814 504 2048 579 [lambit,

664 589 779 648 Nec
803 599 1044 649 veterem
1077 593 1260 651 studet
1291 594 1379 653 hic
1405 596 1651 664 veniam,
1680 611 1781 654 nec
1808 598 2017 654 habere
2042 599 2126 655 fu-

1828 689 2050 763 [turam,

517 771 626 831 250
665 776 837 849 Hujus
857 777 1055 834 damna
1081 789 1296 849 tenens,
1326 780 1486 853 hujus
1512 784 1837 854 compendia
1865 784 2120 856 perdens.

728 870 859 925 inde
883 885 1094 937 means,
1116 873 1357 940 genitum
1382 873 1558 929 cernit
1574 875 1864 931 considere
1892 891 2116 947 cmcum,

664 965 764 1033 Qui
797 967 937 1022 male
970 965 1301 1037 praegnantis
1322 967 1582 1039 delapsus
1616 980 1810 1025 ventre
1855 971 2116 1042 parentis,

664 1057 908 1128 3021"
941 1059 1116 1113 lucem
1147 1059 1267 1116 sine
1296 1060 1419 1117 luce
1464 1061 1593 1117 ruit.
1645 1062 1797 1118 Tunc
1839 1063 2117 1133 sanguinis

1930 1154 2046 1226 [ille

662 1242 927 1299 Conditor
954 1244 1197 1314 humani,
1230 1247 1526 1318 mundique
1551 1248 1780 1303 orientis
1807 1249 1983 1320 origo,

516 1340 625 1397 255
666 1340 986 1413 lmperfecta
1018 1344 1113 1401 diu
1146 1347 1349 1417 proprii
1379 1362 1487 1403 non
1521 1362 1717 1418 passus
1739 1348 1931 1405 haberi

1889 196 2111 256 C(ELII
2143 194 2416 258 SEDULII

2145 322 2194 379 A

3698 209 3786 268 696

2361 316 2605 374 Membra
2633 317 2834 389 operis,
2881 316 3062 373 natale
3106 315 3281 373 lutum
3332 335 3434 393 per
3476 322 3682 380 claustra
3705 344 3782 399 ge-

3525 414 3714 488 [narum

2364 501 2608 579 llliniens
2641 543 2655 567 ,
2703 501 2982 558 hominem
3023 503 3195 559 veleri
3225 503 3295 560 de
3335 505 3540 563 semine
3561 510 3765 580 supplet.

2369 592 2479 652 Nec
2516 594 2695 650 visum
2734 604 2916 650 tamen
2964 602 3093 651 ante
3139 595 3304 666 capit,
3350 613 3510 669 quam
3547 614 3670 657 voce
3698 604 3769 672 ju.

3536 689 3717 763 [beatis

2368 783 2603 853 Accepta
2630 782 2868 849 Domini,
2899 781 3105 838 Siloam
3132 779 3377 838 venisset
3397 781 3465 838 ad
3486 783 3690 854 undam,

2222 875 2332 933 260
2367 876 2438 931 Et
2463 874 2857 947 consanguinei
2878 873 3025 929 fotus
3053 874 3414 931 medicamine
3443 876 3573 944 limi,

2363 969 2504 1025 Pura
2531 968 2720 1024 oculos
2753 966 2975 1029 fovisset
3006 982 3146 1037 aqua
3174 984 3189 1031 ;
3218 982 3343 1022 mox
3390 983 3520 1038 ergo
3562 970 3773 1040 gemellae

2363 1062 2526 1135 303
2552 1060 2815 1118 'Vultibus
2841 1059 3102 1133 eﬂ‘ulgent
3143 1059 3313 1127 acies,
3346 1060 3661 1134 tandemque
3682 1078 3777 1121 me.

3521 1155 3541 1229 [
3560 1168 3724 1213 rentur

2360 1254 2604 1325 Ignotum
2632 1259 2882 1322 spectare
2906 1249 3071 1306 diem.
3100 1249 3445 1321 Cognoscite,
3467 1252 3658 1318 cuncti,

2362 1345 2587 1418 Mystica
2618 1343 2745 1415 quid
2771 1342 3007 1399 doceant
3048 1341 3260 1398 animos
3289 1341 3549 1399 miracula
3575 1352 3775 1400 nostros.

1868 1486 2045 1544 OPUS
2086 1482 2473 1543 PASCHALE.

516 1626 742 1683 ditionis
796 1627 1113 1684 incendium
1170 1628 1527 1684 conscientiae
1590 1626 1694 1683 fuit
1771 1626 2120 1682 immunditie
2148 1630 2198 1690 B
2228 1634 2335 1689 tor,
2374 1631 2538 1694 atque
2577 1619 2872 1693 perfector,
2906 1619 3020 1675 oris
3056 1619 3141 1675 sui
3172 1618 3442 1675 fabricam
3478 1633 3580 1674 non
3616 1633 3779 1690 passus

516 1722 865 1784 restinctum,
910 1720 1200 1790 omnisque
1249 1723 1416 1775 tacite
1447 1729 1475 1756 τι
1504 1719 1818 1776 confitendo
1859 1734 1986 1775 reus
2035 1720 2119 1774 in-

516 1820 716 1868 ventus
748 1821 831 1867 est
858 1820 1166 1868 accusator.
1194 1811 1349 1867 Tunc
1375 1812 1626 1867 clemens
1666 1812 1909 1878 Domini,
1944 1811 2119 1868 mitis-

516 1920 622 1975 que
652 1907 925 1960 sententia
958 1905 1234 1961 manifesti
1262 1905 1513 1961 criminis
1538 1906 1811 1963 mmcham
1834 1920 1942 1962 non
1968 1905 2117 1975 judi-

518 2010 655 2051 cans
677 1996 932 2062 absolvit,
964 1996 1060 2053 sed
1082 1998 1357 2053 miserans
1380 2012 1485 2054 non
1517 1999 1749 2068 punivit,
1772 2013 2117 2054 reversuram

518 2089 728 2144 scilicet
754 2089 821 2145 ad
853 2105 1093 2159 pinnam,
1116 2090 1162 2145 si
1205 2099 1578 2148 reverteretur
1603 2092 1671 2147 ad
1708 2092 1947 2161 culpam.
1980 2091 2114 2146 Nam

519 2182 768 2253 quisquis
795 2183 995 2237 canino
1024 2185 1130 2238 ritu
1159 2181 1188 2222 ι)
1216 2183 1453 2250 illuvies,
1486 2199 1623 2253 quas
1648 2184 1922 2251 evomuit,
1952 2199 2119 2255 appe—

516 2274 606 2340 tit,
633 2281 690 2330 et
720 2274 997 2342 relambit,
1032 2290 1135 2330 nec
1157 2284 1402 2330 veterem
1427 2276 1614 2331 studet
1640 2277 1843 2331 habere
1873 2278 2114 2343 veniam,

514 2380 619 2422 nec
664 2364 924 2433 futuram,
954 2365 1121 2437 hujus
1148 2367 1300 2423 lucra
1329 2366 1660 2438 deperdens,
1689 2383 1850 2439 quam
1880 2369 2119 2425 inaniter

515 2458 831 2528 acquisivit,
859 2459 1003 2514 illius
1025 2459 1222 2514 damna
1253 2460 1527 2527 sentiens,
1548 2461 1618 2516 ad
1637 2477 1799 2533 quam
1827 2462 2114 2532 pervenire

514 2566 624 2608 non
653 2551 879 2607 meruit.

586 2643 703 2698 Hac
742 2645 909 2699 etiam
948 2643 1214 2700 Dominus
1245 2660 1276 2700 e
1309 2646 1532 2717 regione
1569 2645 1883 2712 discedens,
1915 2661 2116 2703 caecum

511 2735 783 2805 conspicit
826 2737 1150 2804 naturalem,
1190 2738 1283 2809 qtti
1335 2740 1550 2794 miserae
1600 2740 1791 2795 matris
1843 2755 1912 2795 ex
1958 2748 2117 2796 utero

507 2827 699 2897 lapsus
740 2829 859 2898 ipse
900 2831 1173 2896 miserior,
1206 2832 1261 2887 in
1291 2831 1476 2888 lucem
1522 2835 1641 2890 sine
1682 2835 1804 2891 luce
1836 2834 2109 2905 pervenit.

509 2916 664 2978 Tunc
696 2919 924 2977 humani
961 2930 1114 2980 sator
1161 2923 1255 2980 ille
1284 2925 1561 2997 principii,
1590 2926 1889 2998 mundique
1919 2925 2113 2982 condi-

2225 1729 2449 1771 manere
2482 1712 2662 1769 minus
2692 1711 2993 1782 impletam,
3026 1709 3301 1781 speculari
3333 1709 3619 1767 deﬁciente
3644 1720 3780 1767 mate-

2224 1810 2327 1875 ria,
2357 1809 2528 1863 lutum
2565 1816 2612 1868 0,
2645 1804 2897 1859 naturale
2936 1804 3150 1860 scilicet
3191 1803 3625 1870 instrumentum,
3647 1819 3779 1875 gena-

2224 1915 2344 1955 rum
2372 1896 2630 1953 claustris
2660 1893 2923 1960 illiniens,
2953 1892 3099 1965 quod
3150 1893 3205 1948 in
3251 1893 3476 1949 homine
3501 1898 3664 1948 minus
3683 1908 3778 1950 esse

2222 1996 2610 2061 conspexerat,
2642 1988 2712 2043 de
2751 1986 2925 2043 veteri
2964 1986 3145 2042 bonus
3174 1985 3364 2057 opifex
3391 1996 3644 2042 caemento
3669 2001 3775 2057 sup-

2225 2084 2423 2157 plevit.
2447 2082 2560 2139 Nec
2580 2083 2736 2151 prius
2758 2090 2938 2137 tamen
2965 2081 3057 2137 ille
3075 2082 3315 2150 sumpsit
3331 2093 3623 2152 aspectum,
3643 2095 3771 2151 quam

2225 2178 2440 2234 Domini
2490 2175 2785 2247 praeceptis
2823 2174 3169 2238 admonitus,
3202 2172 3375 2230 Siloa:
3412 2173 3669 2229 salubrem
3702 2187 3775 2227 ve—

2224 2271 2398 2327 nisset
2442 2269 2508 2325 ad
2550 2268 2789 2331 laticem,
2823 2277 2877 2323 et
2909 2275 3060 2322 tutus
3088 2263 3116 2304 (ι
3147 2267 3541 2338 consanguinei
3582 2266 3775 2323 medica-

2224 2372 2409 2422 mento
2434 2363 2547 2434 jam
2595 2360 2731 2427 limi,
2768 2360 2912 2415 unda
2961 2360 3150 2416 oculos
3203 2360 3435 2417 lavisset
3472 2358 3652 2416 infusa.
3677 2358 3773 2414 Mox

2222 2461 2403 2529 itaque
2424 2456 2570 2513 sanis
2589 2471 2656 2511 ex
2684 2454 2923 2510 vultibus
2953 2454 3100 2509 acies
3126 2454 3382 2525 gemellae
3418 2452 3664 2509 fulserunt
3681 2462 3772 2528 tan-

2222 2552 2371 2614 dem,
2407 2550 2586 2622 dignae
2611 2548 2958 2618 conspicere,
2989 2561 3151 2618 quem
3177 2562 3414 2618 prorsus
3451 2547 3667 2618 ignotum
3694 2544 3771 2600 ha-

2221 2647 2392 2702 buere
2419 2644 2679 2717 primitus
2701 2642 2870 2699 diem.
2898 2642 3105 2698 Omnes
3132 2642 3303 2713 igitur
3330 2643 3443 2697 haec
3464 2639 3770 2712 spiritualiter

2218 2738 2462 2809 legentes
2508 2743 2728 2805 oportet
2775 2734 3100 2798 advertere,
3132 2734 3262 2805 quid
3316 2735 3541 2808 mystica
3584 2733 3770 2789 doceant

2220 2830 2383 2900 hujus
2416 2829 2539 2885 facti
2584 2828 2868 2883 miracula.
2910 2826 3068 2883 Caeca
3107 2842 3302 2883 sumus
3343 2830 3485 2885 enim
3516 2827 3676 2899 proles
3709 2824 3768 2880 fe-

2217 2925 2362 2981 tibus
2385 2924 2511 2980 Evae
2551 2922 2722 2979 creati
2749 2922 3096 2992 miserrimae,
3131 2938 3227 2993 per
3254 2923 3513 2980 tenebras
3549 2921 3763 2994 genuina:

1984 3083 2317 3157 ,SCHOLIA.

581 3226 708 3280 247.
751 3222 902 3278 Meus
927 3222 1180 3286 salutem,
1212 3222 1359 3292 quod
1398 3222 1578 3348 aliquo
1628 3232 1790 3295 pacto
1840 3224 2103 3293 explicari
2133 3233 2177 3295 ο
2280 3224 2412 3281 255.
2451 3224 2612 3297 Reg.,
2651 3224 2703 3293 l,
2735 3223 2959 3292 habere,
3011 3238 3179 3295 supra
3223 3224 3427 3281 melius
3470 3221 3633 3275 haberi
3670 3232 3765 3274 cum

581 3304 690 3348 test
722 3311 737 3346 :
770 3293 867 3348 sed
897 3293 1228 3348 communis.
1260 3303 1317 3348 et
1343 3308 1470 3348 vera
1515 3296 1656 3348 ectio
1683 3303 1770 3348 est
1788 3296 2031 3348 solutam.
2213 3296 2450 3348 caeteris.

508 3304 690 3366 potest
722 3311 737 3346 :
762 3293 867 3366 sed
897 3293 1228 3366 communis,
1260 3303 1317 3350 et
1343 3308 1470 3366 vera
1493 3293 1656 3350 lectio
1683 3303 1770 3350 est
1788 3296 2031 3350 solutam.

581 3365 708 3421 248.
753 3364 999 3419 Relambo
1030 3376 1311 3420 auctorem
1348 3365 1574 3421 Sedulio
1599 3367 1966 3432 antiquiorem
2003 3370 2109 3423 fore

508 3444 656 3493 tasse
687 3451 792 3489 non
824 3436 1004 3490 habet.
1037 3434 1197 3491 Canis
1239 3453 1327 3492 ore
1357 3447 1442 3493 est
1469 3438 1538 3492 ad
1566 3453 1762 3494 morem
1815 3441 1961 3493 canis
1983 3481 1997 3505 ,
2049 3448 2108 3493 ut

508 3508 745 3576 explicat
773 3505 1172 3563 Nebrissensis.

580 3578 706 3634 250.
749 3577 906 3633 Cant.
937 3579 1128 3633 damna
1153 3582 1324 3651 ferens
1350 3596 1367 3633 :
1396 3582 1488 3637 alii
1522 3582 1714 3636 damna
1747 3590 1959 3644 lenem,
2010 3580 2107 3635 sed

504 3651 562 3706 in
596 3653 727 3720 Reg.
762 3651 814 3722 1,
846 3665 947 3718 pro
993 3662 1168 3722 tenens
1217 3650 1364 3706 aliud
1415 3652 1534 3709 fuit.
1583 3652 1838 3721 Plerique
1865 3651 2104 3722 perdens,

505 3731 601 3776 aut
626 3719 695 3776 ita
726 3721 893 3785 clare,
921 3731 1017 3775 aut
1044 3719 1098 3775 in
1131 3723 1459 3790 compendio
1505 3719 1833 3779 litterarum.
1865 3719 2102 3791 ’Parrh.,

506 3791 725 3847 schcdaa
754 3791 965 3847 Poelm.
1000 3792 1186 3862 perdit.
1220 3794 1477 3850 Barthius
1520 3810 1645 3850 cum
1677 3810 1778 3850 suo
1807 3808 1914 3847 ms.
1958 3794 2106 3861 opti-

505 3878 657 3918 mum
679 3862 889 3936 judicat
931 3863 1191 3932 pendens,
1238 3864 1408 3919 invita
1446 3880 1626 3936 prosa.
1662 3864 1799 3922 Urb.
1845 3876 2107 3933 corrupte

501 3934 816 4001 compendia
836 3942 1028 3989 tenens.

575 4003 709 4060 251.
747 4003 920 4070 Meus,
964 4003 1115 4058 Videt
1147 4021 1312 4060 aecus
1344 4016 1517 4062 natus.
1553 4006 1749 4062 Parrh.
1786 4006 2063 4061 consistere
2085 4024 2105 4061 :

502 4076 684 4132 verius
712 4085 798 4130 est
827 4076 1093 4130 considere
1116 4091 1184 4131 ex
1208 4077 1409 4133 Joann.
1442 4095 1493 4134 c.
1522 4094 1599 4146 ιχ,
1631 4093 1687 4134 v.
1715 4079 1770 4143 8,
1805 4077 1994 4133 Nonne
2021 4078 2107 4132 hic

501 4155 600 4209 est,
622 4147 712 4211 qui
739 4147 969 4211 sedebat,
995 4156 1045 4200 et
1070 4148 1442 4205 mendicabat?

573 4216 702 4289 252.
739 4217 882 4289 Reg.
906 4217 964 4283 2,
996 4221 1159 4289 Ang.,
1186 4219 1298 4275 Ott.
1337 4222 1389 4288 l,
1419 4221 1588 4286 Meus,
1620 4220 1840 4286 Parrh.,
1864 4229 1921 4277 et
1948 4220 2105 4275 multi

501 4287 636 4345 editi
661 4287 940 4355 delapsus:
964 4288 1056 4342 alii
1073 4287 1246 4344 nostri
1272 4306 1430 4356 mss.,
1453 4291 1616 4348 codd.
1641 4291 1856 4355 Burm.,
1888 4294 2101 4357 Arutz.,

499 4359 1182 4433 etplurimge‘editi‘ones
1221 4360 1478 4433 dilapsus.
1530 4364 1865 4418 Arntzenius
1922 4371 2104 4418 tuetur

502 4428 767 4506 delapsus.
799 4428 987 4506 Delabi
1014 4430 1081 4485 a'e
1098 4440 1272 4487 ventre
1300 4428 1531 4504 parentis
1567 4436 1849 4506 eleganter
1875 4434 2098 4506 dicitur,

496 4512 556 4573 ut
582 4502 765 4557 cadere
790 4503 855 4557 de
881 4512 1068 4567 matre,
1103 4518 1199 4572 pro
1228 4502 1415 4573 egredi
1440 4521 1510 4561 ex
1537 4502 1694 4561 utero
1718 4506 1929 4560 matris.
1958 4504 2101 4557 Male

498 4572 766 4643 delapsus,
798 4573 923 4643 quia
954 4588 1136 4629 caecus
1158 4572 1320 4631 natus
1348 4586 1451 4630 est.

2213 3296 2450 3350 caeteris.

2282 3367 2407 3422 256.
2455 3366 2605 3422 Meus
2631 3376 2890 3436 corrupte
2918 3383 3010 3438 per
3036 3368 3262 3433 clausta,
3306 3383 3377 3423 ex
3412 3381 3516 3438 quo
3545 3359 3763 3438 suspicari

2212 3438 2407 3507 aliquis
2432 3439 2605 3509 possit
2633 3455 2725 3512 per
2744 3435 2928 3512 clausa
2952 3455 3200 3512 genarum
3216 3481 3241 3512 ,Α
3267 3439 3331 3495 h.
3362 3435 3448 3503 ef,
3481 3451 3569 3506 per
3593 3435 3764 3512 clausas

2210 3502 2398 3580 genas.
2435 3502 2793 3580 'Evang'elista
2831 3511 2904 3564 ait
2930 3502 3183 3575 ,vLinivit
3220 3502 3395 3564 lutum
3435 3502 3577 3575 super
3626 3502 3764 3558 oculos

2212 3584 2358 3651 ejus.
2404 3581 2548 3648 quod
2581 3582 2760 3651 arguit
2805 3591 3082 3650 receptam
3135 3580 3432 3637 lectionem
3459 3591 3623 3651 veram
3651 3587 3762 3629 esse.

2272 3652 2411 3725 atale
2437 3654 2603 3725 lutum
2619 3694 2634 3717 ,
2653 3649 2725 3706 'ut
2749 3667 2895 3725 vers.
2920 3649 3027 3725 2βο
3046 3695 3073 3725 ,ν
3090 3654 3507 3724 consanguineus
3531 3649 3708 3725 limum.

2281 3722 2409 3778 258.
2454 3723 2674 3787 Parrh.,
2701 3722 2920 3778 schedze
2948 3724 3156 3777 Poelm.
3189 3722 3492 3786 monentis;
3524 3722 3764 3773 nervosius

2210 3802 2296 3850 est
2311 3795 2545 3865 jubentis
2568 3809 2889 3865 cumprosa
2909 3836 2924 3858 ,
2963 3805 3020 3849 et
3057 3794 3198 3847 aliis.

2280 3861 2407 3923 2'59.
2448 3868 2663 3929 Arntz.,
2691 3863 2856 3929 Siloa,
2880 3867 2966 3920 cui
2999 3867 3137 3920 favet
3156 3880 3343 3934 prosa.
3363 3865 3500 3934 Bona
3528 3861 3762 3934 etiam__est

2209 3937 2519 3992 communis
2569 3927 2733 3991 lectio
2753 3927 2852 4009 ,Aut
2877 3945 3021 4009 terra
3043 3927 3409 4009 Asia,_humus
3426 3932 3638 4009 Gracia.
3667 3927 3755 4009 Vos

2208 4018 2419 4076 accepta
2442 4017 2526 4061 est
2552 4022 2651 4063 vox
2685 4007 2888 4061 audita.
2945 4006 3252 4078 Aliquando
3277 4007 3597 4078 exprimitur
3643 4006 3760 4054 arri-

2210 4080 2300 4133 bus
2326 4079 2557 4149 accipere
2588 4093 2690 4148 pro
2719 4078 2929 4149 audire.
3014 4092 3022 4100 '
3202 4112 3213 4125 κ

2276 4150 2407 4205 260.
2440 4147 3305 4222 ’Βθςζλ-Νανηγειηη-ξαηριιὶηεί
3331 4167 3350 4204 .'
3380 4149 3471 4206 sed
3499 4147 3660 4222 glossa
3681 4147 3763 4222 ‘esl

2207 4235 2308 4291 pro
2332 4212 2733 4293 consanguinei,
2763 4221 2975 4293 scilicet
3006 4212 3245 4292 Nanique
3281 4212 3648 4293 homost-limo
3674 4212 3763 4293 for-

2207 4294 2397 4362 tndtns,
2430 4304 2536 4345 etc.
2566 4292 2677 4346 Ott.
2709 4292 2762 4355 1,
2792 4291 2941 4346 Meus
2970 4300 3107 4346 totus
3133 4291 3404 4362 profatus,
3435 4291 3644 4362 fortasse
3663 4291 3763 4352 quia

2207 4361 2355 4418 illico
2388 4379 2439 4416 v.
2466 4377 2583 4432 seq.
2617 4364 2853 4433 recurrit
2884 4364 3110 4432 favisset.
3136 4359 3271 4433 Legi
3305 4364 3394 4418 hic
3432 4368 3598 4431 posset
3615 4359 3759 4411 lotus.

2205 4442 2299 4488 aut
2344 4436 2524 4502 potius
2549 4449 2604 4487 v.
2636 4448 2751 4498 seq.
2779 4432 3006 4497 lavisset,
3039 4447 3098 4490 ut
3128 4432 3274 4490 nunc
3302 4436 3494 4489 dicam.

2273 4495 2402 4559 26].
2443 4505 2658 4565 Arntz.,
2692 4495 2859 4574 Aug,
2891 4495 3130 4566 lavisset,
3165 4507 3311 4575 quod
3342 4508 3630 4572 conjecerat
3652 4495 3761 4575 Bur-

2206 4590 2471 4638 maonus,
2512 4590 2575 4629 ea
2604 4565 3389 4644 probabiliratione’ductus,
3440 4565 3587 4645 quam
3630 4565 3761 4645 modo

568 4635 699 4697 255.
741 4635 1051 4768 Sa'riguim's,
1077 4660 1273 4715 nempe
1296 4647 1534 4714 generis.
1558 4647 1825 4718 Virgilius
1847 4646 1951 4701 ecl.
1981 4660 2096 4709 vut,
2129 4635 2177 4694 Ι)
2206 4635 2510 4701 iudicabam
2539 4635 2690 4700 ad'v.
2733 4660 2896 4717 przec.
2945 4648 3130 4703 Codex
3179 4650 3347 4715 Alm.,
3368 4635 3625 4720 gemellis:
3666 4638 3760 4704 1⁸8⁸

568 4727 645 4768 rs.
688 4713 791 4768 45.
893 4731 948 4768 ec
976 4716 1141 4768 nostri
1167 4718 1369 4768 ueneris
1398 4733 1648 4768 puerum-
1686 4733 1781 4768 nec
1830 4717 2105 4768 sanauim's
2212 4718 2464 4768 aemellaz.

497 4727 645 4769 vers.
688 4713 757 4769 45
776 4755 791 4779 ,

499 4783 683 4840 edunt.

571 4855 701 4913 254.
742 4854 907 4911 Rom.
931 4865 1122 4913 contra
1146 4865 1402 4925 metrum,
1431 4859 1615 4913 mundi
1639 4874 1845 4931 quoque
1866 4859 2098 4916 orientis.

893 4731 948 4768 ec
976 4716 1141 4770 nostri
1166 4718 1369 4789 generis
1397 4733 1649 4788 puerum,
1672 4716 1781 4771 nec
1830 4717 2105 4790 sanguinis

567 5028 596 5057 ει
625 5017 685 5074 In
730 5025 841 5073 vet.
890 5015 1014 5074 cod.
1062 5025 1147 5073 est
1186 5018 1515 5089 conﬁtenda,
1566 5030 1659 5084 et,
1705 5029 1765 5074 ut
1810 5019 2091 5074 videbatur

491 5091 780 5160 scriptum,
812 5089 1049 5161 tacitecte
1076 5105 1096 5144 :
1126 5104 1195 5144 ex
1222 5105 1328 5161 quo
1352 5090 1574 5146 Juretus
1602 5093 1848 5159 reposuit
1886 5092 2091 5145 tacitate

491 5159 811 5232 conﬁtendo,
843 5160 968 5231 quia
997 5159 1253 5232 Sedulius
1302 5162 1614 5231 huiusmodi
1659 5163 1884 5217 vocibus
1940 5163 2088 5217 dele-

489 5231 691 5289 ctatur.
722 5231 904 5287 Teneo
934 5231 1282 5301 scripturam,
1326 5248 1449 5302 quae
1494 5234 1547 5287 in
1582 5234 1860 5288 nonnullis
1891 5233 2079 5287 biblio-

487 5303 668 5360 thecis
698 5303 920 5358 Patrum
953 5304 1246 5373 reperitur,
1276 5305 1446 5358 tacite.
1483 5305 1652 5358 Paulo
1697 5313 1822 5359 ante
1861 5304 1913 5357 in
1961 5304 2082 5373 ple-

487 5375 675 5445 risque
702 5374 863 5430 editis
891 5385 975 5429 est
1000 5375 1349 5441 immunditie,
1398 5376 1493 5430 sed
1526 5376 1579 5430 iu
1625 5374 1957 5432 bibliotheca
1989 5375 2089 5430 Pa-

487 5453 633 5499 trum
666 5445 1190 5514 Parisiensi51589,
1240 5446 1609 5514 immunditia;
1656 5447 1746 5503 ubi
1792 5447 1955 5501 etiam
2003 5454 2090 5503 est

488 5515 625 5585 fugit
653 5532 756 5585 pro
785 5517 903 5585 fuit.
1484 5532 1499 5555 κ

586 5519 625 5585 it
653 5532 756 5585 pro
785 5519 903 5585 fuit.
1484 5532 1499 5555 ‘

513 5530 978 5659 Timel'iziue
995 5586 1347 5659 bibliothecis
1368 5532 1591 5645 Patrum
1613 5596 1868 5659 corrupte
1887 5591 2083 5644 camini

484 5656 622 5778 Ziata:
644 5669 744 5778 Ero
769 5656 956 5778 cogam
983 5660 1105 5712 ritu.
1134 5658 1413 5716 Sententia
1446 5668 1615 5717 estex
1642 5656 1805 5730 epist.
1840 5675 1878 5713 tt
1904 5659 2073 5727 Petri,

557 5740 610 5778 υ.
699 5766 713 5778 .
747 5740 796 5778 v.
909 5765 922 5778 .

485 5738 610 5796 cap.
644 5734 713 5790 tt,
747 5740 796 5778 v.
830 5734 922 5778 22.

2212 4718 2560 4844 gegggle’ro
2574 4796 2835 4843 merentur
2862 4791 3050 4845 Arntz.
3082 4791 3322 4846 videntur
3345 4809 3358 4845 :
3383 4787 3663 4860 repugnant
3686 4775 3757 4829 alii

2214 4867 2270 4915 et
2300 4874 2484 4931 prosa.

2276 5028 2299 5058 °
2331 5017 2435 5074 Alii
2464 5018 2593 5087 luto,
2629 5018 2723 5073 alii
2757 5018 2895 5084 lutu,
2942 5017 3267 5075 Gallandius
3298 5019 3501 5071 lutum:
3527 5024 3669 5088 quem
3691 5017 3757 5088 ta:

2200 5105 2323 5163 men
2354 5089 2490 5161 fugit
2518 5084 2807 5163 annotatio
2838 5089 3011 5146 Jureti
3040 5131 3056 5155 ,
3088 5091 3180 5159 qui
3211 5105 3332 5163 cum
3364 5100 3472 5143 vet.
3507 5084 3756 5163 codaleli“

2196 5162 2333 5227 lutu,
2369 5160 2429 5215 et
2453 5176 2633 5216 monet
2659 5160 2732 5216 ita
2756 5161 3055 5229 legendum
3082 5177 3183 5232 pro
3214 5162 3344 5232 luto,
3375 5172 3520 5214 more
3540 5160 3751 5232 antin

2196 5241 2254 5288 ut
2282 5234 2437 5287 lauru
2466 5246 2563 5302 pro
2590 5234 2765 5299 lauro,
2796 5227 2850 5288 et
2881 5227 3144 5303 pleraque
3169 5234 3294 5287 alia.
3320 5228 3658 5303 Retinendum
3689 5227 3755 5300 la-

2194 5319 2323 5360 men
2352 5313 2439 5359 est
2467 5293 2593 5359 cum
2618 5293 2909 5359 Gallandio
2936 5293 3102 5358 lutunt
3128 5320 3145 5357 :
3168 5305 3357 5359 eodem
3382 5300 3524 5355 enim
3548 5293 3689 5349 niodo
3711 5293 3752 5341 in

2196 5375 2443 5430 carmine
2474 5376 2712 5445 loquitur
2744 5374 3024 5430 Sedulius.
3052 5375 3194 5429 Male
3223 5372 3417 5445 passim
3440 5364 3753 5445 distingui“?

2196 5446 2313 5501 haec
2345 5437 2624 5519 periodus.
2662 5446 2920 5519 nimirum
2940 5447 3207 5519 impletum
3224 5437 3758 5519 speculari,de[ici§u§

2193 5498 2432 5572 sane;
2445 5498 2643 5588 Lassi.
2672 5498 2883 5572 melius
2901 5527 2986 5572 est
3014 5498 3342 5587 sapiens;
3380 5498 3623 5582 summa
3659 5498 3765 5568 deﬁ-

2191 5589 2358 5644 ciente
2384 5588 2620 5643 materia.

2259 5657 2285 5696 d
2318 5658 2425 5733 Ρῗθ
2456 5668 2593 5733 mus
2621 5657 2938 5733 Gallandius
2966 5660 3260 5733 legendum
3301 5662 3474 5731 putat
3503 5653 3645 5723 foliis.
3668 5643 3759 5699 Bc-

2188 5732 2340 5801 posui
2365 5730 2569 5786 lavisset
2598 5747 2696 5801 pro
2718 5729 2998 5805 habuisset.
