4082 6188
262 269 362 326 697

257 386 359 445 265
394 384 557 444 ϐω
586 398 776 441 sumus
807 385 991 457 proles
1023 387 1236 444 misera:
1265 386 1336 444 de
1362 385 1568 444 fetibus
1598 388 1763 458 Evte,

396 480 683 536 Portantes
710 479 874 551 longo
897 490 1052 538 natas
1079 496 1273 538 errore
1297 482 1569 539 tenebras.

393 574 504 632 Sed
533 574 797 645 dignante
824 576 935 632 Deo
963 577 1250 633 mortalem
1288 591 1507 635 sumere
1535 578 1763 635 formam

392 667 676 739 Tegminis
705 668 950 738 humani,
982 670 1120 726 facta
1146 680 1232 728 est
1262 687 1330 728 ex
1354 673 1563 744 virgine
1588 673 1747 729 nobis

392 762 562 818 Terra
590 761 866 829 salutaris,
898 778 1021 833 quae
1052 763 1294 821 lonlihus
1323 765 1505 821 abluta
1534 766 1707 823 sacris
1727 808 1743 833 ,

248 854 353 912 270
390 854 546 913 Clara
571 856 911 911 renascentis
938 867 1153 913 reserat
1182 858 1482 929 spiramina
1520 859 1676 914 lucis.

465 947 853 1019 Bethaniteque
884 949 1059 1005 solum
1090 961 1346 1021 repetens
1380 956 1631 1022 intrarat,
1664 953 1847 1024 ibique

389 1040 553 1115 304
580 1041 815 1097 Lazarus
860 1044 1081 1100 occidua
1115 1045 1409 1102 tumulatus
1442 1056 1588 1103 sorte
1633 1048 1851 1118 iacebat

388 1138 508 1192 Jam
535 1144 730 1207 quarto
754 1141 873 1194 sine
901 1139 1021 1194 luce
1048 1138 1158 1209 die,
1182 1139 1513 1211 claususque
1541 1140 1775 1210 sepulcri

388 1232 679 1298 Marmore,
707 1242 1020 1303 corruptum
1052 1235 1181 1290 tabo
1209 1235 1501 1292 exhalabat
1522 1236 1766 1292 odorem.

241 1320 350 1378 275
384 1320 615 1379 Flebant
640 1338 934 1394 germantc,
960 1325 1123 1382 [lebat
1149 1328 1434 1399 populatio
1459 1345 1701 1400 praesens
1723 1372 1738 1396 ,

1377 270 1662 331 CARMEN
1703 271 2090 335 PASCHALE.
2132 277 2258 334 LIB.
2290 277 2378 335 IV.

1882 391 1937 454 A

3450 289 3556 346 698

2106 391 2294 448 Flebat
2314 400 2367 447 et
2394 391 2769 465 Omnipotens,
2794 395 2891 453 sed
2911 411 3165 469 corpore,
3196 416 3304 459 non
3330 403 3556 475 deitate,

2104 484 2505 556 Exanimesque
2533 496 2686 542 artus
2714 487 2802 544 illa
2834 505 2934 558 pro
2961 500 3113 561 parte
3137 493 3396 565 dolebat,

2102 578 2218 645 Qua
2260 579 2556 635 moriturus
2586 589 2724 649 erat,
2756 581 3126 657 lacrymisque
3154 586 3400 660 implevit
3424 592 3561 649 ami-

2098 764 2377 836 Maiestate
2435 765 2627 823 Deum.
2675 767 2816 836 Quid
2864 769 3110 839 credere,
3159 681 3563 843 Marihiﬁmmo-

1952 953 2060 1010 280
2098 953 2328 1024 Quidve,
2374 953 2561 1022 Maria,
2595 954 2817 1026 gemis?
2844 953 3122 1015 Christum
3152 865 3441 1029 dubitZi:
3461 871 3553 1021 ?an

3270 1052 3481 1127 [unum

2095 1139 2257 1212 305
2289 1140 2474 1196 Possit
2500 1140 2569 1197 ab
2597 1141 2829 1198 infernis
2861 1143 3138 1201 hominem
3171 1161 3433 1205 revocare
3457 1165 3553 1205 ca-

3248 1241 3474 1314 [vernis,

2097 1327 2198 1397 Qui
2218 1327 2391 1397 dabit,
2412 1328 2728 1386 innumeras
2745 1342 2865 1401 post
2881 1331 3070 1391 funera
3083 1349 3311 1407 surgere
3329 1337 3551 1395 turbas?

1579 1421 1761 1478 OPUS
1800 1419 2190 1478 PASCHALE.

242 1507 496 1577 caliginis
526 1508 702 1579 longis
729 1510 1010 1566 erroribus
1043 1511 1385 1569 incedentes.
1415 1513 1521 1570 Sed
1558 1525 1843 1588 postquam

240 1597 393 1654 Deus
423 1599 626 1655 habere
649 1600 903 1672 dignatus
928 1613 1013 1659 est
1041 1605 1291 1660 humana:
1319 1615 1344 1644 ο
1376 1609 1556 1664 carnis
1577 1607 1842 1680 efﬁgiem,

235 1691 366 1749 data
400 1691 559 1747 nobis
589 1702 674 1748 est
701 1702 847 1749 terra
879 1694 1139 1750 salutaris
1170 1712 1237 1752 ex
1266 1697 1498 1767 virgine,
1529 1715 1651 1769 qua:
1685 1699 1846 1753 fonti-

1951 1514 2107 1570 turba
2158 1516 2493 1583 consistens,
2521 1516 2670 1573 ﬂevit
2713 1528 2767 1575 et
2815 1521 2932 1593 ipse
2960 1522 3122 1578 simul
3165 1524 3545 1598 Omnipotens,

1947 1623 2059 1663 non
2088 1606 2312 1677 deitate,
2343 1609 2439 1664 sed
2468 1624 2717 1681 corpore,
2754 1613 2843 1684 qui
2884 1615 3133 1687 frigentis
3159 1628 3311 1675 artus
3348 1621 3543 1675 exani-

1949 1716 2087 1766 mes,
2116 1717 2216 1772 qua
2241 1709 2395 1772 parte
2421 1704 2722 1759 moriturus
2749 1707 2950 1776 fuerat,
2987 1708 3300 1767 addolebat.
3333 1711 3550 1781 Impen-

235 1782 342 1841 bus
367 1786 509 1841 sacri
542 1786 716 1841 lavata
771 1788 1138 1859 baptismatis,
1162 1792 1586 1848 renascentibus
1627 1794 1844 1863 aperuit
1877 1830 1920 1889 Β
1949 1796 2026 1850 dit
2054 1811 2292 1867 namque
2341 1796 2631 1869 lacrymas,
2655 1809 2716 1855 ut
2762 1802 2998 1870 amicus,
3028 1803 3271 1858 ostendit
3315 1806 3546 1872 gloriam

235 1877 451 1933 lumina
475 1878 769 1935 claritatis.

305 1970 633 2027 Bethaniam
665 1972 863 2029 deinde
894 1976 1073 2032 solitis
1103 1976 1387 2047 gressibus
1418 1979 1724 2034 clementer
1755 1980 1843 2035 ad-

232 2075 488 2121 venerat.
523 2065 601 2122 lbi
643 2067 879 2123 Lazarus
911 2069 1147 2126 humana
1180 2070 1342 2127 ﬁnem
1374 2074 1691 2129 conditione
1714 2089 1830 2129 sor-

233 2158 394 2226 titus,
421 2160 713 2231 sepulcrali
761 2163 865 2217 sub
917 2163 1099 2234 lapide
1149 2174 1358 2235 quarta:
1388 2165 1650 2238 bjacehat
1699 2168 1838 2224 lucis

231 2268 409 2309 cursu
436 2254 549 2323 jam
579 2252 802 2310 fetidus.
836 2254 1003 2327 Cujus
1041 2258 1108 2313 ad
1162 2259 1427 2314 tumulum
1466 2261 1709 2331 ,Domino
1747 2276 1842 2316 ve-

230 2350 450 2417 niente,
478 2350 728 2406 collecta:
765 2351 974 2408 ﬂebant
1003 2354 1092 2427 pio
1125 2354 1270 2410 luctu
1312 2371 1605 2427 germanm.
1642 2355 1835 2411 Flebat

1948 1904 2063 1942 sum
2095 1890 2416 1958 majeStatis,
2454 1900 2513 1946 ut
2544 1892 2704 1947 Dens.
2735 1892 2875 1960 Quid
2916 1894 3131 1960 adhuc,
3165 1896 3402 1963 Martha,
3437 1915 3549 1952 non

1945 1982 2158 2038 credis?
2179 1993 2233 2039 et
2257 1995 2335 2048 tu,
2360 1983 2549 2052 Maria,
2575 1986 2701 2055 quid
2725 1987 2977 2059 ingentis,
2998 2006 3121 2060 qua:
3148 1990 3428 2046 Christum
3453 1992 3553 2047 du~

1946 2073 2034 2127 bia
2062 2073 2427 2141 trepidatione
2452 2078 2814 2145 cunctamini,
2838 2095 2905 2134 an
2939 2097 3109 2135 unum
3155 2084 3327 2152 possit
3366 2085 3433 2140 ab
3466 2084 3549 2140 in-

1946 2165 2073 2221 feris
2124 2165 2400 2221 hominem
2442 2170 2730 2239 suscitare,
2758 2171 2851 2241 qui
2903 2174 3070 2228 totius
3119 2176 3307 2231 mundi
3358 2177 3548 2234 turbas

1951 2262 2267 2316 innumeras
2322 2261 2560 2317 rediviva
2630 2264 2789 2321 faciet
2836 2268 3171 2325 animatinne
3232 2285 3543 2343 resurgere.

1945 2355 2112 2428 Igitur
2134 2355 2400 2414 Dominus
2424 2368 2481 2413 ut
2506 2360 2810 2432 imperiosa:
2844 2362 2992 2419 vocis
3012 2364 3169 2433 jussu
3192 2366 3427 2421 mirabili
3456 2382 3551 2422 ex-

1728 2449 2019 2508 SCHOLIA
2033 2491 2047 2506 .

301 2542 439 2601 265.
480 2544 677 2601 Parrh.
717 2546 782 2600 de
821 2546 1052 2617 faecibus.
1086 2545 1197 2601 Ott.
1227 2546 1262 2601 2
1292 2547 1353 2601 de
1397 2546 1621 2617 ﬂetibus.
1679 2544 1840 2610 Urb.,

230 2614 390 2672 Meus
420 2617 701 2743 defectibus
732 2634 751 2672 :
776 2614 949 2674 retine
973 2634 1095 2674 cum
1129 2614 1406 2688 plerisque
1427 2618 1490 2670 de
1513 2618 1722 2687 fetibus.

300 2688 437 2743 266.
529 2699 698 2743 artare
733 2692 983 2743 tenebras.
1020 2699 1079 2743 ut
1125 2698 1333 2743 portare
1373 2700 1655 2743 peccatum.
1698 2705 1721 2742 ε

300 2688 437 2745 266.
479 2688 698 2745 Portare
733 2692 983 2755 tenebras,
1020 2699 1079 2744 ut
1125 2698 1333 2761 portare
1373 2700 1655 2759 peccatum,
1698 2688 1842 2743 salu.

230 2769 361 2820 tem,
380 2770 488 2815 etc.
1794 2770 1807 2781 ’

300 2831 440 2887 268.
480 2832 731 2902 Plerique
753 2834 925 2889 nostri
954 2848 1086 2887 mss.
1115 2848 1238 2889 cum
1264 2831 1449 2887 multis
1469 2831 1631 2886 editis
1656 2848 1719 2885 ea:
1744 2833 1846 2886 vir—

227 2901 391 2974 gine:
426 2906 495 2959 ita
524 2901 686 2961 etiam
731 2906 922 2971 Aldus,
951 2906 1036 2961 cui
1081 2905 1405 2959 Arntzenins
1446 2904 1587 2958 male
1635 2903 1846 2974 afﬁngit

230 2972 316 3047 tle.
357 2976 505 3031 Mens
535 2993 657 3033 cum
691 2977 875 3045 Fabr.,
906 2988 955 3032 et
987 2977 1108 3032 aliis
1133 2977 1364 3046 vulgatis
1393 2973 1458 3030 de
1484 2976 1696 3047 virgine.
1729 2972 1838 3030 Ott.

227 3042 264 3097 2
288 3060 378 3121 ei
391 3048 585 3121 rirgine
611 3049 771 3104 vobis.

300 3116 439 3190 269.
469 3116 630 3176 'Meus
675 3118 951 3183 mendose’,
978 3120 1163 3190 fetibus
1206 3135 1302 3188 pro
1334 3119 1584 3187 fontibus.
1620 3117 1752 3190 Reg.
1789 3119 1840 3187 1,

231 3190 285 3253 3,
320 3188 473 3245 Vati.
506 3193 558 3254 1,
585 3194 640 3256 2,
668 3191 780 3247 Οιι.
809 3193 866 3258 2,
895 3188 1047 3251 Urb.,
1079 3190 1263 3257 Rom.,
1297 3192 1442 3255 Alb.,
1470 3191 1640 3252 Meus,
1668 3189 1842 3258 Lips.,

229 3262 387 3316 Alm.
419 3262 635 3316 abluta:
668 3264 740 3317 ita
767 3265 928 3318 etiam
967 3263 1182 3326 Parrh.,
1213 3263 1359 3327 Ald.,
1389 3271 1443 3316 et
1470 3262 1560 3315 alii
1593 3261 1744 3315 editi.
1777 3260 1834 3315 In

227 3331 374 3402 Reg.
400 3333 436 3386 2
462 3334 643 3395 oblita,
675 3335 770 3389 sed
805 3334 952 3403 prius
985 3335 1082 3387 fuit
1111 3333 1324 3388 abluta:
1352 3333 1406 3388 in
1431 3332 1542 3388 Ott.
1582 3336 1600 3386 l
1633 3331 1834 3397 abluta,

227 3414 282 3459 et
318 3419 423 3472 pro
451 3405 506 3458 d.
536 3422 582 3461 s.
636 3407 745 3461 luta
780 3406 998 3460 sacratis
1036 3407 1324 3460 recentiori
1358 3420 1544 3471 manu,
1578 3420 1698 3470 qtae
1728 3403 1839 3457 for-

227 3482 384 3530 tasse
433 3476 499 3531 ad
545 3480 809 3533 rationem
858 3478 1014 3531 metri
1046 3478 1319 3545 corrigere
1368 3475 1537 3529 voluit
1564 3478 1656 3529 sed
1699 3479 1839 3544 fonte

226 3546 417 3600 abluta
442 3558 668 3604 sacrato.
713 3553 848 3618 Aug.
896 3548 1076 3615 ablita,
1126 3548 1248 3603 Vet.
1288 3548 1335 3609 1,
1364 3548 1419 3613 2,
1455 3546 1623 3611 Μοιι.,
1667 3555 1721 3600 et
1747 3545 1837 3600 alii

224 3619 456 3686 quidam
483 3622 678 3691 vulgati
710 3621 885 3686 oblita,
918 3620 1058 3742 quod
1096 3619 1220 3673 huic
1254 3619 1372 3671 loco
1411 3633 1597 3687 parum
1640 3631 1840 3671 eonve-

226 3690 334 3742 nit.
370 3689 719 3742 Retinoamus
737 3707 870 3742 ergo
891 3708 919 3742 a
958 3692 1085 3742 luta.
1117 3702 1365 3742 correpta
1389 3689 1626 3742 secunda
1649 3698 1838 3741 cutura

226 3690 334 3744 nit.
370 3689 719 3748 Retinramus
737 3707 870 3761 ergo
891 3689 1085 3756 abluta,
1117 3702 1365 3756 correpta
1389 3689 1626 3742 secunda
1649 3698 1838 3741 cutura

226 3775 447 3835 [norem
478 3765 868 3835 antiquiorum.
901 3762 993 3817 Sic
1021 3762 1160 3835 apud
1194 3762 1544 3835 Prudentium
1586 3761 1771 3829 hymn.
1809 3774 1837 3809 v

225 3829 365 3887 Per.
385 3848 526 3889 vers.
544 3829 650 3890 362
666 3877 681 3899 ,
702 3835 855 3889 multi
871 3835 1048 3903 legunt
1063 3829 1253 3887 Mortis
1266 3831 1485 3885 lavacris
1496 3831 1690 3903 elutam
1704 3871 1718 3894 ,
1735 3846 1839 3897 quo

220 3911 418 3958 tamen
450 3906 567 3960 loco
589 3923 711 3960 rum
743 3901 1202 3973 prmsta'utissitnis
1233 3919 1361 3957 mss.
1393 3901 1589 3955 retinui
1619 3913 1835 3954 erutam.

222 3976 442 4030 Auctor
474 3978 707 4032 incertus
736 3979 805 4032 de
835 3976 1052 4031 Bebiani
1076 3976 1343 4045 baptismo
1369 3994 1379 4027 :
1420 3974 1482 4027 Et
1505 3989 1642 4027 nunc
1662 3974 1843 4026 morti-

225 4046 351 4112 ﬁeis
381 4046 523 4101 eluta
551 4048 812 4104 sordibus.

301 4118 437 4173 270.
482 4119 839 4190 Wopkensius
866 4120 1106 4173 tentahat
1131 4116 1322 4175 Clausa
1344 4116 1636 4190 renascenti
1653 4123 1843 4168 reserat

223 4186 681 4267 spiramina__luci.
728 4191 833 4246 Sed
882 4190 1170 4267 lectionem
1219 4190 1488 4267 vulgatam
1529 4186 1769 4267 retinet,
1790 4195 1844 4267 et

224 4257 548 4338 praegngidi
600 4279 779 4338 sensu!
820 4264 1088 4338 explicat,
1126 4257 1400 4338 reserenda
1448 4257 1843 4338 reddit._effic_it

224 4328 400 4386 clara.
434 4334 604 4388 Tutus
651 4333 737 4388 hic
769 4328 921 4389 locus
967 4333 1329 4388 conterendus
1358 4339 1442 4386 est
1469 4347 1592 4384 cunt
1626 4328 1738 4382 alio
1764 4329 1838 4382 si-

224 4404 349 4475 mili
388 4403 663 4460 Prudentii
695 4408 896 4475 Apotli.
930 4421 980 4459 v.
1014 4406 1118 4459 69'}.
1149 4419 1304 4475 seqq.

303 4473 433 4529 271.
485 4476 635 4531 Meus
678 4469 940 4531 Lazarum
977 4476 1211 4531 suscitat.
1233 4469 1434 4537 ’Fahr.,
1474 4472 1610 4526 Bibl.
1642 4469 1841 4539 Lugd.,

222 4545 507 4601 Bethania
536 4548 655 4602 inde
677 4550 868 4603 solum.
904 4548 1083 4610 Rom.,
1110 4547 1275 4601 'l‘orn.
1306 4546 1362 4610 5,
1389 4556 1578 4600 contra
1613 4554 1844 4596 metrum

224 4616 508 4673 Bethania:
551 4620 741 4675 solum.
788 4620 843 4674 ln
895 4619 1052 4673 Rom.
1107 4618 1361 4671 mendum
1394 4627 1476 4671 est
1516 4614 1705 4685 ubique
1748 4628 1847 4682 pro

221 4689 428 4759 ibique,
460 4691 604 4759 quod
632 4691 724 4745 alii
753 4706 911 4758 mss.,
942 4705 1133 4744 sensus
1156 4699 1210 4742 et
1243 4704 1402 4756 prosa
1432 4687 1678 4759 exigunt.

347 4762 435 4816 74.
479 4757 665 4816 ᾸΙῚΙΙΖ.
696 4761 966 4816 exhalaret
988 4762 1199 4814 odorem
1226 4777 1238 4813 :
1269 4759 1460 4828 reliqui
1480 4757 1775 4828 exhalabat.

303 4831 437 4887 275.
478 4832 803 4888 Parrhasius
831 4838 882 4887 in
931 4831 1267 4893 Emendatis,
1301 4827 1415 4884 sive
1442 4827 1721 4882 Addendis
1749 4827 1848 4880 ob-

226 4913 444 4979 servat,
470 4904 794 4979 quibusdam
827 4905 1065 4979 placere
1090 4903 1317 4979 papulas
1356 4915 1558 4979 quoque
1600 4914 1846 4979 prteseu‘s.

224 4974 291 5047 l_n
326 4976 451 5047 cod.
491 4968 683 5031 'Arntz.
716 4968 988 5047 glossator
1018 4974 1067 5028 id
1091 4968 1201 5047 pro
1244 4973 1302 5027 d.
1333 4968 1521 5047 script.
1557 4969 1759 5038 posuit.
1790 4968 1848 5047 In

225 5044 374 5115 Reg.
405 5046 441 5100 2
488 5063 631 5102 nunc
659 5040 744 5101 esi
786 5044 1058 5117 papulatio
1098 5040 1274 5117 prima
1309 5044 1492 5117 veteri
1518 5057 1680 5095 manu
1708 5056 1720 5092 :
1754 5040 1849 5092 sed

221 5113 384 5190 aliud
416 5118 566 5186 prius
586 5113 1120 5190 scriptum'videtur'.
1151 5115 1342 5190 G_lossn
1366 5114 1426 5190 _in
1454 5113 1612 5190 cant.
1640 5119 1726 5190 est
1757 5128 1851 5190 po-

224 5181 441 5267 gulatia
461 5219 534 5230 -
560 5181 841 5267 multitudo
872 5189 1073 5267 pepuli,
1108 5187 1161 5242 in
1186 5185 1336 5267 Reg._
1357 5185 1385 5239 1
1418 5181 1851 5267 turbamcivt'tatis.

222 5259 617 5335 Nebrissensis
646 5256 1147 5335 θξρᾳιιὶιλρὸριιιιιε.
1190 5257 1275 5311 Ab
1322 5256 1422 5310 hac
1452 5256 1855 5335 signiﬁcatione

223 5333 488 5406 Iocabuli
539 5326 808 5406 populatio
860 5326 1154 5406 Hispanum
1205 5345 1400 5406 nomen
1432 5340 1517 5406 est
1560 5326 1849 5406 poblarion.

221 5403 347 5459 Pro
378 5412 518 5458 ccetu
540 5397 756 5475 populi,
792 5419 890 5474 pro
917 5397 1070 5467 villa,
1102 5411 1155 5457 et
1180 5397 1436 5471 parochiu
1469 5398 1538 5451 ab
1567 5397 1850 5464 scriptori-

309 5536 341 5564 ει
385 5525 553 5582 Vetus
580 5528 750 5583 codex
783 5529 1032 5583 humani:
1054 5526 1272 5583 Juretus
1297 5526 1540 5581 restituit
1559 5526 1799 5578 humana:
1823 5537 1842 5576 :

221 5598 529 5670 quietiam
578 5609 752 5669 notat,
786 5602 965 5656 solere
991 5608 1294 5665 auctorem,
1348 5613 1471 5652 cum
1521 5596 1590 5650 de
1634 5592 1840 5670 Christi

220 5665 770 5744 corporeluquitur,
784 5673 1012 5744 efﬁgiem
1033 5672 1264 5742 corporis
1284 5670 1487 5725 dicere.
1520 5665 1728 5736 Accipit
1748 5681 1847 5720 au-

220 5741 639 5822 temJSedulius
683 5741 910 5822 effigiem
943 5759 1043 5814 pro
1075 5741 1207 5822 vero
1235 5755 1488 5822 corpore,
1520 5748 1576 5794 nt
1621 5754 1684 5822 es
1718 5745 1846 5822 tota

222 5809 506 5869 orationis
532 5813 675 5870 serie
701 5809 754 5870 ei
777 5809 836 5870 in
862 5809 987 5880 hoc,
1016 5823 1069 5870 et.
1099 5814 1223 5871 aliis
1254 5814 1307 5869 in
1336 5809 1470 5871 locis
1501 5809 1845 5882 perspicitur.

1948 2545 2047 2599 lius
2073 2545 2239 2600 infimi
2264 2547 2361 2600 τοιοί
2396 2547 2665 2617 populatio
2696 2549 3030 2614 sumebatur,
3076 2559 3136 2604 ut
3176 2565 3241 2605 ex
3272 2550 3551 2608 Glossario

1953 2617 2429 2692 Ducaugiiliquct.
2464 2619 2567 2692 Pro
2598 2620 2922 2687 direptione,
2952 2636 3049 2674 seu
3089 2622 3426 2692 praedatione
3452 2639 3546 2679 ve-

1951 2697 2099 2761 teres
2122 2688 2299 2761 Latini
2328 2690 2721 2761 populationem
2750 2688 3107 2760 usurpabant:

2020 2759 2144 2813 277.
2189 2759 2405 2830 Regii,
2454 2761 2565 2815 Ott.
2602 2766 2650 2828 t,
2680 2759 3060 2836 Exanimosque
3101 2779 3207 2820 non
3261 2767 3443 2823 male:
3497 2768 3550 2823 in

1952 2840 2181 2904 utroque
2192 2841 2384 2904 tamen
2416 2845 2720 2888 eoi-remum
2751 2844 2835 2887 est
2864 2834 3261 2904 Exanimesque.

2024 2902 2151 2957 278.
2191 2902 2446 2977 Plerique
2494 2905 2692 2977 vulgati
2747 2905 3107 2977 lacrymisque.
3160 2902 3286 2965 Mss.
3337 2911 3552 2975 nostri,

1953 2973 2167 3051 ᾼι-ιιιῑ.)
2201 2973 2417 3051 P‘arrhﬂ
2601 2973 2987 3051 lucrymis'sine
3017 2996 3133 3047 que.
3167 2979 3301 3033 Cod.
3340 2973 3547 3051 Bnrm.,

1955 3046 2087 3124 Reg.
2121 3047 2176 3113 5,
2204 3043 2328 3124 _(_)tt.
2358 3046 2415 3111 2,
2447 3048 2591 3124 ΑΜ..
2629 3043 2845 3124 Parrh.,
2883 3043 3336 3124 schedeoelm.
3370 3043 3553 3124 imple;

1952 3117 2075 3171 bat:
2115 3118 2379 3194 nteliores
2407 3120 2586 3194 nostri
2629 3120 3067 3194 codd._zimple_rit.
3102 3122 3259 3194 Cant.
3307 3117 3554 3194 lacrumis

1952 3190 2244 3266 complevit.
2274 3188 2420 3266 Alibi
2451 3188 2654 3245 dictum
2685 3192 2753 3245 de
2775 3191 2895 3266 hac
2943 3191 3124 3261 phrasi
3156 3195 3380 3266 implevit
3418 3188 3555 3249 ami-

1941 3277 2056 3315 cum
2087 3275 2182 3324 pro
2210 3261 2442 3329 implevit
2473 3273 2653 3327 partes
2681 3262 2864 3316 amici.

2016 3332 2142 3387 280.
2185 3331 2321 3401 Reg.
2361 3334 2414 3396 1,
2466 3334 2620 3388 Mens
2672 3333 2923 3396 obscure,
2956 3334 3173 3397 Purrh.,
3207 3337 3448 3402 Edimb.,
3500 3347 3553 3393 et

1944 3405 2191 3472 quautam
2215 3404 2336 3458 alia:
2366 3405 2637 3476 editiones
2666 3402 2924 3476 Christus_,
2951 3407 3218 3466 dubitatis.
3254 3409 3396 3476 quod
3430 3409 3545 3462 cla-

1942 3475 2141 3531 riorem
2165 3489 2384 3545 sensum
2401 3474 2566 3529 efﬁcit
2591 3491 2712 3527 cum
2741 3491 2856 3545 seq.
2884 3474 3078 3531 Possit.
3109 3481 3218 3530 υιι.
3246 3474 3296 3536 1⁷,
3325 3478 3553 3540 Christo,

1944 3547 2041 3601 sed
2074 3548 2268 3599 laetum
2300 3542 2583 3613 Christum,
2614 3562 2732 3620 lLlltl‘.
2763 3542 2932 3620 magis
2961 3558 3178 3620 recepta
3212 3561 3294 3603 est
3324 3553 3552 3620 scriptu-

1944 3631 2006 3673 ra
2032 3629 2304 3689 :gamque
2333 3630 2457 3689 eum
2482 3633 2601 3689 seq.
2630 3615 2802 3689 Possit
2827 3617 3098 3670 similibus
3141 3621 3406 3689 exeluplis
3439 3615 3558 3672 ine-

1946 3699 2032 3743 tur
2060 3686 2446 3760 Wopliensius,
2481 3699 2533 3740 ut
2567 3687 2723 3760 Gellii
2758 3689 2791 3739 l.
2823 3704 2918 3750 vlt,
2950 3705 2999 3749 (ι,
3036 3690 3101 3742 12
3130 3707 3142 3743 :
3185 3686 3388 3743 Euinne
3416 3693 3556 3760 quis-

1980 3775 2100 3812 uam
2130 3757 2347 3820 dubitet,
2394 3761 2523 3828 quin
2548 3758 2683 3810 idem
2717 3760 2912 3822 fecerit.
2946 3760 3113 3813 Aﬂ‘crl
3156 3762 3320 3827 etiam
3373 3757 3550 3815 locum

1980 3777 2100 3812 uam
2130 3777 2347 3820 annuet,
2394 3777 2523 3828 quin
2548 3777 2683 3810 rarm
2717 3777 2912 3822 teram.
2946 3777 3113 3813 nuert
3156 3777 3320 3827 etiam
3373 3777 3550 3815 locum

1943 3777 2167 3886 Ἰητριιοί
2203 3844 2270 3883 ex
2303 3830 2346 3903 _l.
2381 3845 2457 3892 tv,
2490 3845 2633 3883 vers.
2665 3829 2809 3903 4687:
2837 3829 3124 3903 Respondit
3154 3830 3339 3887 Petrus
3366 3848 3384 3886 .'
3416 3831 3556 3885 Cun-

1948 3911 2054 3955 rtos
2099 3902 2143 3954 si
2190 3901 2393 3955 crrdere
2424 3906 2504 3971 fas
2537 3910 2731 3974 est._-+
2759 3902 2912 3967 Quod
2944 3901 3046 3956 tua
3078 3904 3303 3957 labentes
3344 3914 3556 3974 possunt

1948 3981 2201 4043 prmcepta
2244 3989 2455 4045 negare,
2508 4002 2579 4013 —
2619 3972 2876 4045 Sedmea
2918 3990 3019 4027 non
3067 3991 3311 4045 umquam
3339 3972 3557 4028 mutabit

1948 4057 2153 4128 Pectora
2179 4060 2348 4096 casus.
2391 4044 2587 4098 Verum
2621 4045 2707 4126 hic
2737 4044 2911 4112 locus,
2957 4054 3015 4127 ut
3043 4044 3324 4128 tuncdixi,
3356 4047 3553 4128 exponi

1950 4116 2020 4170 ita
2054 4125 2249 4182 potest,
2286 4127 2340 4166 ut
2371 4126 2583 4168 cunctos
2630 4116 2699 4168 sit
2749 4116 3086 4169 arcusativns
3135 4117 3283 4169 vorbi
3315 4118 3554 4170 mutabit.

1954 4185 2170 4241 l’rmtnli
2201 4195 2380 4239 tamen
2412 4185 2615 4248 Cuncti,
2659 4187 2703 4237 si
2727 4187 2929 4239 credere
2960 4188 3040 4256 fas
3080 4199 3175 4252 est,
3221 4196 3327 4241 etc.
3364 4188 3430 4243 Ut
3458 4203 3555 4242 att--

1952 4270 2059 4310 tem
2093 4256 2351 4310 Sedulius
2385 4256 2488 4310 hoc
2519 4258 2638 4309 loro
2670 4259 2955 4324 scripsisse
2994 4257 3243 4312 videatur
3289 4257 3555 4313 Christum

1951 4328 2218 4392 dubitatis,
2248 4336 2445 4394 pra'ler
2473 4328 2866 4394 exemplarium
2906 4338 3151 4383 veterum
3197 4331 3379 4395 ΙὶιΙιιιη,
3429 4331 3557 4384 facit

1951 4399 2115 4456 etiam
2143 4414 2324 4467 prosa,
2357 4414 2479 4467 qua:
2500 4403 2745 4453 eatndeni
2772 4399 3009 4467 phrasim
3047 4402 3260 4453 retinet.

2021 4472 2149 4525 281.
2181 4468 2313 4543 Reg.
2346 4476 2404 4533 ‘2,
2441 4467 2597 4537 Urh.,
2633 4469 2970 4543 AlbuRom.
3006 4469 3168 4543 Posse
3193 4470 3258 4523 ab
3284 4472 3506 4543 infernis
3537 4491 3556 4528 :

1956 4559 2061 4615 non
2092 4541 2294 4615 patitur
2326 4549 2584 4615 metrum,
2612 4540 2717 4593 nisi
2748 4540 2950 4615 hiatum
2980 4542 3257 4615 admittas,
3286 4540 3380 4615 aut
3405 4545 3554 4615 legas

1958 4612 2121 4668 Posse
2154 4628 2218 4665 ea:
2255 4613 2492 4683 infernis.
2527 4613 2679 4666 Tunc
2707 4613 2953 4682 syntaxis
2985 4613 3121 4677 erit,
3157 4628 3225 4665 an
3266 4612 3551 4676 duhitat'is,

1878 4677 1928 4736 Ι)
1954 4682 2231 4739 Christum
2262 4677 2420 4753 posse
2452 4697 2561 4738 etc.
2595 4684 2652 4739 In
2680 4677 2805 4737 van.
2850 4690 2864 4736 l
2902 4685 3061 4737 etiam
3093 4693 3211 4737 erat
3244 4684 3425 4750 Posse,
3458 4690 3552 4742 sed

1956 4768 2276 4828 correctum
2292 4764 2377 4828 est
2409 4771 2505 4824 per
2536 4754 2727 4828 Possit.
2760 4753 2915 4828 cant.
2950 4756 3163 4824 inferni,
3198 4758 3341 4825 quod
3368 4775 3557 4828 quam-

1955 4826 2038 4899 vis
2083 4830 2135 4881 in
2173 4825 2400 4880 Sedulio
2437 4825 2777 4880 substantive
2811 4825 2937 4899 ferri
2970 4828 3166 4896 possit,
3205 4825 3397 4883 tamen
3414 4846 3558 4899 pra!—

1956 4898 2179 4951 ferenda
2224 4907 2308 4952 est
2348 4899 2510 4951 lectio
2550 4898 2855 4953 conuuttnis
2890 4898 3130 4968 infernis.
3179 4899 3284 4955 Pro
3327 4898 3560 4956 cavernis

1957 4971 2149 5023 Pari-li.
2183 4969 2311 5038 legit
2335 4971 2571 5034 catervis,
2603 4968 2745 5038 qvod
2772 4969 3153 5037 rejicicndum.

2024 5039 2151 5094 282.
2198 5037 2252 5089 ln
2303 5039 2434 5099 Reg.
2490 5042 2519 5105 1,
2560 5037 2723 5107 supra
2765 5038 2906 5093 dabit
2938 5042 3152 5094 videtur
3179 5041 3394 5095 diversa
3424 5042 3559 5093 scri-

1957 5120 2109 5182 ptura
2150 5112 2296 5180 facit.
2338 5108 2707 5182 Wupki-‘nsius
2742 5113 2986 5178 potuisse
3022 5111 3186 5165 Scribi
3220 5112 3296 5165 ait
3325 5112 3559 5164 innume—

1956 5180 2029 5237 ris
2071 5223 2086 5235 .
2132 5218 2146 5236 .
2193 5221 2205 5233 .
2251 5181 2436 5247 turbis,
2469 5180 2562 5234 sed
2592 5191 2863 5247 receptam
2895 5183 3179 5236 lectionem
3212 5184 3404 5235 bonum
3426 5196 3562 5249 quo-

1958 5269 2064 5324 que
2103 5267 2225 5308 esse
2264 5251 2573 5306 confirmat.
2622 5251 2722 5324 Ms.
2767 5254 2955 5307 Arnlz.
2998 5254 3191 5323 formas
3224 5269 3336 5324 prof
3360 5253 3563 5316 turbas,

1961 5322 2058 5389 pro
2099 5327 2156 5380 d.
2204 5338 2251 5377 s.
2302 5331 2519 5387 turmas,
2569 5322 2714 5393 quod
2757 5322 3014 5378 exhibent
3059 5323 3276 5378 schedu:
3324 5323 3558 5389 Poeltn.,

1959 5397 2091 5467 Reg.
2126 5397 2182 5461 5,
2216 5393 2407 5450 Aldus.

2022 5520 2055 5565 ιλ
2088 5520 2224 5575 Male
2256 5524 2410 5571 vetus
2452 5515 2624 5570 codex
2671 5525 2856 5583 quarta
2898 5527 2996 5581 pro
3048 5523 3268 5583 quarta,
3316 5522 3372 5565 ct
3422 5511 3562 5566 infra

1954 5592 2189 5664 frigentis
2234 5597 2407 5664 tortus
2436 5588 2718 5664 exanimes.
2753 5584 3085 5664 Conjieichat
3115 5583 3338 5639 Juretus
3377 5599 3565 5664 corpus

1954 5655 2207 5725 exanime,
2242 5660 2336 5714 sed
2372 5658 2613 5727 praetulit
2660 5667 2806 5714 artus
2853 5655 3113 5712 exanimes
3161 5670 3230 5712 ex
3277 5655 3563 5712 carmine:

1962 5736 2342 5801 Eaauimesque
2369 5740 2538 5797 artus,
2574 5738 2705 5792 etc._
