4082 6188
350 264 457 319 717

499 377 802 444 Incassum,
835 374 964 432 facti
996 378 1252 447 pretium,
1286 390 1392 434 non
1424 377 1566 436 facta
1592 378 1837 451 reliquit.

349 471 455 530 120
492 469 761 540 Quidnam
784 470 988 527 etenim
1016 471 1261 542 prodest,
1282 473 1400 529 illic
1422 473 1703 545 trepidare
1731 474 1945 541 timore,

492 564 685 621 Nullus
706 563 801 621 ubi
824 564 990 619 timor
1010 565 1136 621 est?
1160 574 1255 621 aut
1274 581 1396 636 qua:
1418 564 1697 622 confessio
1726 575 1867 623 tetro

492 657 670 714 Lucet
697 658 754 712 in
779 656 1017 727 inferno,
1044 673 1170 713 cum
1193 658 1302 729 jam
1336 659 1591 715 demersa
1620 659 1831 716 securis

494 755 723 811 Arboris
750 753 989 810 infandae
1009 753 1313 825 radicibus,
1346 754 1623 812 exitialem

495 849 631 915 Qua:
666 847 877 918 peperit
905 845 1143 903 fructum
1161 890 1175 914 ,
1204 846 1394 904 feralia
1421 848 1673 919 germina
1701 856 1878 904 vertat

252 979 259 983 η
352 941 459 998 125
495 938 796 1008 Funditus,
835 949 889 995 et
926 938 1106 1011 dignis
1139 950 1362 1011 pereant
1393 941 1534 997 mala
1564 941 1767 997 robora
1796 939 1943 996 llam-

1744 1036 1879 1090 mis?

1744 1036 1879 1090 mis?

496 1120 658 1204 325
697 1123 1079 1201 Continuoque
1124 1129 1296 1185 trucis
1324 1137 1611 1199 correptus
1661 1035 1842 1183 minito
1872 1131 1952 1184 lu-

1686 1221 1877 1293 imis,
1960 1250 1965 1255 -

1503 263 1784 322 cannea
1822 262 2214 351 Pisonum.
2256 267 2387 328 LIB.
2431 266 2495 325 v.

1975 384 2031 453 Α

3544 268 3651 330 HS

2190 380 2264 441 8e
2288 396 2505 455 quoque
2544 388 2721 439 morte
2758 382 2926 453 petit;
2957 395 3280 456 quamquam
3312 393 3440 443 tunc
3468 389 3654 446 sanior

3384 481 3576 555 [esset,

2199 568 2336 624 Cum
2366 569 2547 625 scelus
2571 569 2759 625 ulcisci
2788 579 3172 640 priscurreret,
3206 572 3430 644 ipsaque
3449 574 3584 632 dirae

2198 661 2427 719 Guttura
2462 663 2619 719 vocis
2644 663 2770 731 iter,
2801 662 2983 718 cuncti
3010 677 3133 734 quae
3161 664 3401 722 vendere
3428 668 3614 723 mundi

2058 755 2163 811 150
2198 760 2343 811 Ausa
2374 755 2799 827 redemptorem,
2830 754 3049 810 nodatis
3077 756 3320 815 faucibus
3348 770 3551 829 angens

2192 846 2469 904 Infelicem
2501 846 2737 903 animam
2764 848 2961 919 laqueo
2980 849 3269 919 suspendit
3295 849 3366 906 ab
3387 851 3519 907 alto.

2196 938 2399 995 Leuior
2428 939 2507 994 ira
2538 938 2759 1010 quidem
2785 946 2949 994 tantae
2968 953 3069 1009 pro
3086 939 3321 997 crimine
3349 941 3542 1012 culpae,

2194 1031 2533 1087 (iuncturum
2556 1031 2646 1087 cui
2668 1028 2816 1085 nulla
2838 1029 2986 1086 feret
3010 1042 3113 1102 par
3143 1044 3302 1104 plena
3327 1033 3613 1091 malorum.

2198 1124 2364 1200 326
2374 1126 3098 1196 Exitush‘ic‘mortistameu,
3113 1128 3411 1186 etsublime
3422 1128 3656 1186 cadaver

2061 1220 2164 1277 155
2199 1220 2450 1279 Ostendit
2474 1222 2711 1294 pupulis,
2745 1226 2948 1292 Quanto
2972 1220 3043 1279 de
3068 1220 3306 1280 culmine
3331 1221 3523 1294 lapsus

1723 1361 1905 1419 OPUS
1944 1360 2332 1423 PASCHALE.

348 1472 547 1530 vinclis
573 1475 881 1542 astrictum,
915 1474 1008 1546 qui
1045 1475 1273 1532 resolvit
1303 1477 1519 1533 vincula
1570 1485 1949 1549 peccatorum,

358 1566 584 1639 diriguit
612 1566 803 1636 miser,
834 1575 889 1622 et
922 1567 1158 1635 horruit,
1196 1569 1621 1640 pecuniamque,
1664 1568 1949 1626 fnueream

356 1656 668 1715 mercedem
709 1657 920 1714 scilicet
949 1659 1165 1715 cruoris
1192 1659 1430 1726 innoxii,
1465 1661 1761 1717 restituens
1794 1663 1951 1718 saevis

350 1740 845 1824 dispensatoribus,
880 1768 943 1809 ac
974 1753 1296 1821 refundens,
1332 1753 1515 1824 pretio
1538 1755 1783 1811 criminis
1826 1770 1950 1813 sese

346 1846 605 1902 vacuavit
633 1845 749 1913 ille,
782 1862 887 1920 non
913 1848 1167 1903 crimine.
1199 1845 1337 1915 Quid
1382 1847 1529 1904 enim
1560 1849 1760 1919 poterit
1796 1864 1951 1904 secu-

345 1937 496 1995 ritati
518 1939 779 1995 conlerre
808 1939 1104 2009 trepidatio
1128 1940 1343 2007 mortis,
1377 1936 1448 1993 ibi
1502 1948 1791 2011 concepta,
1825 1941 1949 1997 nul-

344 2026 432 2089 lus
464 2032 556 2088 ubi
585 2035 748 2088 timor
776 2033 1267 2103 consequiturjam
1316 2032 1607 2101 medelam,
1652 2034 1950 2090 secundum

345 2125 547 2197 psalmi
607 2125 1000 2181 continentiam
1057 2125 1433 2195 proloqucntis
1482 2143 1495 2178 :
1545 2122 1671 2179 Illic
1724 2126 1953 2199 trepida-

346 2228 528 2271 uerunt
561 2218 774 2281 timore,
806 2217 894 2271 ubi
922 2233 1027 2272 non
1059 2227 1168 2272 erat
1203 2218 1358 2271 timor
1381 2216 1557 2289 (Psal.
1594 2234 1708 2283 rut,
1742 2218 1819 2289 5),
1848 2218 1953 2274 hoc

352 2320 459 2377 est,
496 2308 548 2363 in
582 2308 700 2377 ipso
715 2309 945 2379 judicio,
979 2308 1071 2365 ubi
1095 2308 1459 2365 correctionis
1484 2318 1719 2380 tempus.
1749 2320 1803 2365 et
1830 2326 1954 2382 spa-

348 2402 419 2459 tia
445 2418 551 2457 non
578 2401 747 2457 habet
774 2400 1111 2459 infructuosa
1140 2401 1398 2469 formido,
1424 2412 1516 2457 ant
1540 2403 1594 2457 in
1618 2402 1945 2474 inl‘ernijam

345 2495 603 2551 faucibus
635 2498 956 2565 constituto,
989 2512 1112 2567 quae
1145 2506 1325 2568 potest
1352 2498 1607 2567 opitulari
1659 2497 1950 2564 confessio,

350 2604 478 2644 cum
498 2585 713 2659 legatur
762 2587 869 2642 :ln
895 2588 1101 2659 inferno
1146 2598 1318 2643 autem
1360 2590 1469 2658 quis
1500 2588 1824 2657 conﬁtebitur
1864 2590 1955 2643 tibi

353 2679 528 2748 (Psal.
552 2696 627 2747 vr,
658 2681 760 2749 6)?
790 2680 962 2736 ludas
1005 2680 1151 2736 enim
1208 2681 1458 2751 publicus
1510 2681 1807 2750 homicida,
1836 2681 1952 2752 qui,

347 2772 497 2844 quod
524 2774 719 2829 audire
746 2788 857 2828 non
895 2774 1115 2840 meruit,
1147 2789 1253 2829 non
1300 2790 1457 2830 suum
1509 2785 1716 2830 tantum
1761 2789 1958 2845 paren-

262 2922 269 2927 .
350 2867 599 2935 tem,sed
628 2868 793 2923 totius
825 2867 1009 2922 mundi
1032 2866 1299 2938 jugulavit
1324 2878 1627 2935 auctorem,
1663 2867 1957 2939 plenitudi-

345 2961 441 3015 nis
471 2959 678 3015 frustra
712 2959 1020 3016 remedium
1050 2962 1380 3033 vestigabat,
1409 2978 1567 3033 quem
1598 2971 1732 3030 post
1788 2962 1959 3017 tradi-

340 3052 518 3108 tionis
544 3051 832 3109 audaciam
862 3053 1152 3109 seuteutiae
1199 3054 1531 3124 supplich
1554 3055 1670 3126 jam
1707 3054 1954 3121 tenebat,

2058 1487 2114 1534 et
2142 1478 2357 1535 securis
2378 1478 2446 1534 ad
2468 1479 2684 1535 arboris
2730 1479 2944 1537 radices
2972 1482 3249 1553 applicita,
3279 1501 3399 1556 quae
3425 1487 3660 1546 fructum

2060 1568 2291 1639 protulit
2330 1570 2761 1637 exsecrandum,
2795 1572 2919 1627 mali
2946 1574 3164 1631 roboris
3206 1591 3432 1648 germen
3473 1580 3665 1638 inutile

1979 1709 2026 1770 Β
2058 1660 2308 1720 tunditus
2335 1664 2694 1735 amputanda,
2721 1666 2883 1723 saevis
2934 1668 3161 1739 ignibus
3200 1670 3513 1741 «putaret.
3550 1674 3660 1730 De-

2053 1765 2293 1812 mcntem
2314 1755 2500 1812 subito
2525 1765 2815 1828 correptus
2843 1759 3015 1815 estin
3044 1760 3311 1827 furorem.
3340 1764 3444 1821 sibi
3468 1766 3662 1821 morti-

2054 1850 2232 1905 fcrum
2265 1851 2621 1906 nihilominus
2652 1850 2880 1907 molitur
2901 1851 3212 1919 interitum,
3266 1858 3515 1926 quamvis
3564 1872 3658 1915 sa-

2054 1942 2174 1997 nior
2200 1941 2293 1997 ille
2328 1952 2455 1997 tunc
2476 1941 2662 2009 fuerit,
2702 1954 2829 1999 cum
2860 1942 3110 2000 nefandae
3162 1946 3564 2014 coniurationis
3602 1952 3659 2005 in

2053 2046 2114 2088 se
2137 2030 2399 2103 ﬂagitium
2426 2031 2749 2099 vindicavit,
2766 2040 2793 2067 ιι
2808 2034 3087 2105 vitamque
3107 2036 3348 2107 gutturis
3372 2052 3663 2096 exsecran-

2053 2123 2132 2190 di,
2166 2138 2270 2195 qua
2299 2139 2405 2179 vox
2427 2125 2700 2195 processit
2742 2124 2992 2192 immitis,
3024 2128 3268 2185 vendens
3292 2132 3535 2187 omnium
3563 2148 3655 2189 re-

2055 2216 2450 2287 demptionem,
2485 2215 2735 2273 faucibus
2761 2217 2979 2274 nudatis
3032 2221 3370 2291 astringens,
3415 2224 3659 2280 animam

2057 2309 2357 2364 trabalibus
2382 2309 2594 2379 laqueis
2615 2310 2823 2380 expulit
2847 2310 3141 2367 infelicem.
3175 2313 3348 2371 Parva
3390 2316 3663 2387 siquidem

2056 2415 2215 2472 poena
2246 2416 2347 2479 pro
2374 2408 2524 2456 tanto
2544 2402 2827 2457 videretur
2850 2401 2940 2457 illa
2966 2402 3197 2474 ﬂagitio,
3229 2406 3320 2461 cui
3344 2407 3498 2462 nulla
3533 2425 3662 2479 sup-

2055 2490 2344 2566 pliciorum
2393 2495 2599 2567 aequari
2646 2494 2826 2551 valeat
2872 2498 3217 2568 magnitudo,
3250 2506 3433 2554 tamen
3478 2504 3658 2571 ipsum

2049 2581 2259 2643 funesti
2291 2601 2465 2657 genus
2486 2586 2661 2653 exitii,
2691 2600 2950 2659 morsque
2976 2588 3273 2657 pendentis
3300 2591 3370 2647 ab
3422 2591 3538 2647 alte
3566 2608 3663 2648 ca-

2058 2681 2274 2737 daveris
2300 2682 2499 2738 ctutum
2519 2692 2679 2751 negat
2704 2682 2902 2752 aspici,
2931 2690 3135 2739 terram
3160 2692 3419 2754 vetatque
3436 2686 3660 2758 attingi,

2059 2781 2118 2828 ut
2146 2787 2274 2829 reus
2307 2774 2537 2830 sceleris
2578 2772 2810 2829 inauditi
2834 2774 2996 2830 simul
3044 2775 3115 2830 ab
3156 2777 3408 2848 utrisque
3462 2778 3665 2849 dignus

2056 2866 2349 2923 elementis
2380 2866 2604 2937 expelli,
2637 2881 2742 2922 nec
2771 2881 2900 2922 aere
2928 2865 3204 2923 frueretur
3235 2869 3305 2923 ad
3336 2869 3528 2934 vitam,
3558 2887 3662 2928 nec

2057 2962 2247 3029 humo,
2270 2961 2515 3033 generali
2557 2960 2898 3030 compositus
2928 2975 3082 3019 more
3102 2960 3372 3029 heminis,
3414 2963 3654 3018 animam

2060 3052 2759 3110 dimitteretexhalantem.
2795 3048 2975 3107 Habet
3021 3051 3178 3113 aliud
3204 3052 3494 3113 dedecoris
3520 3057 3660 3117 istas

1896 3186 2165 3241 CHOLIA.

1896 3186 1930 3240 ὓ
2076 3186 2165 3241 ΙΑ.

422 3276 552 3335 119.
574 3272 746 3343 Meus,
768 3285 1050 3351 corrupte,
1070 3276 1135 3351 !_n
1168 3293 1341 3331 carum
1371 3279 1496 3351 facti
1521 3278 1694 3351 pretii.
1722 3185 2575 3348 Reg.sl,uglcorreptus;conjicit
2590 3278 2898 3351 vemtrttcis
2924 3287 3191 3349 cmeptus
3222 3290 3399 3334 monte
3431 3284 3649 3350 fta-oris.

346 3347 627 3415 Incusum,
660 3345 1036 3421 rectegfactutu
1070 3345 1379 3404 Incassum.
1404 3345 1539 3420 Reg'.
1574 3351 1627 3414 1,
1661 3345 1944 3421 relinquit;

348 3421 618 3493 pleriqug
646 3418 874 3493 reliquit.

423 3488 546 3546 120.
580 3490 769 3553 Fahr.,
802 3488 943 3543 Nam
966 3490 1094 3556 quid
1123 3492 1296 3557 enim;
1324 3504 1458 3549 mss.
1486 3491 1657 3545 nostri
1677 3532 1692 3554 ,
1718 3492 1825 3546 duo
1853 3491 1946 3551 alii

347 3562 491 3631 apud
525 3563 803 3617 Barthium
827 3559 865 3614 ι.
906 3575 998 3616 uv
1026 3560 1251 3616 Advers.
1290 3577 1341 3617 c.
1379 3562 1433 3624 7,
1468 3576 1531 3616 ac
1560 3563 1804 3631 plerique
1829 3563 1943 3627 alii,

352 3579 376 3618 a
421 3579 491 3617 ua
526 3579 803 3617 uartntum
830 3579 865 3614 ι.
906 3579 998 3616 uv
1026 3579 1251 3616 tmvers.
1290 3579 1341 3617 c.
1380 3579 1433 3624 ἰ,
1468 3579 1531 3616 ac
1560 3579 1804 3631 ptertque
1829 3579 1943 3627 am,

352 3579 617 3702 Qpaidnam
648 3631 853 3686 etenim.
880 3630 1013 3703 Reg.
1058 3632 1113 3697 5,
1145 3632 1333 3689 Ottob.
1376 3632 1440 3698 2,
1479 3632 1627 3699 Ald.,
1669 3634 1945 3700 timorem;

347 3707 527 3762 retine
553 3711 756 3758 timore.

424 3776 548 3831 121.
574 3776 738 3838 Alm.,
762 3782 931 3840 tetra;
958 3773 1079 3841 alii,
1095 3783 1264 3841 recte,
1282 3784 1413 3831 tetro
1426 3792 1445 3842 ;
1467 3770 1642 3841 Meus,
1662 3783 1940 3846 corrupte,

354 3856 536 3903 (retro.

423 3919 551 3974 122.
576 3918 707 3973 Mss.
738 3916 911 3989 Lips,
941 3919 1108 3984 Alm.,
1141 3916 1357 3972 schedae
1386 3916 1621 3981 Poelm.,
1653 3917 1790 3989 Reg.
1819 3918 1853 3971 2
1878 3928 1946 3975 ex

345 3991 711 4059 correctione,
738 3988 924 4044 Dttob.
955 3991 980 4043 1
1016 4005 1083 4044 ex
1112 3991 1453 4045 correctione
1474 4030 1488 4053 ,
1514 3998 1569 4044 et
1599 3988 1757 4043 multi
1780 3990 1942 4059 editi,

359 4064 458 4125 iam
481 4062 740 4122 demersa.
765 4060 821 4114 ln
836 4061 1019 4118 Ottob.
1046 4063 1068 4114 1
1091 4060 1302 4116 videtur
1325 4060 1474 4130 prius
1499 4060 1666 4115 fuisse
1680 4062 1941 4116 demensa.

349 4131 537 4203 Regi
569 4146 665 4199 pro
689 4133 746 4189 d.
772 4150 843 4193 s.,
872 4131 1003 4201 Reg.
1033 4132 1068 4185 2
1093 4145 1123 4185 a
1150 4146 1231 4201 pr.
1262 4146 1360 4193 m.,
1391 4132 1522 4202 Reg.
1547 4133 1599 4195 1,
1631 4131 1777 4187 Vatt.
1805 4133 1857 4195 1,
1885 4133 1942 4199 2,

349 4202 512 4269 Urb.,
547 4203 729 4271 Rom.,
771 4202 953 4272 Meus,
985 4203 1181 4273 Cant.,
1232 4203 1622 4273 Arntz.,'Ang.
1674 4204 1941 4268 obscure,

349 4275 596 4329 dimersa.
625 4276 773 4341 Alb.,
798 4274 1030 4329 dimissa.
1059 4272 1189 4344 Reg.
1223 4275 1247 4327 1
1281 4274 1334 4344 in
1364 4285 1643 4342 comextu,
1675 4275 1897 4329 demissa
1925 4289 1944 4328 :

344 4347 451 4416 ita,
485 4347 566 4400 vel
600 4347 814 4402 dimissa
850 4346 1090 4416 plerique
1120 4342 1272 4416 editi.
1302 4342 1361 4398 In
1392 4346 1479 4400 ed.
1510 4345 1686 4412 Lips.,
1713 4353 1769 4400 et
1796 4346 1941 4400 Bibl.

342 4412 555 4487 Lugd,
590 4419 821 4489 fortasse
851 4412 1017 4471 error'
1050 4425 1133 4470 est
1172 4415 1388 4470 diversa.
1428 4417 1662 4489 Verbum
1704 4419 1945 4489 demerge

348 4486 626 4558 eleganter
643 4486 927 4544 adhibetur
951 4500 1047 4555 pro
1070 4489 1175 4541 alte
1195 4502 1257 4540 ac
1283 4502 1495 4543 summa
1518 4488 1568 4543 vi
1600 4486 1896 4545 immittere
1928 4505 1941 4542 :

346 4558 723 4631 nuodrmultis
741 4571 956 4631 constat
983 4558 1268 4628 exemplis.

2049 3349 2418 3419 Woltkensius
2448 3361 2628 3403 autem
2648 3349 2965 3421 suspicatur
2990 3350 3153 3421 trucis
3180 3352 3463 3421 completus
3490 3368 3656 3412 mente

2051 3417 2266 3498 furoris,
2318 3429 2656 3498 repugnante
2689 3432 2869 3498 prosa.
2902 3417 3171 3473 Nimirum
3214 3417 3357 3498 mens
3386 3427 3545 3498 quas
3570 3430 3656 3498 fu.

2048 3490 2182 3546 roris
2211 3492 2426 3555 ponitur
2459 3504 2558 3559 pro
2587 3490 2772 3543 furore
2796 3490 2936 3558 ipso,
2966 3498 3061 3543 aut
3084 3500 3273 3547 mente
3302 3490 3616 3554 furibunda.

2123 3562 2246 3616 127.
2300 3558 2587 3623 Cantabr.,
2634 3558 2771 3626 Reg.
2823 3563 2847 3613 1
2898 3561 2951 3614 in
2982 3571 3269 3625 contextu,
3298 3566 3360 3619 et
3407 3571 3654 3625 nonnulli

2049 3632 2203 3700 editi,
2236 3646 2565 3702 quamquam,
2598 3631 2743 3700 quod
2766 3629 3051 3686 Gmnerus
3080 3640 3139 3687 et
3175 3632 3501 3692 Ammonius
3527 3654 3651 3695 cum

2052 3719 2209 3772 prosa
2243 3701 2502 3776 retinent.
2528 3701 2663 3770 Reg.
2694 3702 2722 3756 1
2751 3702 2929 3776 prce.
2959 3715 3037 3765 s.,
3068 3717 3207 3776 cum,
3234 3704 3510 3776 plerisque
3534 3711 3655 3768 aliis

2050 3789 2181 3829 mss.
2209 3786 2265 3830 et
2291 3773 2471 3845 editis,
2499 3782 2779 3843 tamquam.
2807 3773 3051 3845 Alterum
3064 3773 3249 3844 magis
3266 3773 3462 3845 placet.
3485 3779 3649 3837 Rom.

2050 3846 2193 3901 male
2219 3852 2353 3922 esse.
2378 3842 2634 3922 Elegans,
2676 3854 2738 3899 et
2764 3845 2964 3899 usitata
2996 3842 3213 3914 phrasis
3250 3842 3331 3902 est
3357 3859 3521 3906 mone
3564 3869 3654 3922 pe-

2048 3926 2152 3972 tere
2177 3932 2277 3987 pro
2308 3912 2633 3971 interﬁcere.

2123 3985 2247 4045 128.
2281 3988 2450 4055 Meus,
2498 3994 2854 4059 percurreret;
2900 3985 3098 4054 reliqui
3146 4002 3507 4059 pmurreret,
3552 3996 3651 4051 sed

2051 4060 2294 4135 nonnulli
2328 4061 2383 4113 in
2409 4057 2735 4135 compendio
2764 4059 3175 4135 litterarumLut
3203 4059 3307 4135 legi
3327 4057 3500 4117 etiam
3520 4079 3650 4135 pos.

2049 4132 2120 4213 sit
2145 4138 2482 4213 percurreret.
2521 4129 2678 4213 Urb.,
2710 4138 3055 4213 ψασθε.
3088 4128 3346 4213 Rarthius
3378 4128 3648 4205 tenta'bat,

2048 4200 2230 4327 1aqlta‘a‘ci
2270 4219 2391 4256 nece
2429 4200 3251 4270 curreret;.Grunerus,ttlcisai
3296 4200 3644 4274 praesumeret;

2100 4290 2111 4325 ι
2160 4291 2171 4326 ι
2226 4286 2426 4327 mutes.

2100 4286 2195 4327 mli
2226 4286 2426 4327 mutes.

2123 4345 2245 4399 151.
2280 4344 2449 4417 Meus,
2482 4344 2537 4396 in
2575 4343 2701 4417 alto.
2735 4340 3115 4417 Wopkensius
3141 4344 3535 4417 hariolabatur,
3570 4351 3649 4405 la-

2046 4418 2190 4485 queis
2236 4414 2506 4486 expelleret
2535 4413 2674 4486 altis,
2722 4413 2810 4467 vel
2848 4413 3031 4484 laqueo
3061 4415 3376 4484 disperderet
3406 4413 3534 4485 alto,
3567 4423 3650 4476 vel

2048 4485 2712 4559 disperdiditaltetinenda
2750 4492 2843 4540 est
2872 4493 3095 4552 recepta
3140 4485 3331 4559 lectio,
3379 4490 3647 4559 siquidem

2047 4556 2225 4612 anima
2258 4558 2363 4613 hoc
2392 4556 2516 4613 loco
2545 4556 2840 4612 adhibetur
2868 4568 2968 4625 pro
3011 4564 3126 4612 toto
3156 4556 3401 4626 homine,
3432 4556 3491 4616 ut
3517 4562 3647 4618 alibi

427 4630 550 4687 124.
578 4629 1077 4701 Parrh.,'gramina,
1103 4644 1209 4684 non
1239 4630 1490 4700 gramine,
1516 4637 1577 4685 ut
1605 4630 1683 4685 illi
1716 4631 1945 4699 imputat
1971 4677 2023 4701 π
2048 4644 2216 4699 stupe.

350 4677 1265 4769 λτῖιῖὶέτῖίιῖὲζ’ῑίἆὶξῗὲὸῗτὶἱῇὲὶξῖ
1276 4677 1499 4772 quia};
1521 4677 1945 4769 isseisse;
1970 4677 2024 4737 D
2049 4677 2243 4757 “iss.
2272 4698 2450 4772 Uri»,
2468 4699 2760 4772 Vatic._2,_
2780 4698 2966 4754 enim.
2999 4697 3056 4766 ε,
3104 4699 3242 4772 Rom
3250 4742 3287 4767 .,
3321 4701 3487 4770 stetis,
3540 4720 3645 4762 ms.

342 4776 604 4845 germina.
633 4773 803 4837 Alm.,
824 4772 1042 4837 Parrh.,
1069 4773 1236 4845 uertit,
1263 4772 1407 4840 quod
1434 4782 1681 4829 recentes
1703 4772 1941 4828 editores

2050 4774 2279 4835 Barthii,
2313 4772 2400 4827 ed.
2433 4771 2608 4840 Lips.,
2643 4770 2825 4825 Levior
2851 4773 2951 4834 ira,
2981 4784 3049 4823 ex
3074 4782 3193 4840 quo
3226 4770 3478 4830 Barthius
3517 4789 3649 4833 con-

350 4842 683 4915 sequuntur;
716 4845 831 4912 alii,
861 4842 1134 4915 vertat._lu
1164 4842 1297 4915 Reg.
1318 4845 1355 4897 2
1377 4858 1445 4897 ex
1466 4852 1607 4896 uerat
1637 4854 1942 4899 correctum
2039 4843 2409 4915 jiciebatLlra
2432 4844 2638 4915 quidem
2663 4844 2932 4915 levior,_nt
2959 4855 3082 4896 cum
3104 4842 3265 4915 levior
3294 4856 3509 4901 constet
3534 4864 3651 4903 ver-

354 4912 539 4969 ve‘rtat.
574 4912 711 4971 Huic
736 4915 1018 4982 scripturae
1050 4913 1193 4967 favet
1224 4912 1407 4982 prosa.

428 4982 551 5042 125.
583 4986 684 5041 Ms.
718 4982 919 5055 Barthii
949 5029 963 5053 ,
998 4984 1296 5055 Lipsiens.,
1336 4992 1393 5039 et
1420 4992 1669 5040 recentes
1696 4985 1825 5040 editi
1855 4994 1944 5052 ut;

353 5052 470 5125 alii,
494 5066 575 5121 et;
597 5058 877 5121 nimirum,
901 5052 1137 5111 certate:
1170 5052 1400 5122 pereant.
1423 5055 1703 5112 Iuvenalis
1724 5067 1828 5111 sat.
1855 5059 1940 5124 10,

352 5142 502 5185 vers.
538 5126 664 5194 M5,
695 5127 904 5184 Stert'lis
936 5127 1075 5181 mala
1101 5128 1289 5181 robora
1310 5128 1419 5196 ﬁci.

430 5196 555 5254 126.
568 5196 824 5255 Barthius
837 5199 1049 5256 videtur
1066 5199 1263 5253 alicubi
1275 5198 1545 5269 reperisse
1567 5207 1836 5271 conceptus
1852 5213 1950 5269 pro

430 5338 456 5374 ⁸
496 5334 781 5412 Fortasse,
834 5338 1067 5412 viamque
1120 5338 1367 5412 gutturis.
1411 5335 1649 5412 Vulgati,
1681 5337 1953 5412 uitamque

350 5410 604 5464 culturis.
638 5408 743 5464 Pro
770 5407 993 5464 vendens
1022 5407 1338 5464 mendosum
1365 5418 1448 5464 est
1472 5407 1649 5463 uidens
1679 5408 1731 5462 in
1767 5407 1950 5462 multis

406 5480 707 5537 ibliothecis
746 5479 990 5535 Patrum.
1023 5479 1233 5536 Vellem
1282 5480 1449 5535 etiam
1479 5481 1710 5532 omnium
1747 5478 1951 5532 redem-

358 5560 591 5620 ptorem:
620 5564 944 5622 quamquam
975 5551 1197 5607 Sedulio
1222 5548 1329 5606 hoc
1351 5552 1526 5622 ipsum
1557 5548 1825 5620 significat
1850 5562 1953 5606 vox

354 5619 659 5693 redemptio.
684 5692 687 5693 ν
710 5622 769 5676 lu
797 5619 905 5679 vet.
944 5622 1079 5677 .cod.
1130 5635 1252 5693 esse
1300 5619 1581 5693 travalibus
1616 5619 1825 5692 laqueis
1856 5630 1955 5693 pro

356 5690 642 5747 trabalibus
673 5692 871 5766 laqueis
904 5694 1109 5749 notavit
1138 5690 1392 5766 Juretus,
1413 5693 1499 5763 qui
1532 5691 1683 5766 plura
1696 5690 1954 5766 exempla

356 5766 650 5835 congessit,
687 5762 750 5821 ut
780 5767 1060 5836 probaret,
1090 5765 1159 5821 ab
1187 5762 1441 5835 antiquis
1460 5762 1815 5833 scriptoribus
1842 5772 1955 5815 tra-

2046 4912 2161 4969 Sus.
2190 4916 2251 4969 in
2281 4914 2419 4983 Reg.
2448 4912 2492 4968 ⁷1
2530 4914 2749 4969 videtur
2796 4912 2961 4967 etiam
3004 4926 3132 4969 esse
3179 4913 3364 4969 Levior
3412 4918 3518 4982 ira,
3550 4919 3644 4973 sed

2048 4986 2190 5039 aliud
2224 4986 2346 5043 fuit.
2380 4995 2614 5054 t-tsuprn
2646 4992 2729 5039 est
2750 4982 2953 5054 glossa,
2981 4984 3069 5038 vel
3092 4983 3153 5039 Α.
3183 4999 3257 5049 s.,
3290 4987 3481 5040 mitior.
3511 4986 3647 5043 Lec-

2048 5057 2125 5125 tio
2151 5054 2458 5110 communis
2475 5054 2664 5108 Lenior
2692 5056 2773 5108 ira
2802 5055 3009 5125 quidem
3029 5055 3372 5111 sollicitanda
3401 5071 3507 5110 non
3536 5069 3639 5113 est.

2051 5124 2223 5192 Mens,
2255 5126 2475 5190 Parrh.,
2511 5126 2696 5180 Arnte.
2725 5138 2756 5179 a
2784 5140 2897 5179 sec.
2934 5141 3033 5191 m.,
3062 5128 3216 5180 multi
3244 5126 3403 5191 editi,
3452 5135 3646 5195 tanta;

2054 5196 2272 5268 plurimi
2301 5198 2472 5250 nostri
2496 5207 2625 5251 mss.
2650 5209 2775 5250 cum
2803 5196 2946 5261 .tld.,
2971 5205 3027 5250 et
3050 5196 3175 5250 aliis
3202 5195 3455 5265 vulgatis,
3476 5207 3646 5255 tanta.

2052 5334 2165 5389 bnle
2209 5334 2489 5404 appellari,
2543 5334 2804 5405 quidquid
2852 5336 3157 5405 ingensaet
3198 5334 3413 5389 limum
3441 5346 3547 5404 est,
3596 5348 3655 5393 ut

2050 5402 2504 5467 trabalis—clarus,
2552 5402 2767 5459 trabalis
2800 5402 2967 5469 hasta,
2998 5402 3191 5458 trabale
3230 5406 3410 5474 (clunt,
3452 5402 3653 5465 rrabate

2052 5486 2328 5550 sceptrum,
2364 5477 2580 5550 trabalis
2626 5475 2801 5550 uectis,
2830 5474 3047 5550 trabalis
3082 5475 3277 5550 iussio.
3307 5478 3471 5550 Addit
3496 5478 3654 5536 lure-

2056 5544 2165 5609 tus,
2197 5563 2255 5602 se
2284 5548 2338 5601 in
2368 5558 2481 5600 not.
2515 5545 2583 5600 ad
2614 5549 2901 5601 Aratorem
2934 5544 2972 5599 l.
2998 5556 3042 5609 ι,
3072 5556 3227 5600 trum.
3256 5549 3323 5604 ιε
3356 5546 3516 5617 Οωιο,
3546 5562 3656 5606 ter-

2053 5634 2224 5691 raeque
2265 5634 2481 5691 perosus
2508 5647 2576 5658 -—
2603 5617 2750 5691 Inter
2784 5626 3062 5685 utrmque
3102 5621 3257 5691 perit,
3300 5619 3653 5689 explimisse.
3696 5686 3701 5691 κ

2060 5705 2157 5745 cur
2186 5689 2352 5745 ludas
2378 5689 2524 5744 inter
2550 5690 2768 5751 emittm,
2818 5701 2875 5742 et
2896 5697 3100 5742 terram
3126 5690 3371 5761 perierit.
3419 5692 3561 5749 Infra
3589 5699 3658 5749 ad

2060 5772 2208 5817 vers.
2232 5761 2339 5818 145
2368 5761 2554 5817 malim
2580 5761 2639 5815 in
2668 5772 2829 5831 prosa
2854 5761 3106 5815 terruerit.
