4082 6188
348 274 444 330 721

1620 490 1638 563 [
1665 502 1871 560 potum,

481 576 637 633 Heu!
673 577 905 647 facinus,
935 581 1140 644 Pilate.
1185 587 1364 640 tuum!
1397 593 1531 656 quot
1555 585 1796 656 gesseris
1836 602 1944 641 uno

478 672 723 727 Crimina
750 674 978 742 judicio.
1009 677 1157 743 vigili
1184 677 1229 732 si
1259 689 1441 733 mente
1473 691 1714 745 notares,

477 761 596 818 Non
627 765 773 818 solas
792 765 992 821 lavisse
1025 784 1235 833 manus,
1270 770 1365 825 sed
1398 785 1628 840 c0rpore
1655 780 1769 825 toto

333 856 440 913 160
483 857 760 914 εὶθιιυειιειε
788 875 1002 915 sacrum
1036 864 1210 916 veniae
1232 879 1460 932 sperare
1484 864 1781 919 lavacrum.

474 950 722 1020 Corripis
750 953 1048 1021 insontem,
1087 957 1239 1011 sistis
1261 959 1364 1011 sub
1391 959 1626 1026 praeside
1653 974 1864 1029 regem,

479 1043 644 1116 329
678 1045 958 1117 Praeponis
1005 1047 1241 1105 humana
1298 1049 1443 1117 Deo;
1481 1068 1586 1122 qua
1633 1062 1808 1108 morte
1859 1062 1936 1106 te-

1665 1144 1857 1216 [ncris,

473 1230 577 1299 Qui
603 1230 892 1290 Dominum
919 1251 1206 1292 numerosa
1233 1237 1382 1294 cruci
1414 1252 1511 1308 per
1539 1238 1760 1294 vulnera
1783 1238 1933 1310 ﬁgis?

1496 281 1781 341 CARMEN
1819 285 2203 344 PASCHALE.
2244 285 2377 346 LIB.
2409 290 2476 345 V.

557 389 712 446 Heu!
747 391 854 448 lalx
878 403 1029 450 torva
1061 405 1299 467 patrum,
1333 408 1570 470 segetem
1603 415 1814 457 caesura
1847 418 1944 460 ne-
1967 409 2026 469 λ

3525 295 3640 351 722

2265 405 2511 477 Cumque
2529 407 2688 464 datus
2716 407 2875 464 saevis
2890 409 2955 464 ad
2979 424 3192 480 poenam
3219 411 3454 469 Sanctus
3466 411 3644 469 abiret

2053 498 2156 554 165
2194 498 2473 564 Militibus,
2504 499 2666 555 vilem
2693 501 2844 556 rubri
2869 502 2970 558 sub
2993 505 3232 575 tegmine
3257 505 3404 561 cocci

2198 593 2432 647 Vestitur
2459 592 2823 664 chlamydem,
2855 596 3068 662 species
3098 605 3156 651 tit
3181 606 3378 651 cuncta
3401 604 3644 652 cruenta}

2190 686 2379 740 Mortis
2407 685 2585 754 imago
2614 688 2784 751 foret;
2814 689 2984 756 spinis
3007 688 3365 744 circnmdedit
3397 691 3638 759 amplum

2188 776 2337 832 Nexa
2371 793 2570 831 corona
2600 787 2783 849 caput,
2816 782 3070 848 quoniam
3097 779 3312 847 spineta
3338 781 3608 852 benignus

2186 868 2376 923 Omnia
2402 879 2708 924 no~trorum
2737 883 3052 937 susceperat
3078 873 3167 927 ille
3197 873 3491 939 malorum;

2044 961 2150 1016 170
2184 961 2348 1032 330
2394 961 2587 1031 Implet
2615 961 2827 1016 arundo
2876 977 3122 1028 manum,
3177 973 3452 1031 sceptrum
3497 965 3642 1033 quod

3081 1052 3306 1124 [mobile
3327 1070 3566 1123 semper,

2181 1143 2502 1213 Invalidum,
2551 1143 2744 1216 fragile
2773 1154 2878 1211 est,
2915 1161 3168 1215 vacuum,
3207 1147 3328 1203 leve
3361 1165 3372 1198 :
3408 1160 3644 1218 moxtu

3334 1237 3568 1311 [alienos

1697 1351 1876 1407 OPUS
1915 1347 2302 1407 PASCIIALE.

403 1445 554 1502 Heu!
591 1460 753 1515 quam
805 1445 961 1499 triste
979 1443 1137 1500 falcis
1163 1461 1392 1500 acumen
1424 1455 1528 1512 est,
1559 1463 1678 1516 quae
1698 1462 1931 1501 messem

331 1519 578 1597 judaica:
606 1540 941 1610 posteritatis
969 1539 1228 1594 abscidit.
1255 1540 1500 1611 Namque
1533 1556 1720 1596 necem
1751 1542 1933 1595 Domi-

326 1632 382 1688 ui
409 1632 773 1699 postulantes,
800 1632 851 1684 in
875 1646 936 1686 se
957 1645 1195 1702 suosque
1219 1633 1379 1696 lilios,
1430 1631 1548 1702 ejus
1604 1634 1925 1702 sanguinem

2044 1447 2188 1516 plicii
2211 1446 2321 1515 jam
2345 1447 2554 1502 teneris
2583 1447 2635 1501 in
2658 1448 2912 1510 vinculis,
2941 1451 3065 1519 quia
3089 1465 3380 1506 numerosa
3409 1466 3504 1521 per
3524 1450 3644 1505 vul-

2039 1553 2168 1592 nera
2212 1541 2359 1593 cruci
2416 1539 2705 1594 Dominum
2751 1553 3018 1595 creatura:
3049 1542 3297 1612 conligis,
3339 1541 3638 1598 Cursarem-

2037 1645 2145 1699 que
2175 1633 2348 1702 magis
2387 1630 2686 1699 olIeudere,
2749 1648 2909 1703 quam
2943 1631 3179 1690 Caesaris
3209 1637 3408 1691 metuis
3447 1637 3638 1692 condi-

326 1712 564 1794 professi
585 1732 714 1778 suut
745 1737 1091 1790 permanere,
1125 1724 1374 1779 dicentes
1407 1725 1697 1786 furialiter,
1725 1734 1778 1780 et
1815 1726 1922 1779 cla-
1953 1759 2000 1818 Β
2038 1723 2247 1778 torem?

328 1826 580 1870 mantes:
617 1815 850 1887 Sanguis
882 1816 1036 1886 hujus
1059 1832 1214 1884 super
1235 1833 1348 1880 nos,
1381 1827 1428 1870 et
1473 1833 1628 1888 super
1658 1817 1796 1885 ﬁlios
1826 1833 1922 1869 no-

323 1917 476 1962 stros.
511 1907 738 1964 Omnem
790 1909 1023 1963 fructum
1067 1910 1148 1964 sui
1181 1911 1442 1979 germinis
1497 1910 1918 1978 damnaverunt,

327 2000 504 2056 donec
535 2001 602 2055 ab
637 2002 716 2055 eis
774 2002 890 2056 ha‘c
945 2003 1156 2056 macula
1218 2003 1363 2056 illius
1403 2018 1542 2072 aqua
1594 2003 1924 2071 Spiritzililel‘

327 2090 606 2155 abluatur,
635 2092 795 2161 cujus
827 2092 876 2145 iu
905 2093 985 2146 eis
1009 2107 1176 2146 cruor
1199 2093 1474 2146 lctlialiter
1503 2095 1818 2147 dominatur
1839 2108 1929 2147 as-

327 2197 538 2250 persus.
585 2183 727 2237 Ileu!
780 2185 1022 2253 nequitia
1072 2185 1168 2253 tui,
1214 2185 1408 2250 Pilate,
1445 2185 1728 2252 facinoris,
1761 2202 1920 2252 quam

327 2277 590 2344 petrasti!
626 2293 712 2348 qui
743 2286 818 2331 tot
844 2279 896 2331 in
927 2278 1290 2347 unojudicio,
1323 2279 1409 2332 vel
1443 2279 1622 2348 potius
1672 2278 1926 2348 przrjudi-

323 2368 413 2422 cio
458 2369 687 2423 crimina
720 2371 1070 2438 commisisti,
1117 2387 1238 2440 quzc
1284 2372 1329 2424 si
1378 2371 1604 2440 provida
1651 2372 1924 2428 sanandus

325 2473 508 2517 mente
536 2477 918 2534 cognosceres,
943 2479 1050 2518 non
1092 2463 1240 2518 solas
1291 2478 1484 2518 manus
1521 2465 1794 2530 ablueres,
1828 2463 1922 2519 sed

328 2565 501 2609 totum
521 2555 723 2626 jugiter
748 2569 949 2624 corpus
976 2570 1134 2610 sacro
1162 2555 1432 2610 debueras
1473 2571 1627 2624 aqute
1665 2555 1926 2625 spiritalis

326 2650 546 2704 lavacro
580 2649 925 2720 perfundere.
972 2649 1183 2704 Justum
1229 2649 1430 2718 injuste
1470 2648 1808 2712 diverberas,
1838 2663 1926 2703 re-

323 2758 446 2813 gem
480 2758 681 2811 praeses
712 2743 1016 2798 examinas.
1051 2741 1284 2796 Domino
1329 2753 1379 2796 te
1406 2755 1750 2812 praeponere,
1779 2756 1923 2795 mor-

328 2835 450 2889 talis
477 2833 660 2901 bomo,
695 2849 800 2890 non
837 2834 1102 2905 trepidas.
1131 2833 1338 2901 Quibus
1369 2833 1536 2905 igitur
1563 2833 1748 2890 luendi
1794 2848 1923 2902 sup-

2096 1811 2343 1882 Cumque
2375 1813 2866 1884 militarig'Cbristus
2889 1817 3230 1872 exsecutioni
3257 1820 3618 1889 contraditus,

2028 1908 2219 1959 mortis
2273 1908 2561 1960 sententia:
2608 1907 2941 1975 subjaceret,
3003 1910 3054 1962 in
3106 1910 3226 1979 ipso
3272 1910 3630 1968 nihilominus

2026 1998 2198 2062 cultu,
2239 2013 2400 2067 quem
2429 1999 2594 2067 regiae
2635 1999 2734 2052 sub
2768 2000 3019 2069 imaginis
3067 2000 3322 2056 illusione
3351 2005 3616 2073 sum-epit,

2029 2089 2210 2159 magni
2240 2089 2575 2158 gerebantur
2604 2104 2943 2146 sacramenta
3000 2094 3270 2164 mysterii.
3296 2094 3450 2162 Quod
3485 2097 3630 2152 enim

2027 2184 2296 2236 coccineae
2317 2181 2615 2252 chlamydis
2644 2183 2893 2237 velamen
2924 2185 3147 2238 indutus
3171 2196 3255 2241 est
3277 2227 3292 2251 ,
3337 2197 3626 2242 cruentum

2028 2274 2230 2329 futurze
2281 2275 2473 2329 mortis
2513 2276 2932 2331 demonstrabat
2961 2291 3266 2346 aspectum.
3306 2280 3501 2351 Spiuea
3549 2297 3640 2337 ca-

2030 2378 2126 2437 put
2151 2368 2268 2438 ejus
2293 2383 2494 2423 corona
2549 2369 2928 2438 circumdedit,
2986 2375 3244 2442 quoniam
3285 2376 3469 2444 spinas
3516 2391 3637 2430 om-

2028 2462 2177 2516 nium
2204 2471 2578 2529 peccatorum,
2626 2478 2749 2532 quae
2791 2464 3090 2518 humanum
3114 2481 3284 2532 genus
3311 2467 3513 2535 passim
3551 2468 3634 2521 in-

2027 2564 2308 2617 vaserant,
2342 2555 2426 2624 pia
2459 2555 2610 2609 solus
2645 2556 2949 2610 humilitate
2983 2557 3239 2626 portavit.
3289 2557 3424 2613 Nam
3452 2559 3635 2614 datam

2030 2645 2281 2716 gestabat
2309 2647 2664 2715 arundinem,
2696 2647 2977 2702 mundano
3005 2663 3172 2718 regno
3197 2657 3473 2718 sceptrum
3506 2665 3638 2707 vere

2033 2741 2342 2803 consimile.
2377 2741 2520 2812 quod
2566 2757 2662 2811 pro
2718 2742 3018 2798 motatioue
3067 2743 3376 2815 saepissime
3421 2747 3634 2816 fragile,

2030 2849 2286 2900 vacuum,
2311 2835 2431 2889 leve
2460 2836 2728 2903 cernitur,
2752 2844 2807 2892 et
2829 2835 3118 2891 caducum.
3136 2837 3369 2910 Moxque
3387 2838 3631 2894 ve8tibtts

1825 2971 2141 3028 SCHOLIA.

396 3089 518 3145 156.
555 3088 705 3157 Ald.,
745 3088 925 3143 Jesum
971 3088 1041 3141 ad
1087 3104 1291 3158 poenam
1321 3089 1552 3142 ductum.
1611 3086 1762 3141 Meus
1804 3101 1927 3143 cor-
1951 3085 1996 3148 C
2033 3101 2129 3156 pro
2158 3086 2403 3142 Sanetus.

322 3173 481 3234 rapte
505 3164 639 3234 ﬂius,
669 3173 721 3214 et
744 3163 871 3234 Alli.
906 3159 1034 3227 felix
1061 3176 1158 3229 pro
1186 3160 1299 3228 {alas
1326 3179 1338 3212 :
1373 3161 1426 3212 in
1451 3159 1584 3234 Reg.
1623 3161 1644 3234 _l
1686 3174 1782 3234 pro
1815 3159 1927 3234 falx

323 3227 535 3287 vnio-tu}
567 3232 734 3285 fuisse.
762 3230 968 3298 fallax;
997 3227 1123 3286 vera
1149 3234 1417 3293 scriptura
1451 3227 1697 3296 estifalx.
1726 3227 1922 3282 Parrlt.

323 3305 438 3375 falx
453 3320 629 3366 curva,
661 3305 802 3365 quod
830 3303 1060 3375 coniecit
1085 3301 1250 3357 etiam
1276 3302 1667 3356 Nebrisseusis.
1706 3299 1760 3352 lu
1789 3300 1920 3375 Reg.

324 3373 348 3431 1
386 3380 642 3430 e~t'tortta
676 3391 799 3428 cum
856 3374 1128 3442 plerisque
1150 3415 1164 3436 ,
1195 3377 1291 3427 sed
1343 3375 1572 3426 fortisse
1602 3375 1699 3424 luit
1749 3373 1920 3424 turba.

321 3448 381 3502 In
409 3448 590 3500 Uttob.
625 3447 648 3500 1
682 3449 860 3508 clare,
891 3445 1072 3510 turba,
1121 3445 1214 3498 sed
1245 3445 1389 3498 aliud
1421 3443 1550 3506 fuit,
1593 3453 1648 3496 et
1677 3443 1744 3496 ad
1776 3459 1922 3496 mar-

320 3521 503 3588 ginem
533 3529 613 3570 est
638 3562 649 3578 ,
681 3527 860 3588 torua;
892 3531 1079 3588 prosa,
1103 3521 1270 3588 triste,
1294 3515 1443 3585 falcis
1470 3530 1703 3567 acnmen.

396 3589 497 3641 137
540 3591 655 3642 Ott.
677 3589 731 3649 1,
763 3587 918 3645 Urb..
943 3587 1117 3657 quod;
1143 3587 1260 3653 lege
1276 3595 1418 3657 quot.

394 3658 519 3714 158.
560 3659 774 3723 Arlnz.,
805 3657 1062 3723 Crimine;
1094 3660 1326 3725 ciirrige,
1361 3656 1612 3709 Crimina.

395 3730 518 3784 159.
553 3731 682 3793 Reg.
713 3729 767 3793 5,
795 3731 944 3783 Altl..
974 3727 1245 3793 Nec;alii,
1280 3730 1490 3791 ttielius,
1525 3725 1677 3779 Non:
1699 3726 1912 3789 Arntz.,

319 3803 522 3863 solum;
556 3801 610 3856 in
639 3803 827 3864 R~m.,
871 3800 1030 3864 solas,
1075 3801 1170 3852 sed
1221 3809 1524 3853 correcutm
1583 3813 1676 3864 per
1731 3796 1916 3849 solum.

320 3874 551 3925 l’rznslat
579 3876 838 3936 retinere,
864 3887 986 3923 cum
1017 3871 1139 3923 aliis
1169 3879 1222 3923 et
1251 3885 1434 3936 prosa,
1459 3871 1618 3922 solas.
1643 3866 1916 3933 Wopken-

321 3942 438 3996 sins
469 3945 792 3998 Coiiclunius
825 3953 996 4008 putat,
1030 3943 1118 3994 sed
1138 3940 1291 3993 corde
1318 3939 1506 4003 reloto,
1543 3941 1622 3993 vel
1666 3939 1755 3992 sed
1807 3953 1924 4009 pec-

323 4023 435 4067 tore
459 4018 584 4066 loto.
633 4014 865 4068 Oihlaﬂl
908 4021 1122 4067 veteres
1150 4013 1268 4064 lihri
1300 4022 1353 4063 et
1382 4027 1540 4065 nrosa
1568 4028 1582 4072 ;
1611 4024 1784 4076 neque
1815 4018 1918 4068 εηι,

321 4099 421 4138 cur
445 4085 824 4138 incunciimum
841 4083 1230 4136 censeatursed
1249 4099 1462 4153 corpore
1477 4095 1604 4144 l0l0;
1629 4083 1795 4134 immo
1821 4082 1920 4133 hoc

318 4167 553 4224 poscunt
587 4155 940 4221 prwciedentia
974 4153 1103 4224 Non
1121 4156 1258 4205 solas
1287 4154 1469 4205 lavisse
1498 4169 1702 4224 inuitus.

394 4227 519 4279 160.
559 4225 690 4295 Reg.
727 4228 750 4280 1
789 4241 883 4290 pro
909 4224 964 4276 il.
993 4242 1064 4288 s.,
1092 4223 1225 4292 Reg.
1252 4225 1308 4289 :2,
1337 4225 1483 4287 Alin,
1523 4223 1640 4295 Vat.
1662 4223 1716 4283 2,
1747 4222 1917 4295 Meus,

319 4296 447 4351 Otto
478 4299 557 4350 ι.1
613 4293 672 4350 ex
720 4310 1086 4362 correctione,
1121 4309 1250 4348 mss.
1300 4297 1474 4363 Lips.,
1526 4293 1708 4358 Caiit.,
1746 4293 1916 4352 Altt’t.,

319 4370 536 4426 Ainlz.,
565 4384 772 4439 sperare
799 4384 816 4434 ,'
844 4369 932 4420 alii
966 4382 1094 4439 mss.
1127 4376 1180 4439 e_t
1226 4366 1408 4439 plures
1454 4365 1615 4439 editi,
1665 4371 1914 4439 spectare.

321 4442 464 4508 quod
494 4434 752 4508 sull‘ragio
783 4455 881 4491 suo
907 4437 1124 4491 scliedm
1154 4434 1720 4508 Poelm._proharunt.
1753 4434 1921 4500 Wop-

321 4507 546 4562 keiisius
575 4506 932 4564 suiistitttehat
955 4510 1174 4574 spirare,
1202 4508 1342 4568 quod
1372 4506 1644 4569 Gruneru,
1678 4516 1731 4559 et
1757 4508 1912 4559 Arut-

322 4584 484 4633 zetiiti
518 4599 623 4633 noti
674 4582 1023 4647 disliliCeliat.
1059 4580 1161 4630 Sed
1195 4578 1277 4631 vel
1319 4589 1638 4642 exspectare,
1689 4579 1770 4629 vel
1803 4594 1919 4648 spe-

321 4667 438 4703 rare
475 4656 668 4708 notius.
707 4653 829 4703 huic
855 4651 973 4703 loco
1002 4650 1134 4703 satis
1165 4658 1590 4702 coosentaneum
1614 4656 1718 4702 est.

395 4722 492 4774 161
549 4721 666 4774 Vel.
699 4723 749 4787 I,
786 4723 952 4783 Mum,
972 4721 1247 4779 mendose.
1268 4719 1512 4789 Corporis
1541 4734 1638 4787 pro
1666 4719 1916 4790 Corripis.

323 4791 540 4853 Part-lt"
570 4801 618 4844 et
647 4794 824 4855 sistis;
856 4793 943 4844 alii
971 4807 1090 4843 tum
1127 4805 1284 4856 prosa
1313 4790 1569 4842 omittunt
1598 4800 1665 4842 et.

400 4863 523 4916 I62.
567 4864 688 4915 Mss.
741 4863 911 4916 uoswi
951 4878 1071 4916 cum
1105 4861 1269 4926 Aug.,
1317 4861 1440 4912 cod.
1479 4859 1702 4918 Iiarthii,
1749 4861 1918 4923 Alm.,

323 4934 539 4988 Ατιίιῑ..
593 4935 804 4992 l'arrh.,
841 4933 988 4996 Ald.,
1037 4941 1092 4986 et
1133 4931 1252 4984 aliis
1299 4931 1632 4985 edttiombus
1660 4934 1918 4998 antiquis,

324 5001 851 5074 Ρηερυηίευιωηαηα
878 5020 895 5058 :
930 5005 1151 5064 Alliam,
1182 5013 1235 5054 et
1260 5002 1467 5061 vulsaIi
1501 5001 1677 5074 multi,
1702 5001 1923 5068 Prtepo-

326 5077 507 5141 nisque
533 5073 775 5128 humana.
813 5075 866 5127 Id
904 5076 1120 5141 pra'fert
1150 5075 1506 5135 Arntzt-nius;
1533 5073 1738 5134 nescio,
1771 5089 1869 5125 cur
1902 5089 1916 5126 :

326 5145 582 5200 δοιιιιιιὶυς
632 5149 775 5199 enim
811 5162 958 5214 sa-pe
1002 5145 1319 5212 aspiratiuui
1353 5146 1383 5195 h
1417 5147 1520 5197 vim
1566 5146 1922 5197 Consouatttis

324 5215 556 5280 tribuit,
623 5227 679 5270 ut
740 5219 918 5271 brevis
974 5217 1330 5286 praecedentis
1383 5217 1635 5269 dictionis
1695 5215 1922 5278 produci

325 5291 515 5349 possit.
551 5286 813 5342 Arutzen.
839 5304 868 5340 a
898 5303 1010 5342 sec.
1041 5304 1139 5355 m.,
1165 5287 1382 5352 I’arrh.,
1400 5291 1486 5357 qui
1514 5294 1676 5340 morte
1697 5288 1920 5351 teneris;

323 5357 462 5427 lege.
485 5375 582 5424 qua
596 5370 776 5413 morte.

399 5429 522 5483 165.
565 5429 751 5484 Ottoh.
786 5432 835 5492 I,
865 5431 1054 5486 crucis.
1089 5441 1235 5483 recte
1280 5441 1586 5482 correctum
1620 5443 1718 5497 per
1755 5427 1919 5480 cruci.

325 5497 457 5568 Reg.
486 5501 538 5555 5.
574 5503 720 5564 Ald.,
757 5500 942 5566 Fabr.,
967 5513 1021 5554 ct
1053 5503 1271 5570 quidam
1300 5501 1391 5554 alii
1421 5499 1642 5567 vulgati.
1676 5510 1786 5564 post
1813 5497 1925 5552 rul-

325 5586 481 5693 nega;
535 5571 782 5641 plerique
824 5588 954 5627 mss.
1009 5589 1133 5626 cum
1181 5573 1304 5626 aliis
1355 5572 1519 5625 editis
1577 5571 1776 5625 melius
1833 5587 1926 5640 per

327 5656 391 5693 ru
417 5657 565 5693 nera.

327 5656 565 5696 rutnera.

398 5711 891 5784 166.7Aldtlesum
921 5714 988 5768 ad
1011 5730 1213 5783 plenam
1238 5715 1471 5767 ductum.
1512 5713 1724 5768 Titulus
1767 5729 1925 5784 repe-

329 5782 479 5840 titus.
508 5783 665 5854 Urb.,
693 5783 881 5852 Rotn.,
912 5787 980 5839 ad
1008 5782 1204 5857 paruas.
1239 5785 1362 5840 Vat.
1393 5784 1430 5838 2
1458 5794 1715 5855 corrupte
1741 5782 1923 5840 senius

1947 4475 2001 4534 D

2105 3159 2226 3232 16ξί.
2271 3162 2460 3213 Arntz.
2491 3173 2613 3214 cum
2644 3159 2832 3226 Fabr.,
2862 3169 2916 3214 et
2936 3161 3257 3232 quihusdam
3287 3161 3408 3216 aliis
3437 3163 3622 3232 editis,

2037 3229 2182 3283 rubri
2223 3233 2409 3295 vilem;
2441 3246 2574 3284 mss.
2618 3232 2788 3303 nostri
2824 3229 3397 3303 cum'Parrhquldq
3428 3245 3480 3287 et
3512 3229 3631 3303 ple;

2031 3303 2216 3369 risque
2245 3303 2602 3364 editionilius,
2637 3302 2786 3357 vilem
2808 3304 2981 3357 rubri:
3012 3305 3106 3358 sed
3135 3310 3184 3356 in
3205 3301 3358 3358 Ott.I
3390 3301 3626 3362 fortasse

2030 3370 2130 3447 fuit
2151 3371 2473 3447 chlamydem
2504 3373 2647 3426 rubri
2674 3373 2766 3427 sub
2788 3377 3006 3447 tegmine
3028 3376 3165 3428 cocci
3188 3373 3524 3447 —_l_’es-'_itur
3553 3381 3628 3430 ui-

2032 3444 2152 3506 lem,
2197 3445 2338 3511 quod
2391 3448 2442 3496 iu
2477 3461 2598 3499 meo
2643 3444 2853 3500 cotlii-e'
2879 3447 2960 3499 sic
3008 3455 3205 3500 exstat.
3262 3445 3627 3513 Wopkensius

2028 3515 2164 3588 vult,
2197 3515 2528 3588 conjunctim
2574 3516 2673 3585 legi
2703 3516 3022 3588 subtegmine
3046 3533 3065 3570 :
3091 3517 3344 3588 plerique
3373 3519 3621 3575 scribunt

2028 3587 2120 3639 sub
2145 3586 2381 3639 teamine.

2103 3603 2120 3637 9
2145 3603 2381 3657 tegmine.

2103 3657 2226 3710 166.
2268 3656 2454 3729 Ατηιῑ.
2480 3726 2489 3729 Α
2514 3654 2762 3729 Vestilus.
2797 3655 2918 3729 Vat‘.
2957 3657 3006 3720 1,
3033 3657 3148 3712 Ott.
3185 3658 3239 3719 2,
3267 3657 3434 3729 Ang.,
3477 3661 3622 3714 Alm.

2028 3730 2324 3800 speciesque
2359 3726 2493 3780 :alii
2521 3728 2730 3800 species
2774 3728 2894 3800 sine
2931 3745 3049 3800 que.
3106 3729 3276 3788 Alm.,
3324 3726 3434 3783 U'tt.
3471 3732 3520 3795 1,
3565 3733 3623 3794 2,

2028 3797 2213 3856 Fabr.,
2247 3808 2299 3849 et
2331 3799 2572 3851 nonnulli
2607 3798 2696 3851 alii
2725 3798 2888 3860 editi,
2919 3797 3131 3853 cruenta
3166 3817 3184 3854 :
3237 3800 3286 3854 id
3322 3801 3392 3854 ita
3429 3802 3527 3856 fuit
3561 3804 3616 3858 itt

2028 3867 2167 3942 Reg.
2189 3869 2237 3930 I,
2265 3868 2358 3922 sed
2379 3881 2587 3942 correct
2599 3885 2700 3942 um_
2710 3880 2795 3942 est
2821 3885 2915 3933 per
2937 3882 3183 3934 cruentae,
3212 3871 3353 3934 qtmd
3383 3873 3624 3942 plerique

2028 3939 2306 4014 exhibent,
2341 3949 2395 3992 et
2419 3938 2638 4014 st'lle‘dae
2673 3939 2878 3995 Partim.
2902 3943 3169 4014 probant.
3193 3944 3266 3997 De
3308 3938 3618 4014 cltlatiiyde,

2026 4026 2129 4076 qua
2161 4010 2382 4065 indutus
2414 4010 2508 4063 fuit
2539 4011 2718 4071 .lesus,
2750 4027 3054 4065 sermonem
3090 4013 3250 4067 habui
3300 4015 3364 4065 ad
3416 4010 3620 4067 Juvent-

2027 4096 2151 4134 cum
2187 4082 2222 4136 Ι.
2259 4099 2331 4144 tv,
2363 4080 2794 4136 vers.645.Vilis
2815 4084 3014 4137 dicitur
3036 4082 3329 4147 aSedulio,
3352 4086 3621 4147 quasiali-

2026 4152 2180 4220 cujus
2197 4154 2316 4206 vilis
2340 4152 2523 4206 militis
2547 4153 2758 4221 propria
2775 4167 2958 4207 vestis.
2975 4153 3274 4207 Concilium
3290 4153 3616 4208 'I‘olntanum

2025 4221 2068 4288 1,
2100 4239 2241 4276 anno
2272 4223 2398 4284 400,
2428 4239 2549 4276 ean.
2585 4224 2618 4277 8
2653 4243 2665 4276 :
2708 4224 2766 4276 Si
2793 4241 2906 4292 quis
2933 4234 3046 4294 post
3088 4225 3395 4291 baptismum
3429 4226 3622 4278 milita-

2027 4296 2170 4368 perit,
2201 4305 2249 4347 et
2277 4294 2600 4363 chlamydem
2628 4298 2919 4368 sumpserit.
2946 4304 3036 4368 aut
3061 4298 3349 4368 cingulum,
3375 4306 3479 4350 etc.
3514 4295 3617 4350 Ne-

2029 4363 2519 4436 lit'iSsensistamen
2551 4379 2762 4428 censet,
2794 4364 2901 4418 dici
2931 4365 3112 4428 vilem,
3145 4363 3268 4432 quia
3301 4368 3351 4420 iu
3385 4369 3618 4436 vilipeu-

2027 4435 2173 4487 llilllll
2205 4435 2411 4490 ChriSIi
2439 4435 2699 4498 adhibita,
2746 4451 2852 4488 non
2894 4438 3037 4502 quod
3071 4438 3216 4502 parvi
3252 4439 3407 4503 pretii
3449 4435 3616 4492 esset.

2031 4509 2097 4558 At
2131 4506 2433 4560 verisimile
2460 4515 2564 4571 est,
2597 4505 2960 4574 chlamydem,
2992 4508 3044 4559 itt
3070 4507 3427 4568 vilipentliutn
3459 4506 3618 4561 adhi-

2027 4577 2216 4645 bitam,
2245 4579 2409 4631 vilem
2435 4592 2648 4641 (pioque
2677 4576 2862 4636 lui~5e,
2891 4585 2945 4629 et
2971 4577 3123 4641 parvi
3153 4575 3330 4642 pretii.

2098 4650 2221 4703 167.
2267 4648 2403 4702 Bibl.
2453 4647 2623 4714 [.ugil.
2675 4648 3030 4702 circumdabit.
3065 4648 3208 4717 quod
3256 4649 3615 4716 depravatum

2025 4731 2126 4771 est.
2174 4721 2277 4774 Pro
2307 4720 2537 4786 amplum
2569 4717 2821 4784 conjiciat
2861 4720 3056 4784 aliquis
3100 4719 3340 4773 almum:
3381 4722 3477 4775 sed
3515 4720 3620 4775 Ne-

2026 4789 2316 4844 lirissensis
2341 4790 2565 4858 ettponit
2601 4787 2856 4855 amplum,
2908 4789 2964 4843 It.
2999 4803 3078 4854 e.,
3125 4790 3437 4846 honestum.
3482 4792 3621 4847 Hinc

2025 4863 2328 4930 amplitudo.

2100 4928 2222 4987 170.
2268 4929 2454 4983 Ottob.
2482 4931 2530 4995 1,
2562 4928 2730 4992 Meus,
2760 4931 2887 5000 lleg.
2919 4929 2976 4994 5,
3009 4935 3170 5000 Ang.,
3205 4932 3332 4988 Vat.
3364 4933 3419 4996 2,
3449 4944 3508 4987 ut
3537 4934 3619 4986 vi-

2027 5001 2222 5073 detur;
2253 5001 2377 5055 Ald.
2411 5001 2556 5069 quia,
2605 5002 2745 5068 quod
2799 5002 3027 5056 fortasse
3059 5004 3221 5057 etiam
3256 5003 3355 5058 fuit
3402 5007 3452 5056 in
3488 5004 3620 5073 Reg.

2028 5075 2079 5131 1,
2114 5072 2166 5125 iu
2215 5088 2322 5141 quo
2354 5086 2496 5144 nunc
2522 5081 2600 5123 est
2647 5073 2809 5144 quod,
2843 5083 2901 5126 ut
2941 5073 2992 5126 in
3045 5074 3534 5144 plerisquetEtiam
3568 5072 3622 5126 in

2026 5144 2136 5196 Ott.
2175 5144 2198 5196 I
2238 5149 2387 5209 prius
2431 5142 2531 5193 fuit
2575 5143 2730 5203 quod.
2770 5143 2900 5212 Reg.
2941 5147 2962 5197 1
3003 5160 3098 5212 pro
3127 5146 3182 5199 d.
3216 5142 3286 5212 s.,
3322 5142 3442 5197 Vat.
3479 5145 3525 5207 I,
3562 5151 3620 5198 et

2030 5214 2248 5280 plurimi
2280 5213 2504 5277 vulgati,
2539 5227 2761 5283 semper.
2797 5213 2925 5268 Mss.
2978 5217 3066 5267 alii
3121 5230 3242 5268 cum
3292 5218 3454 5282 Ang.,
3487 5214 3614 5269 eod.

2029 5284 2258 5345 Barthii,
2295 5284 2511 5347 Parrh.,
2555 5280 2704 5350 Ald},
2736 5297 2905 5348 terrte,
2956 5286 3097 5353 quod
3127 5301 3250 5337 cum
3287 5280 3397 5337 ius:
3438 5283 3625 5352 (Iant.,

2026 5357 2245 5411 St'hetils
2292 5356 2527 5419 Poeliu.,
2578 5362 2633 5407 et
2661 5355 2848 5411 Prosa.
2884 5360 3180 5424 praeferunt
3216 5355 3519 5421 Gruuerus,
3559 5368 3616 5410 et

2026 5427 2375 5482 Arntzeuius.
2397 5424 2647 5481 Barthius
2669 5427 2974 5495 conjecei-at
2999 5441 3090 5494 per
3113 5443 3184 5491 se,
3219 5426 3272 5479 h.
3301 5441 3378 5486 θ..
3408 5441 3505 5479 sua
3527 5444 3621 5477 ua-

2028 5507 2169 5552 tura.
2207 5501 2261 5552 lu
2293 5497 2405 5552 Oli.
2437 5499 2456 5549 1
2493 5511 2576 5552 eSt
2606 5505 2775 5563 terrte,
2809 5498 2902 5550 sed
2936 5497 3149 5550 videtur
3178 5495 3350 5551 fuisse
3394 5513 3618 5568 semper,

2028 5586 2128 5639 pro
2155 5586 2260 5636 quo
2284 5577 2389 5624 stat
2414 5584 2596 5637 prosa.

2104 5635 2224 5695 m.
2266 5641 2322 5694 In
2356 5635 2476 5694 meo
2519 5637 2640 5693 cod.
2682 5635 3026 5692 desideratur
3053 5636 3179 5692 leve.
3210 5636 3343 5708 Reg.
3376 5638 3431 5706 5,
3455 5638 3607 5708 Δια..

2028 5727 2149 5767 mox
2171 5712 2370 5768 alienos
2393 5714 2510 5767 sine
2538 5723 2656 5780 que.
