4082 6188
438 211 540 266 727

573 329 689 388 Hoc
716 329 878 387 docet
907 343 1011 385 una
1043 328 1198 395 tldes,
1225 342 1396 384 unum
1419 336 1502 384 ter
1527 327 1711 385 dicere
1741 343 1946 398 regem.

431 424 539 483 200
646 425 818 495 Hujus
851 427 903 480 in
934 422 1140 480 exuviis
1164 438 1286 479 sors
1309 423 1561 490 mittitur,
1582 432 1640 479 ut
1668 438 1827 479 sacra
1839 424 2032 479 vestis.

573 517 902 574 lntemerata
937 531 1183 582 manens,
1232 531 1262 570 a
1291 515 1510 571 Christo
1538 515 1772 572 scltisma
1800 527 2030 572 vetaret.

651 610 794 681 Quin
826 611 987 666 etiam
1018 609 1254 665 insontis
1289 608 1460 664 latere
1485 624 1553 664 ex
1581 619 1807 679 utroque
1835 623 2035 664 cruen-

1857 702 1966 776 [tos

581 798 928 854 Constituere
955 798 1124 863 viros,
1156 796 1408 853 meritum
1441 796 1567 852 licet
1595 796 1848 852 omnibus
1873 813 2037 853 unum

581 889 697 944 Non
734 891 885 943 taciat
919 887 1114 942 similis
1153 889 1398 953 quamvis
1445 889 1748 954 sententia;
1803 903 2040 956 namque

439 983 552 1040 205
591 983 753 1055 335
785 981 928 1035 Inter
951 982 1237 1036 carnilices
1257 989 1446 1036 sancto
1479 980 1751 1048 pendente
1776 981 2036 1047 latrones,

588 1079 692 1134 Par
722 1089 809 1134 est
843 1093 998 1146 ptena
1031 1079 1218 1140 trium,
1252 1076 1346 1130 sed
1379 1077 1564 1146 dispar
1591 1091 1752 1131 causa
1785 1076 2039 1130 duorum.

591 1171 655 1226 Hi
689 1171 888 1225 mundo
913 1179 1036 1223 sunt
1062 1169 1263 1239 quippe
1293 1167 1373 1222 rei
1400 1184 1496 1237 pro
1523 1167 1752 1221 crimine
1782 1167 1984 1230 multo;

589 1263 727 1318 Huic
747 1277 873 1318 reus
910 1272 993 1316 est
1025 1260 1278 1325 mundus,
1315 1260 1554 1314 salvatus
1581 1259 1845 1328 sanguine
1867 1258 2036 1328 justo.

1812 210 2030 275 σαςωι
2066 211 2336 270 SEDULH

2061 335 2117 394 Α

3632 211 3740 268 728

2280 328 2682 400 Suppliciisque
2705 337 2885 384 tamen
2917 341 3098 382 rerum
3125 324 3440 381 dominator
3458 325 3514 381 in
3539 324 3672 397 ipsis

2135 422 2244 478 210
2277 422 2406 479 Jura
2441 421 2728 492 potestatis
2757 435 2866 475 non
2898 418 3171 491 perdidit:
3221 432 3412 489 aequus
3450 428 3742 490 utrumque

2285 516 2461 572 Judex
2495 531 2732 582 namque
2763 524 2944 583 tuens,
2976 513 3120 569 hunc
3145 513 3319 585 eligit,
3368 511 3514 568 hunc
3543 529 3741 584 repro-

3461 607 3665 680 [bavit,

2284 704 2584 762 Amborum
2614 704 2810 760 merita
2833 702 3100 773 prmcelso
3129 700 3382 757 examine
3406 717 3664 772 pensans.

2285 797 2437 853 Unus
2467 796 2633 861 enim,
2662 811 2824 865 quem
2851 795 2954 850 vita
2985 793 3140 849 ferox
3167 809 3269 850 nec
3294 803 3467 850 morte
3496 793 3743 864 reliquit,

2285 889 2343 943 ln
2375 889 2662 944 Dominum
2695 889 2960 945 scelerata
2993 903 3218 942 movens
3251 888 3519 954 c0nvicia,
3549 888 3710 942 dictis

2142 981 2248 1038 215
2288 981 2569 1037 Mordebat
2597 981 2850 1052 propriis,
2885 993 2937 1036 et
2973 992 3246 1048 tamquam
3288 981 3493 1052 setiger
3527 982 3708 1037 hircus

2285 1072 2392 1129 Ore
2414 1087 2690 1128 venenosa
2717 1074 2882 1128 vitem
2915 1073 3191 1128 lacerabat
3216 1087 3486 1129 amoenam
3513 1091 3527 1128 :

2284 1165 2459 1230 Alter,
2485 1166 2712 1221 adorato
2746 1182 2844 1236 per
2887 1168 3051 1222 verba
3088 1167 3370 1235 precantia
3399 1168 3642 1234 Christo,

2287 1257 2453 1329 336
2481 1257 2678 1314 Saucia
2709 1258 2958 1328 dejectus
2987 1258 3244 1315 nectebat
3281 1259 3510 1330 lumina,
3537 1270 3750 1317 tantum

1804 1390 1984 1448 OPUS
2025 1389 2411 1447 PASCHALE.

444 1522 567 1586 pata
589 1555 603 1579 ,
635 1529 758 1569 cum
790 1512 1086 1567 Christiani
1115 1509 1389 1581 dogmatis
1413 1507 1672 1564 meruerit
1693 1516 2042 1562 sacramenta

447 1607 667 1672 sartiri,
726 1609 868 1661 inter
913 1606 1186 1659 Abraham
1238 1604 1378 1658 lilios
1428 1602 1619 1672 incipit
1655 1602 1744 1655 Dei
1801 1601 2044 1671 populus

2155 1521 2252 1576 pro
2275 1507 2506 1561 crimine
2529 1510 2606 1563 rei
2631 1516 2760 1563 sunt
2790 1508 3020 1564 mundo:
3041 1508 3164 1564 huic
3186 1509 3299 1581 ipse
3322 1526 3449 1566 reus
3477 1521 3561 1566 est
3586 1527 3752 1568 mun-

2151 1599 2280 1664 dus,
2305 1600 2463 1671 cujus
2491 1602 2754 1671 sanguine
2801 1601 3065 1657 liberatus
3093 1613 3175 1656 est
3205 1619 3231 1656 a
3263 1612 3509 1673 peccato.
3567 1605 3623 1660 lu
3653 1606 3755 1661 illo

444 1698 882 1768 nuncupari.tlui
907 1697 1109 1765 legitur
1133 1694 1637 1766 promisiSse,quod
1665 1709 1788 1748 eum
1814 1693 2040 1762 laceret,
2077 1724 2121 1784 Β
2154 1702 2331 1749 tamen
2364 1695 2624 1749 Dominus
2653 1697 2894 1764 patihulo
2925 1696 3280 1761 constitutus,
3319 1698 3606 1766 potestatis
3634 1714 3756 1754 sua:

445 1794 580 1847 sicut
627 1803 682 1845 et
711 1791 859 1859 fecit,
906 1796 1149 1844 omnium
1181 1788 1423 1858 gentium
1461 1797 1692 1852 patrem.
1721 1785 1884 1841 Jesus
1913 1800 2045 1854 ergo

449 1885 630 1940 dictus
653 1893 741 1938 est
771 1883 882 1936 Rex
912 1882 1260 1940 Judaeorum.
1294 1897 1400 1934 non
1426 1888 1633 1934 tantum
1668 1881 2046 1947 praesentium,

450 1980 546 2035 sed
570 1980 736 2033 etiam
769 1978 1203 2046 futurorum,qui
1223 1975 1488 2029 naturalis
1508 1975 1770 2042 germinis
1799 1974 2044 2028 inutilem

451 2073 830 2140 relinquentes
859 2072 1170 2135 horrorem,
1201 2084 1324 2122 mox
1357 2067 1410 2122 in
1441 2068 1619 2122 oleam
1649 2067 1896 2122 fecundae
1924 2082 2048 2121 sua—

449 2164 632 2218 vitatis
665 2173 946 2233 unguento
999 2160 1180 2215 sancti
1235 2159 1554 2214 chrismatis
1609 2159 1886 2214 inserendi
1921 2173 2047 2228 per-

456 2255 584 2310 dent
613 2253 1034 2309 amaritudinem
1064 2251 1274 2307 sterilis
1301 2250 1546 2305 oleastri.

531 2347 672 2416 Quin
701 2346 862 2402 etiam
893 2345 1050 2415 plebs
1081 2343 1284 2409 feralis,
1311 2352 1367 2398 et
1395 2341 1578 2407 noxia,
1613 2342 1778 2397 nullis
1805 2342 2050 2396 animum

452 2444 650 2499 satiata
680 2440 994 2510 suppliciis,
1031 2446 1290 2492 cruentos
1319 2450 1382 2490 ex
1439 2444 1666 2506 utroque
1708 2435 1880 2489 latere
1907 2435 2051 2491 circa

454 2537 747 2592 Dominum
777 2535 925 2589 viros
952 2532 1142 2588 eadem
1177 2530 1368 2585 statuit
1393 2529 1742 2584 damnatione
1781 2529 2050 2596 conﬁsos,

458 2639 514 2684 ut
544 2628 776 2696 injectas
803 2625 1093 2680 vulnerum
1125 2624 1311 2692 plagas
1334 2621 1522 2674 talium
1547 2620 1832 2675 acerbaret
1855 2620 2054 2689 injuria

460 2735 820 2793 personarum
846 2760 861 2783 ,
914 2719 1041 2773 licet
1073 2717 1251 2770 meriti
1285 2714 1705 2769 similitudinem
1738 2728 1843 2768 non
1893 2712 2058 2768 habet

457 2814 766 2870 similitudo
809 2812 1116 2867 sententiae.
1167 2809 1314 2864 lnter
1342 2809 1583 2863 latrones
1636 2821 1872 2877 namque
1908 2807 2056 2877 justo

462 2909 734 2978 pendente
761 2906 1051 2962 carniﬁces
1076 2947 1091 2972 ,
1145 2904 1305 2959 trium
1332 2903 1548 2957 videtur
1568 2917 1694 2958 esse
1740 2918 1840 2972 par
1871 2917 2052 2972 paena,

460 3003 556 3060 sed
605 3003 840 3060 duorum
885 2999 1074 3070 dispar
1100 3006 1400 3054 estcausa.
1451 2994 1534 3050 llli
1563 2994 1836 3066 siquidem
1881 2996 2056 3050 multo

2145 1787 2266 1856 jura
2317 1803 2424 1841 non
2457 1788 2726 1858 perdidit,
2762 1791 2852 1859 qui
2883 1788 2951 1844 de
2981 1789 3229 1844 sublimis
3257 1791 3442 1845 crucis
3470 1793 3751 1860 examine,

2149 1882 2297 1935 velut
2324 1881 2392 1937 de
2416 1884 2584 1952 regali
2627 1885 2822 1937 throno
2845 1925 2860 1949 ,
2885 1883 3052 1951 judex
3085 1898 3275 1955 arquos
3303 1895 3591 1952 utrumque
3623 1901 3752 1954 pro-

2149 1977 2406 2045 spiciens,
2441 1989 2494 2032 et
2518 1977 2804 2032 amborum
2827 1978 3020 2031 merita
3043 1977 3211 2032 divini
3239 1979 3422 2033 cordis
3451 1979 3609 2032 lance
3634 1994 3759 2045 per-

2121 2068 2419 2136 pendens,
2452 2068 2600 2123 hunc
2627 2070 2818 2139 elegit,
2843 2069 2997 2123 illum
3032 2071 3275 2139 reliquit,
3312 2087 3420 2126 non
3447 2073 3754 2141 praeterita,

2150 2178 2271 2233 qua:
2302 2162 2547 2228 luebant,
2596 2162 2736 2218 facta
2768 2162 3100 2229 discutiens,
3133 2163 3230 2219 sed
3263 2177 3561 2234 praesentes
3593 2181 3757 2221 men-

2157 2255 2289 2310 tium
2315 2255 2667 2311 diversitates
2692 2255 3004 2311 intendens.
3039 2255 3194 2312 Unus
3223 2257 3390 2320 enim,
3416 2273 3444 2310 a
3477 2272 3585 2325 quo
3611 2258 3764 2312 fero-

2157 2351 2240 2406 cis
2288 2349 2548 2403 atrocitas
2603 2349 2840 2403 instituti
2872 2363 2974 2402 nec
3003 2349 3055 2403 in
3084 2348 3402 2404 discrimine
3439 2349 3760 2420 declinavit,

2158 2441 2326 2497 saevis
2357 2441 2646 2495 Dominum
2679 2441 2956 2495 lacerabat
2989 2441 3229 2507 injuriis,
3286 2439 3446 2498 dictis
3485 2441 3764 2496 mordaci-

2158 2535 2260 2588 bus
2285 2532 2682 2595 exsecrandns,
2717 2541 2992 2604 tamquam
3023 2547 3188 2600 caper
3217 2532 3461 2588 hirsutus
3489 2533 3760 2588 venenosi

2157 2625 2338 2680 dentis
2386 2634 2588 2680 attactu
2645 2625 2854 2695 pnltttiti
2902 2625 3240 2679 suavissima:
3296 2625 3425 2679 vitis
3478 2625 3768 2690 inimicus,

2163 2721 2236 2774 ita
2271 2719 2594 2790 loquebatur
2624 2717 2893 2773 illudens:
2926 2717 2988 2772 Si
3016 2729 3070 2772 tu
3095 2735 3146 2772 es
3172 2714 3440 2782 Christus,
3483 2718 3684 2772 salvum
3717 2729 3772 2773 te

2160 2811 2268 2883 fac,
2304 2820 2351 2864 et
2377 2827 2490 2864 nos.
2525 2811 2676 2864 Alius
2707 2825 2841 2865 vero
2870 2824 2966 2880 Spe
3016 2811 3243 2864 meliore
3291 2808 3614 2873 modestior,
3665 2810 3771 2879 qui

2158 2905 2286 2959 dum
2314 2919 2426 2959 sure
2452 2904 2621 2973 parcit
2649 2905 2868 2974 linguae,
2899 2905 3146 2974 pepercit
3172 2913 3225 2958 et
3259 2918 3433 2972 pteuae
3460 2902 3766 2972 supplicio,

2163 2999 2495 3054 Dominum"l
2519 2999 2700 3055 verbis
2733 2999 3081 3070 precantibus
3111 2999 3426 3070 alloquitur,
3459 2996 3770 3055 deﬂectens

1965 3133 2281 3191 SCHOLIA.

533 3257 660 3314 199.
693 3253 791 3308 Ter
813 3252 1062 3320 designat
1081 3250 1181 3306 SS.
1210 3249 1556 3312 Trinitatem,
1585 3263 1691 3304 non
1717 3249 1912 3320 triplex
1941 3266 2064 3323 reg-
2090 3253 2137 3316 C
2166 3253 2344 3322 glossa
2381 3255 2656 3323 sententia,
2688 3254 2920 3307 damnat.
2949 3252 3100 3318 Alb.,
3144 3252 3402 3308 mendose
3452 3251 3562 3308 Nec
3581 3256 3774 3378 ί[πᾶσι

539 3345 612 3378 m.
645 3339 697 3378 nt
725 3324 995 3378 Cellarius
1025 3322 1353 3378 suspicatur.
2166 3325 2399 3378 quamvis
2427 3325 2583 3377 simul
2619 3325 2891 3378 sententia.
2931 3323 3180 3378 Barthius
3208 3340 3273 3378 ex
3312 3324 3484 3378 altero
3514 3341 3580 3378 co
3627 3365 3640 3377 .
3669 3343 3773 3378 on-

461 3345 612 3390 num,
645 3339 697 3378 ιιι
725 3324 995 3379 Cellarius
1025 3322 1353 3387 suspicatur.

530 3398 657 3454 200.
693 3397 898 3450 Poelm.
925 3393 1094 3466 Super
1119 3394 1345 3448 tunicam
1372 3392 1682 3466 sortiuntur.
1714 3391 2066 3466 Dempsterus

459 3471 525 3525 ad
575 3469 764 3523 Βοηὶιι.
818 3467 854 3521 Ι.
883 3462 1012 3528 vni,
1047 3481 1098 3519 c.
1130 3466 1184 3528 8.
1235 3480 1287 3534 p.
1323 3462 1458 3530 840,
1493 3462 1711 3529 conjicit
1742 3463 1798 3516 in
1830 3464 2060 3534 exuvias,

460 3539 846 3624 qumlﬂvidetur
879 3540 1025 3608 prius
1056 3536 1222 3592 fuisse
1241 3536 1304 3590 in
1343 3535 1460 3590 Vat.
1491 3535 1553 3599 l;
1585 3534 1681 3589 sed
1713 3534 1852 3589 bene
1895 3545 1979 3589 est
2007 3535 2063 3588 in

462 3629 675 3741 ⁸³712018..
692 3681 863 3740 Meus.
896 3688 1101 3733 necaret
1129 3694 1146 3730 :
1178 3679 1297 3747 lege
1318 3684 1532 3730 vetaret.
1584 3674 1649 3730 Hi
1679 3690 1873 3732 versus
1900 3693 2063 3748 supra

462 3756 516 3811 in
541 3767 700 3824 prcsa
729 3751 982 3824 explicati
1013 3758 1161 3824 sunt.

535 3815 660 3880 202.
687 3815 840 3887 Ald.,
875 3820 1019 3874 Duos
1055 3820 1279 3873 latrones
1319 3818 1386 3871 ad
1416 3815 1632 3870 Domini
1657 3817 1820 3871 latera
1859 3821 2067 3888 cruciﬁ-

460 3913 577 3952 xos.
612 3894 826 3954 Parrh.,
855 3890 984 3947 Cum
1008 3891 1166 3945 simul
1189 3891 1315 3944 :alii
1347 3889 1483 3955 Quin
1510 3889 1682 3941 etiam.
1715 3891 1826 3943 Ott.
1865 3892 1917 3955 1,
1943 3891 2061 3945 Vat.

468 3971 522 4035 1,
555 3968 611 4026 2,
634 3964 770 4035 Reg.
801 3964 855 4020 5.
909 3962 1057 4022 Ald..
1091 3963 1250 4035 Cant.
1271 3959 1533 4035 ._schet_la
1561 3959 1800 4035 _P_0eltn.,
1829 3961 2065 4015 insonti:

465 4029 982 4108 plerique'insonlis.
1036 4033 1134 4108 sed
1182 4033 1237 4086 in
1283 4030 1418 4100 Reg.
1455 4031 1479 4084 1
1524 4029 1735 4083 videtur
1759 4044 2064 4108 correctum

465 4103 564 4179 per
611 4103 822 4162 insonti.
878 4104 984 4158 Pro
1023 4103 1294 4159 scelerato
1338 4111 1602 4155 cruentum
1651 4105 1774 4170 pom
1801 4145 1816 4170 ,
1866 4119 2065 4158 novum

467 4188 752 4304 "030?.lln
782 4245 938 4299 Rom.
970 4246 1209 4298 meritum
1234 4244 1468 4298 omnibus
1490 4259 1651 4296 unum
1672 4243 1821 4298 deeSI
1841 4244 2066 4314 aliquid.

464 4319 670 4376 Similis
696 4333 850 4373 error
888 4316 942 4369 in
975 4317 1101 4371 Urh.
1143 4319 1482 4386 meritumque
1511 4314 1766 4368 omnibus.
1817 4315 2070 4372 Barthius

464 4407 533 4446 ex
563 4390 768 4456 optimo
795 4388 979 4442 codice
1007 4388 1201 4457 allegat
1231 4387 1468 4441 meritum
1496 4402 1597 4438 non
1621 4386 1855 4440 omnibus
1882 4403 2063 4453 unum,

466 4462 610 4532 quod
636 4460 804 4517 edidit
825 4457 1170 4532 Parrhasius,
1205 4468 1258 4511 et
1289 4461 1470 4532 insuti
1498 4458 1619 4532 cod.
1655 4457 1862 4511 invenit
1889 4475 1916 4532 a
1949 4474 2068 4532 seq.

469 4528 629 4587 litanti
655 4529 1003 4586 Arntzenius.
1037 4529 1287 4597 Plerique
1316 4529 1431 4581 licet
1462 4529 1716 4590 omnibus,
1761 4529 1904 4598 quod
1953 4528 2068 4581 dis-

469 4604 696 4672 ριίισειιιιι
731 4603 1137 4672 (ἶτιιιιθΓΟι-(Σιψὶ
1181 4599 1438 4669 particula
1469 4601 1712 4672 quamvis
1756 4598 1990 4672 repetita
2013 4615 2066 4653 v.

469 4669 586 4736 seq.
621 4673 828 4726 Idcirco
857 4689 919 4725 ex
949 4669 1036 4724 ed.
1072 4669 1221 4735 Lips.
1267 4669 1507 4733 reposuit
1535 4670 1766 4722 meritum
1812 4669 1928 4722 licet
1961 4686 2070 4722 om-

470 4743 621 4798 nibus
653 4759 813 4795 unum
839 4772 908 4781 —
937 4741 990 4794 Ν
997 4759 1061 4795 on
1089 4741 1266 4809 faciat,
1292 4739 1471 4792 similis
1495 4749 1662 4791 tanien
1691 4749 1764 4792 est
1793 4741 2066 4794 sententia.

468 4813 544 4869 lta
579 4813 801 4865 tniinino
827 4813 987 4865 habet
1016 4827 1167 4865 meus
1196 4812 1388 4868 codex.
1421 4819 1475 4863 et
1500 4809 1636 4861 alter
1677 4809 1901 4872 Bartltii,
1934 4822 1986 4864 et
2016 4812 2069 4865 in

469 4885 591 4938 aliis
623 4883 950 4936 etlitiunilius
975 4881 1054 4935 sic
1085 4894 1322 4946 exstare,
1356 4882 1651 4948 ascriptum
1683 4893 1800 4933 erat
1831 4881 1882 4934 in
1915 4882 2069 4936 sche-

469 4956 554 5011 dis
612 4955 952 5008 Poelmanni.
1014 4951 1380 5006 Nihil-minus
1438 4951 1718 5004 retinenda
1776 4966 1855 5005 eSt
1912 4952 2071 5006 lectio

468 5025 796 5090 coiiimunis,
850 5033 906 5078 et
948 5038 1070 5077 eum
1113 5021 1451 5089 Wopkens-io
1483 5021 1799 5089 explicanda
1829 5024 2066 5077 meritum

467 5099 584 5151 licet
616 5097 851 5151 omnibus
883 5111 1041 5149 unum
1068 5121 1141 5134 --
1167 5093 1289 5148 Non
1311 5094 1468 5164 faciat
1492 5094 1675 5146 similis
1699 5097 1928 5163 quamvis
1955 5110 2068 5147 sen-

469 5171 629 5223 tentia
662 5186 679 5222 :
714 5168 768 5221 lt.
800 5183 874 5231 e.,
909 5168 1030 5220 licet
1061 5165 1323 5220 sententia
1353 5165 1698 5235 quantumvis
1738 5165 1929 5218 similis
1961 5179 2066 5218 non

468 5239 629 5295 facint
659 5239 912 5293 omnibus
940 5254 1128 5299 unum,
1155 5238 1236 5290 vel
1262 5234 1441 5291 simile
1468 5234 1744 5289 meritum.
1799 5236 2067 5290 Prwterea

469 5311 760 5377 aliquando
805 5309 985 5364 Latini
1034 5309 1330 5378 particulas
1380 5306 1496 5360 licet
1534 5308 1768 5378 quamvis
1812 5307 2066 5377 jungunt,

471 5392 528 5436 ut
556 5382 866 5444 Lucretius,
899 5392 953 5435 et
981 5378 1193 5434 Cicero.

541 5455 669 5507 204.
717 5452 773 5506 lu
805 5452 939 5522 Reg.
976 5457 1000 5507 1
1058 5450 1253 5506 similes
1295 5459 1602 5504 correctum
1639 5463 1736 5518 per
1759 5448 1968 5518 similis,
2018 5457 2074 5504 et

544 5576 569 5638 ἐι
613 5568 823 5638 Ιέτιςυηπ
857 5568 946 5624 hic
975 5579 1091 5624 erat
1122 5570 1174 5623 in
1223 5571 1397 5624 veteri
1427 5567 1651 5634 codice;
1701 5569 1960 5625 nimirum
1987 5571 2066 5625 sic

473 5637 727 5711 habebit,
783 5641 1068 5711 supplicio,
1108 5657 1170 5694 ac
1199 5640 1408 5694 Domini
1435 5641 1597 5711 verbis
1646 5641 1955 5711 alloquitur.
2006 5641 2064 5698 In

474 5701 745 5777 plerisque
771 5701 1003 5778 vulgatis
1027 5701 1303 5780 supplicio,
1332 5728 1394 5765 ac
1444 5709 1726 5766 Dominum
1751 5701 1916 5766 verbis
1948 5723 2064 5782 pre-

2166 3318 2399 3393 quamvis
2427 3318 2583 3396 simul
2619 3325 2891 3379 sententia.
2931 3323 3180 3378 Barthius
3208 3340 3273 3396 ex
3312 3324 3484 3396 altero
3514 3318 3640 3380 cod.
3669 3343 3773 3396 op-

2170 3396 2470 3468 timncitat,
2511 3394 2618 3449 Hos
2639 3398 2799 3466 faciat
2826 3396 3063 3468 similes;
3089 3411 3154 3468 es
3187 3395 3386 3468 altero,
3425 3395 3542 3449 Non
3573 3394 3764 3468 {at-itit,

2165 3466 2348 3538 similis
2378 3480 2545 3519 tamen
2577 3479 2650 3520 est
2681 3467 2953 3538 sententia.
3006 3465 3224 3538 Parrlp,
3260 3465 3375 3520 Hos
3405 3469 3530 3538 facit
3557 3465 3771 3522 assimi-

2168 3537 2260 3589 les.
2289 3537 2406 3592 Vet.
2440 3539 2490 3600 1,
2517 3538 2686 3604 Mon.,
2713 3537 2826 3592 Hos
2851 3537 3006 3609 faciat
3030 3536 3241 3591 similes.
3267 3536 3466 3593 Confer
3491 3554 3608 3595 var.
3639 3541 3771 3596 lect.

2166 3623 2309 3662 vers.
2345 3611 2577 3678 prat'ced.

2237 3679 2364 3735 206.
2415 3683 2597 3752 Arntz.
2631 3679 2921 3752 tribusnon
2951 3679 3090 3752 male
3112 3695 3211 3750 pro
3241 3679 3397 3734 trium
3429 3695 3449 3734 :
3479 3689 3608 3736 tunc
3662 3681 3768 3752 legi

2169 3761 2351 3818 posset
2380 3751 2596 3815 duobus,
2626 3760 2683 3804 ut
2715 3751 2911 3819 legitur
2937 3753 2988 3804 in
3015 3750 3148 3806 Urb.

2240 3821 2368 3875 208.
2403 3821 2564 3874 Rom.
2596 3821 2870 3892 salvandus
2901 3822 3132 3892 :reliqui
3156 3822 3402 3876 salvatus.

2196 3961 2207 3973 .
2239 3892 2367 3947 209.
2404 3892 2521 3973 Vat.
2551 3893 2610 3973 ,1,
2663 3891 2949 3965 Suppliciis
2986 3903 3196 3960 tamen;
3228 3893 3384 3948 deest
3435 3911 3535 3964 que
3564 3895 3632 3950 ad
3682 3912 3768 3950 ra-

2171 3964 2378 4017 tionem
2408 3964 2586 4018 metri.

2205 4035 2367 4158 r2“.
2401 4033 2595 4099 Tuens,
2629 4034 2682 4088 h.
2714 4049 2790 4100 e.,
2819 4035 3058 4098 intuens,
3093 4044 3150 4089 ut
3179 4035 3319 4104 apud
3348 4035 3664 4105 Virgilium,
3713 4049 3772 4093 ct

2229 4120 2326 4158 tos.

2170 4120 2326 4159 RIIOS.

2239 4173 2367 4229 212.
2395 4176 2579 4239 Cattt.,
2609 4174 2722 4230 Ott.
2757 4177 2808 4236 1.
2838 4176 2987 4240 Alb.,
3034 4176 3222 4229 Parrh.
3242 4219 3256 4238 ,
3286 4176 3470 4240 Fabia,
3500 4180 3762 4242 meritum,

2170 4255 2332 4311 atque
2379 4248 2450 4300 ita
2500 4248 2659 4302 scribi
2707 4249 2900 4314 juhent
2953 4246 3166 4302 schedze
3200 4249 3534 4303 Poelmanui.
3566 4249 3770 4304 Verum

2171 4320 2442 4391 scriptura
2465 4319 2767 4391 communis
2788 4321 2991 4391 merita,
3019 4334 3140 4388 quae
3161 4321 3326 4391 etiam
3354 4321 3406 4372 in
3424 4321 3535 4375 Ott.
3569 4322 3588 4374 l
3623 4322 3773 4391 prius

2174 4387 2390 4441 videtur
2421 4389 2609 4451 fuisse,
2638 4390 2930 4444 retinenda
2958 4387 3059 4454 est,
3112 4389 3381 4456 produt-to
3410 4408 3441 4442 a
3493 4387 3774 4457 poStrc-ttm

2173 4457 2244 4512 ob
2269 4475 2332 4529 pr
2358 4459 2613 4513 dicti0nis
2643 4461 2944 4530 sequentis,
2978 4470 3036 4513 ut
3069 4459 3204 4514 nihil
3236 4459 3412 4514 dicam
3447 4461 3514 4515 de
3538 4478 3770 4529 caesura,

2173 4543 2292 4598 quae
2333 4532 2495 4612 etiam
2551 4530 2603 4584 id
2633 4530 2895 4586 elﬁceret.
2941 4530 3092 4596 Ald.,
3125 4547 3188 4584 ex
3223 4533 3469 4600 agmine;
3516 4535 3770 4602 eruenda,

2174 4615 2428 4653 examine.

2096 4639 2594 4744 Dﬁj‘é'lgrbrntz.
2632 4671 2780 4727 Unus
2801 4682 2963 4744 erat;
2984 4670 3102 4740 lege
3132 4687 3253 4725 cum
3305 4672 3426 4725 aliis
3476 4686 3532 4729 et
3588 4691 3771 4744 prosa,

2179 4740 2328 4794 Unus
2367 4745 2518 4795 enim.
2552 4743 2606 4795 lu
2649 4743 2759 4797 Ott.
2790 4744 2846 4808 2,
2879 4741 3094 4796 videtur
3115 4759 3206 4794 nec
3232 4744 3284 4796 in
3315 4754 3479 4798 morte
3500 4764 3520 4800 :
3548 4740 3642 4802 sed
3683 4740 3773 4801 re-

2177 4823 2376 4886 pugnat
2403 4825 2634 4886 metrum
2662 4832 2693 4886 :7
2711 4813 2870 4886 Urln,
2899 4813 3083 4876 Rom.,
3109 4813 3354 4886 relinquit
3381 4831 3394 4868 :
3423 4817 3519 4870 alii
3547 4819 3772 4886 reliquit.

2175 4882 2290 4954 [Voti
2323 4884 2463 4936 male
2488 4893 2572 4938 est
2620 4885 2904 4951 relinquit;
2953 4883 3254 4954 praesertim
3313 4887 3357 4937 si
3415 4882 3663 4942 imitatio'
3701 4889 3778 4944 sit

2174 4952 2381 5022 Virgilii
2413 4954 2535 5009 libr.
2555 4971 2627 5022 v1,
2655 4969 2796 5009 vers.
2829 4952 2968 5010 ubi
2997 4953 3146 5009 Curre
3165 4971 3266 5008 non
3296 4957 3408 5023 ipsa
3432 4959 3486 5012 in
3515 4969 3674 5014 morte
3691 4975 3778 5013 re-

2176 5025 2438 5092 linquunt.

2247 5096 2372 5150 2H.
2408 5095 2543 5152 Urb.
2588 5095 2800 5166 loquens
2829 5111 2927 5161 pro
2959 5113 3182 5151 movens.

2247 5166 2373 5220 216.
2420 5166 2474 5221 1η
2510 5168 2640 5237 Reg.
2675 5171 2728 5233 5,
2758 5178 2813 5222 et
2843 5169 2980 5222 Bibl.
3007 5168 3206 5236 Lugtl..
3238 5169 3498 5226 mendum
3523 5172 3781 5226 cstvitam

2177 5251 2275 5305 pro
2304 5239 2473 5292 vilem.
2503 5237 2672 5301 Meus,
2705 5238 2987 5310 mordebat.
3013 5240 3156 5310 quod
3183 5241 3293 5309 jam
3324 5257 3468 5295 vers.
3491 5259 3609 5310 sup.
3640 5259 3778 5309 pra--

2177 5312 2340 5383 cessit
2369 5325 2382 5383 ;
2414 5310 2594 5362 ca-teri
2619 5309 2875 5383 lacerabat
2906 5309 3188 5383 :Barthins
3223 5313 3259 5365 I.
3287 5327 3372 5366 Ltv
3391 5309 3684 5383 Μικκίων.
3712 5313 3777 5376 7,

2177 5381 2306 5435 citat
2335 5380 2482 5433 vitem
2510 5380 2792 5451 populatur
2823 5396 3098 5435 amoenam.
3145 5381 3293 5438 Hirci
3326 5380 3569 5440 morsum
3608 5380 3777 5439 vitem

2178 5465 2410 5505 enecare
2447 5467 2478 5506 a
2511 5451 2694 5506 multis
2727 5453 3002 5521 proditum
3035 5463 3138 5506 est.

2175 5572 2408 5656 cantibus
2425 5574 2735 5656 alloquitur.
2757 5574 3080 5634 Gallandius
3097 5578 3280 5635 omisit
3299 5595 3386 5649 ac,
3412 5579 3563 5653 quod
3579 5581 3779 5638 obesse

2175 5647 2360 5700 sensui
2388 5647 2625 5703 videtur.
