4082 6188
582 200 680 255 751

726 411 957 477 Auxiliis
979 415 1174 476 orbata
1205 412 1398 483 patris,
1430 414 1608 471 lanata
1641 429 1740 484 per
1766 426 1970 480 ortum,

729 507 921 573 Mcesta
944 523 1040 577 per
1061 521 1339 569 occaSum.
1372 507 1510 573 Nam
1545 509 1631 564 lux
1662 519 1722 565 ut
1754 520 2003 580 tempore
2025 509 2181 575 fulsit

582 602 693 669 240
729 602 1017 661 Nascentis
1047 604 1286 672 Domini,
1321 606 1419 672 sic,
1456 606 1559 662 hoc
1588 607 1879 674 moriente,
1904 612 2150 679 recessit,

726 696 891 769 339
913 696 1031 755 Νθη
1056 698 1258 761 absens
1279 712 1539 759 mansura
1562 699 1657 763 diu
1675 741 1694 768 ,
1724 701 1819 757 sed
1849 702 2077 774 mystica
2108 700 2183 756 εί-

1896 792 1916 868 [
1939 809 2112 866 gnans

726 883 833 941 Per
877 883 1118 954 spatium
1158 892 1374 940 secreta
1424 899 1617 952 suum;
1658 886 1863 957 quippe
1905 895 1967 947 ut
2008 886 2186 943 tribus

1926 977 2118 1051 [boris

721 1069 879 1127 Caeca
903 1069 1177 1126 tenebrosi
1212 1070 1497 1127 latuerunt
1515 1071 1701 1133 sidera
1731 1073 1855 1129 coeli
1877 1113 1896 1137 ,
1971 1069 1989 1077 “

725 1164 818 1221 Sic
846 1164 1111 1221 Dominus
1138 1163 1306 1219 clausi
1339 1165 1524 1225 triduo
1548 1165 1669 1221 tulit
1693 1175 1853 1225 antra
1880 1165 2144 1237 sepulcri.

584 1254 693 1311 245
800 1254 911 1311 Nec
935 1256 1096 1311 tellus
1119 1256 1239 1310 sine
1264 1255 1421 1311 clade
1451 1255 1553 1311 fuit
1570 1298 1584 1323 ,
1608 1272 1731 1328 quae
1758 1257 1885 1312 talia
1912 1269 2151 1315 cernens
2174 1328 2175 1331 η

1971 204 2193 274 cum
2218 205 2506 275 $590M!

651 308 656 313 ’
728 317 881 379 llunc
908 318 1181 381 elementa
1203 319 1308 379 sibi
1340 327 1662 381 meruerunt
1689 335 1914 379 cernere
1943 321 2174 392 vultum,
2204 329 2254 398 Α

3760 217 3855 277 ’1δῖ

2426 324 2693 385 Funditus
2714 324 3024 390 intremuit,
3047 323 3335 397 dubioque
3346 326 3399 381 in
3417 325 3525 383 ﬁne
3539 342 3829 401 supremam

2428 419 2667 490 Expavit
2696 426 2894 478 natura
2924 419 3171 485 iniurium,
3202 436 3275 479 ne
3296 431 3522 493 cogeret
3548 438 3755 483 omnem

2424 510 2684 573 Summus
2728 527 2867 583 apex
2907 512 3119 568 inferna
3152 520 3346 583 petens
3374 515 3727 572 succumbere
3752 534 3854 575 mo-

3678 609 3695 663 1

2431 697 2838 769 Auctoremque
2854 710 3091 769 sequens
3104 712 3200 769 per
3220 706 3423 759 tartara
3437 606 3854 759 munduEIfitiii'r’et.

2289 787 2396 849 250
2434 788 2549 845 Sed
2576 788 2751 860 pietas
2782 790 3054 856 immensa
3082 804 3253 861 vagas
3290 791 3625 862 properabat
3663 793 3725 851 ad
3760 810 3858 849 um-

3664 883 3779 943 bras

2437 973 2655 1037 Perdita
2681 974 2981 1037 restituens
3006 1016 3025 1044 ε
3063 989 3176 1037 non
3200 974 3568 1037 consistentia
3599 882 3828 1051 partiens.

2506 1064 2673 1141 3m
2705 1065 2867 1127 Nulla
2905 1075 3094 1129 tamen
3124 1066 3261 1129 tanti
3283 1074 3602 1131 metuerant
3623 1068 3763 1138 signa
3782 1083 3859 1138 pe-

3700 1162 3779 1216 icli

3625 1160 3650 1234 [
3672 1162 3797 1230 ricli,

2435 1252 2538 1329 Qui
2552 1253 2844 1310 Dominum
2862 1252 3037 1309 tixere
3048 1252 3223 1322 cruci,
3238 1252 3370 1324 quin
3384 1252 3618 1324 insuper
3631 1252 3850 1309 haustum

1950 1414 2036 1472 ΟΡ
2046 1415 2129 1473 US
2167 1413 2557 1472 PASCBALE.

593 1531 697 1587 clis
720 1528 928 1588 infecit.
950 1526 1138 1587 Talem
1166 1529 1433 1599 siquidem
1459 1530 1666 1584 vultum
1694 1529 1865 1600 patris
1894 1529 2087 1585 orbata
2109 1544 2192 1589 so-

598 1622 741 1678 latiis
774 1630 1093 1679 meruerunt
1130 1621 1398 1677 elementa
1432 1620 1640 1690 sortiri,
1672 1629 1730 1676 ut
1758 1621 1913 1691 cujus
1947 1629 2069 1675 ortu
2100 1620 2193 1675 la:-

600 1724 707 1770 tata
739 1721 887 1781 sunt,
917 1719 1268 1770 tristarentur
1299 1729 1518 1770 occasu.
1559 1713 1719 1771 Sicut
1748 1715 1918 1782 enim,
1963 1714 2196 1770 Domino

2301 1528 2461 1585 tellus
2482 1528 2603 1583 sine
2639 1524 2791 1587 clade
2823 1538 2951 1584 tunc
2988 1526 3186 1597 astitit,
3237 1526 3492 1585 omnibus
3540 1540 3857 1588 contremens

2301 1619 2686 1685 fundamentis,
2724 1635 2844 1689 quae
2875 1620 3002 1675 talia
3027 1620 3294 1677 sentiebat
3323 1619 3563 1688 admitti,
3600 1622 3861 1693 mundique

2301 1723 2418 1770 rata
2449 1714 2663 1771 venisse
2689 1713 2798 1784 jam
2823 1712 3013 1782 tinem,
3068 1713 3237 1769 dubio
3285 1716 3546 1786 pependit
3575 1724 3757 1773 natura
3782 1719 3862 1775 sub

599 1814 882 1870 nascente,
910 1807 1004 1861 lux
1024 1806 1243 1872 claruit,
1278 1807 1375 1873 ita,
1407 1807 1696 1873 moriente,
1720 1805 1992 1862 discessit.
2044 1805 2198 1863 Tunc
2226 1850 2275 1910 Β
2302 1809 2559 1873 termino,
2581 1824 2651 1865 ne
2673 1823 2921 1865 summus
2941 1807 3150 1865 scilicet
3179 1824 3318 1879 apex
3341 1808 3408 1865 ad
3437 1810 3655 1867 inferna
3678 1811 3864 1869 descen-

598 1898 759 1954 stella
792 1914 886 1968 per
913 1898 1057 1953 diem
1090 1898 1263 1965 fulsit,
1295 1897 1457 1953 modo
1481 1913 1578 1953 nec
1600 1898 1653 1952 in
1682 1908 1846 1954 nocte
1868 1898 2194 1968 comparuit.

599 1988 708 2049 Sed
730 2005 1054 2060 quamquam
1088 1992 1229 2047 creto
1247 2031 1262 2057 ,
1292 2000 1545 2061 terraque
1572 1990 1855 2061 fugitivum
1872 1992 2194 2048 lumcnabs—

600 2083 788 2149 cessit,
819 2097 926 2139 non
958 2092 1139 2139 tamen
1171 2084 1372 2139 diutius
1402 2084 1454 2139 in
1489 2084 1591 2140 hac
1613 2086 1918 2142 remotione
1949 2101 2196 2158 perman-

599 2175 670 2230 sit
701 2190 797 2247 per
829 2176 945 2247 ipsa
970 2176 1233 2247 temporis
1258 2177 1542 2232 intervalla
1568 2179 1844 2249 suspensi,
1890 2196 2085 2252 magno
2115 2181 2192 2237 vi-

598 2282 723 2323 sum
766 2269 1060 2334 convenire
1110 2270 1395 2343 mysterio.
1448 2268 1582 2325 Nam
1638 2271 1778 2326 sicut
1819 2272 1992 2328 tribus
2044 2272 2194 2329 horis

602 2363 790 2420 mundi
823 2363 985 2420 iacies
1018 2365 1257 2421 tenebris
1283 2379 1545 2435 oppressa
1595 2364 1881 2436 subjacuit,
1919 2366 1991 2423 ita
2019 2367 2196 2423 Domi-

598 2470 724 2512 num
757 2456 943 2513 triduo
963 2457 1209 2513 clausum
1240 2456 1431 2513 tumuli
1463 2458 1741 2529 sepultura
1769 2462 2035 2517 contexit.
2084 2461 2195 2519 Nec

2301 1899 2459 1968 deus,
2490 1915 2707 1955 omnem
2739 1898 2986 1971 protinus
3011 1900 3212 1956 molem
3234 1915 3420 1956 secum
3442 1901 3858 1974 jugiterinclina-

2299 2004 2387 2048 ret
2417 1986 2471 2047 in
2501 2002 2757 2058 mortem,
2784 2000 2948 2062 atque
2980 1992 3255 2065 proprium
3277 1994 3570 2049 comitatus
3593 2004 3860 2060 auctorem,

2300 2099 2549 2161 pra'ceps
2594 2084 2647 2139 iu
2677 2084 2845 2139 chaos
2874 2085 3111 2141 mundus
3138 2084 3407 2141 afﬂueret.
3457 2084 3570 2142 Sed
3599 2086 3693 2142 illa
3720 2087 3864 2159 pietas

2299 2178 2601 2235 divinitatis
2649 2179 2911 2235 immensa
2961 2177 3290 2249 properabat
3335 2178 3637 2234 clementer
3671 2179 3733 2235 ad
3777 2189 3865 2237 tar-

2299 2284 2434 2341 tara,
2466 2288 2574 2344 quo
2597 2272 2802 2344 perdita
2835 2272 3169 2341 restitueret,
3196 2287 3305 2328 non
3332 2272 3592 2328 instituta
3620 2272 3866 2342 deperde-

2299 2376 2403 2421 ret.
2451 2365 2698 2437 Cumque
2741 2365 2865 2420 talia
2894 2376 3185 2421 cernerent
3238 2366 3466 2423 evenire
3503 2365 3766 2436 pericula,
3792 2368 3866 2437 qui

2304 2462 2587 2519 Dominum
2614 2463 2768 2547 ligno
2791 2464 2968 2519 crucis
2999 2462 3288 2521 altixerant
3306 2509 3321 2535 ,
3349 2480 3703 2539 nequaquam
3727 2482 3866 2537 expa-

2099 2620 2419 2678 SCHOLIA.

635 2743 770 2799 (erit.
812 2740 964 2808 Ald.,
1004 2738 1139 2812 Reg.
1179 2741 1236 2813 5,
1282 2740 1517 2813 replevit.
1557 2740 1724 2813 Prosa
1767 2749 1947 2799 tuetur
1983 2741 2181 2812 infecit.

635 2759 770 2799 ιευιι.
812 2759 964 2808 Αια.,
1007 2759 1139 2812 neg.
1179 2759 1236 2806 ἰ),
1282 2759 1517 2813 repletur.
1560 2759 1724 2796 l’l'OSR
1767 2759 1947 2799 tuetur
1983 2759 2181 2812 mrem.

595 2759 729 2869 East
768 2814 913 2867 hunc
943 2827 1160 2867 versum
1202 2811 1335 2882 Reg.
1367 2817 1420 2877 5,
1447 2811 1598 2877 Alil.,
1630 2811 1819 2878 Fabr.,
1849 2813 2058 2868 addunt
2084 2814 2186 2869 hos

598 2897 709 2940 tres
735 2902 749 2939 :
780 2884 913 2938 Tota
941 2883 1035 2937 sibi
1061 2884 1355 2954 appositum
1380 2885 1593 2951 fratrem
1619 2885 1756 2955 quod
1779 2884 1933 2938 Delia
1955 2883 2183 2953 haberet,

593 2956 794 3011 —Cum
814 2957 1022 3010 suberat
1048 2956 1218 3020 terris,
1242 2970 1396 3026 super
1420 2955 1511 3009 ille
1530 2956 1586 3009 in
1612 2956 1837 3010 culmine
1863 2955 2188 3023 caeli,-—Im-

598 3030 685 3097 pia
716 3038 1017 3095 perpetuam
1042 3028 1319 3081 timuerunt
1347 3026 1537 3080 siccata
1563 3037 1781 3082 noctem.
1808 3026 2066 3082 Nonnulli
2085 3038 2185 3098 pro

595 3115 749 3168 super
782 3099 873 3152 ille
897 3097 1158 3152 exhibent
1186 3112 1372 3168 supera
1410 3098 1517 3153 ille.
1557 3097 1811 3168 Plerique
1846 3099 1979 3153 editi
2021 3097 2184 3152 amit-

601 3161 719 3224 tuiit
740 3169 839 3221 hos
871 3182 1083 3239 versus,
1112 3161 1276 3239 etiam
1309 3167 1651 3233 Parrhasius,
1683 3161 1771 3223 cui
1800 3170 1933 3223 falso
1964 3183 2062 3224 eos
2093 3169 2192 3223 im-
2218 3161 2262 3221 C
2367 3171 2493 3225 ΞΗ».
2530 3171 2690 3236 υιι).,
2721 3180 2839 3224 atra
2865 3169 3114 3239 sepulcri,
3138 3171 3283 3239 quod
3312 3169 3444 3226 ferri

597 3248 749 3309 pttlal
778 3236 1121 3294 Arntzenins.
1147 3236 1476 3309 Msssnostri
1501 3253 1712 3305 omnes,
1740 3248 1835 3294 aut
1858 3239 1974 3295 fere
2000 3255 2189 3295 omnes

598 3307 693 3366 eos
725 3313 979 3376 ignorant
1009 3328 1021 3363 :
1057 3323 1179 3363 nam
1203 3307 1374 3364 codex
1408 3309 1538 3378 Reg.
1573 3309 1636 3378 5,
1668 3322 1728 3364 ut
1758 3311 1885 3366 alibi
1919 3310 2053 3375 dixi,
2089 3312 2187 3367 de-

598 3382 837 3447 scriptus
868 3394 931 3433 ex
976 3380 1218 3435 editione
1256 3378 1378 3435 Aldi
1415 3378 1649 3436 videtur.
1700 3381 1901 3437 Desunt
1935 3383 2097 3437 etiam
2133 3383 2189 3437 in

600 3452 739 3523 Aug.
786 3451 972 3507 codice
995 3492 1009 3517 ,
1047 3460 1101 3504 et
1130 3450 1183 3504 in
1214 3449 1468 3523 Albania.
1508 3452 1565 3506 In
1593 3469 1694 3506 ius.
1727 3453 1929 3507 Barthii
1963 3452 2190 3509 deerant

599 3522 707 3578 duo
730 3524 885 3594 primi
917 3538 1133 3587 versus,
1165 3522 1353 3594 aderat
1375 3525 1587 3588 tertius,
1620 3523 1712 3589 qui
1742 3539 1806 3594 ex
1843 3523 2074 3594 Virgilio
2094 3525 2189 3580 de-

598 3593 883 3668 promptus
909 3605 991 3649 est
1017 3593 1216 3668 Georg.
1244 3593 1280 3646 l.
1315 3610 1351 3655 i.
1384 3609 1526 3668 vers.
1560 3598 1666 3668 .463
1697 3613 1708 3647 :
1744 3593 2019 3668 Impiaque
2042 3606 2188 3650 aeter-

598 3665 717 3720 nam
740 3667 1014 3722 timuerunt
1038 3665 1227 3720 sarcula
1252 3677 1469 3720 noctem.
1492 3666 1738 3721 Barthius
1761 3667 1797 3721 l.
1823 3681 1908 3721 ων
1930 3665 2185 3737 Advers,

597 3751 646 3791 c.
682 3739 735 3805 7,
766 3738 902 3792 duos
929 3738 1138 3806 primos
1164 3750 1358 3791 versus
1378 3753 1488 3791 non
1517 3751 1639 3793 esse
1658 3737 1864 3793 Sedulii
1892 3739 1991 3801 ait,
2023 3738 2188 3793 immo

599 3820 786 3864 contra
811 3808 1134 3863 sententiam
1159 3821 1283 3863 esse
1302 3849 1316 3872 ,
1350 3823 1455 3863 non
1476 3810 1621 3863 enim
1646 3810 1981 3863 naturalibus
2007 3811 2188 3865 causis

602 3880 739 3934 hanc
778 3879 1003 3949 eclipsin
1058 3878 1248 3933 tribuit
1292 3879 1570 3935 Sedulius.
1633 3879 1834 3935 Verum
1877 3880 1929 3935 hi
1972 3897 2183 3949 versus,

598 3952 990 4021 cujuscumque
1011 3949 1223 4004 tandem
1247 3951 1375 4011 sint,
1398 3951 1671 4005 naturales
1693 3966 1887 4005 causas
1912 3952 1981 4005 ab
2000 3952 2185 4018 eclipsi

599 4024 920 4078 excludunt:
953 4037 1057 4076 non
1082 4022 1226 4076 enim
1256 4021 1337 4075 sol
1361 4022 1538 4075 deﬁcit
1564 4024 1615 4074 in
1639 4022 1958 4091 plcniiuuio,
1991 4032 2185 4077 etcum

603 4093 728 4148 luna
765 4094 952 4148 subs‘St
994 4093 1181 4164 terris,
1226 4107 1288 4146 ac
1317 4092 1486 4147 80'0"!
1522 4093 1625 4148 Sibi
1657 4103 1963 4164 oppositum
2004 4094 2183 4158 habet,

601 4167 695 4219 seil
727 4181 848 4221 cum
893 4167 1036 4219 inter
1082 4163 1252 4217 solem
1304 4172 1359 4217 et
1398 4175 1595 4219 terram
1630 4166 1872 4233 ponitur.
1913 4165 1994 4219 Eo
2026 4166 2187 4234 igitur

603 4238 772 4306 magis
802 4236 1002 4290 szecula
1039 4234 1200 4302 impia
1236 4246 1550 4304 perpetuam
1600 4246 1812 4291 noctein
1857 4236 2183 4304 timuerunt,

600 4307 725 4374 quia
755 4306 976 4376 eclipsis
999 4307 1136 4359 solis
1167 4307 1220 4360 in
1252 4308 1548 4376 plenilunio
1579 4309 1825 4372 contigit.
1860 4306 2188 4363 Nebrissen-

602 4379 699 4441 sis,
734 4378 825 4448 qui
848 4393 944 4434 eos
973 4392 1165 4432 versus
1199 4378 1318 4448 legit
1345 4420 1358 4440 ,
1401 4378 1467 4432 ad
1500 4380 1662 4433 verba
1689 4378 1894 4432 suberat
1925 4380 2079 4432 terris
2108 4380 2189 4434 sic

599 4452 826 4516 exponit
858 4471 869 4503 :
915 4449 1051 4518 Quia
1079 4451 1122 4501 si
1155 4458 1281 4503 tunc
1312 4450 1468 4518 plena
1500 4461 1614 4506 erat
1641 4452 1785 4517 luna,
1819 4449 2071 4504 videlicet
2099 4450 2189 4506 die

603 4521 669 4575 it
694 4522 917 4603 mensis,
935 4536 1158 4603 necesse
1176 4536 1393 4603 quoque
1419 4523 1536 4583 t‘uit,
1557 4522 1728 4603 solem
1754 4524 1882 4603 liora
1906 4520 2016 4603 diei
2034 4530 2183 4576 sexta
2213 4542 2266 4603 Β

600 4607 719 4663 esse
749 4595 799 4648 in
827 4594 1067 4648 culmine
1094 4596 1238 4657 creti,
1267 4602 1322 4645 et
1347 4593 1529 4646 lunam
1564 4594 1614 4646 in
1643 4594 1841 4663 angulo
1866 4593 2043 4663 noctis
2070 4607 2186 4647 nte-

601 4662 724 4717 dire.
756 4666 972 4719 Minime
1000 4677 1130 4719 vero
1162 4671 1310 4731 puto.
1344 4678 1437 4716 eos
1466 4677 1659 4719 versus
1680 4661 1883 4717 sedulii
1905 4677 2050 4727 esse,
2076 4679 2183 4718 non

600 4734 776 4804 solum
800 4737 921 4804 quia
953 4752 983 4789 a
1014 4748 1144 4789 mss.
1190 4742 1243 4789 et
1276 4748 1436 4802 prosa
1472 4734 1703 4798 absunt,
1747 4732 1844 4786 sed
1872 4733 2037 4788 etiam
2057 4736 2183 4804 quia

600 4801 854 4859 Sedulius
895 4823 1003 4859 non
1044 4806 1186 4861 solet
1230 4801 1475 4860 fabulosa
1514 4806 1731 4859 nomina
1775 4801 2186 4861 usurpari-{De

600 4876 764 4930 tertio
793 4893 950 4931 versu
976 4876 1151 4945 Impia
1180 4877 1390 4931 dubitat
1423 4876 1749 4932 Arutzcnius
1786 4875 1837 4929 in
1881 4875 2181 4932 Miscellan.

598 4961 720 5015 cap.
752 4949 840 5013 ili,
881 4956 935 5001 et
960 4948 1284 5018 auspicatur,
1338 4948 1691 5003 inserendum
1720 4961 1842 5002 esse
1880 4961 2000 5018 pOSt
2041 4949 2185 5006 hunc

598 5032 820 5075 versum
851 5018 980 5083 256,
1015 5017 1248 5072 Delituit.

667 5090 795 5145 237.
855 5091 989 5145 Cod.
1040 5088 1267 5161 Barthii.
1323 5089 1540 5145 schedte
1586 5090 1819 5158 Poelm.,
1868 5100 2182 5161 metuerant,

518 5224 525 5231 ρ
594 5175 756 5228 quam
782 5164 1105 5231 scripturam
1138 5159 1376 5215 defendit
1408 5161 1679 5217 Barthius.
1712 5161 1769 5217 In
1795 5176 1956 5230 prosa
1979 5174 2061 5227 est
2088 5159 2185 5217 me-

592 5244 808 5311 ruerunt
831 5233 1222 5311 :Aitaﬂetiamin
1253 5234 1527 5311 plerisque
1557 5248 1715 5311 mss,
1741 5234 1833 5311 sed
1856 5236 1914 5311 in
1934 5233 2095 5311 0tt._i
2129 5243 2184 5291 et

593 5304 645 5375 in
681 5307 814 5375 Reg.
851 5306 875 5359 1
910 5303 1054 5360 aliud
1093 5306 1241 5373 prius
1273 5303 1455 5359 fuerat
1480 5308 1758 5374 scriptum.
1793 5305 1851 5360 lu
1883 5306 2011 5369 Reg.
2043 5307 2099 5370 ‘2,
2128 5315 2184 5361 et

530 5418 537 5430 ,
592 5374 703 5430 Ott.
738 5374 792 5437 ἓξ,
832 5378 1111 5439 merebant,
1136 5377 1226 5447 vel
1265 5376 1561 5444 maerebant,
1593 5377 1687 5431 δρᾶ
1717 5378 1768 5430 in
1804 5376 1935 5447 Reg.
1969 5376 2005 5430 2
2034 5377 2177 5432 aliud

588 5447 707 5502 fuit.
749 5447 1001 5503 Fortasse
1040 5446 1296 5503 Sedulius
1332 5448 1505 5502 voluit
1545 5446 2067 5516 nueruerunt,’quod
2108 5450 2181 5504 sit

584 5519 926 5590 trisyllabum
959 5534 1056 5589 per
1082 5518 1378 5590 synmresin
1407 5535 1420 5571 :
1455 5519 1558 5574 hoc
1582 5520 1838 5588 exprimit
1864 5533 2031 5590 supra
2052 5536 2174 5575 ver-

584 5588 713 5643 bum
740 5588 1053 5657 tristemque,
1087 5588 1141 5645 et
1171 5606 1292 5644 mox
1327 5591 1512 5645 Hasta
1539 5607 1628 5658 per
1649 5606 1907 5644 occasum.
1942 5589 2169 5646 Pri-scia-

583 5671 685 5711 nus
714 5659 753 5713 ι.
782 5674 876 5713 vui
901 5661 1008 5724 ait,
1053 5664 1105 5715 in
1140 5676 1242 5715 usu
1274 5677 1379 5716 non
1409 5676 1533 5716 esse
1563 5662 1899 5727 prmtcritum
1931 5663 2111 5716 alterni
2137 5677 2168 5717 a

583 5740 791 5793 marco,
820 5744 996 5787 maeres
1028 5746 1044 5783 :
1074 5732 1167 5793 sed
1191 5745 1298 5791 non
1328 5732 1493 5786 valde
1516 5730 1569 5785 id
1594 5729 1796 5793 morari
1822 5747 1921 5785 nos
1945 5732 2168 5790 deberet

2295 2743 2346 2796 in
2382 2742 2625 2798 Sedulio.
2673 2741 2884 2799 Interea
2929 2757 3228 2814 sequamur
3266 2743 3514 2814 codicem
3545 2743 3754 2801 Barthii
3778 2760 3867 2799 au-

2292 2823 2523 2877 tuerunt,
2554 2830 2660 2869 non
2685 2824 2866 2869 tamen
2886 2812 3569 2882 eiusinterpretationem,
3601 2825 3867 2869 nutrierunt

2293 2901 2499 2941 cernere
2526 2886 2721 2940 vultum
2757 2885 2949 2940 Christi
2984 2888 3267 2951 morientis,
3312 2889 3408 2942 sed
3450 2889 3629 2954 potius
3669 2888 3864 2952 Vultum,

2295 2972 2391 3013 seu
2421 2958 2610 3013 faciem
2634 2958 2798 3021 orbis,
2826 2958 3038 3027 eclipsi,
3067 2969 3116 3011 et
3146 2958 3382 3013 luctibus
3407 2960 3598 3013 tristis.

2364 3030 2490 3103 23S.
2518 3028 2638 3085 Vet.
2671 3029 2721 3103 i,
2751 3029 2988 3097 (telaque,
3018 3031 3229 3100 Corrige
3271 3028 3468 3086 lwtata.
3504 3032 3561 3085 In
3596 3030 3732 3103 Reg.
3767 3030 3864 3085 lex

2296 3100 2417 3154 ((Pta
2446 3100 2644 3154 factum
2679 3101 2873 3154 la’tata.

3547 3181 3661 3228 ιεει
3672 3212 3685 3225 .

2366 3242 2517 3313 Ξίὸε
2544 3244 2734 3306 Aldus,
2776 3240 2986 3313 71'8er
3015 3252 3208 3297 motum
3260 3240 3574 3313 horrendum
3624 3245 3785 3313 fuisse
3822 3243 3864 3295 in

2240 3338 2247 3345 -
2295 3324 2455 3381 morte
2485 3311 2718 3367 Domini.
2744 3312 2914 3381 Meus,
2943 3311 3108 3366 Terra
3138 3315 3367 3367 tremuit.
3395 3311 3634 3370 Schedai
3657 3316 3861 3380 Poelm,

2294 3385 2420 3440 Non
2449 3377 2644 3450 tellus;
2684 3377 2909 3449 melius,
2953 3382 3064 3438 Nec
3094 3383 3269 3438 tellus.
3304 3385 3501 3440 Varius
3543 3402 3687 3441 usus
3730 3377 3862 3453 hujus

2291 3457 2509 3528 phrasis
2539 3460 2648 3510 sine
2673 3455 2825 3510 clade
2850 3456 3128 3510 observari
3163 3465 3340 3524 potest
3381 3457 3436 3511 in
3485 3457 3673 3513 indice
3700 3456 3862 3512 verbo-

2295 3527 2413 3582 rum
2447 3527 2752 3582 Dracontii.

2362 3598 2489 3652 247.
2540 3598 2793 3653 Barthius
2829 3599 3067 3652 malebat
3113 3597 3309 3653 obitum
3356 3614 3457 3668 pro
3500 3597 3862 3654 malisamab-

2290 3679 2436 3725 stant
2466 3680 2682 3724 veteres
2722 3670 2862 3724 libri.
2898 3669 3091 3724 Modus
3133 3683 3427 3738 supremus
3468 3679 3555 3726 est
3602 3672 3726 3726 linis
3761 3668 3861 3723 ulti-

2291 3755 2433 3862 :lnubs,
2468 3755 2564 3796 seu
2596 3740 2864 3796 terminus
2894 3754 3183 3795 mensum.
3231 3740 3289 3795 In
3333 3754 3495 3811 prosa
3540 3752 3630 3797 est
3672 3742 3860 3796 termino

2331 3828 2361 3862 ll
2400 3828 2468 3862 ιο.

2331 3813 2468 3867 ubi».

2358 3881 2486 3937 $50.
2524 3882 2641 3936 Vat.
2672 3883 2697 3936 i
2735 3882 2873 3936 male
2900 3882 3123 3953 trajicit,
3154 3882 3304 3953 prius
3333 3883 3552 3939 Perdita
3575 3926 3591 3948 ,
3636 3892 3742 3938 tum
3769 3881 3860 3936 Sed

2292 3953 2475 4022 pietas.
2508 3952 2946 4028 Plrrasiportii-a
2978 3952 3182 4028 umbras
3211 3971 3369 4028 vagas
3398 3962 3559 4009 vocat
3592 3954 3856 4028 defuncto-

2291 4039 2411 4096 rum
2442 4025 2671 4096 animas.
2706 4024 2819 4078 Non
2861 4039 2992 4092 ergo
3033 4024 3507 4096 dubitari'potest.
3538 4027 3673 4096 quin
3709 4024 3861 4096 Seda-

2290 4095 2395 4150 lius
2421 4095 2621 4149 Christi
2652 4096 2977 4150 descensum
3009 4096 3074 4149 ad
3108 4095 3314 4152 inferos
3338 4099 3484 4151 clare
3521 4095 3751 4151 astruat.
3774 4095 3861 4149 Ne-

2292 4165 2588 4239 brisseusis
2609 4169 2702 4239 ait,
2727 4168 2948 4221 umbras
2975 4168 3156 4239 vocari
3184 4182 3370 4238 vagas,
3402 4169 3529 4239 quia
3571 4179 3746 4238 poeta:
3771 4166 3859 4220 ttu-

2289 4238 2524 4306 gehant,
2569 4238 2779 4292 anilitas
2832 4253 2928 4307 per
2974 4238 3179 4293 inferos
3216 4238 3681 4309 vagari.Rectins
3714 4246 3858 4308 puto.

2288 4308 2499 4380 animas
2525 4308 2630 4362 dici
2656 4326 2831 4380 vagas.
2864 4310 3016 4380 quasi
3051 4308 3331 4380 vagantes,
3368 4321 3419 4365 et
3452 4319 3703 4366 errantes
3730 4324 3757 4361 a
3788 4320 3861 4376 pa-

2291 4379 2395 4452 tria
2415 4381 2631 4452 ccclesti
2646 4398 2658 4433 :
2674 4379 2814 4452 quod
2829 4380 3007 4435 innuit
3019 4379 3164 4435 vers.
3180 4397 3299 4452 seq.
3311 4428 3325 4448 ,
3343 4380 3857 4437 Perditarestituem.

2360 4451 2486 4504 ⁸251.
2523 4451 2651 4521 Reg.
2697 4451 2766 4513 5,
2800 4452 2953 4516 Urb.,
2990 4453 3157 4520 Meus,
3190 4451 3375 4516 nam.
3410 4454 3559 4518 Min,
3608 4452 3752 4516 Alit,
3784 4464 3860 4503 nec

2293 4535 2391 4588 pro
2416 4538 2540 4575 non.
2575 4524 2898 4578 Artttttenius
2928 4523 3222 4579 Parrhasio
3262 4527 3507 4580 tribuere
3554 4524 3769 4578 videtur
3792 4538 3861 4574 rev

2290 4593 2529 4659 stituens,
2574 4595 2663 4647 sed
2690 4610 2790 4647 non
2814 4595 3167 4660 consistentia,
3194 4596 3339 4663 quod
3365 4596 3660 4664 pessimum
3694 4594 3820 4647 dicit
3845 4608 3857 4641 :

2291 4673 2348 4716 et
2376 4680 2563 4719 revera
2593 4668 2775 4720 obstat
2824 4666 2905 4720 lex
2949 4666 3130 4719 metri.
3168 4667 3237 4721 At
3266 4666 3591 4721 Parrhasius
3635 4665 3734 4719 levi
3761 4664 3860 4717 diu

2291 4734 2520 4790 crimine
2564 4756 2591 4787 a
2638 4736 2856 4791 caeteris
2902 4736 3121 4791 exhibet
3161 4740 3435 4792 restituens
3456 4780 3469 4796 .
3500 4738 3591 4793 sed
3620 4753 3720 4790 non
3749 4750 3857 4787 cort-

2291 4807 2480 4860 stantia
2510 4811 2749 4875 perdens,
2783 4809 2837 4861 h.
2888 4825 2964 4874 e.,
2999 4824 3107 4863 non
3135 4809 3369 4876 perdens
3397 4808 3725 4871 constantia,
3758 4806 3859 4876 sire

2291 4881 2668 4933 Consisteutia.
2715 4877 3012 4946 Cellarius,
3054 4889 3115 4933 et
3150 4879 3289 4950 Wtrp

2292 4960 2440 5016 sunt,
2469 4959 2742 5019 putantes,
2787 4950 2991 5006 Sedulii
3040 4962 3283 5005 mentem
3327 4965 3465 5017 esse,

2293 5022 2644 5083 consistentia,
2682 5021 2735 5075 b.
2770 5037 2846 5082 θη
2870 5021 3121 5087 erimina,
3165 5037 3252 5086 ea,
3290 5038 3410 5091 quas
3442 5042 3469 5074 κ

2293 5092 2502 5157 διίιηιτι,
2532 5103 2816 5147 autcreata
2835 5104 2980 5147 sunt.
3010 5092 3175 5146 Aliud
3194 5093 3281 5147 hic
3310 5089 3419 5162 agit
3440 5093 3689 5162 Sedulius
3719 5108 3732 5140 :
3768 5089 3860 5142 Ex-

2286 5166 2435 5235 pavit
2457 5176 2667 5231 natnra,
2703 5179 2768 5218 ne
2797 5164 3033 5219 nmndus
3062 5165 3286 5232 periret.
3317 5161 3549 5235 Reponit
3576 5161 3854 5235 Sedulius:

2285 5232 2537 5289 Christus
2575 5236 2638 5289 ad
2673 5243 2870 5288 tartara
2905 5235 3265 5304 properabat,
3302 5232 3415 5290 non
3455 5245 3517 5289 ut
3565 5233 3852 5293 mundum,

2284 5317 2338 5361 et
2367 5322 2427 5361 ea
2457 5347 2472 5371 ,
2505 5321 2626 5431 (ltum
2653 5308 3050 5373 consistebant,
3084 5307 3365 5377 perderet,
3398 5306 3495 5362 sed
3523 5316 3582 5361 ut
3610 5304 3854 5359 restitui--

2284 5388 2363 5431 ret
2397 5394 2516 5431 DQl‘t
2541 5389 2633 5431 ita.

2281 5388 2363 5431 ret
2397 5379 2633 5432 nertlita.

2497 5394 2676 5513 (iiiis,
2711 5450 2868 5520 Areto
2885 5456 3114 5520 potatur.
3144 5449 3295 5515 Ald.,
3339 5452 3554 5503 Acetum
3578 5454 3855 5520 porrectum

2280 5521 2474 5575 sitienti
2511 5519 2757 5574 Domino.
2782 5519 2907 5575 Vat.
2957 5521 3007 5584 τ,
3036 5521 3350 5586 timuerant;
3382 5521 3496 5583 alii,
3546 5522 3853 5579 uulnerant,

2277 5606 2385 5661 quo
2414 5600 2664 5661 spectant
2694 5592 2895 5646 menda
2937 5591 2990 5646 in
3020 5591 3178 5647 Rom.
3213 5600 3531 5658 meruerunt,
3572 5599 3625 5648 et
3652 5590 3711 5643 in
3742 5598 3853 5642 meo

2276 5661 2465 5718 codice
2484 5673 2804 5719 mutuarum.

2345 5732 2471 5790 355.
2507 5736 2642 5805 Reg.
2672 5737 2725 5802 l,
2757 5736 2880 5804 qui;
2909 5744 3062 5792 recte
3089 5733 3292 5790 factum
3321 5735 3469 5813 quin.

3292 4879 3520 4934 kensius
3561 4874 3860 4934 hailucinati

3547 4952 3731 5005 erdem
3767 4961 3859 5027 non

3594 5042 3609 5070 ι
3650 5033 3858 5073 nonin-
