4082 6188
278 256 389 315 7ιῦ

1577 476 1804 549 [gasset,

421 563 557 621 Cum
579 561 791 621 foribus
826 564 1027 623 clausis
1055 566 1324 626 resideret
1354 570 1510 627 turba
1536 570 1731 637 ﬁdelis,

421 656 568 713 Pace
595 658 887 717 salutantis
916 675 1042 718 sese
1073 663 1278 732 intulit,
1309 674 1470 737 atque
1500 666 1701 722 foratas

421 751 585 826 353
622 752 936 825 Expediens
974 756 1213 828 palmas,
1254 758 1423 816 nudat
1450 759 1630 817 latus:
1674 767 1759 817 ast
1802 759 1877 816 ibi

1508 854 1767 929 [Thomas
1783 901 1797 925 ,

415 938 518 996 Cui
542 940 805 1015 Didymus
830 957 1135 1015 cognomen
1162 957 1300 1016 erat,
1329 963 1449 1004 cum
1479 949 1736 1005 fratribus
1765 964 1872 1005 una

273 1031 380 1090 580
416 1032 534 1089 Non
562 1033 760 1104 fuerat,
783 1035 1116 1111 dubiamque
1140 1039 1301 1097 ﬁdem
1323 1043 1424 1098 sub
1445 1043 1609 1098 corde
1628 1044 1875 1114 gerebat.

418 1128 605 1207 Donec
634 1146 850 1201 rursus,
882 1148 950 1189 eo
976 1135 1180 1205 pariter
1208 1137 1505 1208 residente,
1536 1138 1766 1202 veniret.

417 1221 519 1287 Qui
577 1237 872 1294 numquam
932 1224 1249 1283 subtractus
1296 1238 1436 1284 erat.
1494 1228 1645 1285 Tunc
1694 1230 1880 1286 limine

1598 1322 1810 1395 [clauso

1439 259 1724 325 CARMEN
1761 261 2144 326 PASCHALE.
2186 262 2317 321 LIB.
2360 264 2427 321 ν.

273 371 385 429 575
425 369 612 428 Plebis
667 372 1021 443 apostaticae,
1074 374 1365 435 Dominum
1422 395 1547 451 qua:
1598 396 1739 437 circa
1787 397 1885 438 ne-
1907 396 1962 458 Α

3474 266 3580 324 716

2132 380 2391 436 Constitit
2417 379 2471 434 in
2500 375 2702 445 medio,
2735 391 2845 432 non
2875 376 3194 449 dedignatus
3228 390 3477 448 apertum

2127 473 2404 543 Discipulo
2431 479 2744 527 monstrare
2776 471 2941 538 latus,
2973 480 3228 542 tactuque
3256 473 3476 544 probari

1979 567 2085 624 585
2124 565 2403 629 Vulneris.
2436 573 2493 620 et
2517 576 2755 621 mentem
2788 566 3058 636 patienter
3078 566 3221 622 ferre
3253 568 3508 623 labantis.

2122 660 2351 731 Agnitus
2382 657 2510 713 hinc
2540 656 2747 728 potius,
2779 656 2927 729 quod
2977 659 3050 714 sit
3103 659 3403 714 dubitantis
3452 661 3587 716 ami-

3360 757 3510 830 [cus.

2121 852 2377 926 Quisquis
2420 853 2567 910 enim
2607 852 2848 909 artifices
2876 866 3020 909 caeca
3047 852 3151 908 sub
3179 851 3413 923 imagine
3444 851 3590 907 frau-

3375 945 3392 1018 [
3418 944 3517 1000 des

2125 1039 2290 1114 355.
2325 1039 2574 1111 Instruit,
2604 1050 2664 1097 et
2699 1054 2869 1096 vanas
2896 1040 3043 1111 cupit
3072 1054 3330 1096 exercere
3361 1038 3587 1110 figuras,

2125 1137 2245 1191 Non
2276 1137 2392 1191 vult
2415 1138 2660 1207 agnosci,
2696 1152 2805 1192 non
2830 1135 2965 1200 vult,
2997 1150 3092 1190 sua
3125 1134 3260 1189 facta
3288 1134 3515 1202 requiri,

1985 1230 2090 1288 590
2127 1230 2199 1288 Ut
2224 1232 2430 1286 lateant
2454 1232 2554 1287 sub
2582 1231 2725 1287 nube
2772 1230 2906 1297 doli,
2938 1229 3250 1299 nebulaque
3294 1227 3588 1285 recludens

2130 1324 2348 1393 Omnia,
2379 1325 2644 1380 sollicitos
2675 1323 2793 1379 odit
2831 1323 3119 1379 simulator
3146 1322 3371 1378 amicos.

1626 1439 1807 1498 OPUS
1848 1439 2235 1498 PASCHALE.

270 1567 394 1624 qua:
444 1551 729 1609 Dominum
783 1568 930 1625 saepe
978 1564 1303 1627 negaverat,
1335 1556 1629 1613 violentam
1656 1566 1681 1593 ει
1714 1557 1880 1612 susti-
1986 1556 2227 1612 immotis
2254 1569 2313 1611 se
2341 1555 2521 1610 denuo
2564 1553 2771 1609 foribus
2817 1561 3135 1625 praesentat,
3165 1553 3259 1624 qui
3291 1566 3589 1621 numquam

270 1662 404 1703 nere
452 1649 740 1717 saevitiam,
775 1650 977 1706 clausis
1018 1651 1214 1708 domus
1273 1650 1453 1721 jzinuis
1497 1660 1880 1720 permanerent
1983 1648 2304 1719 spiritaliter
2342 1647 2411 1703 ab
2452 1646 2587 1716 ipsis
2630 1647 2989 1713 abscesserat,
3024 1660 3317 1717 coramque
3373 1648 3588 1701 cunctis

272 1741 785 1816 obstrusis,asmns
816 1743 1025 1800 foribus
1057 1745 1409 1816 improvisus,
1440 1760 1625 1814 pacem
1656 1745 1878 1799 cunctis
1981 1745 2130 1797 visus
2163 1742 2215 1796 in
2251 1740 2454 1807 medio,
2502 1754 2610 1794 non
2644 1738 2973 1807 dedignatur
3013 1755 3220 1794 morem
3261 1755 3449 1809 gerere
3475 1748 3588 1793 tre-

271 1830 424 1887 dedit
453 1814 788 1891 salutatione
816 1836 1106 1903 sermonis,
1138 1814 1212 1891 ut
1263 1836 1485 1893 afflictis
1513 1838 1875 1925 laetitiam‘tri.
1905 1873 1954 1933 Β
1981 1834 2187 1906 pidauti
2219 1832 2492 1903 discipulo
2524 1849 2538 1885 :
2587 1831 2904 1919 palmisque
2943 1847 3155 1896 rursus,
3190 1841 3247 1887 et
3289 1833 3460 1886 latere
3489 1833 3589 1886 de-

269 1922 444 1980 buens
502 1926 872 1995 repentinam,
914 1928 1059 1999 quod
1099 1929 1427 2003 prophetica
1456 1945 1589 1985 voce
1620 1922 1872 2001 signave-

267 2027 378 2081 rat,
407 2020 762 2090 approbaret,
803 2021 928 2092 quia
982 2039 1073 2077 cor
1122 2024 1408 2077 contritum
1461 2034 1509 2079 et
1538 2026 1876 2079 humiliatum

267 2106 533 2164 Dominus
562 2127 662 2165 non
689 2112 963 2182 relinquet.
994 2111 1225 2183 Moxque
1255 2129 1454 2169 manus
1507 2117 1721 2186 aperuit
1752 2131 1878 2186 per-

265 2200 476 2257 foratas
506 2244 522 2269 ,
572 2203 782 2274 plagam
824 2204 983 2260 lateri
1032 2206 1254 2262 nudavit
1305 2208 1550 2275 infixam,
1592 2225 1660 2265 ne
1699 2209 1871 2279 phan-

268 2302 445 2350 tasma
469 2295 783 2364 crederent,
810 2298 855 2352 si
888 2298 1176 2356 vulnerum
1225 2300 1425 2355 indicia
1454 2317 1563 2356 non
1603 2301 1872 2357 viderent.

266 2386 541 2455 Quoniam
574 2404 705 2444 vero
731 2388 971 2446 Thomas
1011 2408 1167 2463 aeque
1194 2392 1543 2449 venerandus
1565 2394 1864 2463 apostolus,

265 2494 433 2549 quem
462 2480 751 2552 Didymum
782 2483 1048 2539 vocabulo
1072 2496 1406 2557 nuncupant,
1427 2486 1504 2541 ibi
1525 2502 1631 2542 non
1662 2486 1867 2552 aderat,

269 2579 329 2627 et
369 2572 503 2627 talia
534 2573 700 2629 sociis
732 2574 1099 2634 referentibus
1127 2593 1237 2634 non
1268 2578 1528 2635 credebat
1554 2596 1568 2633 :
1600 2593 1731 2635 ecce
1758 2579 1867 2635 Do-

272 2666 483 2738 minus,
517 2667 709 2726 eodem
737 2671 1085 2742 postmodum
1116 2672 1392 2730 residente
1431 2689 1557 2731 cum
1588 2673 1869 2741 fratribus,

1986 1924 2326 1990 monstratis,
2379 1932 2525 1979 tactu
2558 1924 2841 1978 vulnerum
2877 1912 3081 1991 patitur
3110 1939 3168 1978 se
3192 1924 3440 1994 probari.
3475 1939 3588 1977 ma-

1977 2020 2062 2092 gis
2092 2018 2221 2073 hinc
2242 2017 2481 2088 agnitus,
2510 2016 2653 2087 quod
2686 2016 2805 2085 ipse
2861 2015 2935 2070 sit
2960 2015 3234 2081 Christus,
3284 2016 3375 2087 qui
3422 2016 3585 2071 dubi-

1982 2112 2147 2166 tantis
2174 2110 2410 2165 animam
2445 2110 2654 2180 placida
2686 2108 2820 2164 fovit
2843 2109 3067 2163 lenitate
3091 2118 3400 2180 susceptam
3431 2110 3594 2178 Quis-

1979 2205 2099 2274 quis
2129 2203 2275 2259 enim
2306 2201 2464 2256 dolos
2510 2200 2741 2256 artificis
2775 2215 2919 2255 ca‘ca
2972 2200 3074 2255 sub
3106 2201 3343 2271 imagine
3378 2202 3590 2257 fraudis

1980 2305 2220 2367 exercet,
2241 2310 2518 2365 vanasque
2549 2294 2799 2362 nebulas,
2831 2303 2886 2349 et
2907 2293 3109 2365 figuras
3140 2294 3208 2349 ad
3240 2295 3591 2365 decipiendas
3684 2288 3690 2293 ’

1978 2389 2205 2445 instruit
2227 2398 2447 2444 mentes
2470 2388 2743 2453 incautas,
2779 2402 2887 2442 non
2919 2388 3062 2455 vult,
3094 2404 3189 2444 sua
3221 2389 3355 2443 facta
3390 2406 3595 2460 cogno-

1979 2486 2081 2553 sci,
2115 2483 2259 2556 quod
2288 2484 2456 2538 lateat
2500 2482 2604 2539 sub
2648 2480 2810 2537 nubis
2837 2480 3157 2538 velamento
3195 2482 3431 2549 fallacis,
3463 2498 3595 2539 ocu-

1979 2577 2172 2648 losque
2201 2576 2524 2646 compositis
2579 2576 2816 2630 miseros
2846 2575 3159 2630 simulacris
3189 2575 3447 2641 illudens,
3474 2576 3591 2632 odit

1979 2670 2269 2739 sollicitos,
2303 2670 2351 2724 si
2395 2666 2744 2740 deprehendi
2767 2668 3019 2738 cmperit,
3053 2676 3109 2724 et
3160 2668 3369 2724 amicos
3396 2667 3447 2722 ιι.
3478 2667 3589 2725 Do—

1764 2808 2056 2869 SCHOLIA
2066 2850 2079 2864 .

343 2920 563 3001 ωδε-1η
589 2922 725 2995 Reg.
757 2923 814 3001 1,
839 2932 897 3001 et
916 2925 1028 2982 Ott.
1058 2929 1111 3001 1,
1143 2942 1244 2998 pro
1264 2929 1572 2999 apostaticte
1597 2928 1751 3000 prius
1770 2927 1867 2985 fuit
1893 2928 1941 2994 C
1971 2928 2151 3001 etiam,
2177 2928 2440 2998 scriptum
2474 2928 2651 3001 fuisse
2689 2926 2927 3001 in_Reg.
2957 2926 3015 2983 2.
3046 2928 3415 3001 Correctiogin
3448 2930 3582 3001 Reg.

266 2994 598 3064 apostolicae,
629 2994 775 3063 quod
802 2997 1019 3053 videtur
1041 2994 1206 3054 etiam
1234 2994 1357 3056 esse
1388 3003 1441 3056 in
1489 2994 1615 3057 meo
1652 3000 1861 3057 codice.

263 3065 381 3123 Sed
413 3081 538 3143 vera
566 3067 728 3143 lectio
748 3078 847 3143 est
864 3072 1192 3143 apostolicis,
1223 3081 1286 3127 ut
1310 3087 1375 3128 ex
1404 3072 1756 3143 sequentibus
1801 3072 1867 3127 li-
1916 3078 1919 3083 '

262 3147 424 3209 quet.
459 3137 653 3215 Parr_lt.
684 3137 1133 3197 schedze'Poelm.
1164 3158 1271 3198 non
1316 3143 1459 3198 male
1484 3137 1737 3199 utecasset
1766 3159 1865 3215 pro

261 3217 530 3278 negasset.
572 3209 650 3263 Ex
680 3225 839 3293 prosa
887 3227 1020 3269 vero
1069 3230 1205 3284 stepe
1255 3224 1527 3286 negaverat
1567 3209 1864 3286 colligitur,

261 3295 458 3356 verum
490 3295 611 3356 esse
650 3292 1002 3350 scripturam,
1030 3294 1287 3356 negasset.

503 3351 629 3427 Mss.
658 3368 850 3427 omnes
878 3357 1074 3418 nostri,
1096 3351 1241 3427 'Ang.
1272 3357 1422 3426 Alb.,
1455 3357 1680 3425 Parrh.,
1710 3356 1865 3423 Ald.,

258 3431 324 3481 et
352 3420 448 3477 alii
470 3422 622 3496 editi,
652 3420 794 3480 Pace
817 3426 1094 3481 salutantis
1114 3420 1224 3483 sese
1252 3420 1453 3492 intulit,
1481 3432 1623 3496 quod
1655 3420 1870 3485 Grunee

258 3509 389 3554 rus.
438 3501 496 3549 et
536 3494 863 3570 Arntzenius
903 3499 1327 3566 amplectuntur.
1390 3494 1729 3570 Ms.'Lisps._.
1756 3510 1811 3556 et
1839 3514 1869 3554 a

259 3580 385 3622 sec.
408 3580 486 3638 ιη.
510 3580 620 3619 non
642 3569 848 3638 recenti
876 3569 1018 3622 Alm.
1050 3570 1316 3634 salutatis,
1338 3570 1481 3638 quod
1518 3568 1663 3625 tenui
1689 3568 1867 3625 Cella-

259 3641 409 3694 rius.
433 3636 650 3701 Arntz.,
678 3635 819 3693 Pace
845 3642 1118 3706 salutaris,
1152 3657 1181 3693 a
1215 3656 1328 3696 sec.
1356 3635 1430 3695 in.
1459 3639 1576 3695 Pax
1622 3641 1870 3695 salutaris

260 3717 462 3782 contra
496 3718 750 3763 metrum.
786 3710 1077 3779 Arntzen.,
1108 3711 1266 3767 Cant.
1297 3710 1482 3765 obtulit
1530 3728 1631 3782 pro
1667 3712 1869 3777 intulit,

262 3779 408 3854 satis
436 3782 765 3854 commode:
796 3783 1094 3854 Arnlzi-nio
1145 3798 1253 3839 non
1307 3779 1652 3854 displicebat,
1697 3798 1873 3854 neque

260 3850 409 3909 milii
442 3849 696 3918 displicet
725 3850 865 3907 Pace
890 3852 1134 3907 salutatis
1152 3871 1260 3909 sese
1281 3849 1484 3909 obtulit.
1512 3854 1568 3909 ln
1599 3849 1873 3909 nonnullis

269 3920 447 3979 editis
468 3922 603 3997 ordo
624 3923 694 3997 ita
736 3922 1046 3997 invertitur,
1081 3933 1141 3980 ut
1168 3926 1319 3997 prius
1368 3940 1602 3996 ponatur
1629 3942 1684 3979 v.
1711 3925 1870 3994 Pace,

260 4002 385 4050 tum
412 4009 464 4046 v.
491 3992 619 4046 Cum
646 3994 866 4060 foribus.

339 4064 470 4121 578.
516 4062 650 4139 Reg.
681 4066 733 4139 l_,
766 4069 819 4131 5,
849 4067 904 4135 5,
948 4066 1095 4121 Vatt.
1143 4067 1203 4139 1,
1243 4068 1302 4134 2,
1331 4066 1493 4133 Urb.,
1523 4067 1690 4139 Ang.,
1722 4067 1869 4139 Alb.,

260 4136 461 4204 R0in.,
498 4135 648 4199 Ald.,
676 4136 789 4209 Ott.
823 4139 848 4193 1
884 4154 951 4193 ex
979 4138 1340 4207 correctimie,
1379 4135 1698 4207 Expedtetts,
1728 4138 1873 4209 quod

258 4209 665 4282 interpretalur
694 4207 1086 4282 _Nebrissensis
1122 4212 1407 4282 επρεαὶειιξ-
1424 4211 1714 4282 ostendens.
1748 4207 1869 4282 ‘Alii

259 4293 536 4336 mss.cuin
558 4277 773 4352 Pari-IL,
798 4291 854 4335 et
878 4281 1152 4351 plerisque
1172 4277 1700 4352 editis,Ea:pandens,
1726 4280 1870 4351 quod

263 4366 374 4422 pro
417 4352 597 4419 glossa
626 4348 841 4407 videtur
865 4348 985 4406 esse
1010 4348 1080 4423 in'
1100 4354 1232 4423 Reg.
1263 4352 1315 4417 1,
1344 4365 1398 4407 et
1427 4348 1480 4406 iit
1509 4354 1619 4407 Ott.
1654 4348 1694 4406 1’
1721 4348 1873 4423 dele-

260 4432 388 4477 tum
418 4432 525 4476 est.
557 4424 767 4487 Arntz.,
813 4431 964 4491 atque
1008 4422 1118 4477 ibi:
1151 4422 1393 4494 plerique
1435 4437 1567 4479 mss.
1615 4431 1673 4478 et
1716 4422 1873 4490 editi,

262 4503 355 4548 ast
388 4494 455 4546 ibi
482 4509 500 4547 :
529 4496 771 4563 nonnulli
803 4493 1023 4563 vulgati,
1058 4505 1137 4549 ast
1165 4495 1273 4548 ubi.

342 4564 474 4619 580.
520 4565 653 4631 Reg.
684 4562 740 4633 5,
772 4562 926 4635 Aldi,
955 4564 1229 4635 dubioque,
1266 4566 1475 4623 scilicet
1517 4564 1683 4623 corde
1711 4581 1725 4617 :
1756 4564 1870 4633 alii,

259 4635 601 4702 dubiamque.

341 4706 474 4763 582.
514 4707 701 4761 Arutz.
747 4722 778 4761 a
819 4721 933 4763 sec.
986 4722 1088 4773 m.,
1138 4709 1276 4763 erit:
1324 4708 1465 4765 bene
1512 4717 1599 4764 est
1626 4717 1731 4763 erat
1784 4723 1880 4779 pro

263 4785 450 4853 fuerat
471 4794 489 4831 :
516 4780 1039 4853 train‘imperfectum
1069 4794 1169 4849 pro
1191 4780 1472 4850 plusquam
1505 4779 1749 4850 perfecto
1775 4779 1879 4853 ali-

307 4849 493 4921 uando
535 4847 838 4905 adhibetur.
874 4850 974 4906 Hic
1015 4847 1206 4915 vers.,'
1232 4862 1285 4905 et
1325 4847 1477 4920 seqq.
1508 4847 1683 4921 usque
1724 4852 1792 4905 ad
1823 4866 1876 4905 v.

322 4930 445 4975 acta
467 4922 808 4990 redemptoris
836 4921 951 4977 fere
969 4922 1026 4976 in
1050 4922 1160 4978 fine
1182 4921 1307 4977 libri
1335 4924 1532 4977 desunt
1558 4923 1615 4976 in
1636 4937 1760 4978 meo
1785 4936 1879 4978 co-

257 4992 421 5055 dice,
451 4993 642 5046 nvulso
672 5008 782 5047 uno
814 4992 963 5048 folio.
1100 4992 1105 4995 ’

342 5064 472 5120 584.
515 5062 649 5135 Reg.
682 5062 735 5131 5,
768 5064 917 5127 Ald.,
950 5062 1235 5135 Discipulis
1258 5081 1279 5132 ;
1304 5064 1483 5119 minus
1514 5064 1674 5121 bene.

343 5135 474 5190 585.
516 5134 712 5207 Rom._,
765 5135 1082 5207 patientem;
1129 5136 1267 5207 lege.
1326 5136 1597 5207 patienter.
1653 5136 1765 5191 Ott.
1818 5137 1876 5201 2,

252 5206 450 5276 Lips.,
476 5206 648 5277 Alm.,
676 5205 863 5261 Arntz.
887 5222 917 5261 a
950 5222 1032 5277 pr.
1067 5223 1166 5277 m.,
1190 5205 1436 5277 quasdam
1458 5209 1725 5262 editiones
1752 5220 1877 5261 cum

253 5277 409 5348 Reg.
444 5278 501 5343 1,
532 5279 586 5346 5,
616 5276 729 5332 Ott.
761 5281 812 5345 1,
845 5276 1011 5350 Ang.,
1039 5276 1191 5347 Alb.,
1210 5276 1463 5347 labentis,
1493 5278 1637 5349 quod
1666 5277 1879 5334 videtur

344 5422 373 5485 φ
400 5413 720 5485 Gallandius
747 5430 870 5473 cum
894 5415 1019 5471 aliis
1040 5414 1200 5470 editis
1222 5415 1540 5470 violentiam.
1563 5412 1864 5470 Bibliothe-

252 5501 330 5544 ca
359 5484 578 5541 Patrum
605 5487 928 5543 Parisiensis
957 5487 1120 5554 1589,
1146 5487 1442 5555 violentam,
1475 5486 1617 5556 quod
1673 5499 1866 5556 sensus

255 5557 551 5624 exposcit.
598 5558 782 5612 Malim
840 5563 1003 5614 etiam
1063 5559 1246 5619 clausi.
1299 5554 1673 5625 non'clausis,
1727 5554 1870 5627 quod

353 5640 619 5683 stremum
656 5638 838 5686 tamen
863 5644 1053 5685 omnes
1094 5628 1302 5699 vulgati
1330 5628 1651 5698 praeferunt.
1681 5627 1876 5685 Postea

283 5700 534 5771 audatur
562 5700 832 5755 sententia
856 5717 921 5756 ex
952 5701 1143 5771 psalm‘.
1177 5715 1230 5764 1.,
1265 5714 1411 5754 vers.
1455 5699 1546 5754 19.

344 5769 377 5809 δ
414 5770 473 5826 In
521 5773 775 5829 omnibus
802 5769 963 5828 editis
991 5774 1252 5841 scriptum
1283 5779 1368 5828 est
1408 5780 1455 5827 et
1495 5772 1731 5828 amictus.
1763 5769 1879 5827 Vox

682 5865 966 5927 ΡΑτιιοι..
988 5939 995 5945 ,
1015 5862 1193 5927 XIX.

1897 4315 1952 4378 D

1970 2998 2006 3056 5
2036 3008 2093 3056 et
2118 2998 2231 3055 Ott.
2266 3002 2292 3055 1
2327 3009 2432 3064 est,
2463 3000 2706 3054 labantis.
2756 2998 2866 3055 Lex
2894 3001 3057 3071 ipedia
3090 3000 3275 3071 exigit,
3326 2998 3590 3066 labantis;

1973 3071 2070 3127 sed
2107 3072 2247 3139 apud
2277 3074 2414 3125 alios
2440 3074 2603 3142 etiam
2634 3081 2829 3142 poetas
2856 3070 3186 3142 christianos
3232 3072 3500 3127 interdum
3535 3074 3592 3127 in

1973 3157 2138 3209 mss.,
2168 3142 2348 3196 labans
2380 3143 2431 3196 in
2456 3141 3049 3196 labens’commotatur.
3080 3141 3192 3195 Hoc
3218 3143 3339 3198 loco
3368 3157 3593 3199 senten-

1974 3214 2061 3284 tia-
2084 3214 2254 3283 magis
2273 3214 2523 3284 congruit
2550 3213 2790 3268 labantis.
2828 3213 2944 3267 Vet.
2964 3213 3086 3279 1,2.
3114 3212 3284 3280 Mon.,
3313 3214 3590 3284 labantem,

1971 3283 2165 3340 Colon.
2200 3284 2355 3352 edit.,
2391 3283 2580 3340 errore
2612 3300 2786 3354 nuper
2813 3286 3093 3354 exposito,
3128 3286 3404 3340 labentem.

2044 3356 2168 3412 586.
2214 3355 2401 3421 Runt.,
2432 3356 2531 3421 ﬁt;
2560 3358 2759 3421 retine,
2791 3356 2877 3409 sit.

2045 3427 2173 3483 387.
2214 3426 2359 3481 Ordo
2410 3428 2604 3480 horum
2662 3440 2915 3481 versuum
2968 3440 3303 3495 prmpostere
3343 3428 3396 3482 in
3445 3429 3588 3484 Bibl.

1972 3496 2146 3568 Lugd.
2179 3498 2489 3552 invertitur.
2523 3496 2681 3559 Urb.,
2705 3496 2865 3551 Rom.
2890 3496 3137 3566 Quisquis
3162 3501 3380 3567 artiﬁcis
3403 3516 3421 3552 :
3447 3501 3590 3554 desi-

1974 3567 2199 3624 deratur
2229 3569 2385 3621 enim.
2418 3568 2532 3622 Ott.
2562 3569 2614 3622 1.
2650 3567 2785 3637 Reg.
2816 3570 2871 3632 5,
2899 3569 3025 3622 Alb.
3060 3568 3304 3639 Quisquis
3334 3572 3470 3623 enim
3498 3587 3589 3622 ar-

1979 3640 2156 3709 tiﬁcis,
2187 3639 2284 3693 sed
2320 3640 2373 3692 in
2404 3639 2519 3709 Ott.
2542 3640 2888 3693 emendatum
2931 3653 3027 3704 per
3056 3641 3285 3706 artiﬁces
3327 3641 3470 3708 quod
3499 3655 3587 3694 re-

1977 3708 2124 3765 ctum
2158 3718 2244 3764 est
2295 3708 2596 3779 adjective,
2628 3710 2845 3780 scilicet
2863 3709 3088 3779 artiﬁces
3123 3712 3350 3780 fraudes.
3405 3712 3589 3765 Corri-

1976 3782 2167 3852 gendae
2198 3795 2328 3851 ergo
2358 3778 2485 3835 Sunt
2510 3781 2776 3835 editiones
2805 3778 3016 3852 Vet._l_,
3049 3778 3203 3852 2,'in
3234 3782 3428 3849 quibus
3459 3782 3590 3852 legi-

1980 3849 2065 3924 iur
2094 3849 2338 3924 fraudis;
2372 3868 2547 3923 neque
2576 3852 2878 3924 audiendus
2924 3849 3315 3920 Wopkensius,
3348 3853 3439 3917 qui
3474 3849 3588 3907 nia-

1979 3923 2124 3996 leliat
2156 3923 2346 3996 artiﬁci
2374 3940 2536 3979 caecas
2558 3923 2648 3977 sub
2676 3924 2899 3996 imagine
2924 3924 3160 3992 fraudes,
3189 3925 3586 3996 refragantibus

1982 3994 2141 4051 libris
2178 3995 2440 4067 antiquis,
2487 4005 2543 4051 et
2587 3994 2797 4067 prosa.’
2825 3995 3067 4049 Retineri
3121 3995 3323 4064 pulerit
3367 3996 3586 4064 artiﬁcis

1976 4066 2205 4137 fraudis,
2234 4068 2281 4120 si
2312 4066 2650 4122 accusativus
2671 4066 2823 4121 verbi
2853 4067 3059 4137 instruit
3089 4067 3158 4119 sit
3186 4067 3402 4137 ﬁguras.

2052 4138 2178 4193 588.
2220 4137 2392 4209 Rom,
2408 4137 2643 4191 Instituit
2669 4146 2718 4191 et
2742 4153 2761 4190 :
2789 4136 2996 4192 resistit
3025 4136 3281 4209 metrum,
3310 4147 3367 4195 et
3407 4138 3588 4209 aptius

1978 4209 2200 4264 verbum
2227 4218 2332 4271 est,
2360 4206 2599 4262 Instruit.
3224 4206 3231 4213 ’

2049 4280 2175 4334 589.
2218 4280 2373 4334 Cant.
2406 4278 2664 4351 cognosci,
2694 4277 2838 4349 quod
2870 4278 3010 4335 idem
3048 4280 3271 4336 verbum
3315 4290 3498 4338 exstat
3523 4283 3577 4338 in

1977 4365 2163 4423 prosa,
2192 4360 2246 4405 et
2272 4348 2519 4433 placebat
2558 4348 2845 4405 Grunero:
2872 4353 3055 4407 αιτιοι-ἰ
3085 4369 3278 4408 omnes
3323 4365 3580 4409 constan-

1978 4433 2084 4482 ter.
2114 4437 2345 4482 agnosci.

2054 4441 2405 4558 Sabiniigiﬁ”
2437 4490 2570 4547 Urb.
2617 4491 2952 4548 redundens:
3000 4493 3143 4550 idem
3176 4495 3276 4549 fuit
3323 4496 3579 4551 mendum

1985 4565 2039 4621 in
2070 4566 2193 4619 aliis
2223 4577 2383 4631 mss.,
2417 4564 2469 4617 in
2491 4564 2687 4634 quibus
2707 4578 3015 4620 correctum
3044 4579 3263 4635 apparet
3291 4568 3579 4621 recludens.

1984 4634 2247 4692 Cellarius
2277 4635 2585 4704 suapicatur
2610 4638 2892 4691 recondens
2915 4652 2934 4690 :
2956 4634 3168 4691 facilius
3195 4653 3263 4693 ex
3290 4653 3477 4693 errore
3505 4656 3587 4694 re-

1986 4707 2219 4762 dundens
2238 4706 2433 4776 conjici
2461 4717 2645 4776 posset
2668 4708 2944 4778 refundens
2967 4724 2986 4759 :
3014 4710 3107 4762 sed
3130 4709 3336 4762 recludo
3358 4726 3464 4763 non
3494 4725 3585 4765 so-

1988 4778 2098 4834 lunt
2123 4780 2391 4850 signiﬁcat
2418 4779 2625 4850 aperio,
2652 4781 2746 4833 sed
2776 4779 2936 4834 etiam
2965 4782 3294 4834 contrarium
3320 4782 3581 4848 rei-unda,

1988 4847 2221 4905 claudo':
2255 4849 2384 4903 etin
2412 4847 2598 4904 Arnlz.
2621 4852 2796 4919 glossa
2824 4858 2911 4903 est
2933 4849 3201 4906 recludens
3225 4881 3296 4893 —
3315 4847 3585 4906 claudens.

1985 4920 2148 4993 Plura
2178 4934 2301 4993 esse
2333 4919 2643 4993 hujusmodi
2675 4921 2835 4993 verba
2866 4924 3251 4993 pra-positione
3281 4941 3337 4977 re
3364 4937 3587 4991 compo-

1984 4992 2089 5047 sita
2121 5007 2241 5061 qua:
2260 4990 2473 5045 duabus
2494 4991 2789 5048 contrariis
2816 4990 3306 5061 significationibus
3326 4990 3583 5063 gaudent,

1983 5064 2339 5131 exploratum
2358 5069 2463 5115 est.

2056 5130 2181 5188 59L
2226 5131 2281 5188 In
2308 5130 2418 5185 Ott.
2449 5132 2502 5201 1,
2534 5146 2603 5187 ex
2629 5133 2902 5187 simulatus
2926 5144 3232 5190 cometam
3262 5144 3343 5188 est
3368 5134 3586 5188 simula-

1983 5215 2063 5259 tor
2086 5220 2105 5259 :
2132 5219 2252 5274 quae
2272 5204 2507 5276 genuina
2531 5210 2619 5258 est
2642 5204 2826 5272 lectio,
2848 5206 3095 5276 quamvis
3114 5208 3283 5261 altera
3309 5219 3419 5261 non
3442 5214 3590 5261 esset

1982 5274 2397 5332 contemnenda.

1968 5411 2100 5468 mihi
2126 5416 2401 5480 suspecta.
2431 5406 2608 5478 inquit
2634 5408 2975 5467 Gallandius.
3004 5410 3202 5477 Quidni
3227 5410 3250 5463 τ
3277 5411 3437 5481 Atqui
3471 5412 3585 5467 cla-

1970 5499 2055 5549 ra,
2100 5493 2153 5538 et
2180 5491 2331 5537 certa
2362 5488 2448 5535 est
2488 5485 2760 5535 correctio
2803 5498 2866 5537 ex
2900 5497 3148 5536 carmine
3190 5481 3448 5536 sollicitos
3478 5483 3589 5536 odit

1972 5553 2247 5610 simulator
2274 5552 2490 5607 amicos;
2524 5551 2691 5605 Prosa
2744 5553 2895 5606 addit
2921 5563 2991 5618 et,
3026 5551 3237 5608 St'iIiCel
3263 5555 3378 5607 odit
3420 5564 3585 5608 etiam

1977 5628 2183 5681 amicos
2230 5624 2516 5677 sollicitos.
2550 5622 2719 5691 Paulo
2763 5632 2884 5691 post
2935 5623 3188 5679 tuendum
3236 5627 3437 5680 eratin
3472 5637 3581 5681 vet.

1980 5698 2103 5753 cod.
2130 5695 2399 5750 dubitandi
2426 5710 2523 5767 pro
2543 5690 2821 5758 dubitanti,
2848 5706 2903 5750 et
2926 5697 3149 5767 abigenti
3170 5711 3270 5767 pro
3286 5696 3585 5767 ambigenti.

1985 5768 2221 5826 Medicas
2251 5781 2443 5823 manus
2462 5765 2683 5823 Juretus
2712 5766 2980 5823 adhibuit.

2947 5857 3028 5918 211-
