4082 6188
272 247 388 305 ⁸155

1787 257 2061 318 ELEGIA.

3469 272 3581 329 754

271 373 414 458 quod
442 374 820 458 “percutiatur
846 393 983 433 unus
1013 394 1187 458 uersus
1210 380 1286 458 ab
1303 381 1491 446 altera,
1518 382 1616 458 ho_c
1645 392 1741 453 est,
1778 385 1879 458 ini-
1903 387 1959 450 Δ
1984 388 2289 458 ascensione
2318 387 2573 458 unigeniti
2610 386 2743 442 Filii
2770 385 2892 453 Dei,
2939 397 2988 442 et
3010 388 3225 446 Domini
3252 393 3418 447 nostri
3456 390 3589 449 Jesu

273 446 407 517 tium
431 445 590 517 primi
616 445 675 514 ﬁt
705 446 947 502 ultimum
972 451 1202 505 secundi.
1240 445 1530 508 Paractera
1566 445 1746 510 ercé
1772 454 1879 509 La-

273 516 732 595 tine__reperrussio
762 518 970 595 dicitur.
1003 519 1074 595 {in
1112 520 1233 595 Vat:
1262 523 1311 586 1,
1345 521 1580 595 Explicit
1624 525 1751 581 liber
1778 526 1876 583 Se-

272 586 429 666 dulii.
466 586 661 666 l_ncipit
709 605 916 666 carmen
952 586 1115 664 ipsius
1145 608 1163 647 :
1192 586 1492 659 Cantemus,
1521 607 1628 652 etc.
1662 598 1783 651 Vat.
1818 599 1875 666 2,

270 657 446 740 Finis.
478 657 614 714 Tum
645 671 793 740 nota,
825 660 943 716 Hoc
973 657 1121 740 opus,
1148 676 1282 740 διε..
1314 666 1383 740 de
1405 657 1508 740 qua
1543 670 1593 723 in
1621 657 1878 740 PriilegoL

269 731 452 802 mentis
484 746 635 802 nn_m.
667 732 767 787 156
796 744 851 785 et
886 731 1014 801 seq.
1037 734 1185 790 Illico
1214 731 1718 802 elegiafCantemus
1766 731 1872 797 e'tc.

272 799 414 879 Reg;
444 803 498 865 5,
532 800 753 879 Carmen
780 803 939 873 ﬁnem
967 799 1138 879 habet,
1173 823 1263 879 nec
1293 799 1430 863 lauri
1477 821 1613 865 serta
1642 813 1869 879 requiro,

270 902 346 914 —
370 871 450 926 Tu
476 875 638 927 studii
677 871 867 951 merces
896 884 1027 951 esto,
1060 876 1255 951 Maria,
1288 882 1407 934 mei.
1441 871 1750 951 Legendum
1777 871 1873 937 Fl;

273 960 394 1021 nem
434 960 647 1021 carmen
693 944 867 1000 habet.
913 946 1169 1021 Succedit
1210 961 1373 1015 nota,
1424 944 1640 1008 Turtius
1683 953 1872 1021 Rn/fus

274 1016 530 1092 ésterius‘
547 1020 757 1092 quintus
775 1019 1047 1092 sequentia
1075 1022 1309 1075 carmina
1339 1024 1476 1076 inter
1499 1026 1697 1092 scripta
1724 1016 1875 1079 Cenii

273 1085 482 1169 Sedulii
512 1085 1041 1169 inuenitLCantemus
1069 1100 1175 1146 etc.
1209 1093 1533 1169 Sequuntur
1568 1085 1875 1169 b'ymnusAA

269 1158 402 1235 solis
430 1169 571 1235 ortus
599 1160 837 1235 cardine,
866 1170 922 1235 et
947 1162 1279 1235 epigramma
1300 1158 1475 1235 ipsius
1502 1158 1709 1221 Sed'ulii
1735 1166 1873 1223 infra

267 1229 639 1304 referendum.
694 1232 827 1301 Reg.
856 1233 928 1304 45,
964 1229 1131 1304 Ᾱης.,
1166 1229 1398 1304 Expli'cit
1445 1236 1574 1291 liber
1621 1239 1873 1303 Sedulii;

270 1302 592 1383 etsi‘nealia
622 1302 979 1383 inscriptione
1000 1302 1193 1383 elegia,
1222 1302 1519 1362 Cantemus.
1549 1308 1683 1365 Urb.
1712 1302 1875 1383 Egre-

268 1372 345 1442 gii
369 1370 580 1427 Sedulii
609 1370 837 1447 episcopi
883 1375 948 1429 de
988 1370 1248 1448 passione,
1282 1370 1787 1453 resurrectioneque:
1809 1397 1872 1436 ac

1984 454 2177 532 Christi
2211 457 2343 512 liber
2367 454 2607 527 quartus,
2640 467 2690 513 et
2719 459 2932 532 ultimus
2958 459 3173 523 explicit
3214 462 3455 532 feliciter.
3486 462 3585 520 In-

1980 530 2106 596 cipit
2136 539 2466 605 paracterum
2488 544 2700 605 carmen
2728 530 2981 605 ejusdem,
3000 532 3098 605 Δἰ..Δ
3114 530 3577 605 repercussorium,

1980 615 2039 653 eo
2064 602 2203 673 quod
2231 603 2549 673 pars’media
2584 603 2738 673 primi
2762 618 2937 656 uersus
2965 602 3030 656 sit
3062 602 3427 673 ﬁnissecundi
3464 602 3585 663 uer-

1979 686 2088 725 sus.
2120 671 2189 743 In
2215 672 2423 743 quibus,
2458 671 2593 736 etc.,
2620 685 2679 729 ut
2699 688 2840 727 nunc
2858 671 3151 741 exponam.
3180 672 3320 737 Ott.,
3343 687 3396 731 et
3417 676 3583 733 Rom.

1981 752 2101 809 post
2132 742 2294 799 linem
2327 743 2589 799 carminis
2627 744 2897 809 paschalis
2926 746 3046 799 sine
3074 745 3186 799 ullo
3214 746 3411 811 titulo,
3444 746 3585 804 Can-

1978 820 2162 867 temus.
2194 815 2345 869 Meus
2376 816 2549 869 codex
2578 813 2727 870 Finit
2755 816 2881 870 liber
2910 825 3144 882 quartus,
3169 824 3217 869 et
3239 817 3449 873 ultimus
3477 818 3579 875 Se-

2164 894 2369 972 poette;
2416 887 2598 957 incipit
2645 888 2981 972 epigramma,
3015 885 3272 972 distich‘on
3318 890 3580 972 ejusdem,

1980 956 2118 1025 quod
2143 973 2177 1009 a
2202 957 2391 1037 nostris
2420 956 2828 1037 repercussiiium
2858 958 3070 1037 dicitur,
3103 975 3160 1037 a_
3171 956 3367 1037 Gnaei}
3388 956 3585 1037 εταράνῇ

1977 1048 2123 1103 τερον
2156 1046 2170 1082 :
2201 1027 2513 1092 Cantemus,
2562 1040 2682 1111 etc.’
2723 1027 3082 1111 Parrhasius,
3115 1028 3346 1112 lixplicit
3380 1027 3589 1087 Sedulii

1978 1097 2199 1152 Carmen
2245 1096 2525 1152 Paschale.
2558 1098 2707 1154 Nihil
2759 1099 2903 1154 aliud
2952 1100 3156 1155 Sedulii
3202 1100 3440 1157 additur.
3485 1102 3585 1157 sed

1978 1144 2225 1243 esset.
2245 1144 2527 1243 ἀζιῑεξξῑέξιί
2558 1144 2903 1243 magis:
2925 1144 3591 1243 ini“

1979 1238 2243 1328 faschale
2264 1239 2511 1328 Cnarmen
2564 1240 2771 1328 Sedulii
2793 1260 2813 1308 ;
2842 1243 3025 1328 incipit
3070 1244 3290 1328 hym‘nu‘s
3314 1238 3584 1328 ejusdem.

1976 1309 2197 1367 Juretus
2226 1312 2283 1367 in
2309 1312 2425 1369 line
2454 1328 2635 1384 prosa:
2668 1330 2681 1368 :
2715 1309 3127 1385 Explicit'prosa
3158 1309 3383 1370 Sedulii.

1250 1619 1792 1737 C(EIJI
1864 1622 2595 1740 SEDULII

1673 1804 2142 1891 ELEGIA.

395 2064 553 2139 361
577 2062 909 2136 Cantemus,
944 2066 1365 2135 socii,Domino
1385 2075 1672 2124 cantemus
1700 2068 1875 2125 hono-
1902 2072 1954 2135 B

1627 2159 1792 2234 trem.

471 2250 654 2307 Dulcis
697 2266 852 2307 amor
880 2251 1083 2308 Christi
1116 2262 1379 2323 personet
1403 2268 1502 2311 ore
1527 2255 1643 2325 pio.

399 2340 613 2397 Primus
636 2342 703 2397 ad
737 2343 841 2398 ima
872 2343 981 2398 ruit
1005 2360 1197 2415 magna
1220 2345 1290 2401 de
1316 2345 1435 2401 luce
1463 2347 1755 2416 superbus,

472 2431 566 2489 Sic
596 2432 783 2501 homo,
812 2448 935 2489 cum
966 2436 1185 2501 tumuit,
1215 2435 1423 2506 primus
1444 2436 1510 2492 ad
1546 2437 1652 2492 ima
1682 2437 1812 2493 ruit.

324 2529 360 2585 5
410 2527 579 2585 Unius
599 2529 670 2585 ob
707 2530 962 2585 meritum
994 2531 1177 2586 cuncti
1207 2532 1388 2602 perire
1413 2532 1656 2589 minores
1680 2572 1697 2600 ,

469 2622 763 2679 Salvanttir
789 2625 973 2680 cuncti
1001 2624 1160 2679 unius
1188 2624 1259 2680 ob
1281 2626 1557 2680 meritum.

394 2714 519 2771 Sola
551 2716 653 2769 fuit
681 2715 898 2783 mulier,
934 2718 1105 2785 patuit
1130 2732 1233 2788 qua
1249 2718 1417 2787 janua
1447 2718 1597 2773 letho
1627 2736 1642 2771 :

468 2814 632 2888 362
655 2815 720 2871 Et
746 2830 852 2887 qua
884 2816 995 2872 vita
1018 2815 1178 2886 redit,
1211 2816 1326 2873 sola
1355 2815 1457 2873 fuit
1485 2817 1702 2874 mulier.

2122 2068 2319 2125 Frater
2347 2067 2566 2139 iniquus
2590 2075 2711 2123 erat
2732 2065 2944 2137 justum
2975 2067 3067 2138 qui
3093 2067 3330 2137 perculit
3348 2067 3478 2124 olim
3497 2110 3512 2135 ,

1979 2167 2047 2224 10
2200 2164 2495 2219 Damnator
2532 2158 2734 2216 Christi
2783 2159 2956 2216 frater
2985 2159 3203 2232 iniquus
3228 2170 3368 2217 erat.

2120 2259 2408 2316 Transitus
2449 2256 2542 2313 ille
2570 2264 2791 2322 monet,
2821 2254 2952 2326 quid
2985 2255 3160 2325 prima
3190 2254 3375 2310 amisit
3401 2255 3577 2328 origo,

2186 2351 2330 2420 Quid
2360 2358 2586 2405 ventura
2615 2356 2846 2418 parent,
2881 2348 3141 2401 transitus
3173 2345 3264 2403 ille
3295 2356 3507 2403 monet.

2114 2444 2255 2501 Area
2339 2443 2551 2499 levatur
2603 2440 2799 2513 aquis,
2864 2440 3117 2496 homines
3175 2454 3248 2496 ne
3314 2439 3580 2511 perderet

3271 2531 3500 2606 [atquon

2182 2629 2264 2686 Ne
2295 2635 2520 2699 pereant
2544 2626 2824 2695 homines,
2854 2638 2978 2680 arca
3009 2625 3226 2681 levatur
3252 2624 3429 2697 aquis.

1977 2724 2043 2782 l5
2121 2723 2311 2790 Sume,
2342 2731 2519 2793 pater,
2545 2720 2779 2792 p0pulos
2818 2734 2917 2790 pro
2951 2719 3065 2775 nati
3097 2719 3329 2776 vulnere
3356 2729 3583 2777 cunctos

2187 2811 2324 2870 Cum
2358 2812 2529 2869 tradis
2562 2808 2842 2868 Christum
2863 2852 2880 2880 ,
2911 2825 3093 2879 sunie,
3122 2819 3302 2882 pater,
3325 2811 3576 2883 populos.

1749 2952 2047 3011 SCHOLIA
2060 2993 2073 3007 .

327 3068 726 3143 Prmtegmodo
760 3070 900 3143 dicta
927 3072 1117 3126 confer
1144 3073 1353 3143 proleg.
1385 3089 1517 3127 num
1543 3072 1637 3136 46.
1671 3072 1764 3127 tibi
1788 3074 1852 3128 ti-

249 3143 404 3197 Iuliis
423 3156 490 3196 ex
520 3140 823 3212 Tritliemio
852 3142 937 3196 liic
967 3140 1200 3198 refertur
1229 3140 1659 3199 Exliortatorium
1688 3145 1758 3198 ad
1788 3145 1855 3212 ﬁ-

250 3213 418 3286 deles,
453 3215 572 3286 sive
600 3211 1002 3269 Exhortatorius
1028 3214 1155 3269 liber
1196 3215 1264 3269 ad
1304 3215 1508 3286 ﬁdeles,
1542 3226 1596 3271 et
1636 3233 1692 3271 n.
1726 3211 1850 3271 162.

249 3284 406 3359 Beda
434 3283 500 3339 de
529 3287 645 3359 A_rt.
671 3297 826 3359 metr.
862 3302 969 3359 non
998 3286 1167 3359 semel
1195 3301 1264 3359 ex
1298 3283 1397 3342 hac
1413 3288 1855 3359 elegiaexenipla

250 3355 507 3427 profert,
560 3356 779 3411 laudato
819 3358 981 3413 etiam
1031 3358 1237 3413 Sedulii
1287 3355 1526 3413 nomine:
1578 3358 1856 3427 Quosdam

250 3441 451 3499 versus
482 3442 548 3499 ex
578 3443 638 3482 ea
676 3430 915 3483 desumit
941 3429 1252 3489 ()sberniis.
1297 3429 1532 3499 St'riplor
1561 3431 1748 3483 sa-culi
1776 3445 1855 3493 xi,

250 3498 310 3553 in
352 3495 474 3552 Vita
506 3498 566 3553 S.
608 3500 866 3555 Diinstani
898 3501 1038 3565 apud
1070 3495 1449 3554 Bollandiaiitis
1491 3500 1580 3554 die
1612 3501 1680 3555 19
1702 3502 1853 3554 maii.

247 3569 459 3642 Reg.d2
488 3581 860 3642 argumentum
905 3573 983 3626 sic
1013 3573 1276 3639 exponit:
1308 3570 1586 3642 Descriptis
1622 3575 1735 3642 jam
1758 3572 1859 3623 mi-

245 3640 451 3695 raculis
472 3682 487 3703 ,
521 3641 759 3695 hortatur
789 3653 939 3712 poeta
984 3659 1157 3697 secum
1183 3658 1358 3695 omnes
1387 3640 1596 3695 mutare
1624 3640 1851 3708 Christo,

248 3723 302 3767 et
324 3713 542 3784 igratias
577 3715 789 3782 referre.
845 3712 979 3769 Urb.
1014 3712 1080 3767 In
1111 3714 1295 3784 quibus
1331 3715 1635 3783 pararteriis
1657 3715 1853 3766 carmi-

248 3783 410 3867 nibus
439 3792 622 3867 aurtor
652 3785 901 3867 Sedulius
929 3785 1189 3867 descripta
1223 3784 1532 3867 (inrte‘post
1553 3784 1850 3867 descripta)

249 3858 419 3927 facta.
468 3863 623 3927 atque
666 3854 808 3909 dicta
849 3855 1145 3910 Saluatoris
1191 3854 1357 3910 nastri
1389 3854 1582 3927 Christi
1630 3854 1853 3909 heroicis

249 3925 573 3996 carminibus
594 3969 608 3987 ,
638 3935 1094 3996 convacatdomnes
1136 3926 1315 3996 ﬁdeles
1346 3929 1415 3980 ad
1447 3925 1657 3980 laudem
1684 3929 1855 3981 amni-

250 3998 477 4071 potentis
501 3995 622 4071 Dei,
640 4001 853 4071 ejusque
879 3994 1013 4052 Filii
1040 3994 1251 4071 Domini
1281 3998 1447 4071 nostri
1478 3996 1606 4071 Iesu
1635 3998 1847 4071 Christi.

253 4070 313 4121 In
348 4083 452 4121 ins.
495 4068 690 4124 Almel'.
739 4070 927 4123 tiiiiliis
957 4080 1041 4123 est
1064 4112 1077 4130 ,
1116 4068 1354 4139 Hymnus
1381 4069 1610 4124 Sedulii.
1646 4069 1702 4122 ln
1732 4069 1850 4123 edi-

252 4141 406 4194 tione
426 4138 706 4209 Ariitzeiiii
733 4138 879 4194 Caelii
910 4141 1118 4196 Sedulii
1147 4138 1392 4209 hymnus.
1428 4141 1478 4193 1.
1517 4141 1741 4193 Collatia
1768 4158 1852 4193 ue-

251 4212 401 4284 teris.
426 4224 469 4264 et
494 4204 609 4264 nbui
632 4210 946 4265 Testamenti
969 4229 1060 4284 per
1077 4204 1279 4284 schema
1300 4213 1359 4267 ‘sn
1370 4211 1668 4284 αναλήψεως
1691 4212 1854 4284 alter-

250 4283 336 4335 nis
364 4286 589 4336 uersilius
618 4286 866 4354 repetitre.
908 4282 1020 4354 Hoc
1047 4283 1238 4354 eodem
1270 4283 1506 4354 artificio
1531 4284 1619 4354 alii
1647 4282 1851 4354 elegias

250 4352 719 4421 ciiiiiptnueruut,
751 4366 802 4406 ut
833 4353 884 4407 in
931 4353 1117 4408 Veter.
1150 4352 1401 4407 Analert.
1431 4353 1711 4407 Maliillon.
1736 4363 1777 4408 t.
1802 4353 1846 4416 l,

251 4423 649 4489 Tlieodulplius
681 4425 1111 4482 Aurelianensis.
1150 4424 1350 4478 Paulus
1377 4424 1650 4478 Diaconus
1681 4424 1851 4494 Aqui-

252 4494 814 4564 leio-iisis,tEiigetiiiis
835 4496 1151 4563 Toletaniis,
1185 4495 1383 4549 Petrus
1412 4496 1678 4562 Damiani,
1706 4494 1852 4551 Gud-

1962 3085 2086 3126 nos.
2139 3069 2215 3125 Ita
2260 3068 2426 3124 etiam
2473 3064 2695 3138 scripsit
2728 3063 3011 3121 Osbernus
3065 3063 3118 3120 in
3150 3062 3274 3120 Vita
3318 3062 3378 3120 S.
3427 3064 3578 3122 Dun-

1964 3150 2251 3270 Sta5n.l.\iet.
2282 3212 2334 3275 1,
2368 3209 2650 3276 mendose,
2682 3209 2856 3279 perire
2885 3208 3134 3276 minoris;
3163 3207 3216 3262 in
3239 3205 3399 3265 Rom.
3428 3209 3577 3281 prio-

1910 3290 1919 3299 '
1964 3303 2048 3340 res
2103 3285 2453 3342 emendatum
2504 3292 2590 3339 est
2645 3298 2742 3352 per
2800 3282 3068 3347 minores,
3116 3283 3171 3334 li.
3227 3295 3318 3346 θ..
3366 3280 3577 3352 pastori

1967 3358 2185 3413 Adami.

2038 3428 2092 3483 6.
2126 3428 2430 3494 Osberntts,
2462 3427 2685 3481 inverso
2710 3425 2905 3480 ordine
2928 3466 2944 3493 ,
2974 3423 3206 3480 fortasse
3239 3432 3295 3479 ut
3321 3422 3528 3480 hiatum
3566 3467 3580 3493 ,

1964 3498 2158 3566 fugiat,
2192 3498 2377 3553 Cuncti
2402 3496 2695 3551 salvantur.

2035 3571 2089 3624 7.
2123 3569 2293 3635 Aliii.,
2340 3570 2475 3638 Reg.
2509 3570 2544 3624 ὅ
2573 3579 2631 3621 et
2673 3566 2921 3621 nonnulli
2962 3563 3092 3622 editi
3111 3606 3134 3638 ,_
3167 3581 3321 3636 quas;
3347 3566 3534 3638 caeteri
3562 3612 3578 3637 ,

1962 3641 2195 3765 galilipin
2228 3636 2489 3695 Ottobon.
2518 3640 2544 3693 1
2571 3639 2847 3709 ambigue,
2872 3653 3025 3708 quas,
3057 3636 3138 3692 vel
3179 3653 3302 3708 qua.
3346 3636 3459 3693 Eva
3488 3640 3574 3692 in-

1984 3727 2013 3765 e
2063 3723 2249 3765 itzitur.

1962 3713 2249 3767 tellitzitur.

2036 3729 2347 3846 ISIFK'llirtielq
2369 3780 2506 3852 Reg.
2539 3782 2596 3847 2,
2622 3782 2675 3845 5,
2708 3780 2855 3835 Vatt.
2880 3783 2934 3843 1.
2962 3781 3018 3849 2,
3048 3778 3161 3834 Ott.
3196 3779 3248 3844 1,
3274 3778 3426 3848 Ald.,
3455 3781 3585 3836 Cel-

1960 3853 2133 3910 larius
2158 3896 2173 3918 ,
2215 3855 2366 3909 Meus
2388 3895 2403 3919 ,
2455 3851 2638 3923 Ang.,
2663 3853 2787 3907 All).
2812 3894 2826 3916 ,
2860 3852 3141 3923 Oslterntis
3168 3893 3183 3918 ,
3216 3866 3283 3905 ea:
3327 3868 3451 3923 qua.
3485 3851 3579 3923 Sic

1962 3923 2099 3995 Reg.
2124 3929 2159 3983 5
2182 3938 2231 3980 et
2259 3941 2357 3995 pro
2388 3925 2441 3979 d.
2471 3922 2683 3988 s.,’Per
2720 3940 2898 3995 quam.
2926 3922 3051 3995 Yet.
3092 3923 3159 3995 1,
3184 3922 3470 3995 mendase,
3497 3922 3579 3995 Et

1959 3992 2102 4063 quia.
2141 3992 2299 4063 Urbi,
2326 3996 2471 4062 Ott.,
2511 3996 2570 4055 2.
2604 3992 2761 4050 Rom.
2787 4037 2800 4057 ,
2826 3993 3090 4051 Goldalus
3122 3992 3177 4047 in
3208 3993 3450 4048 Mantiali
3495 3993 3579 4047 bi-
3634 4046 3639 4051 .

1961 4067 2107 4139 blico
2150 4068 2219 4122 Et
2246 4085 2350 4135 qua
2372 4114 2386 4136 ,
2415 4069 2560 4139 quod
2598 4083 2720 4122 cum
2748 4067 3026 4137 plerisque
3064 4064 3300 4139 vulgatis
3333 4065 3577 4139 praetulit

1957 4136 2265 4211 Crunerus,
2295 4134 2421 4210 quia
2436 4134 2731 4206 praecessit
2752 4134 2927 4211 patuit
2942 4134 3061 4211 qua
3081 4134 3199 4211 sine
3229 4151 3326 4211 ex;
3359 4135 3463 4211 hac
3492 4136 3572 4190 fa-

1957 4210 2065 4266 cile
2094 4206 2456 4281 quidem'etin
2487 4227 2553 4265 ea:
2581 4206 2776 4264 mutari
2810 4209 3003 4279 potuit.
3040 4206 3267 4281 Deipara
3285 4208 3571 4281 laudatur.

2028 4278 2124 4365 11.
2155 4282 2326 4365 Mens,
2355 4281 2499 4365 quod
2526 4283 2697 4365 prima
2720 4324 2734 4346 ,
2766 4278 2839 4365 et.
2860 4296 2937 4365 νε,
2966 4278 3293 4365 seqqpuod
3320 4286 3566 4362 ventura,

1954 4354 2046 4409 alii
2113 4354 2309 4408 melius
2357 4350 2652 4424 utrobique
2709 4352 2859 4422 quid.
2894 4350 3029 4407 Urb.
3071 4350 3320 4416 admisit;
3353 4351 3568 4406 retineo

1956 4426 2159 4480 amisit.

1941 4488 1947 4499 ’
2027 4496 2117 4552 i2.
2151 4496 2300 4551 Mens
2328 4496 2491 4566 Reg.,
2521 4494 2575 4561 5,
2613 4494 2759 4559 Ald.,
2793 4500 2961 4566 paret,
2994 4507 3126 4566 qua;
3148 4499 3236 4546 est
3259 4491 3427 4566 etiam
3445 4507 3580 4566 coii-

254 4565 435 4621 fridus
470 4562 883 4621 Vindocinensis
908 4609 922 4632 ,
956 4568 1007 4620 in
1044 4566 1305 4621 Disticliis
1343 4566 1644 4621 moralibus
1686 4582 1846 4633 mss.,
1950 4567 2158 4637 jectiira
2192 4562 2540 4635 Wopken-ii,
2572 4562 2938 4635 scilicet'qtiid
2970 4562 3221 4637 acquirat
3243 4564 3422 4637 origo,
3452 4564 3573 4637 sive

253 4652 381 4763 cinae
416 4640 804 4705 pr0'librnx1v
836 4638 1097 4693 Martialis
1128 4637 1181 4691 in
1211 4636 1402 4693 codice
1427 4639 1848 4693 inemliraniiceo

286 4708 490 4763 'olleuii
522 4709 752 4763 Romani
776 4711 979 4763 inserta
1006 4718 1153 4763 sunt.

286 4708 490 4772 Iollegii
522 4709 752 4763 Romani
776 4711 979 4764 inserta
1006 4718 1153 4764 sunt.

1954 4633 2112 4708 gens,
2140 4648 2197 4695 et
2217 4633 2382 4710 Stirps
2407 4648 2659 4710 ventura.
2690 4637 2796 4692 Alii
2826 4633 3009 4710 parent
3036 4634 3215 4710 :qtiod
3248 4633 3321 4688 ita
3345 4636 3578 4704 exponit

1958 4707 2138 4780 glossa
2164 4713 2215 4765 in
2245 4707 2462 4775 Arntz.,
2491 4719 2547 4765 et
2573 4709 2627 4764 in
2653 4710 2787 4778 Reg.
2821 4708 2879 4768 2.
2912 4720 2969 4761 ut
3000 4707 3242 4780 priorem
3272 4710 3567 4763 transitum

337 4781 391 4833 1.
421 4770 543 4835 Vat.
566 4781 624 4836 2.
657 4779 840 4835 Ottob.
864 4781 921 4847 2,
954 4778 1396 4851 inversoordine
1424 4777 1703 4835 Cantemus
1752 4781 1860 4833 θο-
1884 4770 1935 4831 D
1960 4770 2232 4851 intelligat
2251 4783 2320 4839 de
2351 4770 2573 4838 Enocho
2600 4781 2653 4835 in
2680 4770 2879 4837 ctﬁltiin
2919 4770 3182 4851 translato
3204 4780 3570 4851 posteriorem

256 4852 425 4917 mino,
460 4853 608 4906 socii.
632 4852 985 4907 Taurinensis
1009 4852 1131 4905 cod.
1175 4848 1475 4915 Cantemus,
1499 4854 1648 4916 socii,
1676 4853 1861 4905 Domi-

257 4938 409 4976 num.
438 4920 573 4976 Vide
601 4924 817 4993 Proleg.
862 4938 1013 4977 nimi.
1046 4921 1169 4976 180.
1200 4922 1331 4991 Reg.
1365 4923 1398 4976 5
1428 4931 1482 4975 et
1512 4921 1665 4993 Ald.,
1697 4922 1864 4976 hono-

254 5008 363 5056 res,
399 4995 541 5065 quod
570 4998 801 5063 exponit
828 4993 1205 5050 Nebrisseiisis
1235 4993 1449 5059 laudes;
1478 4992 1672 5065 reliqui
1696 5038 1710 5064 ,
1737 5011 1863 5049 can-

258 5072 425 5118 temus
447 5064 711 5118 honorem.

332 5136 388 5190 2.
415 5134 785 5204 Capptisotus,
812 5136 1058 5203 Christo;
1083 5134 1204 5201 alii,
1235 5135 1449 5192 Christi.
1480 5136 1536 5191 ln
1564 5136 1688 5192 cod.
1716 5135 1863 5190 'l‘au-

262 5206 370 5261 rin.
415 5222 593 5277 graece
647 5224 743 5278 pro
782 5205 1019 5273 Christi,
1076 5216 1132 5263 et
1168 5208 1386 5265 videtur
1435 5223 1559 5264 esse
1607 5216 1865 5281 priesonet

260 5291 365 5350 pro
395 5288 653 5350 personet.

337 5347 540 5423 5._V:it.
564 5349 601 5403 2
620 5352 689 5423 de
708 5366 897 5423 magna
928 5353 1063 5418 lure;
1089 5352 1204 5420 alii,
1229 5369 1416 5423 magna
1433 5350 1497 5406 de
1518 5352 1649 5405 luce.
1672 5350 1866 5406 Set-mo

256 5430 348 5476 eet
375 5420 445 5474 de
474 5419 707 5477 Luciferi
729 5419 880 5477 casu.

332 5493 387 5545 ι.
419 5491 609 5547 Arntz.
644 5509 674 5547 a
705 5510 786 5563 pr.
823 5510 923 5562 m.,
955 5495 1113 5560 Alb.,
1145 5495 1319 5561 Meus,
1353 5493 1472 5549 Vet.
1504 5495 1565 5558 1,
1600 5493 1774 5547 Torn.
1805 5494 1859 5560 5,

252 5578 381 5635 eum
408 5564 619 5632 timuit;
642 5565 891 5630 alii,cum
908 5567 1096 5621 tumuit
1124 5582 1141 5619 :
1171 5583 1279 5635 quo
1306 5573 1555 5633 spectant
1592 5563 1777 5620 Ottob.
1805 5566 1860 5630 1,

255 5634 450 5707 βοτη..
484 5638 771 5690 contumuit
802 5653 1025 5707 procum
1051 5634 1269 5691 tumuit:
1298 5647 1353 5692 et
1376 5636 1491 5691 haec
1519 5647 1599 5691 est
1623 5636 1861 5706 genuina

252 5705 451 5780 leo-tio,
482 5724 604 5762 cum
626 5705 813 5764 serino
834 5710 907 5765 sit
933 5710 1002 5765 de
1025 5709 1301 5780 superbia,
1330 5724 1449 5779 quae
1472 5722 1569 5778 per
1589 5705 1858 5765 tumorem

255 5776 410 5836 solet
436 5781 718 5852 explicari,
754 5791 813 5837 ut
834 5781 946 5851 jam
975 5776 1185 5839 dixi'ad
1211 5776 1363 5839 alios
1376 5776 1569 5853 poetas
1588 5780 1858 5839 Christia-

1970 4854 2038 4909 de
2094 4847 2323 4908 transitu
2389 4853 2595 4908 Christi
2653 4853 2704 4906 in
2757 4851 2983 4908 caelum.
3022 4847 3290 4904 Cellariiis
3334 4850 3569 4917 priorem

1970 4924 2257 4979 transitum
2309 4923 2768 4991 interpretabatur
2812 4935 3090 4989 egressum
3122 4921 3309 4977 Abelis
3330 4931 3385 4976 et
3421 4920 3571 4991 Caini

1970 4996 2022 5049 iii
2067 5010 2278 5065 agrum.
2311 4990 2685 5063 Wtipkensius
2725 4994 2920 5050 melius
2948 4990 3156 5048 obitum
3206 4992 3415 5048 Abelis.
3460 4990 3570 5048 Sed

1970 5066 2185 5122 mallem
2214 5065 2416 5136 aliquid
2449 5066 2674 5136 clarius.

2042 5139 2128 5193 l3.
2177 5135 2315 5209 Reg.
2354 5138 2412 5205 5,
2443 5135 2677 5193 homines
2722 5144 2780 5191 ut
2820 5137 3094 5208 perderet;
3136 5148 3329 5191 sensus
3379 5141 3569 5205 postu-

1970 5209 2048 5264 lat
2076 5227 2157 5264 ne.

2048 5281 2134 5336 14.
2163 5283 2299 5336 Area
2338 5287 2423 5335 est
2454 5278 2699 5335 Ecclesia
2743 5293 2841 5349 per
2883 5279 3213 5349 baptismum
3259 5277 3443 5346 salva,
3482 5276 3573 5334 vel

1970 5354 2137 5409 etiam
2167 5351 2415 5406 Christus
2443 5353 2777 5406 sacramenti
2825 5350 3076 5421 baptismi
3120 5349 3421 5403 institiitor.

2046 5424 2132 5479 15.
2174 5422 2351 5479 Vatia.
2383 5423 2436 5488 1,
2466 5438 2558 5493 per
2583 5423 2692 5476 nati
2714 5419 3180 5493 vulnera;czeteri,
3211 5434 3305 5488 pro
3327 5419 3436 5474 nati
3459 5420 3577 5493 ttul-

1970 5511 2131 5562 nere;
2168 5495 2362 5549 Petrus
2405 5490 2743 5548 Bermannus
2770 5492 3091 5560 conjiciebat
3119 5495 3301 5560 funere
3333 5504 3431 5560 pro
3451 5490 3568 5547 vul-

1970 5583 2111 5622 nere.
2146 5566 2201 5620 In
2230 5566 2385 5619 Rom.
2417 5565 2672 5619 mendum
2700 5574 2833 5635 puto
2860 5568 3072 5617 cunctos
3102 5577 3203 5634 pro
3227 5569 3431 5617 cunila.
3468 5562 3572 5619 Pa-

1967 5645 2052 5693 ter
2082 5639 2167 5694 hic
2198 5646 2284 5692 est
2306 5637 2669 5693 Ahraliamus.
3289 5668 3295 5673 -

2041 5711 2129 5767 16.
2162 5709 2283 5765 Vet.
2331 5708 2355 5762 1
2385 5752 2401 5775 ,
2431 5709 2603 5775 Μοη.,
2637 5706 2870 5775 Poelm.,
2904 5707 3124 5763 inverso
3168 5704 3359 5762 ordine
3388 5748 3404 5775 ,
3433 5704 3567 5763 Cum

1969 5779 2234 5840 Christum
2279 5781 2481 5849 tradis;
2529 5779 2703 5841 nostri
2732 5794 2922 5840 omnes
2950 5793 3089 5840 mss.
3116 5794 3242 5839 cum
3296 5778 3615 5877 plerisque,
