4082 6188
265 266 374 323 757

481 380 583 450 Qui
612 380 890 439 Christum
923 386 1192 456 reprobus
1214 426 1230 453 ,
1256 398 1325 443 en
1359 382 1499 457 lapis
1524 382 1781 459 irriguos.

408 478 667 547 Carpitur
696 478 823 549 igne
855 492 1013 535 sacro
1040 492 1261 547 munus,
1286 489 1584 553 votumque
1614 478 1827 553 piorum
1850 524 1866 549 ,

480 568 642 647 365
665 573 937 629 Seditiosa
964 575 1141 631 tribus
1172 576 1411 644 carpitur
1443 576 1570 646 igne
1593 592 1773 632 sacro.

414 671 598 740 Regna
628 670 787 724 beata
816 668 995 724 Putris
1028 669 1166 741 legis
1198 676 1307 725 non
1337 670 1566 742 contigit
1596 666 1794 738 haeres,

304 764 377 820 40
487 762 646 818 Jesus
674 761 960 831 dispensat
990 774 1157 833 regna
1190 762 1345 818 beata
1380 760 1581 819 Patris.

414 855 662 912 Destruit
688 866 815 910 arca
848 854 971 923 Dei,
1007 868 1193 913 muros
1221 855 1350 913 dum
1382 856 1601 928 circuit,
1626 850 1866 928 hostem,

483 948 577 1005 Sic
606 949 821 1004 hostem
855 948 1046 1005 mundi
1072 948 1312 1005 destruit
1339 962 1466 1007 arca
1493 948 1611 1006 Dei.

410 1041 556 1098 Area
575 1040 755 1096 vellus
776 1040 966 1107 habet,
992 1041 1213 1099 madido
1234 1043 1329 1098 sed
1360 1044 1568 1100 vellere
1592 1042 1737 1100 sicca
1758 1048 1865 1111 est,

487 1133 705 1189 Siccum
734 1141 849 1188 tota
879 1133 1111 1190 madens
1140 1150 1268 1191 area
1294 1136 1470 1192 vellus
1502 1136 1687 1192 habet.

304 1228 378 1285 45
418 1228 608 1286 Vincis
637 1227 847 1283 honore
884 1228 979 1283 Dei
1011 1229 1284 1300 promisso
1309 1229 1368 1284 in
1402 1242 1628 1287 munere
1654 1240 1867 1303 gentes,

482 1319 752 1377 Aﬂectum
783 1330 923 1375 natu:
951 1321 1130 1376 vincis
1158 1320 1367 1377 ltonore
1393 1321 1511 1379 Del.

416 1413 498 1469 Tu
528 1412 699 1468 decus
729 1426 896 1468 omne
927 1412 1056 1479 tuis,
1090 1412 1183 1483 qui
1211 1412 1414 1469 sternis
1439 1411 1592 1470 crede
1617 1408 1866 1482 Goliam;

494 1503 602 1573 Qui
630 1504 806 1560 vincis
830 1502 1113 1571 mundum,
1147 1513 1202 1559 tu
1230 1503 1399 1560 decus
1428 1514 1593 1562 omne
1620 1506 1748 1562 tuis.

416 1598 650 1655 Maxima
685 1596 831 1654 dona
858 1596 960 1653 Dei
985 1595 1173 1654 cuncti
1196 1599 1451 1656 cecinere
1482 1596 1783 1671 prophetae,

304 1693 376 1750 50
480 1691 740 1763 implevit
770 1690 1020 1749 Christus
1055 1693 1292 1748 maxima
1320 1693 1464 1750 dona
1491 1693 1608 1751 Dei.

412 1785 664 1843 Pondere
694 1785 826 1841 dura
862 1786 984 1841 tulit
1008 1786 1323 1843 mandatum
1353 1786 1513 1860 legis,
1548 1792 1604 1845 et
1633 1788 1792 1857 iram,

480 1881 668 1937 Gratia
695 1881 936 1937 mandati
963 1881 1206 1952 pondera
1236 1880 1370 1938 dura
1398 1881 1540 1939 tulit.

409 1976 575 2049 366
590 1974 757 2047 Virgo
780 1975 947 2031 Maria
972 1977 1131 2045 nitet,
1148 1976 1297 2033 nullo
1317 1982 1617 2036 temerante
1630 1978 1860 2051 pudore,

485 2068 617 2148 Post
643 2077 855 2140 partum
889 2070 1043 2139 pueri
1069 2070 1224 2141 virgo
1256 2070 1423 2126 Maria
1450 2072 1607 2127 nitet.

1768 258 2041 332 ELEGIA.

1898 1785 1945 1845 B

3466 285 3573 341 758

1896 390 1953 451 Α
2010 390 2082 447 55
2125 391 2298 449 Filius
2329 392 2423 450 hic
2454 386 2692 451 hominis
2727 394 2785 453 lit
2820 398 3053 455 maxima
3082 402 3322 471 quaestio
3359 404 3575 471 mundi,

2184 480 2482 543 Nobiscum
2514 484 2661 545 Deus
2690 499 2772 545 est
2803 484 2948 547 lilius
2976 482 3065 548 hic
3090 493 3351 551 hominis.

2112 583 2319 640 Gaudia
2351 601 2544 657 magna
2578 580 2676 641 Dei
2708 588 2946 645 mundus
2976 590 3246 661 percepit,
3291 600 3347 647 et
3375 592 3572 661 ambit,

2192 677 2440 748 Respuit,
2468 674 2603 735 heu!
2637 679 2873 735 mundus
2901 681 3095 751 gaudia
3121 697 3316 753 magna
3341 678 3463 740 Dei.

2112 769 2278 840 Signa
2308 772 2529 827 movent
2552 771 2803 843 populos,
2837 781 3071 828 cernunt
3098 773 3372 845 magnalia
3397 776 3550 843 caeci,

2005 864 2078 921 60
2184 863 2342 921 Nulla
2370 877 2554 922 tamen
2583 862 2751 921 duros
2778 866 2932 936 signa
2965 878 3188 923 movent
3215 869 3472 939 populos.

2115 960 2322 1028 Aspera
2356 967 2507 1015 mors
2540 954 2753 1029 populis
2786 959 2932 1030 ligno
2961 959 3193 1015 deducta
3222 962 3486 1030 cucurrit,

2189 1050 2453 1106 Aufertur
2479 1051 2628 1122 ligno
2658 1067 2855 1123 aspera
2888 1068 3039 1110 mors
3070 1055 3307 1126 populis.

2115 1142 2237 1213 ipse
2266 1144 2391 1199 tulit
2422 1142 2684 1204 Dominus
2712 1160 2811 1214 pro
2840 1136 3016 1216 poenis
3048 1162 3275 1204 munera
3301 1149 3500 1216 servis,

2183 1234 2299 1291 Pro
2327 1235 2504 1291 servis
2534 1250 2725 1305 poenas
2752 1236 2867 1306 ipse
2901 1237 3027 1293 tulit
3058 1239 3341 1295 Dominus.

2008 1324 2079 1383 65
2114 1325 2237 1382 Vita
2267 1322 2422 1383 beata
2454 1340 2644 1383 necem
2670 1328 2889 1386 miseris
2917 1341 3174 1388 avertere
3203 1332 3378 1400 venit,

2183 1416 2414 1475 Pertulit
2444 1434 2476 1474 a
2504 1416 2723 1475 miseris
2750 1418 2861 1476 vita
2888 1419 3049 1477 beata
3082 1438 3301 1481 necem.

2115 1510 2549 1581 Lumenjadesse
2572 1508 2692 1581 Dei,
2721 1514 2993 1584 persensit
3021 1524 3259 1573 tartarus
3283 1516 3499 1591 ingens.

2120 1626 2125 1631 ·
2221 1603 2381 1677 367
2408 1604 2521 1662 Nec
2567 1615 2803 1662 cernunt
2851 1605 3124 1677 homines,
3169 1610 3354 1669 lumen
3385 1604 3584 1670 adesse

3338 1704 3486 1778 [Dei.

2114 1791 2257 1848 Mors
2287 1790 2403 1848 fera
2426 1805 2522 1861 per
2552 1784 2832 1848 hominem
2861 1792 3125 1851 miserum
3179 1795 3285 1853 sibi
3334 1797 3578 1856 subdidit

3259 1885 3498 1959 [orbem,

1972 1977 2041 2035 70
2186 1974 2411 2033 Subdita
2444 1976 2755 2049 congemuit
2778 1992 2925 2035 mors
2947 1976 3063 2034 fera
3079 1994 3178 2050 per
3200 1979 3500 2039 hominem.

2116 2071 2360 2126 Suscitat
2388 2083 2516 2125 ecce
2570 2083 2744 2141 genus
2790 2070 2956 2126 morti
2987 2079 3144 2141 pater
3165 2071 3261 2130 ille
3284 2073 3572 2145 profanus,

1763 2188 2082 2248 SGHOLIA.

340 2299 433 2374 56.
474 2295 652 2374 Meus,
675 2296 841 2374 Ang.,
864 2314 990 2374 Anon
1023 2299 1163 2356 male
1191 2341 1215 2374 ,_
1242 2296 1382 2369 Quid
1403 2296 1667 2357 Christum
1688 2320 1870 2374 repro-

272 2373 410 2430 bus?
437 2372 544 2427 Alii
567 2412 581 2437 ,
616 2370 718 2437 Qui
742 2364 1009 2444 Christum
1045 2364 1309 2444 reprobus,
1341 2388 1438 2441 pro
1467 2390 1575 2444 quo
1608 2374 1660 2429 in
1691 2364 1806 2430 Olt.
1840 2376 1866 2431 1

274 2446 377 2501 fuit
404 2444 553 2569 pgius
578 2442 809 2514 reprobis
839 2443 989 2498 nullo
1023 2458 1207 2499 sensu.
1240 2441 1365 2499 Alb.
1391 2484 1405 2510 ,
1436 2441 1586 2512 Quod
1609 2444 1873 2502 Christum

277 2533 429 2569 renro
466 2530 545 2569 us.

277 2530 545 2571 τινι-θυαε.

336 2534 462 2642 ’,ἓξὲξ
466 2534 622 2655 "181133.
650 2583 703 2652 5,
737 2584 859 2660 Alh.
887 2624 902 2650 ,
928 2584 1061 2660 Ald.
1086 2628 1099 2649 ,
1134 2588 1402 2660 priorum;
1429 2588 1487 2660 in
1520 2587 1654 2660 Reg.
1681 2587 1738 2653 2,
1770 2584 1879 2659 pio-

286 2672 400 2713 rum
426 2674 444 2723 ;
466 2652 634 2729 supra
661 2696 676 2721 ,
712 2657 944 2725 priorum
970 2675 988 2723 ;
1015 2652 1193 2726 glossa
1218 2703 1234 2725 ,
1268 2652 1460 2729 Moysi,
1492 2662 1539 2715 el
1569 2652 1781 2729 Acron}
1824 2660 1874 2714 in

287 2730 414 2786 Vat.
453 2728 502 2794 1,
548 2732 597 2801 et
645 2737 759 2782 rota
797 2729 995 2801 priora,
1020 2739 1329 2785 correctum
1361 2728 1618 2801 priorum.
1651 2728 1873 2798 Verior,

290 2799 739 2885 commttni‘orque
762 2798 1682 2885 scripturam-tumque.piarunt..cui
1714 2817 1885 2885 Oppo-

295 2875 439 2928 nitur
487 2868 730 2925 seditiosa
780 2870 964 2925 tribus.
1014 2868 1283 2926 Celiarius
1328 2868 1381 2927 in
1434 2873 1694 2929 seditiosa
1736 2868 1882 2928 tribu

293 2944 539 3015 agnoscit
567 2941 728 3010 Core,
761 2941 968 3015 Dathan
1000 2948 1055 3015 et
1080 2936 1316 3010 Abiron;
1348 2943 1444 3015 sed
1475 2944 1575 2999 hos
1605 2961 1710 3000 non
1740 2945 1881 3015 ignis

294 3010 637 3087 consumpsit
661 3056 687 3087 ,Α
708 3014 971 3087 5811101111
1008 3013 1311 3070 absorbuit.
1344 3010 1726 3086 intelliguntur
1754 3010 1885 3087 ergo

292 3087 399 3143 2.30
428 3085 531 3160 viri
555 3128 571 3152 ,
597 3084 692 3156 qui
738 3084 1351 3160 olierchantincen‘sum
1377 3127 1392 3152 ,
1424 3095 1479 3142 et
1506 3084 1576 3142 ab
1602 3089 1723 3160 igne
1748 3084 1881 3143 con-

2051 2302 2141 2358 55.
2185 2300 2312 2370 Vat.
2341 2299 2399 2367 2,
2430 2299 2618 2366 Rom.,
2657 2294 2794 2369 Reg.
2825 2300 2882 2365 ὅ,
2915 2299 3074 2366 1111)..
3106 2300 3258 2370 Ald.,
3308 2304 3459 2362 nulla
3502 2315 3577 2363 te-

1979 2383 2176 2447 merata
2206 2369 2425 2447 pudore.
2454 2371 2640 2427 Ottob.
2668 2370 2725 2435 2,
2755 2370 2928 2447 Meus,
2966 2371 3097 2447 Reg.
3132 2373 3188 2447 5,
3223 2369 3385 2447 ang“
3419 2374 3572 2447 Alb.,

1982 2445 2113 2517 Vat.
2142 2442 2377 2517 i,‘uull_o
2402 2450 2687 2517 temerante
2717 2443 2933 2510 pudore.
2965 2442 3100 2517 Reg.
3134 2446 3192 2510 2,
3220 2442 3334 2501 Ott:
3364 2448 3417 2517 1,
3450 2442 3575 2505 culti

1982 2516 2259 2587 plerisque
2284 2514 2469 2587 editis,
2496 2513 2641 2587 nullo
2669 2522 2947 2587 tenterante
2972 2513 3246 2587 pudorem.

2059 2588 2146 2642 55.
2174 2584 2446 2652 ’Quwstio,
2486 2585 2617 2655 quia
2652 2585 2864 2656 positus
2893 2584 2948 2656 in
2980 2586 3216 2655 signum,
3248 2587 3333 2642 cui
3363 2597 3582 2645 contrit-

1987 2659 2223 2716 dicetur.
2253 2656 2492 2713 Consule
2535 2656 2634 2711 hac
2656 2655 2730 2712 de
2758 2655 3062 2725 quaestione
3092 2665 3207 2713 not.
3234 2657 3302 2713 ad
3344 2659 3574 2717 iuvene.

1984 2731 2022 2786 1.
2057 2747 2099 2797 1.
2130 2743 2274 2785 vers.
2301 2728 2430 2799 242i,
2463 2725 2618 2782 Dicta
2643 2727 2701 2781 in
2727 2728 2991 2799 contraria
3011 2729 3236 2799 signum.

2056 2802 2147 2856 57.
2186 2800 2327 2874 Cod.
2379 2797 2564 2874 Gant.,
2612 2801 2826 2862 Arnim,
2858 2797 3203 2874 _Alm.,'()tt.
3250 2801 3302 2866 1,
3337 2797 3472 2874 Reg.
3520 2805 3577 2871 5,

1989 2870 2215 2945 percepit
2241 2886 2258 2924 :
2288 2871 2392 2925 hoc
2436 2872 2612 2945 ipsum
2646 2878 2824 2945 exstat
2856 2870 2909 2924 in
2941 2871 3155 2927 caeteris
3178 2873 3388 2945 nostris
3416 2870 3575 2941 foss,-

1986 2941 2083 3001 Sed
2134 2941 2230 3012 per
2258 2942 2640 3012 compendium
2677 2942 3023 3007 litterarum;
3078 2951 3134 2997 et
3176 2941 3229 2997 in
3277 2946 3577 3011 nonnullis,

1986 3025 2043 3071 ut
2071 3017 2121 3069 in
2153 3015 2294 3076 Meo,
2327 3013 2507 3084 potius
2540 3013 2750 3085 videtur
2778 3012 3070 3085 legendum
3098 3015 3348 3085 prwcepit
3387 3028 3407 3070 :
3455 3026 3576 3085 qua!

1986 3086 2086 3141 fuit
2108 3083 2418 3156 conjectura
2446 3084 2586 3140 Petri
2603 3084 2924 3153 Burmanni,
2950 3083 3055 3157 hoc
3081 3088 3183 3151 est,
3207 3083 3296 3149 spe
3311 3083 3576 3157 prerupit.

294 3156 498 3226 sumpti
521 3152 647 3213 sunt
672 3199 686 3223 ,
718 3164 773 3213 et
817 3157 905 3213 alii
936 3158 1190 3212 similiter
1222 3154 1396 3229 147011
1440 3152 1844 3215 murmurantes
1869 3199 1884 3227 ,
1913 3164 1960 3227 C
1994 3158 2050 3213 ln
2084 3152 2224 3229 Reg.
2247 3157 2283 3210 2
2311 3166 2394 3229 est
2422 3156 2618 3227 accepit
2666 3156 3171 3229 tamquam‘glossa
3196 3198 3211 3225 ,
3262 3152 3349 3229 vel
3396 3152 3579 3228 poiius

296 3230 387 3291 qui
437 3228 690 3298 incendio
730 3230 1047 3298 perierunt,
1081 3238 1141 3283 dt
1171 3227 1401 3285 refertur
1438 3229 1660 3287 Numer.
1692 3248 1740 3285 c.
1774 3247 1881 3287 tm.

297 3300 484 3356 Nadab
515 3311 570 3356 et
596 3296 756 3369 Abiu,
778 3300 867 3355 lilii
900 3300 1103 3366 Aaron,
1137 3302 1443 3370 consumpti
1474 3303 1635 3357 etiam
1667 3303 1890 3358 fuerunt

295 3373 424 3443 igne
443 3370 797 3428 cteleSti.Sed
824 3387 930 3426 non
961 3371 1175 3427 videtur
1202 3380 1570 3443 congruenter
1594 3374 1659 3430 de
1685 3375 1771 3431 his
1799 3390 1888 3429 so-

294 3444 407 3500 lum
440 3443 649 3499 duobus
681 3443 789 3497 dici
819 3443 1063 3498 seditiosa
1094 3445 1274 3498 tribus.

368 3514 460 3571 '59.
508 3508 688 3568 literas
730 3514 900 3584 legis,
932 3518 1030 3569 nisi
1080 3530 1147 3570 ex
1176 3515 1494 3584 conjectura
1528 3515 1683 3570 malis
1714 3518 1885 3584 heros,

294 3588 515 3643 videtur
558 3600 680 3641 esse
710 3582 944 3657 Moyses,
980 3589 1070 3657 qui
1124 3582 1760 3657 terrampromissionis
1809 3582 1892 3642 in-

291 3670 527 3731 gressus
572 3666 677 3711 n0n
710 3654 825 3731 fuit.
861 3654 1053 3731 Glossa
1087 3658 1138 3711 in
1174 3658 1307 3726 Reg.
1337 3656 1372 3731 2
1397 3654 1640 3731 χΝιιιΙαδ
1664 3674 1727 3711 ex
1754 3656 1887 3725 illis,

292 3727 388 3801 qui
416 3731 602 3800 egressi
643 3734 763 3783 sunt
791 3727 853 3801 tie
879 3727 1148 3801 ΓῈειῃριοἱ
1180 3729 1390 3783 intravit
1413 3728 1465 3783 in
1497 3736 1685 3783 terram
1712 3745 1893 3799 repro-

296 3797 559 3856 missionis
582 3807 766 3871 prceter
791 3797 1007 3870 Calep/t}
1029 3797 1087 3854 et
1112 3797 1295 3871 losue.

370 3871 463 3927 10.
509 3866 928 3937 Διᾶ.,ϐἡνὲδιηεξ
956 3871 1068 3936 alii,
1095 3866 1268 3926 Iesus.

373 3942 466 3997 41.
499 3942 749 3998 Nonnulli
772 3943 970 4012 vulgati
999 3940 1181 4007 hostis,
1215 3941 1431 3998 scilicet
1452 3938 1684 3997 destruit
1709 3957 1895 3997 muros

299 4012 503 4081 hosﬁs,
535 4016 661 4068 dum
692 4015 892 4069 circuit
921 4028 1039 4069 eos.
1074 4012 1228 4080 Mss.,
1255 4012 1682 4084 completisque
1709 4013 1891 4084 editis,

302 4076 527 4141 hostem.
575 4086 901 4155 Arntzenius
944 4076 1312 4155 interpungit,
1364 4076 1607 4140 Destruit.
1646 4102 1769 4140 arca
1799 4076 1896 4139 Dei

306 4174 507 4223 muros,
555 4154 679 4209 dum
723 4155 905 4209 circuit
936 4152 1166 4228 hostem,
1201 4152 1294 4211 sed
1325 4171 1389 4211 ex
1424 4156 1767 4228 pentametro
1790 4156 1894 4211 alia

304 4229 590 4285 distinctio
632 4232 716 4282 est
742 4227 1077 4296 praeferenda
1119 4246 1129 4281 :
1173 4242 1239 4282 ac
1270 4227 1464 4283 revera
1493 4244 1616 4283 arca
1648 4228 1900 4284 circuivit

300 4316 491 4355 muros
520 4298 719 4365 Jerico,
757 4308 812 4351 ut
842 4306 1055 4353 constat
1087 4314 1150 4353 ex
1182 4299 1348 4356 Josue
1380 4314 1499 4367 cap.
1536 4315 1610 4353 vt.

378 4370 469 4425 62.
500 4370 680 4439 Cant.,
698 4370 878 4424 mundi
896 4374 943 4423 et
965 4371 1215 4438 destruit;
1234 4370 1467 4425 abundat
1490 4368 1800 4440 conjunctio
1822 4377 1896 4426 et.

380 4442 472 4497 43.
507 4441 729 4513 Signum
758 4440 1002 4513 Gedeoni
1028 4442 1247 4503 datum,
1284 4441 1518 4510 primum
1563 4442 1737 4497 vellus
1784 4457 1901 4495 ma-

303 4514 494 4569 didum
526 4512 583 4567 in
606 4527 731 4567 area
760 4512 927 4580 sicca,
960 4524 1067 4568 tum
1098 4513 1277 4568 vellus
1304 4515 1506 4568 siccum
1537 4513 1589 4568 111
1621 4529 1746 4568 area
1776 4527 1894 4568 ma-

302 4586 454 4641 dida.
487 4582 665 4639 Judic.
696 4598 772 4638 vr.

380 4655 473 4711 43.
518 4654 685 4710 Docta
711 4668 902 4710 manus
927 4653 980 4709 in
1009 4669 1175 4726 marg.
1204 4655 1291 4710 ed.
1317 4656 1463 4710 Mon.
1487 4656 1703 4726 volebat
1725 4672 1902 4709 amore

306 4729 433 4794 Dei,
469 4736 525 4783 ut
556 4728 608 4780 in
638 4734 979 4796 pentatnctro
1028 4725 1226 4781 aliculti
1277 4727 1497 4794 legitur.
1533 4725 1902 4796 WOpkensius

303 4801 524 4855 videtur
567 4794 852 4869 utrobique
909 4796 1152 4853 voluisse
1206 4815 1403 4869 (tutore;
1432 4796 1529 4852 Dei
1545 4815 1561 4869 ς
1606 4794 1757 4853 certe
1786 4796 1900 4869 Avel

302 4870 599 4941 utrobique
644 4866 714 4924 ita
768 4862 1077 4941 legendum,
1114 4869 1193 4941 vel
1228 4864 1514 4939 utrobique
1541 4862 1736 4941 honore
1774 4862 1897 4923 Dei.

305 4943 443 4999 Mss.
476 4938 531 4996 et
558 4942 802 5011 plerique
828 4938 961 4995 editi
994 4939 1289 5010 praeferunt
1313 4938 1503 5011 honore
1533 4939 1646 4997 Dei.
1678 4940 1733 5011 In
1764 4955 1902 5011 non-

304 5013 476 5085 nullis
514 5008 675 5085 editis
696 5008 729 5078 ,“
758 5008 1017 5085 promisso
1036 5027 1279 5085 munere,
1298 5008 1507 5085 ‘sinetiu
1526 5051 1542 5076 ,
1573 5009 1717 5081 quod
1735 5008 1903 5085 deest

305 5084 477 5141 etiam
520 5084 574 5138 in
608 5078 779 5138 Vatic'.
831 5082 882 5147 1,
912 5085 968 5149 2,
1018 5078 1168 5149 Α11).,
1217 5078 1378 5149 Urh.,
1415 5078 1605 5148 llom.,'
1630 5092 1684 5137 et
1716 5081 1906 5136 deerat

307 5160 367 5212 in
397 5153 531 5227 Reg.
578 5152 633 5217 ὅ,
666 5154 756 5208 ubi
788 5156 993 5227 recenti
1027 5171 1190 5227 manu
1237 5154 1480 5209 additum
1512 5163 1617 5209 est.
1647 5151 1906 5208 Nonnulli

308 5243 417 5300 pro
435 5224 715 5300 Aprmnissa
728 5224 989 5300 referunt_
1006 5226 1294 5300 prietttisso.

387 5291 478 5353 46.
522 5296 656 5365 Reg.
686 5296 739 5361 5,
769 5297 910 5361 ΔΜ,
945 5291 1238 5364 Eﬂ'ectunt;
1283 5296 1510 5361 reliqui,
1563 5303 1741 5365 recte,
1768 5291 1909 5361 Alfe-

307 5381 486 5435 cfum,
521 5362 663 5441 quod
692 5362 1099 5441 exconjectura
1130 5367 1357 5423 rescribi
1386 5368 1551 5441 jussit
1578 5362 1908 5441 Nebrissen-

309 5444 415 5510 sis,
444 5436 568 5510 quia
597 5439 832 5509 Jeplttltc
864 5436 987 5493 ﬁliae
1019 5454 1258 5495 amorem
1289 5440 1481 5508 religio
1507 5438 1539 5493 .i
1575 5436 1910 5509 postposuit.

313 5514 396 5570 De
425 5512 658 5582 Jephthe
686 5513 829 5566 enim
861 5527 1043 5567 sermo
1074 5526 1217 5566 nunc
1246 5510 1495 5566 habetur.

391 5584 477 5639 47.
526 5582 709 5648 Rom.,
743 5593 971 5649 steriles;
1001 5583 1238 5650 corrige,
1267 5582 1474 5636 sternis.

394 5655 482 5711 Eii.
528 5652 702 5727 Vatic.
740 5656 794 5720 2,
828 5656 997 5727 regis;
1044 5654 1479 5727 emendandum,
1531 5652 1680 5727 legis.
1724 5651 1796 5727 lt_t_
1816 5650 1920 5706 hoc

1924 4552 1980 4614 D

1994 3226 2269 3298 tamquam
2315 3226 2865 3301 diversa’acriptuta.
2910 3226 3169 3301 Plerique
3187 3226 3370 3301 Aetlitl,
3397 3226 3580 3284 etiam

1988 3296 2261 3365 recentes,
2291 3299 2515 3353 mundus
2543 3296 2657 3352 haec
2678 3296 2863 3363 sentit,
2894 3307 2943 3353 et
2971 3296 3153 3353 ambit.
3184 3298 3306 3353 Vat.
3340 3299 3395 3366 2,
3430 3310 3577 3356 men»

1990 3372 2125 3428 dose
2152 3414 2166 3437 ,
2220 3371 2440 3425 mundus
2482 3369 2736 3441 percipit,
2786 3377 2835 3423 et
2880 3369 3061 3423 ambit.
3102 3370 3390 3439 Repugnat
3432 3373 3580 3427 enim

1991 3453 2257 3506 metrum,
2307 3442 2411 3496 etsi
2457 3441 2637 3513 ambit_
2664 3441 2845 3508 potius
2888 3441 3128 3513 cohaeret
3174 3456 3296 3513 eum
3333 3443 3581 3513 percipit,

1991 3530 2149 3584 quant
2182 3528 2304 3584 cum
2336 3511 2779 3584 percepitaPutat
2823 3519 3007 3584 autem
3039 3511 3184 3566 idem
3213 3511 3579 3582 Burmanttus,

1991 3581 2148 3639 ambit
2175 3582 2299 3654 poni
2331 3599 2428 3651 pro
2455 3581 2655 3654 ambiit,
2684 3581 2769 3635 vel
2797 3581 3029 3654 ambiguit.

2065 3652 2331 3725 51l.'Reg_.
2380 3654 2436 3718 5,
2489 3652 2664 3725 male,
2710 3653 2997 3725 magnaliag
3029 3654 3164 3708 caeli.
3216 3653 3377 3709 Rom.
3428 3655 3584 3725 pejus

1994 3724 2259 3801 magttalja
2284 3723 2417 3801 Dei;
2442 3724 2541 3801 sed
2567 3725 2626 3801 in
2645 3722 2746 3777 ltoc
2767 3722 3048 3801 correctio
3064 3725 3305 3801 adhibita
3327 3733 3413 3782 est
3428 3722 3581 3801 eieci.

2066 3795 2155 3854 61.
2201 3795 2321 3851 Vet.
2356 3796 2409 3863 1,
2437 3796 2493 3861 2,
2535 3795 2781 3861 reducta;
2829 3796 2981 3865 lege,
3016 3796 3267 3865 deducta,
3312 3805 3371 3851 ut
3400 3806 3483 3852 est
3528 3798 3586 3852 111

1996 3869 2244 3940 reliquis.
2276 3865 2336 3922 111
2364 3867 2495 3938 Reg.
2531 3871 2582 3931 1,
2614 3865 2669 3933 2,
2703 3866 2847 3921 aliud
2898 3868 3047 3936 prius
3101 3867 3201 3922 fuit
3239 3884 3253 3921 :
3294 3868 3350 3923 in
3387 3866 3583 3940 eodem

1997 3932 2695 4012 supracucurrit'videtur
2745 3932 2922 4012 glossa
2970 3941 3222 4006 manauit,
3268 3939 3412 4012 quod
3451 3932 3588 4012 alibi

1998 4010 2138 4083 apud
2168 4011 2447 4068 Sedulium
2477 4010 2534 4065 in
2567 4010 2847 4083 nonnullis
2876 4025 3007 4065 mss.
3049 4024 3153 4080 pro
3177 4011 3405 4064 cucurrit
3440 4011 3589 4083 intra

1998 4081 2314 4141 contextum
2368 4092 2646 4152 receptum
2684 4090 2786 4137 est.
2818 4081 3101 4152 Ra'pugttat
3135 4093 3385 4136 metrum.
3420 4082 3588 4150 Attg.,

2001 4156 2280 4218 mendose,
2316 4155 2590 4208 succurrit.
2628 4153 2686 4208 In
2735 4152 2840 4208 hoc
2887 4165 3047 4207 versu
3097 4153 3340 4208 innititur
3386 4153 3593 4221 lignum

2000 4228 2214 4282 arboris
2241 4225 2445 4291 vetitae,
2479 4225 2529 4278 in
2558 4240 2678 4294 seq.
2707 4222 2911 4293 lignum
2940 4223 3142 4279 crucis.

2072 4298 2163 4354 65.
2206 4296 2400 4352 Glossa
2434 4297 2575 4350 Alm.
2608 4292 2662 4350 in
2696 4292 2800 4349 hoc
2832 4310 2884 4348 ν.
2916 4309 3015 4365 pro
3040 4295 3210 4352 verbo
3237 4292 3356 4350 tulit
3392 4302 3479 4351 est
3507 4304 3595 4349 at:

2003 4372 2121 4425 tulit
2154 4366 2497 4439 martyribus,
2529 4367 2582 4422 in
2612 4382 2775 4422 versu
2803 4379 2925 4439 seq.
2951 4368 3196 4421 sustinuit
3227 4380 3323 4437 pro
3352 4368 3597 4437 martyris

2004 4442 2118 4496 bus.
2151 4437 2373 4495 Planius
2421 4450 2602 4493 tamen
2651 4446 2769 4503 eet,
2810 4446 2870 4492 ut
2916 4437 2970 4491 in
3004 4438 3174 4494 verbo
3203 4439 3363 4493 servis
3406 4446 3603 4493 omnes

2006 4513 2256 4568 homines
2286 4509 2674 4581 intelligantur.

2079 4586 2168 4639 66.
2217 4583 2354 4652 Reg.
2387 4584 2441 4647 ὅ,
2463 4574 2626 4646 'Aidt,
2678 4578 2927 4649 Depulit;
2959 4579 3084 4645 alii,
3115 4576 3378 4652 Pertulit,
3517 4584 3597 4645 δη

2008 4655 2269 4711 sustinuit
2289 4646 2516 4723 {neque
2544 4646 2797 4717 dubium,
2831 4654 2958 4722 quin
2987 4651 3277 4722 legendum
3304 4651 3377 4705 sit
3404 4646 3598 4723 Pertu-

2009 4728 2090 4783 lit.
2124 4727 2180 4781 111
2211 4728 2313 4780 hoc
2341 4721 2578 4780 disticho
2607 4725 2779 4778 miseri
2807 4721 2935 4777 sunt
2967 4733 3289 4789 peccatores
3334 4742 3347 4778 :
3388 4721 3458 4777 de
3488 4736 3595 4792 qua

2008 4797 2409 4869 signiﬁcatione
2437 4798 2519 4860 egi
2557 4796 2630 4869 1111
2662 4797 2917 4869 Dracont.
2951 4794 2990 4869 1.
3012 4809 3067 4869 1,⁸
3092 4807 3236 4848 vers.
3273 4795 3360 4849 11.
3392 4793 3597 4850 lterum

2008 4864 2202 4926 eodem
2233 4884 2398 4924 sensu
2421 4868 2660 4923 occurrit
2681 4867 2856 4920 miseri
2886 4880 2936 4917 ν.
2968 4864 3093 4921 106.

2082 4940 2170 4994 67.
2215 4940 2326 4993 lloc
2370 4939 2534 4993 etiam
2582 4938 2701 4993 loco
2749 4935 2949 5003 repetit
2985 4935 3275 5002 Sedulius,
3328 4934 3609 4991 Christum

2011 5010 2299 5065 Dominum
2332 5010 2397 5064 ad
2428 5010 2727 5064 inferorum
2756 5008 2873 5064 loca
2902 5008 3281 5064 descendisse.

2082 5104 2174 5159 es.
2199 5103 2415 5169 Arntz.,
2440 5101 2623 5168 Ποπι,
2651 5101 2760 5155 Nec
2779 5101 2997 5155 credunt
3013 5115 3035 5166 ,-
3060 5098 3149 5154 alii
3178 5104 3314 5155 mss.
3339 5098 3461 5153 eum
3492 5082 3611 5153 etii-

2011 5178 2103 5243 tis,
2141 5175 2356 5240 melius,
2394 5172 2761 5227 Ναί-1111111111.

2085 5269 2174 5325 69.
2207 5268 2303 5323 llic
2332 5281 2523 5323 versus
2550 5265 2827 5335 profertur
2853 5281 2882 5321 a
2908 5264 3051 5335 Beda
3094 5252 3319 5335 deﬁrt’e
3348 5270 3620 5335 metr.,_et

2015 5341 2085 5398 ab
2134 5341 2254 5410 ejus
2284 5330 2740 5410 comment'atore.
2776 5330 3067 5410 Apostolus
3118 5334 3184 5388 ad
3214 5333 3374 5410 Rom.
3405 5348 3473 5410 vi
3494 5332 3604 5388 i2:

2019 5414 2125 5467 Per
2147 5400 2303 5466 unum
2334 5408 2596 5463 hominem
2629 5400 2897 5481 peccatum
2926 5408 2977 5459 in
3010 5400 3146 5459 hunc
3180 5406 3428 5459 mundum
3458 5405 3621 5459 intra-

2018 5489 2107 5551 uit,
2144 5494 2190 5537 et
2224 5499 2315 5553 per
2345 5490 2611 5551 peccatum
2632 5496 2791 5533 mors.

2096 5575 2184 5630 70.
2214 5576 2384 5638 Alut.,
2407 5573 2460 5628 in
2489 5586 2596 5642 quo
2628 5571 2714 5627 hic
2729 5570 3169 5642 versusmgrgini
3190 5569 3458 5642 ascriptus
3481 5576 3628 5633 erat;

2026 5648 2243 5709 Arum,
2272 5646 2406 5715 Reg.
2453 5639 2524 5705 2ξ
2568 5644 2623 5708 5,
2664 5642 2784 5715 νει.
2832 5644 2881 5704 1,
2907 5639 3084 5715 2,ορ
3137 5641 3194 5706 2,
3216 5639 3402 5715 11111,
3436 5641 3623 5709 “om,

312 5742 485 5782 versu
515 5725 633 5780 tulit
660 5735 743 5780 est
773 5712 869 5796 pro
885 5712 1164 5791 ’ἱιιιὶιιίῌη
1197 5725 1446 5794 sequenti
1468 5712 1924 5795 'pro'abstulit,ut
2025 5719 2189 5796 A_ug_.,
2235 5712 2763 5796 Meus,._congemuit.
2811 5716 2897 5796 0t.
2960 5714 3011 5780 1,
3047 5712 3184 5796 Reg.
3214 5714 3275 5796 ὅ,
3316 5712 3626 5796 Mb.,.cum

316 5799 558 5868 explicat
588 5797 771 5867 glossa
805 5797 948 5850 Alm.
980 5858 990 5867 Α

2029 5783 2305 5861 ιιιεῖἰδψιθ
2353 5783 2887 5854 8111115,ἐο111181111111
2913 5824 2928 5851 ,
2982 5783 3385 5854 (ιυοὰνθτιηιηι
3420 5783 3499 5840 rei
3540 5797 3630 5839 ac-
