4082 6188
3588 162 3708 221 τω

385 189 495 248 759
1777 174 1998 235 αοειιι
2034 172 2308 234 εεῡυιιι

599 306 683 363 Ad
710 306 874 361 vitam
904 301 1156 359 Christus
1182 298 1414 356 suscitat
1438 310 1570 353 ecce
1599 308 1791 366 genus.
2018 295 2075 357 Α
2241 288 2320 346 Te
2351 299 2644 359 properare
2671 284 2872 341 docent
2896 290 2953 339 et
2973 282 3151 354 signa,
3180 288 3237 337 et
3258 277 3459 337 saecula
3494 280 3701 351 prima,

530 399 630 458 llic
655 400 889 472 populus
921 397 1209 453 Dominum
1239 395 1374 450 dura
1398 391 1616 449 cervice
1638 388 1877 460 negavit,
2092 384 2163 443 90
2304 380 2416 438 Nos
2464 394 2620 437 sacra
2673 393 2796 451 qua:
2820 376 3102 450 gerimus,
3154 382 3209 432 te
3246 389 3547 472 properare
3596 374 3707 431 do-

3431 466 3453 541 [
3472 478 3624 525 cent.

2236 572 2442 632 Unicus
2471 570 2778 628 adveniens
2806 568 3048 625 ﬁrmavit
3071 576 3198 623 vota
3220 567 3549 638 primorum,

2312 666 2453 722 Vota
2477 664 2628 720 dedit
2651 663 2813 720 nobis
2839 663 3033 719 unicus
3061 660 3379 718 adveniens.

608 492 861 562 Suscepit
891 491 1102 561 primus
1130 488 1219 545 hic
1246 486 1475 558 populus
1507 484 1818 539 Dominum.

388 583 463 641 75
537 585 816 657 Sanguine
843 585 968 639 laeta
1003 582 1146 638 redit
1178 582 1301 636 fuso
1330 594 1465 651 gens
1496 577 1666 647 impia
1696 575 1917 642 Christi,

610 679 840 736 Gustato
866 676 1069 733 Christi
1098 676 1360 745 sanguine
1393 676 1514 729 laeta
1544 671 1707 727 redit.

540 772 783 828 Crimina
811 778 1005 826 cuncta
1034 769 1147 824 suis
1174 779 1424 823 terrenus
1452 764 1684 820 contulit
1712 770 1920 827 auctor,

613 863 882 918 Dissolvit
900 861 1151 917 Christus
1171 858 1396 915 crimina
1426 867 1617 912 cuncta
1642 856 1773 912 suis.

539 958 736 1013 Libera
765 958 931 1013 corda
963 956 1065 1010 sibi
1107 955 1316 1010 facinus
1346 953 1667 1008 devinxerat
1696 951 1848 1018 olim,

400 1050 471 1108 80
614 1051 765 1105 Nunc
796 1052 972 1106 relicit
998 1048 1246 1104 Christus
1277 1048 1447 1103 libera
1470 1046 1636 1102 corda
1658 1045 1782 1099 sibi.

543 1138 728 1198 Foi'tia
760 1141 934 1195 vincla
972 1140 1125 1195 dedit
1151 1139 1356 1207 peccati
1378 1153 1521 1193 saeva
1554 1143 1817 1206 potestas,

618 1233 800 1288 Dulcis
830 1248 985 1288 amor
1010 1232 1211 1287 Christi
1246 1231 1405 1286 fortia
1436 1229 1612 1286 vincla
1642 1228 1818 1283 dedit.

546 1329 663 1385 Jam
686 1344 849 1396 super
882 1337 1029 1383 astra
1054 1327 1226 1389 sedet,
1255 1326 1435 1381 cuncti
1460 1324 1730 1380 exsultate
1763 1322 1953 1378 ﬁdeles
1987 1338 2000 1376 :

625 1420 863 1485 Perﬁde,
890 1419 1020 1490 quid
1043 1418 1248 1473 smvis?
1273 1418 1384 1487 jam
1408 1432 1572 1486 super
1594 1424 1740 1470 astra
1758 1414 1933 1470 sedet.

410 1515 480 1570 85
554 1514 719 1589 368
743 1513 984 1568 Mortuus
1031 1512 1122 1567 ille
1177 1519 1348 1577 tonat,
1410 1509 1632 1574 coelum,
1699 1518 2010 1577 terramque

1656 1602 1894 1674 [subegit
1923 1620 1934 1655 :

2238 760 2450 827 Passio,
2484 757 2722 822 Christe,
2768 757 2845 813 ttii
2874 756 3171 828 complevit
3198 770 3428 811 munera
3467 756 3631 829 legis,

2313 853 2534 909 Munera
2567 861 2755 908 nostra
2784 850 2961 923 replet
2987 851 3199 924 passio,
3222 848 3462 915 ChriSIe.
3488 851 3591 907 tui.

2102 948 2174 1006 95
2247 947 2346 1005 Hic
2376 947 2561 1014 homo,
2594 949 2685 1018 qui
2711 945 2856 1002 Deus
2900 953 3007 1014 est,
3040 958 3170 1016 spes
3211 950 3299 1000 est
3326 943 3546 1013 antiqua
3575 944 3714 1015 pio-

3456 1033 3629 1110 imm.

2322 1136 2459 1203 Spes
2486 1134 2539 1189 in
2567 1134 2674 1190 ﬁne
2701 1133 2806 1205 piis
2835 1132 2922 1188 hic
2950 1130 3138 1198 homo,
3169 1130 3261 1201 qui
3295 1129 3437 1185 Deus
3457 1137 3563 1185 est.

2252 1229 2418 1302 369
2445 1229 2635 1284 Munus
2665 1227 2772 1282 erit
2802 1225 2927 1281 ﬁdei
2972 1232 3088 1280 toto
3115 1224 3464 1280 credentibus
3489 1237 3634 1293 ωηο,

2326 1322 2426 1388 Qui
2450 1321 2622 1385 dedit,
2654 1330 2713 1376 ut
2741 1319 3009 1385 credant,
3042 1333 3242 1374 munus
3270 1317 3377 1373 erit
3407 1315 3551 1372 ﬁdei.

2257 1415 2334 1471 Te
2358 1416 2637 1485 veniente,
2673 1415 2837 1482 Deus,
2869 1414 3182 1469 mundanus
3208 1411 3454 1468 concidit
3474 1424 3659 1478 error,

2116 1508 2222 1566 100
2330 1507 2542 1564 Occidit
2574 1507 2659 1562 hic
2687 1506 2947 1574 mundus,
2976 1513 3032 1562 te
3055 1506 3334 1569 veniente,
3363 1504 3523 1559 Deus.

2263 1603 2449 1660 Gratia
2481 1601 2638 1673 plena
2668 1601 2767 1657 Dei
2797 1610 2907 1668 est,
2935 1616 3056 1669 qua:
3078 1599 3209 1654 totis
3229 1597 3485 1669 gentibus
3512 1602 3721 1662 exstat,

635 1702 775 1771 Quid
807 1700 1006 1757 facient
1037 1699 1221 1754 hostes
1246 1697 1269 1750 7
1293 1704 1539 1751 mortuus
1564 1693 1659 1749 ille
1682 1701 1855 1747 tonat.
2044 1697 2092 1757 B
2343 1696 2654 1752 Abscedant
2682 1704 2874 1763 secti»,
2905 1694 3082 1767 gratia
3115 1693 3275 1762 plena
3309 1692 3411 1747 Del
3439 1700 3542 1745 est.

560 1797 786 1851 Pellitur
817 1793 1007 1846 umbra
1035 1790 1144 1857 die,
1175 1789 1397 1847 Christo
1432 1787 1683 1841 veniente
1708 1785 1902 1856 ﬁgura,
2264 1787 2389 1845 Sola
2417 1787 2669 1843 columba
2700 1786 2868 1854 redit,
2894 1800 3020 1857 qua:
3052 1794 3229 1840 totum
3270 1782 3469 1839 circuit
3489 1781 3722 1850 orbem,

629 1885 880 1943 Christus
901 1884 1013 1939 adit
1042 1892 1253 1953 gentes,
1286 1881 1508 1953 pellitur
1532 1879 1725 1934 umbra
1753 1878 1863 1936 die.
2333 1879 2629 1937 Discedant
2654 1879 2844 1948 corvi,
2875 1878 2996 1936 sola
3018 1878 3275 1935 columba
3302 1874 3472 1933 redit.

1915 1996 2229 2057 SCHOLIA.

418 2121 820 2178 commodatius
850 2118 1150 2174 Arntzenio
1181 2115 1544 2173 videtur.Non
1577 2115 1761 2171 minus
1793 2130 2008 2172 accom-

418 2194 695 2250 modatum
728 2200 813 2246 est
831 2194 1140 2262 congemuit.

495 2263 583 2319 74.
611 2262 794 2329 Cant.,
846 2258 1013 2329 Aliii.,
1047 2263 1267 2331 suscepit
1292 2261 1519 2333 primum
1545 2260 1629 2313 hic
1678 2274 1801 2314 cum
1833 2258 2007 2323 hiatu,

420 2336 564 2407 quod
585 2335 870 2395 Cellarius,
902 2342 958 2390 et
987 2332 1314 2407 Arntzenius
1344 2332 1693 2407 secgtiﬁsunt,
1720 2338 1784 2407 _et_
1810 2334 2009 2407 glossai

417 2401 676 2473 iudicant,
704 2407 929 2476 primum
957 2421 1077 2460 esse
1106 2405 1411 2458 Dominum.
1440 2402 1496 2457 In
1520 2401 1629 2457 Ott.
1664 2403 1688 2456 1
1716 2402 1815 2455 fuit
1841 2401 2009 2457 etiam

418 2480 665 2551 primum,
695 2478 788 2551 sed
833 2486 1141 2531 correctum
1175 2488 1259 2551 est
1289 2490 1382 2543 per
1406 2476 1627 2551 primus,
1650 2490 1770 2551 qua}
1802 2481 1889 2526 est
1918 2488 2016 2551 no-

417 2544 653 2604 strorum
686 2547 934 2602 codicum
980 2549 1287 2603 communis
1315 2548 1607 2615 scriptura.
1637 2544 1896 2615 producta
1930 2545 2015 2597 iil-

422 2621 551 2677 tima
599 2623 648 2674 in
681 2621 877 2683 primus
909 2619 1117 2674 ratione
1164 2634 1412 2674 caesarie.
1466 2617 1647 2681 Rom.,
1683 2631 1871 2685 parum
1906 2616 2019 2671 ele-

424 2704 635 2763 ganter,
671 2690 739 2763 Et
760 2693 982 2759 suscepit
1004 2693 1229 2763 priurum
1273 2690 1377 2743 liic.
1410 2689 1675 2763 Cellarius
1704 2689 1807 2763 ait_
1833 2690 1889 2742 in
1917 2689 2021 2741 hoc

423 2758 656 2817 di~tich0
676 2758 917 2828 .lndtens,
940 2758 1358 2816 et'Christianos
1386 2761 1671 2814 committi.
1703 2758 1809 2815 Sed
1842 2767 2023 2828 potest

424 2839 585 2889 etiam
612 2833 859 2902 intelligi.
883 2848 915 2887 e
941 2832 1143 2887 Judaeis
1171 2831 1375 2901 primos
1414 2830 1602 2902 fuisse,
1626 2832 1713 2902 qui
1740 2828 2021 2902 Christum

426 2900 811 2971 susceperunt:
840 2902 1107 2970 Qumiiam
1157 2900 1286 2958 vero
1343 2902 1502 2973 pauci
1538 2901 1713 2957 Judaei
1745 2900 2022 2956 Christum

2110 2134 2231 2172 rum
2256 2158 2272 2185 ,
2306 2117 2431 2188 quia
2465 2116 2517 2172 id
2563 2117 2857 2187 opponitur
2885 2118 3034 2172 nobis
3064 2133 3119 2172 v.
3153 2132 3271 2186 seq.
3297 2133 3314 2182 ς
3345 2114 3731 2188 Nebrissensis

2112 2189 2276 2260 etiam
2304 2187 2370 2244 ex
2392 2189 2535 2243 Aldo
2564 2189 2797 2257 sumpsit
2818 2189 3152 2260 priorum,et
3183 2189 3287 2260 hoc
3316 2188 3581 2257 explicat,
3596 2187 3728 2258 quia

2113 2259 2370 2316 Christus
2403 2260 2746 2317 desideratus
2776 2259 2863 2315 εει
2893 2276 2924 2315 a
2948 2262 3156 2315 sanctis
3189 2259 3468 2316 Patribns.

2188 2332 2278 2388 95.
2307 2330 2492 2400 Cant.,
2523 2332 2691 2397 Alm.,
2737 2332 2954 2398 Arutz.,
2999 2332 3132 2401 Reg.
3163 2332 3219 2399 2,
3268 2332 3323 2394 5,
3358 2329 3723 2401 Ang.,rllrb.,

2118 2403 2268 2470 Alb.,
2298 2403 2385 2459 Ot.
2419 2405 2471 2468 1,
2500 2403 2560 2464 2,
2592 2402 2712 2458 Vat.
2750 2406 2800 2472 1,
2840 2405 2915 2457 tui
2947 2405 3000 2456 in
3034 2400 3267 2471 utroque
3293 2400 3477 2458 versu.
3509 2400 3631 2458 Vat.
3664 2401 3722 2467 2,

2120 2475 2252 2543 Reg.
2279 2475 2335 2537 5,
2388 2474 2561 2543 Meus,
2598 2474 2783 2544 Rom.,
2834 2476 3079 2544 plerique
3119 2473 3274 2541 editi,
3331 2484 3442 2538 tua,
3488 2472 3723 2544 quodin

2125 2546 2256 2614 Reg.
2287 2546 2322 2598 2
2357 2548 2648 2613 apponitur
2666 2546 2755 2600 vel
2778 2559 3050 2614 tamquam
3076 2546 3189 2601 diu.
3215 2546 3403 2612 script.
3421 2586 3439 2613 ,
3467 2544 3552 2599 vel
3581 2556 3727 2598 tam-

2121 2631 2282 2689 quam
2318 2618 2530 2689 glossa.
2562 2617 2698 2689 Reg.
2733 2619 2785 2680 5,
2821 2618 3070 2689 implevit,
3097 2626 3405 2689 correctum
3428 2618 3722 2689 comptevit.

2196 2687 2287 2743 95.
2315 2688 2521 2743 Rursus
2553 2687 2765 2742 variant
2792 2687 3032 2744 codices.
3081 2689 3308 2753 AlmeL,
3354 2687 3722 2755 Cant.,'Alh.,

2127 2758 2260 2831 Reg.
2293 2759 2347 2816 2.
2376 2761 2431 2823 5,
2461 2760 2516 2821 5,
2551 2759 2886 2824 Urb.,‘Ald.,
2919 2763 3085 2827 Ang.,
3116 2760 3378 2831 priorum,
3401 2758 3547 2828 quod
3573 2768 3725 2813 tenet

2128 2829 2525 2895 Nebrissensis,
2567 2839 2623 2885 et
2646 2832 2883 2898 explicat
2910 2829 3302 2901 praptietarnm.
3337 2829 3463 2884 Vat.
3490 2832 3545 2895 1,
3580 2830 3729 2896 prio-

2128 2918 2264 2960 rum.
2294 2913 2602 2957 correctum
2629 2903 2854 2967 piarum.
2884 2902 2942 2957 In
2970 2902 3128 2957 Rom.
3153 2901 3380 2956 dubium
3404 2904 3633 2969 piorum,
3656 2917 3727 2955 an

423 2970 803 3044 susceperunt,
834 2986 994 3044 atque
1016 2991 1206 3046 eorum
1239 2970 1468 3046 populus
1508 2973 1687 3046 potius
1715 2974 2022 3027 contrarius
2050 2970 2097 3033 C
2129 2974 2360 3043 priorum
2384 2976 2477 3027 sit.
2501 2972 2589 3028 0t.
2618 2975 2671 3039 1,
2703 2974 2760 3043 2,
2794 2973 2919 3029 Vat.
2945 2974 3001 3041 2,
3028 2975 3257 3046 piorum,
3279 2970 3425 3044 quod
3451 2973 3725 3046 recentio-

422 3058 529 3111 est,
554 3046 1062 3113 interpretationem
1094 3044 1310 3100 Cellarii
1339 3044 1683 3100 retinendam
1710 3059 1937 3100 censeo.

498 3119 587 3172 75.
618 3118 740 3171 Vat.
801 3117 854 3177 1,
890 3115 1020 3184 Reg.
1056 3116 1113 3179 2,
1146 3131 1241 3180 pro
1292 3115 1347 3169 d.
1379 3130 1448 3180 s.,
1486 3119 1671 3168 Arntz.
1707 3130 1737 3168 a
1799 3131 1879 3184 pr.
1920 3130 2019 3182 m.,

430 3189 586 3255 ridet,
619 3187 763 3256 quod
797 3200 974 3249 neque
1020 3185 1313 3250 sententia,
1340 3201 1516 3256 neque
1548 3185 1632 3238 lex
1684 3188 1841 3239 metri
1879 3187 2021 3253 pati-

441 3267 549 3313 tur.
576 3254 721 3312 Vét-a
752 3256 916 3312 lectio
944 3266 1027 3311 est
1050 3256 1204 3311 redit.
1234 3256 1380 3312 Idem
1409 3254 1612 3310 dictum
1646 3270 1774 3326 puta
1802 3258 1857 3311 in
1890 3270 2024 3327 pen-

431 3336 685 3383 tattieti'o.

506 3399 593 3455 79.
626 3399 812 3466 Rom.,
847 3399 1129 3467 devicerat;
1172 3400 1365 3472 Meus,
1404 3398 1774 3472 disjunxerat,
1827 3398 2026 3472 melius

430 3474 615 3526 caeteri
647 3472 967 3526 devinxerat:
1029 3472 1085 3525 lit
1125 3472 1269 3526 nmis
1323 3469 1698 3525 Nebrissensis
1742 3471 2026 3537 deﬂuxerat

429 3541 571 3596 forte
607 3551 691 3598 est
738 3543 1033 3609 mendum;
1086 3543 1138 3597 in
1189 3542 1428 3596 editione
1473 3541 1903 3607 \Vestliemeri,.
1939 3541 2026 3596 cui

431 3613 519 3668 hie
543 3624 682 3668 notae
706 3616 902 3667 additae
931 3625 1080 3683 sunt,
1114 3614 1307 3683 legitur
1328 3613 1647 3668 devinxerat.

504 3685 594 3740 85.
629 3684 941 3750 Gtiltlastus,
974 3682 1096 3738 lant
1149 3682 1313 3751 supra
1365 3693 1528 3750 astra,
1578 3695 1632 3740 et
1685 3699 1848 3739 versu
1880 3698 2023 3754 seq.,

431 3755 555 3809 Jam
584 3774 737 3828 super
764 3767 921 3825 astra,
951 3759 1095 3824 quad
1126 3756 1413 3828 utrobique
1434 3756 1807 3828 retinendum.

508 3828 598 3883 b5.
625 3826 793 3895 Meus,
816 3828 907 3882 ille
949 3828 1109 3895 sedet,
1146 3827 1288 3897 quod
1345 3826 1484 3881 male
1526 3829 1815 3893 repetitum
1845 3837 2025 3881 estex

433 3898 672 3954 disticho
729 3900 1091 3965 praecedenti;
1149 3901 1267 3969 lege
1325 3906 1490 3963 tonat,
1540 3898 1685 3968 quod
1734 3899 1791 3952 in
1821 3914 1871 3952 v.
1906 3912 2022 3967 seq.

433 3970 578 4025 idem
602 3970 769 4024 codex
798 3970 1040 4025 exhibet.

506 4041 595 4096 86.
630 4042 799 4108 Meus,
830 4042 962 4113 Reg.
997 4041 1050 4110 5,
1084 4041 1233 4105 Ald.,
1264 4042 1482 4110 faciant,
1534 4041 1669 4110 Reg.
1702 4042 1757 4103 2,
1787 4042 1841 4103 5,
1865 4038 2024 4107 Urb.,

434 4111 547 4166 Ott.
573 4114 631 4179 2,
660 4113 806 4173 ΑΙὺ..
834 4111 952 4166 Vat.
986 4116 1034 4178 l,
1065 4113 1122 4179 2,
1159 4112 1341 4176 Roun,
1364 4115 1578 4175 Arntz.,
1604 4117 1768 4182 Ang.,
1803 4114 2026 4181 faciunt,

435 4182 581 4308 aliud
613 4184 890 4306 negligant
928 4184 1081 4248 editi,
1115 4185 1206 4238 sed
1241 4193 1390 4237 certe
1417 4198 1523 4237 non
1554 4191 1640 4237 est
1670 4193 2029 4238 ctiutetntten-

479 4269 565 4306 uin
601 4269 616 4308 :
660 4254 711 4305 iii
792 4269 876 4308 ea.
902 4255 936 4306 5
966 4268 1272 4308 coriecmin
1318 4263 1401 4308 est
1434 4256 1642 4308 facient.
1687 4254 1778 4308 0t.
1820 4255 1867 4308 1.
1900 4268 2026 4308 cum

479 4269 565 4306 uin
601 4269 616 4318 ;
660 4254 711 4305 in
745 4254 876 4319 Reg.
902 4255 936 4306 5
966 4268 1272 4309 coriecmm
1318 4263 1401 4309 est
1432 4256 1642 4323 facient.
1687 4254 1778 4309 0t.
1820 4255 1867 4318 1,
1900 4268 2026 4308 cum

436 4325 683 4394 plerique
713 4326 894 4388 editis,
925 4325 1136 4394 facient.
1166 4326 1506 4379 Btirinannus
1527 4326 1606 4379 ad
1634 4326 1888 4381 Ovidium
1925 4325 2027 4379 He-

435 4396 578 4450 rtiid.
614 4411 700 4463 ep.
762 4396 852 4458 2i,
901 4410 950 4447 ν.
990 4396 1084 4457 26,
1141 4412 1205 4451 ex
1262 4397 1596 4459 melioribus,
1626 4406 1683 4451 ut
1719 4399 1817 4461 ait,
1875 4396 2029 4449 libris

437 4468 911 4538 malehatfaciant.
940 4468 1180 4538 Utroque
1203 4468 1361 4521 modo
1392 4467 1496 4521 diei
1532 4478 1744 4535 potest;
1792 4476 1845 4522 et
1888 4467 2029 4532 apud

437 4535 718 4607 Virgilium
746 4541 851 4596 ecl.
881 4540 936 4603 5,
969 4554 1020 4591 v.
1056 4535 1142 4598 16,
1180 4540 1393 4605 legitur,
1425 4540 1563 4603 Quid
1586 4540 1782 4592 domini
1806 4538 2032 4608 facient?

509 4608 598 4661 87.
625 4608 757 4676 Reg.
781 4611 838 4673 2,
864 4612 919 4673 5,
953 4610 1100 4675 5,0t.
1129 4609 1182 4668 1.
1214 4610 1430 4675 Arntz.,
1456 4607 1812 4677 Ang.,Alm.,
1839 4607 2027 4675 Fabr.,

435 4687 490 4732 et
514 4678 604 4749 alii
628 4679 756 4734 editi
782 4684 1135 4741 recentiores,
1173 4678 1375 4732 Christo
1407 4681 1632 4732 veniente
1654 4680 1845 4749 ﬁgura,
1873 4690 2028 4749 puto,

438 4748 659 4816 pellitur
683 4750 813 4805 adie
838 4753 1050 4818 unibra,
1076 4770 1102 4803 a
1120 4749 1346 4806 Christo
1368 4762 1620 4804 veniente
1656 4750 1844 4817 lignra.
1871 4748 2027 4803 Cant.

437 4830 493 4874 et
520 4819 610 4874 alii
661 4835 790 4875 mss.
825 4823 1014 4885 nostri,
1050 4838 1170 4878 cuin
1206 4821 1475 4888 pleriSque
1509 4821 1691 4883 editis,
1733 4818 1926 4873 Christi
1952 4838 2032 4873 re-

435 4890 607 4946 niente
631 4893 822 4963 ﬁgura.
857 4891 1049 4947 Glossa
1090 4892 1143 4946 in
1175 4894 1307 4961 Ro-g.
1336 4891 1389 4953 2,
1416 4892 1597 4945 umbra
1638 4920 1711 4932 —
1734 4891 1906 4963 ﬁgitra
1936 4937 1950 4960 ,
1977 4901 2033 4947 et

437 4978 586 5025 mox,
621 4961 827 5019 Christo
859 4964 1085 5017 veniente
1115 4963 1651 5033 ﬁgura—prmeentia.

509 5037 601 5090 89.
634 5036 767 5106 Reg.
792 5036 847 5105 2,
874 5037 929 5101 5,
965 5033 1082 5088 Vat.
1117 5036 1167 5097 1,
1205 5035 1383 5106 docent
1410 5038 1559 5105 signa
1579 5046 1625 5089 et
1669 5042 1904 5103 siccata;
1937 5036 2032 5089 de-

437 5105 904 5162 sitlerattir’unum
936 5115 985 5160 et
1014 5118 1140 5163 ante
1182 5105 1355 5176 signa,
1396 5108 1539 5177 quod
1566 5122 1597 5161 a
1627 5121 1737 5162 sec.
1771 5121 1843 5160 in.
1878 5106 2030 5162 addi-

435 5184 550 5248 tuiii
582 5177 739 5232 estin
771 5179 906 5248 Reg.
941 5180 994 5232 5.

510 5246 600 5303 90.
629 5248 747 5304 Vet.
782 5252 830 5313 l,
857 5246 1036 5312 Mum,
1069 5247 1190 5304 Non
1218 5265 1404 5315 sacra;
1432 5250 1666 5320 corrige,
1696 5249 1810 5303 Nos
1852 5264 2025 5320 sacra.

436 5316 710 5441 liadicatur
732 5320 1144 5377 Testamentum
1189 5335 1413 5390 novuin,
1447 5332 1502 5377 et
1526 5316 1801 5377 secundus
1827 5319 2029 5376 Christi

436 5402 465 5441 a
513 5402 723 5441 ventus.

435 5402 723 5446 adventus.

509 5460 599 5515 01.
635 5462 819 5536 Caut.,
856 5465 987 5536 Reg.
1015 5465 1073 5533 2,
1106 5464 1235 5534 5,5,
1263 5462 1425 5536 Urb.,
1459 5464 1646 5530 Rom.,
1675 5463 1838 5532 Ang.,
1874 5463 2027 5532 Alb.,

437 5531 608 5596 Meus,
644 5531 1223 5604 Ald.,vvota'prioru’m.
1286 5531 1419 5591 Vat.
1440 5538 1495 5602 1,
1526 5548 1644 5590 vota
1674 5544 1872 5604 priora,
1900 5550 2028 5589 cor-

434 5612 648 5676 rectum
672 5614 785 5659 vota
806 5608 1054 5676 priorum.
1088 5609 1175 5663 0t.
1206 5610 1257 5669 1,
1280 5607 1337 5675 2,
1367 5607 1488 5663 Vat.
1518 5607 1574 5671 2,
1600 5609 1743 5660 Altn.
1779 5607 2025 5675 plerique

426 5672 563 5730 editi
606 5672 833 5746 antiqui,
865 5683 1069 5746 piorum
1107 5696 1127 5744 ;
1169 5672 1503 5735 recentiores
1539 5672 1838 5747 praeferunt
1879 5672 2021 5747 prio-

2130 3059 2218 3099 res
2248 3055 2594 3114 sequuntur;
2624 3046 2752 3113 quia
2799 3046 2869 3113 pii
2922 3044 3129 3100 veteris
3170 3044 3505 3101 Testamenti
3556 3058 3729 3115 oppo-

2130 3125 2335 3169 nuntur
2360 3116 2460 3181 piis
2493 3117 2612 3169 novi
2638 3115 3000 3171 Testamenti.
3392 3144 3405 3155 -

2200 3185 2292 3241 96.
2354 3186 2500 3255 Ald.,
2551 3186 2683 3251 Reg.
2732 3188 2786 3254 5,
2830 3186 2962 3256 Spes
3017 3204 3134 3242 cum
3183 3187 3477 3256 fine;alii,
3509 3187 3569 3241 in
3598 3186 3725 3248 ﬁne.

2131 3255 2381 3332 Meusjta
2415 3260 2503 3312 hic
2527 3272 2815 3329 corruptus
2834 3255 2938 3329 eSt,
2976 3259 3129 3332 Stepe
3156 3255 3210 3314 in
3235 3259 3339 3329 ﬁne
3366 3260 3476 3314 suis
3497 3257 3581 3312 hic
3607 3258 3727 3328 qui-

2130 3327 2243 3381 dem
2269 3326 2410 3382 Deus
2438 3338 2534 3384 est.

2199 3400 2290 3454 97.
2335 3399 2514 3455 Nustri
2552 3416 2745 3458 omnes
2789 3401 3006 3457 codices
3045 3415 3168 3456 cum
3214 3401 3412 3457 Almel.
3441 3444 3456 3465 ,
3489 3401 3686 3457 Arntz.
3710 3442 3725 3465 ,

2131 3470 2228 3543 erit
2256 3471 2310 3525 in
2346 3482 2577 3541 utroque
2602 3487 2784 3529 versu.
2822 3473 3078 3543 Plerique
3106 3472 3239 3527 editi
3270 3481 3404 3535 erat,
3436 3472 3585 3542 quod
3609 3487 3733 3526 am-

2132 3542 2446 3611 plectuntur
2472 3546 2831 3606 recentiores,
2863 3542 3001 3612 quia
3025 3551 3131 3598 toto
3151 3560 3281 3604 (evo,
3312 3546 3388 3597 ait
3418 3543 3724 3609 Cellarius,

2131 3614 2407 3682 signiﬁcat
2465 3626 2678 3683 tempus
2725 3617 2928 3671 veteris
2973 3614 3328 3671 Testamenti.
3395 3614 3514 3670 Non
3569 3616 3731 3669 video

2131 3698 2352 3756 causam
2381 3727 2393 3743 .
2449 3696 2502 3739 et
2533 3687 2584 3740 iu
2617 3695 2959 3754 pentametro
2991 3687 3197 3742 mentio
3226 3701 3483 3756 expressa
3530 3703 3636 3740 non
3672 3685 3735 3739 ﬁt

2132 3755 2259 3809 novi
2291 3757 2648 3812 'l‘estamenti.
2691 3760 2780 3811 Ait
2808 3773 2942 3829 ergo
2965 3757 3246 3822 Sedulius,
3276 3755 3489 3829 omnes,
3516 3758 3609 3824 qui
3629 3756 3731 3811 ali-

2132 3830 2352 3895 quando
2394 3830 2653 3883 credituri
2684 3838 2849 3895 sunt,
2897 3846 3126 3885 munere
3158 3829 3280 3884 ﬁdei
3311 3831 3363 3882 id
3398 3828 3690 3883 habituros
3717 3846 3730 3881 :

2133 3899 2376 3972 atqueid
2415 3899 2655 3954 futurum
2690 3918 2883 3954 inuitus
2901 3903 3043 3968 ejus,
3076 3903 3165 3972 qui
3190 3900 3363 3967 dedit,
3388 3912 3449 3955 ut
3480 3902 3731 3956 credant.

2136 3968 2258 4023 Vat.
2286 3968 2339 4028 2.
2375 3971 2428 4023 in
2459 3981 2564 4024 toto
2589 3988 2607 4025 :
2638 3972 2728 4027 alii
2762 3974 2882 4028 sine
2909 3974 2985 4028 in.

2205 4040 2296 4095 98.
2342 4041 2474 4111 Reg.
2507 4042 2561 4101 2.
2606 4053 2663 4095 ut
2704 4044 2939 4110 credent,
2972 4052 3122 4100 recte
3151 4044 3500 4100 emendatum
3531 4052 3590 4097 sit
3614 4059 3727 4096 cre-

2135 4110 2283 4164 dant.
2337 4112 2475 4167 Hinc
2520 4115 2737 4169 suaderi
2788 4125 2971 4181 posset
3017 4114 3181 4170 lectio
3228 4133 3418 4185 munus
3446 4125 3602 4170 erat:
3632 4112 3732 4169 sed

2133 4197 2329 4255 sensus
2350 4185 2568 4255 videtur
2593 4202 2735 4252 esse,
2767 4185 2867 4253 Qui
2894 4187 3058 4253 dedit,
3086 4197 3142 4240 ut
3169 4188 3376 4241 credere
3397 4187 3618 4255 possint.

2209 4254 2332 4309 100.
2373 4254 2643 4311 Cellzirius
2691 4272 2814 4313 cum
2864 4258 3026 4314 Fabr.
3091 4258 3302 4312 Occidet
3346 4257 3432 4311 Itic
3481 4256 3735 4312 mundus.

2058 4366 2109 4426 D
2135 4316 2419 4426 Grunefus
2440 4344 2562 4426 etim
2597 4328 2745 4391 Ald.,
2773 4327 2911 4411 Reg.
2944 4330 3000 4393 2,
3032 4330 3087 4397 5,
3118 4329 3350 4426 Concidit
3372 4330 3455 4412 hic
3484 4330 3736 4426 mundus,

2137 4397 2261 4465 quia
2294 4398 2573 4465 eleganter
2617 4397 2879 4470 repetitur
2908 4415 2976 4455 ex
3016 4416 3073 4455 ν.
3118 4401 3450 4471 praecedenti
3482 4400 3738 4454 concidit.

2138 4472 2466 4540 _Arntzenius
2494 4486 2615 4524 cum
2646 4486 2747 4526 suo
2780 4487 2879 4526 ms.
2913 4511 2929 4535 ,
2961 4472 3108 4527 Alm.
3140 4514 3155 4537 ,
3192 4482 3247 4528 et
3277 4473 3480 4525 nostris
3509 4471 3644 4540 Reg.
3678 4473 3736 4536 5,

2136 4536 2319 4611 Rom,
2354 4540 2494 4606 Meo,
2527 4540 2646 4595 Vat.
2685 4542 2735 4606 1,
2770 4542 2828 4606 2,
2876 4542 3039 4611 Urb.,
3068 4543 3192 4598 Alb.
3238 4541 3441 4597 Occidit
3472 4543 3559 4596 hic
3585 4536 3741 4596 mun-

2134 4610 2266 4686 dus._
2287 4609 2400 4686 Ott.
2437 4612 2489 4675 1,
2517 4612 2573 4681 2,
2608 4612 2741 4686 Reg.
2770 4613 2829 4681 5,
2859 4628 2961 4686 pro
2988 4609 3045 4669 d'.
3079 4630 3128 4669 s.
3151 4658 3165 4678 ,
3198 4614 3446 4686 plerique
3474 4614 3610 4669 editi
3633 4629 3737 4668 an-

2136 4681 2553 4755 tiqniAUccubuit
2572 4685 2795 4737 mundus
2819 4700 2839 4739 :
2861 4681 2941 4739 sic
2962 4688 3127 4740 etiam
3148 4686 3288 4755 Aug.
3310 4683 3442 4750 Sed,
3466 4696 3531 4741 ut
3544 4688 3739 4740 obser-

2137 4761 2225 4805 vat
2255 4751 2566 4821 Grunei-us,
2599 4756 2855 4821 praesenti
2897 4772 2996 4823 pro
3029 4756 3214 4812 futuro
3238 4751 3466 4811 utuntur
3499 4759 3739 4825 scripto-

2135 4837 2262 4886 res,
2316 4826 2362 4878 si
2418 4828 2496 4880 rei
2547 4827 2928 4881 certitudinem
2975 4827 3216 4883 indicare
3253 4829 3467 4881 volunt.
3508 4828 3740 4883 Ovidius

2138 4895 2356 4967 Ilertiid.
2386 4895 2444 4967 2,
2472 4911 2525 4949 ν.
2556 4895 2804 4967 20,!psa
2833 4898 2960 4952 mihi
2985 4899 3133 4954 dixi:
3163 4899 3224 4955 Si
3253 4897 3390 4953 valet
3419 4898 3544 4967 ille,
3574 4899 3735 4953 venit.

2209 4965 2331 5039 101.
2373 4964 2485 5020 Οιι.
2518 4969 2571 5032 1,
2605 4964 2810 5033 Gloria,
2843 4980 3151 5024 correctum
3187 4987 3283 5039 per
3312 4964 3630 5038 Gratia,’uti
3658 4972 3740 5025 le-

2133 5036 2282 5112 gitur
2303 5038 2364 5112 in
2394 5047 2755 5107 pentametro.
2812 5040 2971 5094 Rom.
3028 5043 3079 5112 in
3112 5036 3350 5112 utroque
3373 5036 3539 5097 versu
3569 5040 3738 5111 hujus

2134 5108 2355 5185 distichi
2376 5150 2406 5185 ,_
2427 5120 2769 5185 repugnante
2802 5121 3015 5185 inelro,
3032 5109 3131 5165 Dei
3154 5108 3311 5185 plena
3331 5122 3427 5167 est.

2208 5179 2355 5234 it)2.'
2375 5179 2607 5246 Poelm.,
2630 5188 2685 5236 et
2705 5183 2948 5249 quietiam
2969 5184 3092 5237 alite
3116 5179 3390 5239 editiones
3418 5185 3734 5238 Ascendunt.

2136 5249 2264 5325 Ald.
2297 5266 2418 5305 cum
2469 5267 2598 5325 mss.
2650 5254 2983 5325 Abscedent,
3033 5255 3173 5325 quod
3203 5256 3594 5310 retinendum:
3630 5256 3735 5309 nisi

2134 5322 2296 5395 malis
2325 5338 2447 5376 cum
2474 5322 2600 5379 Alli.
2639 5322 2939 5387 Discedunt,
2964 5322 3107 5395 quod
3139 5326 3367 5382 verbum
3394 5341 3520 5380 mox
3548 5340 3739 5381 recur-

2134 5393 2223 5446 rit.
2270 5394 2322 5447 In
2358 5395 2514 5447 Rom.
2548 5395 2839 5461 Abscedat,
2879 5407 2936 5450 et
2963 5393 3015 5450 in
3048 5398 3165 5451 Meo
3209 5397 3537 5452 Abscendant
3578 5413 3738 5452 mcu-

2132 5463 2558 5536 doselscriptum
2592 5476 2695 5520 est.
2733 5467 2863 5536 lteg.
2896 5467 2931 5520 2
2961 5467 3167 5522 omittit
3196 5477 3272 5522 est
3312 5468 3367 5523 in
3409 5470 3514 5523 hoc
3543 5484 3734 5523 versu.

2208 5534 2329 5589 101.
2373 5536 2527 5591 Cant.
2557 5551 2679 5590 cum
2712 5534 2990 5593 nonnullis
3037 5538 3269 5606 vulgatis
3292 5582 3307 5606 ,
3359 5537 3690 5594 Descendunt
3716 5555 3737 5592 :

2133 5620 2328 5678 sensus
2351 5610 2519 5678 exigit
2552 5608 2857 5665 Discedunt.
2891 5609 3171 5665 Christum
3202 5612 3494 5666 columbam
3526 5614 3619 5666 hic
3636 5626 3737 5665 vn-

2132 5677 2270 5746 eari,
2322 5677 2538 5736 videtur
2584 5691 2815 5738 certum.
2861 5679 3058 5741 Glossa
3107 5682 3162 5740 in
3205 5681 3344 5755 Reg.
3389 5684 3416 5740 1
3444 5682 3731 5741 Seduliuni
