4082 6188
246 184 350 268 781
526 184 529 187 ⁷
1139 181 1476 247 BELiSARll
1515 188 1755 249 SCHOL.
1799 192 2205 252 ACROSTICH.
2246 194 2336 252 DE
2379 195 2693 255 SEDULIO.

286 306 321 358 5
360 302 650 373 Asteriique
707 302 782 355 tui
824 317 1025 372 semper
1080 308 1370 361 meminisse
1404 308 1584 377 jubeto
1616 353 1630 375 ,
1882 314 1927 371 Α
2082 311 2325 367 Belisarii
2354 311 2679 370 Scholastici
2710 312 3050 371 Acroatichis
3075 315 3145 372 de
3169 316 3409 375 Sedulio.

3454 203 3562 262 18'!

466 391 630 464 Cujus
668 409 767 465 ope
816 404 863 448 et
885 411 1010 449 cura
1051 395 1190 451 edita
1213 407 1332 452 sunt
1362 399 1567 470 papulis
1593 418 1613 465 ;

359 486 523 553 Quem
549 487 782 557 quamvis
803 490 991 542 summi
1022 490 1271 544 celebrent
1300 507 1392 562 per
1420 493 1613 548 siccata
1654 494 1840 563 fastus,

283 580 316 634 8
469 577 599 634 Plus
623 588 795 635 tamen
825 581 892 635 ad
917 583 1155 636 meritum
1187 592 1286 649 est,
1316 585 1359 638 si
1390 585 1522 657 viget
1547 601 1637 640 ore
1665 595 1776 641 tuo.

2069 407 2105 459 S
2146 404 2351 461 edulius
2370 405 2567 465 Christi
2593 406 2845 462 miracula
2873 410 3098 464 versibus
3130 410 3257 465 eden
3447 413 3485 465 S

2068 496 2112 550 Ε
2148 497 2327 564 micat,
2352 498 2576 553 invitatis
2604 516 2776 570 parva:
2805 499 2874 553 ad
2901 499 3153 555 solemnia
3183 518 3361 556 mensa
3443 503 3489 557 Ε

2067 588 2111 641 D
2148 591 2327 658 ignum
2346 592 2609 645 convivam
2626 608 2760 646 :non
2779 590 2937 657 hunc,
2954 596 3042 662 qui
3052 604 3282 664 carperet
3299 594 3394 649 illa
3437 592 3484 647 D

1750 806 2063 863 SCHOLIA.

316 988 371 1047 5.
404 986 632 1046 Withof.
690 987 939 1043 Praamet.
970 1002 1091 1058 cap.
1121 992 1155 1045 8
1182 1034 1195 1053 ,
1230 1004 1285 1059 p.
1311 990 1415 1044 108
1440 1035 1454 1058 ,
1504 991 1638 1045 satis
1686 998 1845 1046 acute

238 1062 547 1139 reponebat
567 1061 713 1139 juvet
732 1068 782 1114 te
807 1073 908 1139 pro
917 1060 1122 1139 jubeto.
1152 1059 1610 1139 Freqttentissima
1631 1070 1716 1118 εει
1730 1061 1846 1117 haec

245 1134 467 1203 phrasis
483 1130 657 1205 juvat,
679 1130 848 1205 jure't,
870 1130 1075 1202 juvabit
1101 1131 1410 1205 meminisse.
1444 1131 1677 1205 Qbstaut
1699 1142 1849 1189 vete-

245 1202 337 1260 res
367 1202 560 1258 omnes
591 1202 740 1273 libri,
774 1217 1004 1273 quorum
1026 1202 1293 1271 scriptura
1334 1203 1597 1273 explicari
1625 1207 1697 1257 ita
1748 1219 1846 1271 po-

247 1284 375 1331 test
404 1274 594 1331 aneto
619 1272 750 1330 alios
769 1287 968 1343 semper
991 1274 1283 1327 meminisse
1305 1272 1496 1343 Asterii
1517 1275 1612 1328 tui.
1638 1273 1845 1329 Similis

242 1360 331 1403 cat
359 1346 636 1427 sententia
648 1342 908 1427 ejusdem
934 1342 1284 1427 Asta-ungui
1313 1344 1369 1427 in
1402 1342 1799 1427 epigrammate
1827 1387 1841 1410 ,

240 1432 357 1488 quo
386 1413 824 1472 emendationem
851 1429 1003 1469 suam
1032 1413 1223 1488 Virgili
1247 1413 1544 1482 reret-nail:
1574 1417 1668 1471 ait:
1694 1416 1842 1471 Aste-

242 1487 487 1560 riumque
516 1504 668 1543 suum
697 1488 847 1541 vivas:
876 1487 1251 1560 transmittitin
1281 1500 1468 1560 avum.

318 1560 374 1615 6.
396 1557 538 1615 Cod.
570 1561 780 1622 Arum,
813 1573 942 1628 cura
961 1557 1070 1612 hwc
1102 1557 1265 1623 edita,
1291 1565 1352 1611 ut
1382 1557 1670 1628 legendum
1710 1574 1843 1613 eon-

241 1630 456 1702 jecerat
482 1632 540 1702 in
570 1632 812 1699 margine
832 1627 1104 1702 editionis,
1137 1643 1248 1702 sum.
1295 1627 1676 1702 Burmannus.
1706 1629 1841 1684 Bar-

246 1699 399 1758 thius
427 1701 663 1758 malebat
682 1717 809 1755 cura
845 1699 1030 1753 didita.
1076 1701 1183 1771 Sed
1227 1700 1393 1764 proba
1442 1708 1525 1755 est
1571 1700 1840 1771 scriptura

242 1773 556 1829 communis
580 1788 706 1828 cura
732 1771 895 1835 edita;
916 1787 1045 1843 nam
1076 1770 1349 1843 Sedulius.
1379 1780 1438 1826 ut
1473 1772 1563 1826 alii
1590 1770 1793 1843 passim
1821 1813 1836 1837 ,

249 1843 455 1900 hiatum
484 1843 753 1913 interdum
782 1840 1042 1908 admittit,
1076 1840 1384 1913 praesertim
1413 1842 1469 1897 in
1496 1840 1840 1912 pen—tametro

249 1928 375 1987 post
401 1916 540 1987 duos
569 1912 774 1987 primos
806 1914 991 1987 pedes.

322 1988 377 2041 7.
408 1983 621 2051 Arata},
648 1984 798 2053 Quot,
828 1994 887 2038 ut
912 1984 1109 2056 legitur
1132 1984 1295 2039 etiam
1321 1984 1375 2056 in
1410 1993 1523 2038 not.
1555 1983 1621 2039 ad
1653 1984 1840 2056 Gyral-

250 2058 401 2113 dum.
438 2059 580 2113 Vera
608 2058 767 2113 lectio
793 2065 876 2110 est
906 2053 1089 2121 Quem,
1120 2070 1317 2125 nempe
1342 2053 1636 2110 Asterium.
1659 2053 1841 2111 codex

251 2131 317 2184 Β.
344 2131 523 2185 minus
550 2128 689 2185 bene
712 2126 991 2182 celebrant.
1044 2126 1176 2197 Reg.
1221 2126 1277 2189 2,
1312 2127 1475 2197 factos
1496 2168 1510 2193 ,
1561 2137 1839 2196 corrulite.

249 2200 542 2269 Cellarius,
571 2215 693 2255 cum
730 2197 1028 2270 nononllis,
1053 2199 1219 2270 fasti;
1246 2198 1512 2270 plerique,
1543 2199 1734 2264 fastus;
1761 2205 1846 2253 est

250 2273 401 2328 enim
435 2268 601 2343 [astus
646 2269 898 2343 secunda:
950 2279 1003 2323 ct
1043 2268 1255 2339 quartae
1296 2268 1719 2343 declinationis:
1774 2284 1841 2325 ex

250 2360 362 2415 quo
393 2339 611 2415 accidit,
646 2350 704 2396 ut
731 2342 1129 2415 sgepius‘unum
1160 2355 1257 2415 pro
1285 2339 1549 2415 altero__in
1587 2353 1846 2415 mss._po-

252 2407 433 2469 natur.
472 2407 717 2470 Labbcus
745 2407 1035 2482 de'Script.
1062 2407 1261 2467 ccclcs.
1295 2419 1426 2465 tom.
1459 2407 1525 2482 ll,
1568 2426 1690 2482 pag.
1716 2407 1843 2479 5‘25,

253 2485 428 2558 edidit
461 2485 605 2558 fasti,
631 2485 741 2558 sed
771 2496 858 2558 εξ
891 2481 994 2539 ms.
1050 2482 1108 2540 S.
1162 2482 1353 2558 _A|bin_i
1405 2481 1616 2558 profert
1658 2486 1842 2558 fastus.

253 2552 505 2613 Mendum
538 2552 599 2611 in
645 2555 766 2612 cod.
800 2554 1198 2627 Thorncycnsi,
1241 2563 1295 2609 et
1326 2555 1377 2607 in
1417 2552 1540 2608 cod.
1580 2552 1641 2607 Β.
1677 2557 1846 2624 factus

253 2630 454 2701 arguit‘
476 2632 659 2701 fastus.

329 2694 383 2755 8.
414 2694 551 2755 csa.
585 2699 644 2753 Β.
696 2697 898 2752 omittit
952 2706 1025 2751 est
1072 2712 1090 2749 :
1139 2694 1394 2751 Barthius
1435 2695 1562 2750 alibi
1607 2695 1846 2759 omittit,

255 2771 388 2827 alibi
421 2771 637 2840 recipit.
682 2769 825 2825 Inter
856 2768 1245 2840 inscriptiones
1277 2768 1650 2840 Gt'tttet‘i_pag.
1676 2766 1847 2840 1172,

256 2859 313 2899 ιι.
363 2843 417 2911 6,
460 2837 793 2911 epigramma
840 2837 1254 2895 exsmt’similis
1288 2838 1574 2911 sententiae
1605 2837 1850 2911 :“Quam-

254 2907 412 2986 quam
443 2907 665 2986 patr—icio
708 2911 882 2966 clarus
927 2911 990 2965 de
1023 2911 1252 2986 germine
1281 2909 1458 2964 consul
1499 2907 1849 2986 —-_lllustres

258 2980 462 3041 trabeas
507 2983 775 3039 nobilitate
832 2992 968 3049 tuas,
1013 2980 1082 3022 -ῖ-
1122 2980 1250 3035 Plus
1307 2993 1471 3035 tamen
1517 2981 1583 3033 ad
1610 2980 1851 3033 meritum

258 3059 462 3118 crescit,
494 3054 631 3124 quod
657 3065 818 3110 morte
843 3054 990 3108 beata
1018 3083 1088 3093 —-
1127 3051 1379 3124 Martyris
1404 3050 1571 3120 e/fuso
1599 3050 1849 3124 sanguine

256 3144 446 3183 nomen
473 3121 645 3181 habes.
683 3125 959 3195 SuSpicari
1005 3125 1182 3189 possis
1211 3121 1476 3195 nobilitate
1505 3133 1638 3195 tua:
1668 3121 1764 3176 sed
1796 3122 1848 3174 in

258 3198 450 3254 codice
494 3198 666 3253 Vatic.
699 3190 876 3252 Palat.
918 3197 1044 3255 835.
1075 3211 1141 3250 ex
1166 3210 1275 3265 quo
1304 3194 1572 3250 Gruterus
1601 3192 1759 3260 hanc,
1791 3190 1915 3252 etC
1948 3195 2072 3265 quid
2100 3196 2437 3249 connectitur.

260 3270 550 3339 plerasque
585 3269 971 3339 inscriptiones
1001 3267 1328 3339 christianas
1365 3266 1726 3339 deprompsit,
1749 3278 1843 3339 eo-

257 3334 383 3397 dem
412 3334 575 3411 modo
604 3334 817 3411 legitur.
851 3337 1164 3411 Ga_llaudius
1195 3337 1250 3391 in
1277 3334 1498 3411 dissert.
1529 3334 1597 3411 de
1621 3334 1841 3411 Sedulio

258 3411 329 3467 ad
356 3423 489 3466 tom.
525 3410 598 3466 IX
628 3407 884 3467 Biblioth.
917 3408 1160 3473 Patrum,
1195 3415 1346 3478 putat
1380 3407 1655 3463 Asterium
1697 3407 1841 3478 loqui

254 3482 367 3538 hoc
411 3483 645 3537 diSticbo
688 3482 758 3537 de
788 3481 1046 3545 Sedulio;
1095 3477 1564 3534 sedmanil‘estum
1585 3488 1670 3533 est
1699 3477 1843 3547 loqui

255 3555 329 3617 de
351 3554 535 3624 seipso
555 3595 569 3620 ,
594 3553 797 3608 scilicet
826 3553 987 3619 Quem
1024 3551 1283 3624 Asterium
1305 3592 1319 3615 ,
1353 3560 1459 3605 etc.
1488 3549 1620 3624 Nam
1649 3549 1840 3624 fastus,

254 3627 381 3681 sive
403 3619 527 3695 fasti
548 3619 754 3691 summi,
782 3624 871 3693 qui
896 3637 993 3695 per
1014 3622 1211 3695 szecula
1238 3636 1434 3695 nomen
1450 3619 1680 3695 alicujus
1702 3621 1843 3674 cele-

256 3691 450 3762 brant,
480 3707 599 3750 sunt
629 3706 778 3751 certe
801 3691 930 3748 fasti
960 3694 1295 3750 consulares.
1329 3691 1464 3746 Illud
1497 3691 1672 3760 potius
1699 3704 1845 3760 quae-

1872 1812 1919 1872 B

1953 994 2196 1065 exposita
2223 1010 2276 1048 n.
2297 993 2398 1050 156
2414 996 2748 1065 Prolegom.,
2765 1000 3003 1052 carmina
3022 998 3457 1058 SeduliiGclnsio
3481 1007 3550 1059 ab

1951 1062 2171 1144 asterio
2192 1064 2296 1121 hoc
2315 1062 2709 1144 epigrammate
2739 1068 2985 1144 dedicata
3018 1069 3185 1144 fuisse
3216 1090 3241 1144 A:
3276 1074 3546 1142 siquidem

1953 1136 2005 1216 in
2030 1136 2302 1216 nemi‘nem
2336 1139 2500 1216 alium
2531 1138 2724 1193 melius
2749 1138 2894 1194 cadit
2922 1140 3155 1216 elogium
3199 1136 3417 1209 Asterii,
3457 1152 3546 1216 qui

1950 1204 2074 1274 plus
2117 1205 2202 1279 ad
2231 1208 2508 1269 meritum,
2551 1224 2713 1278 quam
2756 1204 3072 1266 consulatus
3115 1204 3416 1279 honorem,
3443 1204 3545 1273 sibi

1950 1275 2419 1353 esse_dicit,_qupd
2452 1275 2660 1353 rigeret
2685 1296 2778 1336 ore
2807 1281 2925 1351 ejus
2958 1283 3283 1353 sacerdotis,
3312 1275 3402 1342 cui
3428 1305 3548 1345 ver-

1950 1359 2041 1402 sus
2068 1346 2273 1403 Sedulii
2294 1346 2583 1405 ’offercbat.

2021 1419 2075 1473 1.
2116 1418 2374 1498 Quisnam
2419 1421 2667 1498 videatur
2713 1436 2837 1478 esse
2882 1420 3178 1498 Belisarius
3208 1425 3372 1498 hujus
3420 1428 3542 1498 epi-
3611 1465 3629 1481 κ

1948 1491 2270 1558 grammatis
2309 1491 2605 1547 acrosdchi
2634 1505 2842 1560 auctor,
2878 1496 3078 1549 dictum
3127 1505 3211 1552 est
3262 1491 3312 1553 in
3354 1491 3544 1556 Prole-

1946 1576 2093 1640 gom.
2150 1577 2300 1640 nutu.
2339 1562 2460 1640 495.
2513 1562 2647 1640 Hoc,
2684 1574 2751 1640 tat
2786 1580 3023 1640 sequens
3065 1568 3396 1640 epigramma
3447 1573 3538 1626 alii

1947 1631 2053 1708 alio
2085 1632 2277 1708 ordine
2302 1633 2658 1708 referuntsln
2684 1635 2815 1706 Reg.
2842 1631 2885 1700 l',
2912 1652 3042 1708 pag.
3068 1631 3189 1705 ulti,
3222 1641 3541 1699 charathre

1949 1702 2228 1758 minutiori
2263 1712 2386 1779 post
2413 1702 2853 1779 Asteriiuversus,
2890 1702 3052 1779 Sume
3076 1702 3242 1779 sacer,
3273 1722 3392 1766 sunt
3427 1715 3540 1777 epi-

1985 1782 2246 1852 ratmuata
2284 1774 2410 1852 haec
2428 1776 2683 1852 sinettllp
2707 1779 2880 1852 ti_tulo.
2901 1778 3008 1852 sed
3031 1782 3184 1847 prius
3207 1774 3538 1852 epigramma

1992 1845 2215 1910 elisarii,
2253 1859 2361 1899 tum
2393 1844 2614 1917 Liberii.
2644 1846 2700 1902 ln
2722 1847 2865 1917 Reg.
2897 1848 2953 1910 Ξ.
2978 1844 3112 1916 θιὸ,
3142 1844 3397 1907 similiter
3423 1856 3541 1909 sine

1946 1923 2226 1970 auctorum
2257 1916 2494 1982 nomine,
2530 1926 2582 1971 et
2610 1918 2800 1973 eodem
2830 1916 3030 1974 Ordine
3051 1921 3452 1978 describuntur.
3486 1926 3539 1978 lu

1950 1986 2082 2056 iteg.
2134 1987 2189 2052 6,
2222 1987 2656 2061 snbgcpigraphc
2693 1989 2880 2061 Versus
2932 1988 3184 2046 Belesarii
3222 1993 3535 2057 scholastici.

1948 2058 2590 2129 utrumqueepigramma
2615 2060 3116 2127 comprehenditur,
3135 2063 3325 2118 eodem
3350 2068 3539 2121 ordine

1946 2139 2184 2201 retento.
2201 2128 2585 2201 Idem’quoque
2610 2130 2807 2185 accidit
2828 2133 2967 2201 apud
2994 2132 3361 2190 Mabilloniunt
3378 2137 3538 2192 Vete-

1947 2214 2064 2278 rum
2089 2198 2565 2278 Analt‘ct._p._386,
2581 2200 2712 2278 edit_.
2730 2198 3027 2278 Parisiens.
3053 2204 3213 2273 1725,
3229 2215 3281 2278 et
3295 2222 3416 2278 pag.
3434 2209 3529 2264 561

1951 2272 2140 2338 primm
2166 2272 2295 2326 edit.
2344 2274 2394 2326 in
2425 2275 2478 2329 8.
2513 2282 2643 2325 ιιιιιι.
2682 2272 2703 2328 1
2732 2290 2796 2327 ex
2834 2276 3008 2329 veteri
3039 2292 3142 2331 tus.
3185 2272 3537 2334 codice'Cotu

1952 2341 2155 2395 bcicnsi
2175 2384 2188 2409 ,
2218 2342 2313 2397 sed
2344 2342 2484 2411 apud
2518 2342 2661 2397 hunc
2691 2344 2877 2398 titulus
2911 2352 2997 2399 est
3022 2344 3293 2402 Bellesarii
3308 2348 3535 2404 Schola-

1949 2413 2065 2488 stici
2089 2427 2263 2488 versus
2279 2413 2642 2488 acrostic_lti_tle
2657 2413 2875 2488 sedatio
2888 2416 3136 2488 poeta.AOt
3149 2430 3185 2470 ι.
3207 2420 3233 2473 1
3254 2421 3427 2473 solum
3444 2438 3537 2475 cx—

1951 2482 2099 2537 hibet
2124 2484 2451 2555 epigramma
2481 2484 2750 2552 BeliSarii,
2767 2482 3017 2541 St'dulius
3032 2486 3244 2553 Christi,
3264 2490 3357 2545 sed
3375 2493 3535 2547 tacito

1950 2555 2188 2626 auctoris
2217 2556 2458 2610 nomine.
2493 2555 2603 2610 Ott.
2635 2555 2671 2608 2
2702 2558 2980 2626 praemittit
3025 2573 3215 2614 versus
3238 2560 3458 2626 Libcrii,
3482 2572 3533 2617 et

1951 2625 2100 2679 addit
2115 2641 2305 2680 versus
2323 2626 2569 2681 Belisarii
2588 2645 2599 2680 :
2617 2625 2712 2681 sed
2734 2629 2835 2683 sub
2850 2629 3007 2682 unico
3022 2630 3200 2688 titulo.
3219 2630 3422 2685 Nomen
3448 2634 3536 2687 Se-

1952 2696 2085 2772 dulii
2111 2696 2369 2772 Antistitis
2386 2698 2442 2751 in
2456 2698 2731 2772 principio,
2748 2709 2792 2772 et
2807 2700 2910 2772 ﬁne
2931 2701 3099 2755 metri.
3134 2701 3381 2772 lllcrique
3403 2706 3533 2758 editi

1952 2766 2094 2821 lmuc
2123 2767 2367 2823 ordinem
2395 2766 2633 2823 servant.
2669 2768 2724 2824 In
2753 2766 2963 2824 duobus
2992 2784 3123 2825 mss.
3156 2766 3362 2828 Barthii
3389 2774 3532 2830 idem

1952 2838 2170 2893 videtur
2187 2854 2308 2894 esse
2324 2839 2485 2895 ordo:
2513 2847 2567 2893 et
2588 2840 2640 2894 in
2661 2856 2846 2895 eorum
2870 2855 2999 2895 mss.
3022 2844 3193 2898 altero
3207 2845 3392 2899 titulus
3411 2846 3537 2901 huic

1952 2909 2323 2979 epigrammati
2353 2921 2435 2967 est
2460 2928 2473 2964 :
2505 2910 2746 2965 Belisarii
2775 2912 3158 2966 Anacrosticltis
3179 2914 3242 2968 de
3267 2914 3485 2970 Sedulio
3513 2934 3532 2972 :

1952 2981 2093 3050 quod
2115 2980 2311 3051 glossa:
2338 2983 2417 3038 sic
2445 2983 2870 3051 interpretantur
2899 3002 2911 3036 :
2942 2984 3259 3037 Acroatieltis
3288 2994 3380 3049 est,
3418 3003 3533 3041 cum

1952 3067 2019 3105 ex
2036 3052 2212 3121 primis
2238 3068 2475 3107 versuum
2504 3051 2687 3107 litteris
2708 3051 2909 3121 aliquid
2928 3057 3270 3109 connectitur.
3306 3058 3536 3112 Anacro-

1951 3122 2129 3178 stichis
2160 3134 2232 3177 est
2254 3139 2446 3179 cumerc
2462 3124 2642 3182 primis
2666 3133 2715 3181 et
2743 3122 2940 3179 ultimis
2963 3141 3199 3179 versuum
3227 3127 3411 3181 litteris
3437 3130 3536 3182 nli-

2516 3194 2601 3250 ide
2629 3196 2857 3250 Advers.
2891 3196 2928 3249 1.
2969 3211 3082 3262 LIII,
3121 3214 3169 3250 c.
3198 3197 3251 3262 5,
3282 3199 3372 3253 ubi
3401 3199 3533 3254 Bar-

1949 3267 2094 3321 thius
2120 3266 2299 3320 varias
2328 3267 2586 3322 lectiones
2616 3282 2682 3321 ex
2709 3265 2918 3322 duobus
2940 3282 3073 3321 mss.
3109 3278 3165 3322 et
3200 3269 3407 3325 duabus
3438 3286 3533 3325 an-

1948 3337 2122 3410 tiquis
2150 3336 2480 3393 editionibus
2519 3336 2750 3410 profert.
2788 3337 2862 3392 Ea
2906 3353 3041 3393 vero
3080 3349 3249 3407 parte.
3296 3356 3400 3410 qua
3436 3341 3535 3396 ali-

1946 3407 2163 3470 quando
2180 3423 2248 3463 ex
2273 3407 2564 3477 postremis
2588 3408 2784 3463 litteris
2805 3422 3060 3463 versuum
3092 3407 3532 3478 aliquod'nomen

1947 3478 2202 3543 eiticitur,
2237 3494 2456 3534 carmen
2484 3479 2623 3533 solet
2653 3478 2957 3541 telestichis
2978 3481 3180 3533 vocari.
3208 3481 3322 3535 Hoc
3352 3495 3530 3539 autem

1948 3550 2204 3604 carminis
2232 3565 2422 3618 genus,
2454 3550 2559 3604 etsi
2590 3550 2876 3619 majestate
2918 3549 3127 3604 Latinae

1948 3636 2065 3675 rum
2098 3628 2182 3691 est
2211 3620 2452 3691 dignum,
2486 3632 2669 3691 tamen
2711 3619 3004 3691 aliquando
3040 3621 3108 3675 ab
3149 3619 3324 3675 Ennio
3367 3619 3548 3677 usita-'

1949 3700 2060 3746 tum
2095 3689 2288 3759 fuisse,
2313 3700 2366 3745 et
2395 3692 2446 3744 in
2471 3689 2755 3759 Sibyllinis
2779 3690 3031 3745 versibus
3053 3693 3395 3748 consimilem
3422 3694 3531 3749 for-

3201 3566 3394 3607 oeseos
3435 3570 3530 3622 pa-

257 3760 492 3823 rendum
525 3767 758 3831 videtur,
786 3766 1001 3821 idemne
1030 3765 1280 3820 Asterius
1310 3763 1615 3818 credendus
1651 3762 1719 3816 sit
1750 3777 1847 3816 au»
1950 3778 2089 3816 mam
2123 3762 2347 3829 reperiri
2393 3762 2666 3831 colligitur
2697 3775 2760 3815 ex
2789 3760 3054 3817 Cicerone
3088 3763 3125 3817 l.
3156 3778 3193 3816 ιι
3229 3763 3298 3819 de
3352 3763 3526 3819 Divin.

254 3850 383 3895 ctor
407 3838 823 3908 epigrammatis
850 3835 993 3891 inter
1007 3836 1224 3892 Gruteri
1251 3835 1634 3908 inscriptiones
1666 3832 1842 3908 relati,

257 3919 320 3965 ct
352 3905 600 3979 quisnam
630 3909 701 3964 sit
732 3915 931 3979 martyr
965 3908 1295 3979 consul,qui
1324 3905 1432 3960 illis
1459 3905 1845 3979 versibuslau-

256 3975 447 4036 datur.
481 3981 649 4037 Senss
681 3975 897 4050 quidem
943 3978 1159 4043 eadem,
1188 3978 1332 4050 idem
1376 3977 1569 4049 stylus,
1609 3975 1843 4050 etidem

262 4052 490 4123 pietatis
528 4045 718 4122 gustus
765 4051 819 4105 in
848 4057 1076 4121 utroque
1120 4045 1510 4123 epigrammate
1540 4045 1849 4123 percipiun-

263 4116 379 4178 tur.
406 4122 462 4176 ln
485 4116 873 4192 epigrammate
910 4116 1106 4187 etiam,
1136 4116 1701 4192 qqusteriussuain
1731 4116 1849 4172 Vir—

260 4193 381 4266 gilii
408 4189 801 4250 correctionem
833 4192 1105 4262 exposuit,
1130 4190 1307 4266 simile
1333 4189 1529 4266 aliquid
1559 4189 1799 4266 cernitur
1832 4206 1844 4242 :

262 4260 395 4321 itam
426 4267 630 4333 pariter
658 4266 857 4319 trabeas
883 4260 1039 4319 vocat
1068 4264 1408 4333 consulatum
1447 4278 1458 4313 :
1491 4260 1850 4333 Asteriumque

260 4327 584 4394 suum-vivax
613 4335 911 4391 transmittit
935 4334 987 4388 in
1006 4348 1169 4390 avum
1194 4374 1209 4399 ,
1239 4363 1312 4372 ——
1334 4332 1435 4399 Qui
1464 4341 1638 4400 partas
1666 4327 1851 4384 trabeis
1886 4327 1891 4330 ’

265 4417 376 4463 tam
397 4408 522 4463 bene
541 4408 697 4463 donat
728 4422 870 4476 apes.
903 4405 1018 4461 Hoc
1050 4412 1231 4459 autem
1259 4405 1480 4458 verbum
1507 4402 1665 4457 simili
1688 4401 1851 4472 signi-

265 4479 434 4535 ﬂcatu
462 4478 789 4534 Claudianus
810 4519 826 4544 ,
859 4486 915 4532 et
945 4476 1035 4531 alii
1073 4476 1349 4532 adhibent.
1390 4476 1600 4529 Censeo
1645 4482 1848 4538 tamen,

269 4550 555 4620 utriusque
575 4548 1001 4620 epigrammatis,
1048 4546 1226 4611 Sume,
1260 4563 1424 4612 sacer,
1447 4555 1499 4601 et
1532 4546 1851 4620 Quamquam

264 4615 513 4694 patricio,
537 4615 789 4694 eumdem
823 4615 994 4694 fuisse
1017 4628 1290 4694 auctorem
1324 4620 1597 4694 Asterium
1620 4657 1636 4683 ,
1666 4616 1774 4679 vel,
1803 4615 1850 4670 si

269 4689 382 4747 duo
407 4701 654 4748 auctores
679 4692 884 4747 diversi
913 4691 1145 4754 fuerint,
1175 4691 1406 4745 alterum
1433 4704 1501 4743 ex
1528 4689 1701 4743 altero
1726 4702 1849 4757 pro-

268 4763 491 4819 fecisse.
534 4763 733 4835 Μαι-ψ·
776 4777 910 4818 vero
954 4763 1160 4835 consul
1190 4760 1599 4835 epigrammate,
1653 4758 1847 4835 Quam-

267 4850 428 4906 quam
458 4829 697 4906 patricio,
723 4835 1045 4906 celebratus,
1076 4829 1300 4906 videtur
1314 4846 1434 4906 esse
1454 4829 1627 4884 dictus
1660 4829 1849 4906 Florus

267 4897 341 4961 ex
369 4897 585 4961 duobus
609 4897 856 4961 distichis
882 4897 1228 4973 sequentibus
1263 4919 1275 4956 :
1300 4901 1685 4970 Adjunctusque
1717 4897 1847 4963 Deo,

271 4985 384 5031 tota
406 4993 556 5046 quem
575 4986 739 5031 mente
756 4976 947 5047 petisti,
975 5004 1047 5018 --
1075 4973 1315 5028 Assertor
1336 4972 1525 5047 Christi
1548 4973 1717 5047 sidera
1728 4974 1853 5047 jure

269 5039 436 5102 coles:
468 5077 541 5089 -—-
561 5047 663 5114 Sit,
693 5039 894 5117 precor,
936 5039 1230 5117 acceptum,
1270 5044 1409 5117 quod
1424 5050 1547 5117 post
1582 5039 1854 5117 dispendia

272 5118 399 5174 belli
417 5148 489 5160 ——
514 5117 581 5173 In
608 5111 790 5192 melius
814 5111 1045 5192 famulus
1066 5111 1335 5192 restituere
1362 5111 1575 5192 Florus;
1609 5113 1853 5192 Obscura

274 5199 459 5246 tamen
490 5190 759 5246 sententia
791 5182 872 5243 est
912 5187 1081 5243 ultimi
1103 5186 1343 5251 distichi,
1386 5183 1526 5253 quod
1552 5182 1778 5253 fortasse
1802 5182 1855 5235 in

276 5260 480 5318 ruendo
503 5262 683 5316 cubat.
716 5261 773 5315 In
807 5259 1193 5331 Martyrologio
1217 5252 1459 5331 Romano
1492 5268 1685 5331 nomen
1710 5252 1856 5331 litori

274 5340 526 5388 notatum
547 5332 766 5387 invenio
794 5331 860 5385 ad
890 5322 1035 5386 dicm
1059 5322 1131 5384 2‘?
1152 5328 1462 5384 decembris
1487 5345 1498 5379 :
1519 5324 1680 5398 Apud
1715 5322 1861 5398 Ostia

273 5402 524 5458 Tiberina
550 5403 865 5458 Sanctorum
891 5412 1181 5472 martyrum
1211 5398 1477 5472 Demetrii,
1508 5396 1789 5461 Honorati,
1812 5402 1863 5472 et

278 5472 453 5528 Flori.
504 5473 586 5529 An
625 5484 806 5530 autem
842 5468 1046 5528 alicubi
1073 5479 1285 5526 constet
1324 5471 1391 5525 de
1433 5469 1613 5537 aliquo
1642 5468 1861 5522 consule

278 5544 468 5610 Floro,
498 5547 612 5600 sive
643 5545 752 5600 alio
781 5545 1026 5608 nomine,
1058 5542 1147 5598 cui
1171 5542 1496 5611 descriptum
1532 5540 1864 5609 epigramma

286 5617 461 5684 possit
479 5619 796 5683 convenire,
820 5615 1086 5671 incertum
1113 5611 1245 5668 mihi
1272 5623 1372 5667 est.
1400 5613 1474 5666 Ex
1501 5611 1687 5684 ultimo
1708 5624 1864 5663 versu

285 5682 697 5757 epigrammatis
709 5682 1019 5744 deSedulio
1030 5684 1380 5742 conﬁrmatur
1396 5682 1707 5753 conjectura
1724 5695 1863 5746 mea,

1876 4583 1929 4644 D

1948 3848 2069 3903 cap.
2087 3834 2140 3907 ζὶ.
2161 3833 2379 3901 Sibylla:
2397 3848 2584 3907 versus
2608 3833 2672 3907 de
2685 3831 3124 3900 judicio,.ludicii
3148 3835 3373 3907 signum,
3400 3846 3530 3900 etc.,

1949 3907 2038 3973 qui
2082 3903 2395 3974 frequenter
2441 3903 2580 3976 apud
2616 3902 2839 3976 Patres,
2878 3902 3214 3976 veteresque'
3233 3907 3530 3976 scriptores

1950 3982 2264 4040 Occurrunt,
2280 3989 2402 4030 eum
2430 3974 2636 4039 Grrece,
2673 3984 2784 4028 tum
2820 3974 3009 4030 Latine
3034 3976 3260 4041 exarati,
3303 3974 3525 4034 aérusti-

1949 4047 2107 4118 citant
2132 4046 2368 4118 formant
2395 4045 2830 4118 referuntaUsus
2853 4060 3065 4118 quoque
3096 4046 3198 4118 hoc
3226 4063 3425 4118 genere
3451 4062 3532 4104 est

1953 4117 2011 4174 S.
2042 4117 2310 4186 Eugenius
2331 4115 2721 4177 Toletauus.S.
2756 4115 3013 4171 Damasus
3036 4117 3110 4172 De
3134 4115 3262 4172 Jesu
3287 4122 3528 4185 nomine,

1951 4189 2007 4244 S.
2062 4188 2465 4253 Columbanus,
2519 4187 2822 4242 Ademarus
2879 4189 3176 4243 monachus
3232 4189 3286 4244 in
3345 4191 3528 4247 Veter.

1955 4258 2208 4331 Analect.
2257 4258 2557 4331 Mahillonii
2587 4266 2719 4331 tom.
2748 4258 2798 4323 Ι,
2824 4257 3164 4331 Ajdhelmus,
3212 4261 3533 4331 Optatianus

1954 4330 2285 4401 Porphyrius
2346 4332 2398 4384 in
2456 4330 2788 4401 Panegyrico
2841 4328 3217 4397 Constantini,
3263 4328 3533 4390 'Rabanus

1954 4398 2173 4456 Maurus
2213 4402 2267 4455 in
2294 4401 2506 4455 laudem
2537 4398 2737 4469 crucis,
2762 4398 2936 4467 Abbo,
2972 4400 3227 4457 Arnoll‘us
3252 4405 3531 4460 Eumtera-

1954 4474 2178 4539 mensis,
2226 4471 2602 4544 etSidonius,
2654 4476 2737 4525 cui
2793 4472 3039 4544 plerique
3086 4473 3327 4528 tribuunt
3374 4491 3532 4544 argu-

1956 4487 2178 4539 mensrs,
2226 4487 2278 4527 et
2328 4487 2602 4536 alumnus,
2654 4487 2737 4525 cut
2793 4487 3039 4596 plerique
3086 4487 3327 4528 trmuuut
3374 4491 3532 4544 argu-

1956 4551 2136 4600 menta
2168 4543 2386 4615 praeﬁxa
2410 4541 2918 4615 Plauticmnmdiis.
2976 4543 3234 4615 ascriptio
3258 4546 3398 4615 apud
3433 4546 3534 4602 Fa.

1955 4615 2214 4687 brettum,
2265 4629 2311 4670 c.
2356 4614 2411 4681 9,
2445 4632 2498 4667 η.
2542 4613 2670 4680 290,
2713 4613 2913 4687 eodem
2960 4614 3191 4687 artificio
3220 4613 3533 4687 composita

1957 4695 2060 4742 est.
2106 4686 2292 4741 Plures
2326 4687 2533 4740 similes
2562 4685 2944 4753 inscriptiones
2983 4684 3180 4740 indicat
3211 4684 3535 4745 Saraianius

1957 4761 2008 4812 in
2049 4765 2164 4812 not.
2213 4757 2278 4811 ad
2308 4773 2479 4812 carm.
2509 4772 2578 4810 vn
2621 4752 2852 4809 Damasi.
2884 4752 3087 4810 Confer
3118 4756 3280 4811 etiam
3318 4761 3533 4818 lli-owe-

1958 4845 2074 4883 rum
2124 4828 2176 4880 in
2210 4835 2326 4883 not.
2361 4827 2427 4883 ad
2452 4827 2730 4881 Rabanutn
2753 4867 2766 4888 ,
2803 4840 2922 4894 pag.
2955 4826 3077 4880 111.
3110 4826 3377 4885 Cellarius
3407 4848 3537 4888 con-

1957 4899 2080 4970 tulit
2109 4897 2210 4953 hoc
2232 4901 2561 4969 epigramma
2588 4913 2710 4952 cum
2735 4911 2836 4952 ms.
2860 4895 3032 4964 Alm.,
3063 4897 3121 4953 in
3147 4914 3255 4970 quo
3282 4904 3537 4959 scribitur

1953 4967 2291 5024 Bellesarius.

2025 5042 2097 5114 2.Δ
2123 5038 2250 5114 Duo
2264 5055 2401 5114 mss.
2418 5039 2652 5114 Barthii,
2676 5040 3127 5114 parvaaplerique
3158 5057 3313 5108 mss,
3343 5061 3539 5114 part’tB,

1959 5110 2100 5182 quod
2152 5112 2347 5166 melius
2395 5120 2502 5182 est.
2544 5119 2601 5164 ut
2642 5113 2694 5164 in
2745 5110 2895 5177 praef.
2928 5110 3150 5167 metrica
3192 5128 3246 5167 ν.
3278 5116 3310 5168 5
3338 5110 3540 5170 dicitur

1962 5181 2163 5235 modica
2200 5197 2396 5236 mensa.
2448 5181 2698 5248 Plerique
2739 5182 2892 5247 editi,
2916 5199 3096 5250 parva.
3145 5182 3402 5239 Sedulius
3432 5187 3537 5241 loc.

1960 5255 2077 5319 cit,
2115 5253 2219 5306 Sed
2244 5254 2456 5308 modica:
2480 5260 2743 5306 contentus
2769 5252 2855 5305 mli
2880 5254 3128 5307 solemnia
3159 5270 3364 5310 menscc.

2035 5325 2088 5380 ὅ.
2127 5321 2242 5378 Ott.
2279 5325 2338 5386 εὶ,
2385 5325 2670 5378 convivium
2702 5338 2719 5376 :
2757 5323 2986 5397 emenda
3013 5325 3292 5397 convivam.
3327 5326 3460 5397 Reg.
3487 5330 3559 5395 ἓν

1965 5403 2214 5470 caperet:
2257 5397 2749 5470 corrige‘carperet.
2783 5394 2965 5470 Codex
3017 5395 3239 5470 Barthii,
3274 5394 3444 5470 σηρρῖι
3474 5411 3541 5463 et,

1968 5467 2111 5537 unde
2159 5466 2403 5537 fortassis
2424 5464 2731 5537 aliud’quid
2760 5466 3122 5537 exsculpserit
3150 5464 3444 5537 quispiam,
3476 5471 3550 5524 ait

1968 5536 2243 5592 Barthius.
2279 5535 2333 5590 In
2359 5536 2469 5592 Ott.
2503 5537 2561 5600 ‘2,
2587 5534 2761 5590 simile
2792 5535 2921 5606 quid
2951 5543 3128 5590 exstat
3146 5553 3248 5591 non
3272 5534 3428 5607 hunc,
3460 5544 3549 5607 qui

1968 5608 2136 5680 carpis
2177 5616 2225 5663 et
2256 5607 2405 5661 illud.
2450 5606 2709 5680 Saepich
2765 5607 3082 5662 Belisarium
3127 5606 3421 5680 scripsisse
3448 5627 3549 5666 non

1968 5677 2124 5746 hunc,
2150 5680 2238 5751 qui
2265 5678 2513 5750 cm'pserit
2540 5677 2693 5732 tttud:
