4082 6188
228 306 345 370 785

389 428 433 484 V
468 427 570 485 idit
591 427 772 484 divino
800 428 1155 486 modulantem
1182 433 1417 487 carmina
1438 443 1556 489 cant

376 621 409 677 1
448 621 519 677 lle
541 620 632 675 ubi
660 620 974 693 grandisoni
1021 629 1202 693 captus
1230 620 1506 678 dulcedine
1533 624 1699 691 plectr
1804 625 1833 680 Ι

1265 313 1516 373 LIBERI]
1554 315 2013 379 ACROSTICIIIS
2052 320 2146 379 DE
2185 320 2510 381 SEDIJLIO.
3053 321 3072 373 ἵ

392 436 430 484 γ
468 436 570 485 idit
591 436 772 484 divino
800 436 1155 486 modulantem
1182 436 1417 487 carmina
1438 443 1556 489 cant
1803 436 1841 491 ν
1870 442 1921 501 Α

307 526 343 582 5
381 525 427 582 ι
464 525 626 581 audes
653 524 752 581 hoc
782 524 1039 596 psallente
1064 526 1196 596 viro,
1219 528 1396 598 reﬂuit
1426 528 1643 601 cytltara
1674 546 1753 586 nte
1797 530 1842 588 L

3436 328 3543 387 786

2090 437 2134 493 Τ
2174 454 2275 493 unc
2302 454 2397 494 sua
2425 436 2714 493 Davidicus
2744 437 2975 493 delectus
3004 437 3201 511 plectra
3227 440 3441 512 peposci
3497 440 3545 497 T

2092 528 2124 584 Ι
2159 530 2289 584 rrita
2318 530 2502 601 polluti
2523 539 2854 585 contemnens
2887 533 3103 585 numina
3133 531 3293 585 mund
3508 531 3544 587 Ι

2086 621 2127 679 S
2166 624 2287 694 igna
2306 623 2473 678 crucis
2494 622 2653 695 fronti
2676 623 2842 694 ponit,
2868 623 3177 695 breviterque
3200 623 3458 696 triumpho
3498 625 3543 681 S

379 713 424 770 V
466 714 625 779 ritur,
658 721 706 768 et
725 712 880 768 celeri
911 713 1153 786 graditur
1176 731 1271 787 per
1298 713 1416 770 lilia
1442 732 1567 788 pass
1794 717 1838 773 V
1912 749 1919 757 -
2083 712 2127 768 T
2165 713 2560 784 angit,CItriste,
2584 724 2717 783 tuos,
2742 731 3116 786 numerosaque
3135 716 3348 786 prtemia
3370 716 3474 771 liba
3498 715 3544 772 T

377 806 418 866 S
457 815 765 879 acratosque
791 807 979 862 iterum
1005 807 1111 863 late
1138 810 1405 879 conspexit
1426 827 1626 865 antteno
1794 811 1833 868 S
1980 806 2047 861 l5
2084 805 2134 859 Ε
2169 822 2260 878 rgo
2290 807 2413 861 dum
2439 808 2584 861 uario
2604 807 2812 862 decorat
2835 824 2931 861 sua
2953 824 3082 863 rura
3105 809 3251 864 color
3493 811 3543 866 E

376 902 423 956 A
461 911 640 957 eterna
666 898 861 956 Christi
888 901 1074 973 ﬂuvios
1099 917 1225 970 quos
1250 902 1414 958 abluit
1438 905 1547 959 und
1790 907 1835 961 A
1979 899 2046 956 16
2084 899 2125 956 S
2169 898 2347 955 tabunt
2371 899 2426 957 Iri
2449 901 2638 974 gracili
2663 900 2805 957 ducti
2834 903 3094 958 testudine
3120 919 3267 960 versu
3468 903 3537 964 S.

264 996 338 1055 10
377 995 431 1052 Ν
467 1012 527 1052 ec
554 1010 741 1070 passus
762 1004 970 1068 torpere
992 995 1086 1050 diu
1113 996 1341 1053 doctoris
1370 1012 1553 1053 acume
1778 997 1837 1056 N

1727 1152 2041 1215 SCIIOLIA.

225 1292 395 1368 ιβιδ-πεῖ
420 1294 523 1368 1.1.
544 1292 622 1368 Ut
640 1293 822 1368 timeas
850 1293 1136 1368 Dominum
1159 1296 1286 1368 legis
1316 1304 1575 1368 prmcepta
1605 1304 1828 1368 secutus,

223 1394 299 1407 -—
319 1364 551 1441 Maxime
581 1362 850 1441 Daniticos
891 1366 1042 1441 debes
1081 1362 1379 1440 percurrere
1407 1362 1638 1441 campos,
1661 1362 1829 1441 -νιιὶ

262 1438 413 1492 uibus
443 1448 637 1492 retento
674 1437 855 1492 latices
901 1437 966 1492 de
1006 1437 1150 1564 {ante
1178 1450 1447 1495 manantes
1467 1437 1539 1481 -ὲ
1564 1438 1824 1495 Invenies.

262 1508 541 1564 .etzendum
588 1505 890 1564 Davidicos.
935 1524 999 1564 ve
1063 1510 1347 1564 Daviticos.
1378 1528 1477 1564 oro
1523 1509 1821 1564 Daniticos.

272 1508 541 1582 egelidum
588 1505 891 1582 Davidicos,
935 1505 1021 1565 vel
1063 1510 1347 1576 Daviticos,
1378 1528 1477 1582 pro
1523 1509 1821 1566 Daniticos.

223 1579 486 1653 Barthius
527 1594 620 1653 per
648 1588 803 1653 prata
829 1580 1225 1653 interpretatur
1254 1582 1323 1637 de
1365 1579 1607 1653 paupere
1656 1583 1823 1637 horto

221 1650 457 1724 Sedulii,
485 1650 641 1724 cujus
666 1651 712 1706 is
740 1652 993 1724 meminit
1018 1653 1070 1707 in
1099 1653 1324 1724 prologo
1354 1650 1602 1709 metrico.
1628 1654 1824 1709 Melius

224 1723 542 1792 intelligens
564 1722 632 1792 de
662 1722 835 1792 sacris
874 1722 1337 1779 litteris.Alludit
1381 1725 1527 1779 enim
1572 1724 1824 1780 Liberius

223 1792 296 1849 ad
351 1790 518 1849 verba
571 1790 777 1864 Sedulii
828 1793 882 1848 in
918 1794 1145 1864 epistola
1177 1796 1246 1850 ad
1292 1796 1701 1851 Macedonium:
1757 1794 1825 1849 1n

223 1864 436 1938 herbam
455 1864 603 1933 ﬂorei
624 1863 835 1938 cespitis
872 1863 1063 1938 revolvi
1092 1867 1324 1938 vestigia.
1359 1866 1492 1938 Nam
1526 1883 1594 1922 ex
1617 1865 1827 1938 caepi-

224 1881 436 1920 uernam
455 1881 603 1933 [taret
629 1881 710 1918 σεδ

224 1935 392 2006 stola,
423 1944 479 1993 et
522 1949 590 1991 ex
623 1933 661 1989 l.
708 1881 745 1990 Γ

229 2017 381 2063 sunt.

298 2079 358 2134 4.
389 2079 669 2151 Duo_mss.
716 2078 948 2147 Barthii,
980 2080 1347 2135 moderantem.
1399 2081 1515 2137 Huc
1567 2080 1814 2151 pertinet

220 2150 485 2209 mendum
514 2149 569 2204 in
601 2148 713 2204 Ott.
742 2152 799 2217 2,
835 2151 1176 2206 moderantia.
1205 2151 1529 2209 Communis
1557 2148 1828 2221 scriptura

224 2221 584 2297 modulantem
636 2222 823 2276 multis
873 2223 1145 2297 similibus
1185 2224 1455 2293 exemplis
1496 2224 1826 2297 comproba-

224 2305 336 2354 tur.
371 2292 579 2365 Poelm.
606 2305 920 2365 perperam,
952 2295 1181 2349 carmine
1210 2311 1311 2365 pro
1341 2292 1593 2350 carmina.

298 2365 355 2419 5.
373 2364 513 2436 Reg.
536 2364 595 2425 2.
617 2363 732 2436 5,6,
762 2365 940 2420 codex
959 2363 1289 2430 Mabillouii,
1316 2381 1455 2422 unus
1470 2382 1570 2422 ms.
1586 2364 1793 2421 Barthii
1811 2407 1826 2431 ,

224 2435 621 2508 Poelm.’ct_tm
674 2435 805 2508 aliis
835 2437 1173 2508 editionibtts
1227 2438 1505 2508 antiquis,
1550 2436 1830 2491 Laudabili

224 2508 479 2579 psallente
506 2505 639 2579 viro,
665 2506 810 2579 quod
832 2507 922 2563 lex
948 2509 1109 2564 metri
1142 2505 1391 2579 respuit}
1422 2524 1547 2564 nam
1588 2508 1828 2563 secunda

224 2582 282 2635 iu
307 2578 587 2633 Laudabili
612 2588 696 2649 est
725 2578 907 2648 longa.
957 2578 1249 2635 Fabricius
1288 2589 1342 2635 et
1383 2580 1628 2649 plerique
1670 2579 1827 2646 editi,

225 2650 468 2706 Laudato
499 2648 749 2721 psallente
769 2652 902 2715 viro,
928 2650 1072 2721 quod
1101 2666 1167 2706 ex
1187 2652 1508 2720 conjectura
1542 2652 1611 2706 ab
1640 2650 1826 2719 aliquo

224 2730 538 2777 correctum
566 2718 805 2788 videtur,
860 2731 921 2776 ut
946 2718 1159 2778 versus
1194 2718 1430 2777 constet.
1499 2718 1828 2777 Arntzenius

228 2792 560 2862 conjiciebat
583 2790 898 2847 Laudando.
955 2792 1216 2849 Barthius
1244 2794 1299 2848 itt
1350 2808 1459 2848 uno
1489 2807 1592 2848 suo
1636 2793 1829 2848 codice

225 2861 473 2935 invenit,
490 2861 690 2935 Laudis
717 2863 815 2917 hoc
838 2865 1089 2935 psallente
1114 2866 1246 2929 viro,
1299 2879 1363 2919 ac
1394 2866 1573 2919 locum
1624 2880 1693 2919 ex
1743 2863 1828 2919 his

226 2934 587 2990 varietatibus
619 2934 931 3003 suspicatus
957 2946 1041 2991 est
1066 2936 1317 2991 vitiatum
1340 2951 1485 2991 esse.
1517 2935 1572 2989 In
1613 2936 1749 3003 Reg.
1797 2936 1823 2990 1

226 3008 309 3061 sic
328 3003 785 3078 legitur,gLaudis
803 3007 1185 3078 rceuipsallente
1212 3007 1310 3061 viri
1333 3023 1353 3071 ;
1385 3008 1436 3062 in
1468 3008 1579 3062 Ott.
1601 3008 1658 3073 2,
1679 3005 1825 3059 Lau-

220 3078 309 3132 dis
350 3076 401 3133 et
435 3076 686 3147 psallente
714 3077 831 3148 viri.
883 3076 1072 3141 Neque
1128 3079 1182 3132 in
1216 3078 1441 3148 reliquis
1485 3078 1671 3134 verbis
1697 3092 1829 3132 con-

224 3150 477 3206 sentiunt
500 3148 738 3204 codices.
786 3147 1046 3204 Nonnulli
1077 3164 1236 3214 mss.,
1295 3147 1350 3204 et
1380 3150 1630 3219 plerique
1670 3149 1822 3214 editi,

229 3222 412 3290 reﬂuit
442 3219 657 3275 cithara:
703 3219 838 3274 mel:
885 3219 1025 3291 Reg.
1056 3221 1108 3287 1,
1138 3220 1251 3275 Ott.
1291 3222 1326 3275 2
1355 3236 1477 3275 cum
1510 3219 1723 3275 Poelm.
1772 3228 1828 3276 et

223 3293 351 3377 aliis
378 3291 577 3377 editis,
596 3290 1005 3377 reﬂuit‘citltara
1025 3291 1161 3377 mel;
1193 3290 1499 3377 Mabillonii
1543 3291 1718 3377 codex
1772 3298 1829 3377 et
1854 3313 1901 3377 ρ

227 3363 370 3434 Reg.
398 3362 455 3429 6,
482 3363 709 3433 reﬂuunt
730 3362 947 3417 citharis
970 3365 1091 3418 mel.
1108 3363 1259 3434 Reg.
1285 3362 1322 3416 2
1346 3362 1564 3429 vitiose,
1596 3365 1825 3433 reﬂuunt

226 3433 429 3517 cicerea
453 3441 558 3517 met
577 3450 596 3487 :
620 3442 883 3517 corrupte
895 3434 1065 3517 etiam
1106 3433 1244 3517 Reg.
1276 3435 1329 3498 5,
1359 3436 1684 3517 reﬂuumque
1715 3449 1828 3488 cere

220 3507 352 3575 mel,
365 3505 506 3560 Puto
543 3503 860 3575 legendum,
884 3503 1086 3559 Laudes
1139 3503 1234 3559 hac
1284 3503 1536 3575 psallente
1563 3503 1703 3575 viro,
1740 3521 1825 3557 re-

226 3567 361 3650 ﬂuil
384 3567 714 3650 cit/tara'mel
737 3591 756 3629 :
786 3567 910 3631 nam
935 3575 1158 3650 antiqui
1175 3567 1348 3650 laudis
1380 3567 1699 3650 scribebant
1722 3589 1826 3650 pro

225 3645 437 3703 laudes.
460 3645 687 3717 Accipio
714 3655 899 3703 autem
920 3645 1119 3702 cithara
1147 3646 1202 3701 in
1233 3646 1519 3717 auferendi
1538 3660 1690 3700 casu.
1721 3645 1827 3700 Pro

226 3721 330 3776 hoc
362 3735 471 3774 non
502 3719 644 3774 male
673 3726 759 3773 est
783 3728 855 3779 et.
882 3733 1087 3789 nempe
1119 3726 1174 3773 et
1202 3719 1322 3774 viro
1356 3716 1526 3772 David
1559 3716 1828 3787 psallente

225 3791 445 3859 laudes,
468 3790 650 3846 reﬂuit
674 3789 780 3845 mel
802 3788 1030 3844 cithara.

302 3862 360 3917 6.
389 3860 607 3918 Fabric.
650 3868 705 3915 et
725 3861 972 3944 qtuedam
1002 3861 1125 3943 alia;
1151 3860 1446 3944 editiones,
1473 3859 1825 3944 grandisono':

227 3946 433 4003 sensus
467 3948 592 3988 cum
621 3945 780 3999 mss.,
810 3943 865 3987 ct
896 3932 1169 4003 plerisque
1209 3933 1371 3988 editis
1401 3932 1575 4003 exigit
1616 3932 1829 4003 grandi-

229 4006 372 4062 soni.
404 4002 515 4060 Ott.
538 4005 596 4070 2,
623 4011 805 4077 cantus
828 4020 852 4077 ί
871 4001 1096 4077 corrige
1113 4013 1313 4077 captus.
1342 4003 1478 4073 Reg.
1500 4001 1795 4077 2,__pulchri
1809 4018 1828 4057 :

227 4077 523 4146 legendum
578 4075 781 4143 plectri.
832 4074 1086 4146 Liberius
1132 4074 1358 4130 verbum
1406 4074 1752 4146 grandisonus
1789 4088 1828 4146 _a

231 4144 487 4214 Sédulio,
520 4146 617 4201 lib.
650 4150 703 4213 1,
730 4160 783 4199 v.
830 4144 921 4212 18,
958 4155 1270 4203 mutuatur:
1313 4144 1460 4217 quod
1501 4144 1643 4216 apud
1690 4144 1830 4198 anti-

230 4219 461 4290 quiores
492 4232 598 4273 non
622 4217 914 4290 reperitur.

305 4292 361 4346 7.
385 4288 538 4344 Multi
567 4288 723 4356 editi,
748 4290 1050 4359 praesertim
1080 4288 1451 4352 recentiores,
1484 4286 1679 4342 Utitur.
1713 4286 1831 4359 Duo

228 4376 375 4417 mss.
409 4360 641 4422 Βπιιιὶἰ,
671 4368 726 4414 et
753 4357 947 4417 omnes
978 4363 1150 4416 nostri
1201 4375 1324 4416 cum
1358 4359 1566 4414 Poelm.
1594 4365 1651 4412 et
1706 4357 1832 4412 aliis

224 4433 511 4503 veteribus
539 4430 1119 4503 editionibus,«Uritur,
1157 4431 1303 4503 quod
1347 4430 1543 4500 probat
1571 4429 1834 4503 Burman-

229 4520 339 4560 nus
362 4501 680 4629 Secundus.
712 4501 770 4558 lu
805 4502 916 4558 Ott.
944 4505 979 4559 2
1010 4520 1128 4575 pro,
1159 4501 1205 4559 et
1230 4503 1403 4569 celeri,
1434 4501 1693 4557 mendum
1724 4510 1831 4569 est,

229 4590 359 4629 exce
404 4591 504 4629 ere.

228 4590 504 4631 excellere.

309 4647 366 4701 8.
396 4645 531 4701 Tres
560 4645 688 4702 libri
711 4643 941 4712 Barthii,
962 4645 1268 4712 Poelman.,
1293 4646 1449 4708 lacte;
1471 4645 1603 4715 ch.
1636 4646 1692 4707 '5,
1718 4642 1832 4715 lite;

757 1934 941 1992 Carm.
974 1935 1169 1993 Pasch.
1219 1922 1394 1994 inulta
1445 1937 1554 1995 huc
1595 1922 1830 1994 deducta
1860 1922 1910 1983 B

1938 1295 2121 1362 lector,
2170 1295 2215 1352 si
2237 1300 2372 1367 forte
2413 1296 2652 1367 requiris,
2678 1326 2747 1338 —
2791 1296 2878 1354 Ea:
2908 1300 3046 1355 omni
3071 1315 3218 1355 versu
3269 1310 3321 1357 te
3368 1302 3542 1360 littera

1937 1368 2106 1439 prima
2134 1368 2433 1441 docebit-5
2459 1368 2512 1423 Η
2522 1386 2620 1423 unc
2642 1370 2815 1441 posuit
2842 1370 3049 1424 titulum
3084 1374 3251 1441 neptis
3298 1372 3537 1430 Taurino

1937 1448 2220 1494 sacratum.
2249 1439 2481 1507 Nomina
2507 1450 2635 1495 sunt
2661 1439 2886 1506 Licinia,
2912 1439 3157 1509 Leontio,
3177 1442 3385 1507 Flavia,
3413 1448 3540 1501 Ant-

1937 1511 2095 1586 pelia.
2125 1511 2187 1565 ln
2216 1512 2461 1586 versibus
2483 1511 2741 1586 Belisarii
2772 1513 3048 1569 contrario
3076 1514 3237 1569 modo
3281 1531 3346 1570 ex
3376 1516 3540 1586 diph-

1936 1581 2140 1655 thongo
2164 1597 2211 1637 te
2239 1595 2294 1637 v.
2328 1582 2386 1649 2,
2413 1583 2663 1638 solemnia
2690 1598 2899 1653 mensas,
2934 1586 3174 1640 sumitur
3207 1602 3256 1655 e,
3297 1597 3357 1643 ut
3400 1581 3538 1646 lele-

1932 1650 2124 1708 sticltis
2155 1663 2423 1710 servetur.
2832 1712 2839 1719 ι

2008 1724 2092 1799 10.
2115 1725 2249 1799 Reg.
2278 1725 2335 1791 2,
2354 1727 2415 1799 β,
2439 1724 2614 1799 codex
2637 1725 2961 1799 blabillonii,
2984 1726 3158 1783 Nam:
3181 1729 3379 1785 melius
3402 1729 3534 1799 Nec,

1941 1793 2050 1860 vel,
2081 1803 2139 1850 ut
2157 1793 2319 1870 Reg._,
2342 1796 2618 1870 Gprolert,
2636 1796 2779 1870 Non.
2796 1793 3189 1861 Liliri'Barthii,
3208 1808 3411 1869 torpore
3436 1793 3538 1870 pro

1936 1866 2421 1940 torpere._l’oelm.,
2448 1867 2677 1940 ductoris
2692 1884 2711 1940 ς
2727 1868 2997 1940 siceliam
3022 1870 3147 1923 libri
3163 1866 3391 1940 Bartltii,
3415 1866 3536 1940 qui-

1936 1935 2042 2009 bus
2078 1937 2220 1994 male
2267 1937 2598 2009 Arntzenius
2648 1937 2860 2009 afﬁngit
2911 1939 3158 1994 doctoris.
3188 1939 3373 1995 Nostri
3404 1935 3530 1997 cum

1937 2008 2226 2094 plerisque
2253 2008 2436 2074 editis,
2469 2010 2730 2076 doctoris,
2765 2008 2920 2094 quod
2964 2011 3124 2094 longe
3171 2012 3531 2094 incliusmst.

1933 2078 2185 2152 Conferri
2213 2081 2328 2136 haec
2358 2090 2586 2152 possunt
2613 2094 2736 2135 cum
2765 2078 2951 2137 verbis
2992 2078 3237 2152 epistula:
3262 2082 3328 2137 ad
3359 2085 3538 2141 Mace-

1935 2149 2191 2206 donium:
2220 2152 2327 2207 Sed
2349 2149 2531 2216 torpor
2552 2152 2725 2206 cordis
2749 2152 2942 2219 obtusi,
2962 2149 3070 2209 etc.

2009 2223 2097 2278 11.
2128 2221 2279 2277 Libri
2301 2221 2527 2291 Barthii,
2560 2222 2685 2278 Non
2706 2240 2837 2279 sua:
2866 2225 3190 2281 acrostichis
3232 2234 3287 2281 et
3308 2237 3533 2284 senten-

1935 2292 2009 2365 tia
2036 2294 2258 2365 exigunt
2282 2292 2432 2348 Tunc
2454 2311 2570 2349 sua.
2598 2293 2734 2365 Reg.
2780 2298 2833 2360 l,
2866 2296 2921 2362 2,
2953 2300 3006 2362 5,
3042 2297 3098 2357 6.
3138 2296 3310 2352 codex
3341 2298 3533 2354 illabit-

1933 2363 2093 2432 lonii,
2119 2363 2388 2419 Daviticus
2412 2366 2633 2419 dilectus
2651 2381 2670 2419 :
2689 2363 2821 2420 libri
2839 2367 3066 2431 Barthii,
3090 2367 3371 2422 Davitlicus
3394 2369 3532 2426 dele-

1933 2444 2067 2490 ctus.
2108 2436 2223 2491 Ott.
2256 2436 2291 2489 2
2313 2437 2609 2502 mendose,
2655 2435 2892 2506 Davitica
2936 2438 3188 2506 dilectra,
3221 2448 3529 2495 correctum

1933 2506 2150 2562 dilectu.
2209 2506 2348 2561 Editi
2401 2507 2672 2578 plerique,
2723 2505 2979 2563 Davidico
3027 2508 3249 2564 delectu.
3304 2510 3361 2565 ln
3392 2526 3528 2567 mss.

1933 2592 2081 2647 saepe
2109 2578 2384 2645 scribitur,
2403 2577 2686 2633 Daviticus
2719 2594 2814 2647 pro
2846 2578 3153 2634 Davidicus.
3180 2581 3445 2637 Similiter
3474 2583 3531 2638 in

1932 2663 2064 2723 mss.
2100 2662 2246 2721 smpe
2278 2649 2553 2723 reperitur
2581 2650 2797 2723 dilectus
2830 2666 2927 2721 pro
2949 2650 3192 2716 delectus,
3219 2661 3273 2706 et
3301 2661 3532 2723 utroque

1933 2720 2099 2774 modo
2126 2720 2275 2776 recte
2303 2720 2582 2777 scribitur.
2614 2722 2692 2776 Ac
2737 2720 2970 2778 fortasse
3017 2724 3118 2777 hoc
3162 2722 3281 2777 loco
3311 2720 3531 2779 dilectus

1933 2806 2041 2863 non
2073 2800 2159 2846 cst
2188 2806 2386 2863 nomen
2440 2792 2869 2856 substantivum,
2925 2793 3019 2849 sed
3071 2793 3433 2863 adjectivum,
3472 2808 3532 2850 ut

1932 2861 2151 2916 dilectus
2178 2860 2466 2919 Davidicus
2499 2864 2571 2918 sit
2598 2876 2808 2919 amatus
2832 2860 3152 2927 Davidicns,
3174 2865 3318 2934 quod
3348 2860 3530 2922 tamen

1930 2934 2024 2988 vix
2054 2934 2194 3006 bono
2214 2949 2383 3006 sensu
2415 2935 2677 3006 explicari
2708 2945 2906 3005 potest.
2937 2934 3388 2992 Utrolibetmodo
3409 2953 3530 2992 sen-

1934 3004 2317 3077 t_entiaeadem
2347 3004 2595 3061 consiat:
2650 3004 2747 3061 sed
2780 3007 2963 3062 verior
3003 3007 3221 3061 videtur
3259 3010 3528 3077 scriptura

1931 3073 2216 3130 Davidicus
2244 3076 2492 3132 delectus.
2530 3077 2657 3133 Haec
2694 3077 2921 3132 liberius
2964 3077 3272 3145 exprimere
3311 3073 3529 3133 videtur

1930 3147 2065 3222 exi:
2092 3163 2215 3222 i,_v.
2249 3149 2532 3222 25‘seqq.,
2547 3146 2654 3203 Cur
2680 3164 2774 3222 ego
2797 3148 3106 3222 Davidicis,
3132 3157 3239 3205 etc.

2004 3218 2093 3274 l2.
2145 3218 2280 3289 Reg.
2309 3219 2366 3286 2,
2408 3218 2473 3287 5,
2515 3221 2568 3286 6,
2602 3218 2778 3276 codex
2811 3218 3135 3287 Mabillonii,
3160 3228 3531 3279 contemnens:

1932 3289 2024 3362 alii
2052 3304 2176 3362 cum
2194 3291 2390 3362 editis,
2427 3292 2755 3362 contempsit.
2776 3290 2979 3347 Contra
3011 3292 3278 3347 idolorum
3294 3294 3539 3352 cultores

1930 3359 2162 3435 disserit
2184 3361 2440 3435 Sedulius
2468 3362 2564 3416 lib.
2592 3359 2711 3425 t,'v.
2736 3365 2842 3418 242
2869 3378 3023 3435 seqq.

2003 3432 2090 3487 15.
2130 3431 2382 3508 Sedulius
2414 3434 2449 3489 Ι.
2483 3448 2522 3497 ι,
2552 3448 2696 3488 vers.
2727 3436 2833 3489 545
2858 3452 2872 3488 :
2898 3431 3155 3506 Et'fixum
3178 3446 3251 3492 est
3272 3438 3325 3492 in
3356 3440 3530 3508 fronte

1930 3502 2106 3569 decus,
2133 3504 2306 3566 decus,
2339 3520 2583 3574 armaque
2614 3514 2786 3573 porto,
2821 3516 2929 3560 etc.

2004 3574 2237 3649 μεριξ.
2268 3576 2323 3637 2,
2357 3589 2567 3628 numero
2616 3576 2703 3645 qui
2740 3577 2973 3647 praemia.
3002 3577 3137 3649 Reg,
3187 3581 3239 3644 l,
3273 3579 3327 3648 2,
3350 3579 3525 3636 codex

1928 3643 2253 3711 Mabillonii,
2286 3643 2663 3719 numerosaun
2690 3643 2922 3719 praemia.
2969 3643 3182 3719 Regjr5
3221 3643 3388 3717 male,
3422 3668 3526 3705 nu-

1930 3732 2109 3789 meras
2151 3725 2309 3789 atque
2334 3717 2592 3789 prremia.
2633 3716 2767 3787 Reg.
2809 3718 2843 3772 6
2892 3716 3078 3789 pejus,
3101 3737 3339 3776 numeros
3376 3716 3528 3775 sacri

1929 3788 2165 3859 prwmia.
2203 3787 2368 3859 Editi,
2419 3804 2790 3856 numerosaque
2814 3787 3028 3859 prwlia,
3064 3806 3243 3859 neque
3271 3792 3527 3848 Barthius

1932 3857 2095 3914 ullam
2123 3857 2438 3914 varietatem
2470 3860 2526 3915 in
2555 3861 2670 3915 suis
2711 3857 2845 3915 mss.
2879 3857 3051 3917 notat.
3091 3857 3201 3919 Sed
3228 3864 3529 3919 restituen-

1934 3928 2068 3985 dum
2112 3939 2195 4005 est
2223 3930 2436 4002 praemia
2468 3946 2487 3984 :
2540 3940 2624 4005 est
2655 3932 2800 4005 enim
2829 3933 3112 4002 praemium
3145 3933 3527 4005 quodcumque

1932 4001 2304 4068 commodum,
2359 4018 2455 4057 seu
2487 4003 2715 4058 utilitas.
2766 4001 3058 4061 Lucretius
3102 4006 3143 4060 l.
3164 4001 3240 4067 ‘v,
3271 4001 3477 4062 vers.)
3510 4022 3524 4058 :

1936 4070 2039 4149 Qui
2069 4072 2197 4149 talia
2227 4073 2373 4149 nobis
2399 4104 2480 4149 —_
2507 4073 2719 4149 Pectore
2738 4085 2893 4149 parta
2918 4092 3033 4149 suo,
3056 4077 3371 4149 quaesitaque
3390 4092 3523 4149 pra:-

1932 4143 2037 4196 mia
2063 4144 2230 4218 liquit.
2262 4143 2517 4218 Miracttla
2547 4142 2773 4218 Christi,
2795 4162 2915 4218 quae
2937 4164 2966 4202 a
2992 4142 3218 4204 Sedulio
3247 4142 3525 4218 siupe'rnu-

1932 4230 2059 4268 nera
2086 4214 2364 4281 dicuntur,
2393 4215 2477 4270 his
2499 4216 2686 4270 verbis
2719 4217 3048 4274 indicantur.

2008 4284 2234 4362 15._0tt.
2271 4286 2323 4349 2,
2343 4302 2477 4362 cum
2505 4286 2693 4362 editis,
2746 4286 2888 4362 Ergo
2934 4289 3015 4362 [tis
3066 4291 3231 4357 dum;
3282 4289 3529 4362 plerique

1937 4358 2108 4412 nostri
2142 4372 2299 4421 mss.,
2334 4355 2477 4427 Ergo
2501 4358 2624 4411 dum
2651 4361 2771 4413 sine
2798 4355 2898 4413 Itis.
2933 4361 3113 4417 Multae
3135 4355 3405 4417 editiones
3433 4355 3528 4417 ve-

1940 4436 2106 4495 teres,
2129 4429 2340 4482 decorat
2364 4445 2459 4481 sua
2482 4428 2743 4495 membra;
2768 4429 2876 4484 duo
2906 4446 3039 4486 mss.
3068 4433 3297 4496 Barthii,
3325 4432 3435 4487 Ott.
3467 4432 3525 4496 2,

1938 4514 2060 4571 eum
2096 4499 2217 4571 aliis
2237 4500 2422 4565 editis,
2446 4500 2655 4554 decorat
2675 4516 2775 4554 sua
2804 4516 2928 4555 rura
2957 4517 3101 4571 :quo
3131 4505 3360 4571 pertinet
3378 4518 3531 4557 men-

1938 4569 2065 4626 dum
2100 4571 2151 4626 in
2184 4570 2319 4644 Reg.
2354 4571 2402 4636 1,
2431 4572 2637 4625 decorat
2663 4588 2760 4625 sua
2780 4588 2927 4626 sura.
2957 4569 3172 4644 lnReg.
3209 4574 3241 4629 6
3275 4574 3355 4629 sic
3383 4574 3533 4628 vitia-

1941 4650 2029 4697 tus
2060 4651 2142 4697 est
2165 4643 2253 4697 hic
2278 4648 2450 4714 locus,
2500 4644 2743 4697 decorata
2771 4659 2971 4709 erarva,
3030 4643 3142 4700 ubi
3172 4644 3292 4714 lego
3319 4646 3531 4699 decorat

233 4717 487 4789 plerique
511 4731 668 4784 mss.,
695 4725 751 4772 et
771 4706 1062 4789 editi,'late.
1094 4716 1230 4789 Reg.
1255 4706 1309 4789 :l_.
1333 4718 1391 4786 2,
1421 4706 1624 4789 ζοῖι,
1644 4706 1700 4779 2,
1726 4706 1833 4789 Mal
1859 4706 1914 4768 D
1937 4729 2056 4789 vera
2082 4730 2226 4779 arva,
2284 4706 2447 4789 quod
2471 4722 2698 4789 nonest
2739 4706 3252 4789 contemnendum.-
3276 4714 3533 4789 Correpti

228 4786 412 4861 ωιν-
442 4790 730 4860 conspexit;
755 4788 877 4853 alii,
908 4786 1201 4861 prospexit:
1254 4787 1389 4842 Tres
1441 4786 1561 4861 libri
1584 4786 1821 4861 Barthii,

230 4859 470 4926 Poelm.,
495 4857 765 4914 atnomos:
796 4857 982 4914 cazteri
1011 4857 1236 4913 amoenos
1256 4877 1275 4926 ;
1295 4871 1473 4924 neque
1498 4857 1654 4911 facile
1677 4857 1829 4911 inve-

232 4932 421 4987 nietur
459 4946 695 4984 amamus
724 4928 1009 4986 masculini
1042 4930 1285 5000 generis.
1340 4928 1630 4997 Conjicere
1672 4926 1830 5000 libet,

233 5001 586 5073 Sacratosqne
611 5002 797 5055 iterum
830 5002 977 5057 lucus
1008 4997 1270 5069 prospexit
1301 5015 1623 5066 atnwnos,—
1646 4997 1830 5052 diter-

232 5090 305 5129 na
329 5071 521 5127 Christi
546 5073 736 5143 ﬂuvius
758 5089 885 5139 quos
916 5072 1081 5127 abluit
1101 5074 1261 5143 unda.

233 5166 263 5228 ξ
313 5145 371 5201 9.
401 5138 617 5228 Βεείόη,
645 5138 1054 5228 ιρϊηολιὶεβ.
1072 5144 1140 5227 ,6,
1165 5142 1477 5228 Αῑιενῃιηῃε
1505 5138 1839 5228 corrige/A13":

238 5224 411 5270 terna.
442 5213 549 5269 Pro
569 5215 755 5285 ﬂuvios
785 5214 950 5271 modo
974 5213 1085 5270 dixi
1116 5230 1183 5270 ex
1213 5216 1527 5282 conjectura
1549 5213 1653 5283 legi
1676 5224 1837 5283 posse

236 5286 433 5359 ﬂuvius
458 5286 555 5359 :_in
581 5300 712 5359 mss.
738 5300 883 5356 saepe
927 5302 989 5341 us
1034 5288 1088 5340 in
1118 5301 1179 5359 os
1213 5294 1474 5359 mutatur,
1526 5299 1591 5359 ac
1621 5295 1836 5359 veteres

237 5355 533 5428 aliquando
561 5355 951 5428 nominativum
978 5357 1234 5413 secunda:
1280 5355 1667 5428 declinationis
1685 5356 1753 5428 in
1779 5370 1836 5407 os

241 5426 644 5486 teriuinabant.
681 5428 787 5483 Pro
812 5427 999 5492 abluit,
1033 5429 1167 5498 Reg.
1192 5428 1225 5483 6
1268 5427 1511 5496 exhibet,
1546 5426 1835 5498 adluit_:_ac

238 5501 481 5555 fundasse
522 5498 722 5555 melius
748 5507 832 5555 est
876 5501 1051 5568 alluit,
1080 5494 1261 5570 quam
1309 5494 1505 5570 abluit.
1550 5496 1627 5553 Ex
1669 5494 1833 5570 diph-

239 5572 454 5641 thongo
504 5587 551 5626 ω
599 5571 832 5625 sumitur
875 5573 942 5627 ad
1002 5565 1171 5641 legem
1222 5569 1513 5626 acrostichi
1572 5565 1834 5641 carminis

240 5639 659 5716 primavoealis
686 5658 717 5695 a
748 5642 801 5696 in
832 5639 1170 5716 (etei-nafﬁic
1195 5642 1359 5716 etiam
1397 5639 1837 5716 iniascriptioue

239 5710 582 5785 acrostichi),
617 5728 780 5785 quam
808 5713 1423 5785 referuntMuratoritts
1447 5710 1620 5775 1905,
1654 5718 1711 5785 et
1735 5710 1837 5785 Bo-

241 5785 386 5842 nada
413 5784 579 5840 class.
629 5779 717 5851 i0,
749 5800 900 5842 num.
929 5786 1024 5854 27,
1070 5787 1123 5841 in
1154 5799 1316 5842 versu
1349 5781 1571 5854 .Eterno
1596 5782 1725 5854 regi.
1758 5779 1837 5835 lta

240 5867 434 5914 autem
465 5856 751 5915 concludit
773 5871 836 5914 ea
865 5852 1179 5928 inscriptio:
1228 5855 1463 5913 Nomina
1492 5852 1834 5920 Sanctarum,

1928 4784 2090 4840 etiam
2122 4795 2248 4840 sunt
2293 4785 2465 4841 codex
2510 4785 2840 4853 Mahillonii,
2892 4787 3099 4841 decorat
3139 4802 3257 4842 vera
3315 4786 3528 4854 colore;

1930 4854 2068 4920 Reg.
2098 4856 2154 4910 2.
2186 4858 2240 4924 3,
2270 4857 2477 4912 decorat
2503 4874 2623 4911 vera
2649 4874 2743 4911 sua
2771 4857 2958 4911 colore.

2009 4927 2098 4980 16.
2125 4927 2254 4996 Reg.
2289 4929 2340 4992 1,
2365 4929 2418 4980 in
2438 4945 2457 4993 ;
2486 4928 2604 4998 lege
2628 4928 2701 4981 Iri.
2722 4928 2951 4983 Codices
2973 4943 3165 4983 omnes
3186 4944 3343 4993 mss.,
3367 4932 3531 4984 etiam

1936 4997 2143 5070 Bartltii
2191 5007 2244 5070 et
2294 5008 2507 5070 veteres
2529 4997 2691 5070 editi,
2717 4999 2932 5070 garrula
2955 5016 2973 5053 :
3000 5000 3366 5056 l’ocltnannus
3405 5016 3529 5053 cum

1938 5067 2153 5143 Reg.‘5_,
2184 5068 2239 5133 6,
2285 5067 2761 5143 ms._1ll_abillonii,
2792 5071 2978 5143 scribit
3003 5073 3210 5143 garula,
3256 5080 3316 5143 ut
3359 5071 3531 5139 prima

1942 5139 2143 5263 corripi
2170 5140 2363 5209 possit.
2394 5138 2681 5195 Fabricius
2711 5148 2766 5195 ct
2788 5138 3062 5211 pleneque
3086 5143 3212 5195 alia:
3238 5138 3531 5202 editiones,

1942 5210 2143 5263 aracii.
2171 5210 2423 5263 Barthius
2449 5221 2505 5263 et
2548 5211 2891 5263 Burmannus
2943 5212 3217 5263 secundus
3274 5220 3530 5263 censent.

1939 5210 2143 5280 gracili.
2171 5210 2423 5264 Barthius
2449 5221 2505 5265 et
2548 5211 2891 5266 But'mannus
2943 5210 3217 5268 secundus
3274 5220 3530 5276 censent,

1938 5281 2175 5352 garrula,
2211 5296 2236 5333 a
2264 5282 2597 5351 glessemate
2641 5281 2998 5338 descendere.
3026 5281 3332 5347 Mabillon.,
3365 5282 3534 5352 dicti;

1938 5351 2073 5421 Reg.
2094 5352 2159 5423 2,
2191 5354 2329 5423 dicta
2349 5368 2367 5406 :
2390 5354 2602 5423 corrige
2633 5353 2793 5406 ducti.
2831 5353 3102 5419 Barthius,
3130 5367 3255 5409 cum
3286 5352 3395 5407 duo
3418 5351 3536 5405 lucc

1936 5422 2175 5480 carmina
2222 5422 2465 5477 Belisarii
2498 5422 2555 5479 et
2599 5423 2800 5479 Liberii
2850 5423 2918 5478 ad
2959 5424 3098 5479 duos
3127 5436 3259 5479 mss.
3314 5423 3536 5479 codices

1936 5494 2185 5564 aliosque
2207 5495 2344 5549 duos
2371 5493 2548 5548 editos
2573 5494 2915 5559 contulisset,
2947 5493 3113 5551 verba
3153 5492 3402 5563 quaedam
3432 5493 3533 5564 ad;

1937 5563 2249 5635 didit,’quae
2279 5564 2481 5635 potiori
2528 5565 2957 5635 jurerusurpare
3005 5579 3107 5635 ego
3138 5580 3363 5634 possum
3410 5583 3424 5620 :
3466 5563 3536 5618 Et

1936 5634 2151 5707 spinosa
2174 5634 2474 5689 Itoclabore
2503 5634 2740 5706 gratulor
2774 5651 2853 5688 me
2911 5634 3233 5707 defunctum.
3284 5635 3419 5691 Sunt
3447 5637 3537 5705 qui

1939 5706 2087 5780 grata
2115 5707 2244 5780 talia
2274 5706 2489 5780 habent,
2520 5717 2639 5763 sunt
2678 5707 2767 5778 qui
2796 5707 3024 5780 ingrata.
3059 5706 3175 5779 Ego
3202 5717 3453 5780 annotuta
3478 5709 3537 5780 in

1938 5777 2108 5851 inedia
2136 5778 2390 5849 relinquo.
2422 5778 2644 5834 Ontnino
2670 5777 2840 5832 autem
2861 5779 3041 5834 ntelius
3069 5777 3218 5851 puto,
3248 5778 3378 5833 tales
3398 5779 3540 5847 quis-

1937 5848 2133 5921 quilias
2159 5848 2313 5907 etiam
2341 5859 2540 5908 exstare
2572 5867 2587 5904 :
2632 5866 2746 5906 cum
2766 5860 3037 5907 auctorum
3069 5848 3357 5924 priscorum
3385 5851 3541 5907 etiam
