4082 6188
286 299 394 356 789

901 294 1280 354 DECRETUM
1316 297 1407 354 DE
1443 298 1667 355 LlBlilS
1705 297 2162 369 BECIPIENDIS,
2206 299 2297 358 ET
2335 302 2470 360 NON
2510 299 2965 361 REClPlENDIS.

3483 300 3588 358 190

283 416 523 470 Christus
552 412 651 469 Dei
691 413 878 482 virtus,
919 423 967 468 et
1006 413 1104 469 Dei
1127 423 1153 451 ιι
1182 415 1443 484 sapientia
1469 416 1511 485 (Ι
1545 416 1665 469 Cor.
1692 433 1731 483 ι,
1761 416 1878 488 94).
1910 419 1962 479 Α
1986 419 2348 474 constructio.
2406 419 2675 493 Magister,
2726 417 2851 489 quia
2894 422 3153 473 ostensor
3203 414 3351 470 vitae.
3400 412 3517 478 Sol,
3561 424 3586 447 υ

283 506 525 576 Spiritus
552 503 866 560 intellectus
895 502 924 541 ι)
960 522 974 558 :
1032 502 1370 560 Intellectum
1406 507 1497 561 tibi
1537 508 1695 575 dabo,
1726 519 1775 563 et
1803 508 1887 563 itt-

279 608 480 651 struem
493 607 541 650 te
568 598 622 650 in
644 598 727 650 via
749 597 871 663 hac,
886 612 989 667 qua
1007 596 1454 670 gradieris(Psal.
1478 616 1637 666 XXXI,
1658 601 1736 671 8).
1758 601 1883 671 Spi-

281 692 427 747 ritus
454 690 673 745 consilii
715 705 730 743 :
765 700 787 728 ο
819 687 888 741 Et
914 689 1184 744 vocabitur
1221 693 1397 762 magni
1426 694 1633 748 consilii
1672 694 1887 765 angelus

286 782 448 853 (Isai.
476 798 551 849 ιι,
580 779 660 852 6).
685 779 922 850 Spiritus
943 781 1180 846 virtutis,
1212 779 1240 818 ιι
1266 792 1325 837 ιιι
1344 797 1510 852 supra
1533 783 1740 839 dictum
1763 794 1881 840 est:

282 873 524 930 Christus
550 871 649 928 Dei
672 874 856 938 virtus,
884 883 931 928 et
962 871 1060 927 Dei
1085 875 1360 945 sapientia.
1408 874 1650 947 Spiritus
1696 878 1882 934 scien-

279 970 372 1024 tia:
405 977 429 1004 °
458 976 683 1038 propter
712 967 1068 1022 eminentiam
1112 967 1364 1024 scientia:
1405 970 1534 1025 Jesu
1566 970 1793 1038 Christi,
1826 980 1885 1027 ut

276 1062 359 1117 ait
382 1061 699 1132 Apostolus.
731 1060 976 1132 Spiritus
1006 1063 1252 1120 veritatis
1278 1083 1290 1118 :
1315 1062 1387 1118 Et
1423 1063 1441 1104 ῐ
1458 1082 1552 1137 ego
1570 1067 1691 1133 vita,
1719 1076 1769 1120 et
1797 1083 1880 1121 ue-

272 1157 405 1208 ritas
435 1152 617 1227 (Joan.
647 1168 762 1220 xw,
795 1154 873 1224 6).
910 1153 1153 1225 Spiritus
1202 1155 1417 1212 timoris
1459 1173 1474 1211 :
1530 1156 1749 1212 Initium
1795 1174 1882 1213 sa-

278 1246 495 1317 pientia:
519 1246 675 1300 timor
704 1254 729 1293 ϐ
761 1243 976 1301 Domini
1007 1244 1183 1317 (Psal.
1217 1248 1341 1315 ΗΟ,
1369 1247 1450 1317 6).

352 1405 699 1478 Hultiformis
746 1416 920 1461 autem
960 1408 1230 1531 nqminum
1277 1406 1472 1464 Christi
1520 1408 1549 1447 ιι
1593 1411 1805 1481 dispen-

946 1494 1004 1531 sa
1030 1495 1082 1531 to
1110 1489 1207 1531 est.

946 1489 1082 1534 satio
1110 1489 1207 1534 εει.

354 1614 683 1684 iDominus,
734 1616 858 1687 quia
909 1616 1183 1699 Christus.
1251 1615 1494 1684 Verbum,
1551 1617 1678 1689 quia
1707 1617 1882 1675 Filius

276 1708 401 1773 Dei,
442 1709 568 1778 quia
602 1708 913 1777 unigenitus
942 1722 972 1762 a
1008 1708 1192 1767 Patre.
1227 1710 1242 1759 i
1283 1709 1442 1779 Caro,
1468 1710 1595 1782 quia
1626 1721 1787 1767 natus
1810 1726 1877 1775 ex

1990 512 2116 582 quia
2147 512 2506 568 illuminator.
2544 512 2734 578 Verus,
2759 510 2885 582 quia
2913 526 2946 565 a
2989 509 3174 565 Patre.
3215 507 3355 574 Vita,
3399 518 3427 559 ιι
3457 508 3582 579 quia

1989 613 2189 660 rector.
2222 603 2408 674 Panis,
2438 606 2565 675 quia
2602 618 2753 660 caro.
2786 602 3174 668 Samaritanus,
3213 601 3339 671 quia
3372 607 3583 664 custos,

1988 705 2044 752 et
2077 696 2411 754 misericors.
2447 697 2704 763 Christus,
2728 697 2856 765 quia
2883 705 3102 751 unctus.
3127 694 3305 761 Jestts,
3331 694 3457 764 quia
3472 694 3585 749 sal-

1985 800 2162 846 vator.
2209 790 2386 858 Deus,
2442 792 2570 862 quia
2626 806 2694 848 ex
2722 790 2835 847 Deo
2863 800 2889 840 τι
2944 798 3051 845 est.
3099 789 3351 861 Angelus,
3388 799 3410 827 τ
3458 790 3584 859 quia

1986 881 2229 937 nuntius.
2274 882 2533 953 Sponsus,
2564 882 2695 954 quia
2740 881 3037 938 mediator.
3090 878 3246 948 Vitis,
3278 879 3406 949 quia
3449 893 3579 935 san-

1984 973 2147 1042 guine
2178 983 2201 1010 ⁸
2232 973 2401 1044 ipsius
2425 973 2693 1044 redempti
2715 987 2924 1028 sumus.
2952 971 3081 1038 Leo,
3113 971 3239 1042 quia
3259 985 3376 1027 rex.
3403 969 3580 1037 Petra,

1989 1066 2007 1099 ί
2041 1066 2165 1136 quia
2194 1064 3074 1132 firmamentum.Fundamentum,
3106 1062 3234 1134 quia
3265 1061 3582 1118 ﬁrmamen—

1986 1164 2121 1211 tum.
2150 1154 2301 1224 Flos,
2333 1157 2461 1226 quia
2494 1157 2727 1213 electus.
2753 1155 3038 1226 Propheta,
3071 1155 3198 1226 quia
3223 1153 3402 1210 futura
3430 1161 3459 1191 ιι
3491 1168 3582 1210 re-

1983 1250 2149 1304 velat.
2180 1248 2423 1320 Spiritus
2452 1259 2480 1286 ν
2508 1248 2655 1305 enim
2688 1257 2912 1304 sanctus
2941 1262 3054 1303 non
3099 1254 3184 1303 est
3230 1246 3409 1303 Patris
3460 1253 3581 1301 tan-

1984 1341 2262 1397 tummodo
2304 1351 2332 1377 ι
2375 1342 2635 1413 Spiritus,
2664 1340 2761 1397 sed
2804 1340 3004 1408 Patris,
3038 1348 3098 1395 et
3122 1339 3269 1395 Filii.
3300 1337 3578 1408 Scriptum

1985 1444 2065 1489 est
2099 1434 2246 1489 enim
2272 1449 2288 1487 :
2317 1444 2347 1482 γ
2384 1432 2449 1489 Si
2484 1435 2599 1506 quis
2629 1433 2873 1488 dilexerit
2903 1433 3179 1501 mundum,
3213 1448 3319 1487 non
3358 1439 3432 1486 est
3459 1428 3586 1502 Spi-

1981 1529 2112 1582 ritus
2139 1525 2319 1581 Patris
2349 1527 2403 1581 in
2445 1527 2559 1582 illo.
2589 1526 2723 1583 ltem
2772 1528 3038 1597 scriptum
3068 1535 3157 1583 est
3197 1544 3211 1581 :
3268 1526 3374 1594 Qui
3411 1534 3582 1581 autem

1983 1621 2239 1691 Spiritum
2262 1620 2454 1675 Christi
2476 1637 2581 1675 non
2602 1620 2780 1686 habet,
2806 1620 2889 1674 hic
2909 1636 3015 1675 non
3035 1628 3109 1675 est
3131 1621 3267 1690 ejus.
3291 1617 3584 1675 Nominato

1983 1715 2167 1784 itaque
2187 1713 2368 1779 Patre,
2399 1723 2454 1768 et
2481 1711 2644 1779 Filio,
2679 1722 2702 1748 κ
2727 1710 3056 1782 intelligitur
3084 1711 3346 1781 Spiritus,
3373 1709 3444 1766 de
3470 1724 3582 1781 quo

274 1799 515 1870 Virgine.
551 1798 739 1853 Ραςιον
772 1799 821 1865 κ,
848 1804 974 1871 quia
1006 1812 1196 1858 custos
1230 1800 1244 1837 ι
1281 1803 1494 1869 ovium.
1526 1802 1705 1869 Mons,
1748 1805 1874 1877 quia
1905 1813 1955 1873 Β
1980 1806 2096 1876 ipse
2141 1804 2312 1860 Filius
2337 1804 2713 1875 inJEvangclio
2740 1804 2913 1859 dicit:
2961 1804 3218 1874 Spiritus,
3240 1804 3330 1872 qui
3359 1821 3391 1857 a
3418 1803 3580 1859 Patre

272 1890 457 1945 fortis.
513 1890 633 1958 Via,
665 1892 791 1961 quia
839 1902 1024 1949 rectus
1059 1909 1154 1965 per
1184 1895 1361 1966 ipsum
1411 1896 1694 1967 ingressus
1720 1907 1760 1934 ιη
1804 1899 1872 1957 ad

269 1985 462 2039 vitam.
490 1984 691 2055 Agnus,
734 1987 862 2061 quia
882 1996 910 2022 η
961 2002 1177 2059 passus.
1226 1989 1387 2060 Lapis
1417 1990 1711 2062 angularis,
1744 1991 1869 2062 quia

1982 1896 2250 1967 procedit:
2285 1905 2341 1952 et
2365 1896 2457 1951 ille
2483 1896 2547 1950 de
2576 1911 2689 1948 meo
2719 1896 2963 1966 accipiet,
2985 1904 3032 1953 et
3061 1894 3391 1951 annuntiabit
3414 1894 3577 1951 vobis.

2047 1989 2180 2045 Item
2201 1988 2405 2045 dictum
2420 1997 2533 2044 est:
2562 1996 2619 2024 ιιει
2645 1987 2798 2055 Nunc
2822 2001 2954 2043 vero
2965 1987 3034 2042 de
3048 1985 3350 2057 Scripturis
3373 1986 3578 2045 divinis

1758 2125 2048 2183 SCHOLIA
2061 2166 2073 2180 .

342 2247 370 2274 ει
399 2237 574 2293 Diess.
606 2237 759 2292 addit
781 2238 879 2292 erit
904 2246 1030 2307 post
1057 2238 1337 2305 sapientia.

342 2308 368 2346 δ
404 2309 577 2363 Diess.
629 2308 780 2363 addit
814 2312 975 2381 juxta
1001 2309 1138 2364 illud
1162 2319 1290 2381 post
1329 2308 1645 2365 intellectus.
1691 2311 1872 2367 Locus

266 2389 355 2436 est
381 2380 572 2450 psnlmi
601 2397 747 2442 xxxi.
768 2380 929 2452 iv’ers.
964 2382 1018 2446 8,
1043 2396 1204 2447 quem
1238 2380 1361 2435 Vat.
1392 2381 1443 2441 l.
1478 2383 1635 2452 legit,
1663 2384 1872 2439 utVul-_

266 2461 389 2521 gata
415 2461 623 2506 nostra.
661 2451 833 2505 Vatic.
860 2452 917 2518 ‘2,
953 2453 1005 2505 in
1036 2452 1137 2517 eia,
1165 2468 1267 2521 qua
1299 2451 1635 2522 ingredieris.
1672 2454 1868 2519 Diess.,

269 2523 601 2646 ltitsllectunt
624 2522 758 2577 dabo
791 2522 905 2587 tibi,
935 2532 981 2577 et
996 2524 1251 2576 instruam
1280 2532 1329 2577 te
1355 2525 1409 2575 iu
1440 2524 1547 2589 via,
1575 2525 1627 2578 in
1660 2542 1761 2597 qua
1791 2527 1871 2579 in-

269 2611 359 2646 are
398 2611 547 2646 teris.

305 2611 547 2649 reaterts.

268 2614 547 2664 greatens.

348 2676 370 2703 ο
402 2664 523 2719 Vat.
554 2666 611 2733 2,
665 2665 862 2730 Diess.,
897 2662 968 2717 Et
1002 2664 1270 2719 vocabitur
1302 2680 1488 2720 nomen
1531 2670 1647 2739 ejus
1674 2670 1871 2740 magni,

270 2746 379 2791 (τις.

341 2806 366 2843 ι¹
400 2807 608 2869 Diess.,
637 2817 689 2860 ut
712 2823 915 2877 supra:
950 2804 1046 2860 Dei
1067 2808 1252 2869 virtus,
1283 2820 1395 2862 etc.

347 2889 370 2915 σε
418 2879 636 2943 Diess.,
683 2887 966 2947 corrupte,
1028 2886 1244 2948 propter
1291 2879 1615 2933 imminentia
1662 2878 1870 2935 Christo

271 2951 489 3004 scientia
515 2948 645 3003 .Iesu
673 2948 933 3016 Apostoli.
983 2949 1280 3018 Apostolus
1330 2949 1395 3003 ad
1426 2950 1628 3018 Ephes.
1662 2966 1744 3018 nt,
1780 2953 1865 3018 l9,

272 3023 371 3081 ait,
400 3023 860 3091 supereminentent
883 3021 1115 3074 scientia:
1142 3020 1433 3079 claritatem
1462 3020 1678 3079 Christi.

1972 2241 2289 2311 periantur:
2324 2248 2376 2296 et
2406 2240 2676 2297 Baronius
2694 2240 2803 2296 loc.
2830 2241 2925 2295 cit.
2951 2240 3068 2295 bmc
3092 2239 3206 2310 ipsa
3228 2237 3332 2295 sub
3353 2239 3572 2296 Damasi

1972 2314 2197 2367 nomine
2225 2328 2290 2366 ex
2323 2311 2560 2367 concilio
2592 2314 2844 2366 Romano
2869 2312 3096 2380 profert,
3121 2311 3334 2366 scilicet
3355 2327 3419 2380 es
3451 2312 3578 2378 hoc,

1972 2383 2118 2509 guod
2149 2400 2259 2453 pra:
2281 2383 2531 2437 manibus
2563 2382 2851 2448 habemus,
2869 2374 2933 2436 ἐι
2965 2374 3226 2437 θὶίοἸοθο
3245 2374 3430 2438 laudat
3461 2374 3580 2453 ipse

2019 2455 2262 2509 aronius.
2288 2464 2345 2508 ut
2372 2467 2536 2509 sunra
2569 2454 2701 2509 dixi.

2019 2455 2262 2523 aronius,
2288 2464 2345 2508 ut
2372 2467 2536 2522 supra
2569 2454 2701 2509 dixi.

2045 2522 2299 2597 ‘Diess,
2356 2523 2586 2597 Spiritus
2603 2534 2841 2597 _sanctus
2881 2532 3100 2597 ngngest
3141 2522 3316 2597 Patris
3346 2534 3573 2597 tantum-

1972 2596 2128 2650 modo
2167 2592 2413 2664 spiritus,
2458 2595 2547 2649 sed
2594 2595 2802 2661 Patris,
2831 2606 2877 2650 et
2916 2592 3048 2648 Filii
3079 2594 3313 2663 spiritus.
3346 2595 3467 2655 Vat.
3514 2592 3572 2661 '2,

1972 2681 2094 2721 cum
2125 2666 2383 2731 Baronio,
2417 2683 2518 2720 non
2561 2676 2634 2721 est
2681 2667 2853 2722 Patris
2890 2665 3264 2733 tantummodo,
3312 2676 3400 2721 aut
3448 2664 3576 2722 Filii

1974 2738 2331 2791 tantummodo
2358 2738 2605 2808 spiritus:
2639 2740 2889 2806 scriptum
2916 2746 3008 2802 est,
3044 2740 3152 2797 etc.

2042 2819 2067 2856 ἲ
2101 2809 2183 2863 Ex
2212 2807 2424 2891 epis.t.’I
2467 2807 2667 2891 Jnoann.
2721 2826 2796 2891 tt...
2929 2827 2942 2860 :
2977 2808 3067 2891 ubi
3120 2817 3300 2869 tamen
3340 2810 3577 2891 Vulgata.

1976 2891 2167 2952 nostra
2196 2879 2439 2948 exhibet,
2477 2879 2538 2935 Si
2560 2882 2676 2952 quis
2701 2879 2871 2952 diligit
2905 2880 3177 2952 mundum,
3215 2893 3413 2952 nonest
3445 2879 3574 2949 sua.

1973 2952 2100 3005 ritas
2136 2950 2309 3005 Patris
2340 2952 2391 3003 in
2423 2969 2500 3006 eo.
2529 2950 2786 3023 Sequitur
2802 2950 2880 3006 'ex
2908 2950 3070 3019 epist.
3086 2950 3249 3023 Pauli
3276 2951 3341 3005 ad
3375 2952 3571 3007 Roma-

1975 3038 2077 3076 nos
2102 3037 2217 3089 rm,
2248 3037 2390 3076 vers.
2425 3023 2490 3079 9:
2528 3020 2634 3088 Qui
2658 3034 2852 3089 autent;
2883 3031 3012 3084 etc.,
3049 3020 3137 3081 ubi
3168 3022 3343 3077 Diess.
3376 3025 3567 3089 refert,

348 3092 365 3130 ί
408 3090 526 3145 Vat.
557 3091 613 3167 2,
647 3090 760 3163 Ego
790 3093 913 3159 vita,
946 3100 993 3145 et
1038 3092 1238 3145 veritas.
1294 3091 1493 3167 Diess.,
1532 3091 1641 3162 Ego
1670 3093 1774 3161 via,
1816 3104 1862 3146 et
1892 3093 1936 3155 C
1972 3092 2213 3167 Quisquis
2242 3103 2433 3167 autem.
2455 3094 2697 3167 Vulgata,
2720 3095 2780 3149 Si
2804 3094 3142 3167 quisautem.

270 3164 394 3229 rita,
429 3171 477 3217 et
504 3164 712 3218 veritas.

349 3245 373 3279 ις
414 3233 590 3289 Diess.
608 3234 761 3289 addit
790 3232 886 3286 Dei
918 3243 1041 3301 post
1069 3234 1292 3287 timoris.

348 3303 372 3341 ιι
412 3305 531 3359 Vat.
554 3306 605 3371 1,
637 3306 911 3362 disertatiu
942 3314 1052 3370 est;
1081 3304 1316 3360 fortasse
1344 3304 1585 3375 genuina
1607 3305 1869 3365 estleotio

270 3376 578 3448 dissertatio,
610 3386 704 3430 est.
745 3376 917 3430 Vntic.
947 3376 1002 3435 2.
1035 3376 1353 3448 dispensatio
1392 3385 1488 3448 est.
1523 3376 1727 3448 Diess.,
1759 3377 1864 3431 dis-

270 3448 509 3517 pensatio
536 3447 655 3501 sine
676 3457 773 3502 est.
803 3448 1026 3517 Casam,
1058 3445 1190 3499 Item
1228 3446 1292 3499 de
1313 3445 1625 3517 multiformi
1655 3448 1869 3517 dispen-

268 3516 472 3571 satione
497 3520 759 3571 nominum
791 3516 1004 3572 Christi.
1035 3521 1107 3572 De
1140 3517 1458 3571 nominibus
1483 3516 1689 3571 Christi
1718 3516 1871 3587 qlia:-

270 3589 397 3643 dam
425 3599 605 3644 notata
630 3600 757 3643 sunt
779 3591 830 3643 in
859 3588 1033 3643 schol.
1064 3590 1131 3642 ad
1165 3589 1396 3657 elegiam
1429 3604 1480 3640 ν.
1523 3589 1637 3643 104.

354 3659 366 3696 ί
405 3660 525 3715 Vat.
550 3660 606 3713 2.
635 3659 964 3714 Dominus...
1005 3658 1246 3730 Verbum,
1279 3659 1400 3728 quia
1418 3657 1508 3711 Dei
1545 3660 1709 3728 ﬁlius,
1743 3660 1868 3730 quia

273 3732 575 3803 unigenitus
604 3730 880 3803 eePatre.
900 3731 1101 3803 Diess.,
1134 3728 1419 3803 Dominus,
1450 3731 1538 3799 qui
1560 3740 1605 3783 et
1627 3728 1869 3802 spiritus;

272 3799 547 3926 partium,
598 3802 722 3872 quia
771 3799 951 3868 Deus;
1005 3800 1218 3867 Filius,
1275 3800 1400 3871 quia
1456 3799 1751 3871 unigenitus
1808 3818 1871 3855 ea:

330 3884 460 3926 alt'e.

330 3884 460 3928 alt'e.

349 3945 361 4015 _t'
406 3944 524 4015 Vat.
549 3945 604 4010 ‘2,
633 3943 832 4009 Diess.,
858 3942 1067 4015 Homo;
1098 3942 1218 4004 Vat.
1262 3954 1309 4015 Ι,
1340 3948 1497 4004 Caro.

348 4013 369 4051 ίί
404 4014 576 4070 Vatic.
614 4020 662 4079 :2,
700 4016 873 4087 Diess.
903 4014 1128 4081 addunt,
1176 4013 1456 4085 Sacerdos,
1484 4017 1611 4087 quia
1639 4033 1692 4071 se
1729 4016 1875 4072 obtu-

270 4087 332 4141 Ii!
359 4087 741 4158 holocaustum.
776 4086 999 4150 Pastor;
1031 4092 1172 4153 (μιυά
1210 4093 1327 4146 Vat.
1356 4093 1381 4146 1
1415 4086 1799 4158 βτωιθΐιιὶὶῑῐίιο

356 4156 366 4194 ι
416 4157 535 4231 Vat.
570 4158 624 4224 2,
646 4158 818 4212 Dicss.
850 4159 1104 4231 omittunt
1126 4164 1299 4217 ovium
1329 4156 1455 4231 post
1480 4168 1674 4231 custos.
1720 4158 1876 4214 Uter-

271 4243 382 4296 que
411 4228 499 4284 ltic
528 4233 699 4284 codex
731 4241 851 4299 post
881 4237 1051 4300 castas
1084 4229 1235 4289 illico
1290 4228 1511 4295 vermis,
1543 4230 1665 4300 quia
1697 4246 1872 4285 resur-

271 4300 592 4370 rexit,un
620 4298 779 4356 dceSt
811 4301 862 4354 in
895 4298 1070 4355 Vatic.
1098 4301 1147 4357 ί.

349 4381 388 4407 τη
421 4369 545 4427 Vat.
574 4372 630 4444 2,
664 4371 716 4424 in
748 4372 925 4444 vitam.
967 4372 1159 4440 Diess.,
1197 4374 1315 4442 Via,
1342 4376 1463 4444 quia
1490 4382 1660 4429 rectus
1691 4388 1710 4427 :
1754 4373 1875 4440 quia

272 4457 367 4513 per
392 4447 562 4515 ipsum
590 4443 855 4515 ingressus
876 4443 931 4497 in
954 4444 1119 4515 uitam
1138 4456 1235 4515 est.

353 4522 377 4546 ι’
404 4485 603 4597 Diess.,
620 4485 803 4597 p'itssus
825 4524 920 4596 est.
938 4512 1123 4597 Lapis,
1139 4512 1265 4597 quia
1286 4518 1558 4597 instructio
1575 4516 1866 4597 angularis.
1899 4485 1953 4545 D

277 4583 403 4637 Vat.
416 4586 481 4659 β,
513 4583 729 4659 passus.
755 4585 915 4659 Lapis
939 4583 1226 4659 angularia,
1249 4590 1371 4659 quia
1396 4583 1692 4643 instructio.

353 4668 376 4690 υ
411 4655 610 4723 Diess.,
641 4658 765 4723 quia
803 4655 1085 4712 illuminari

354 4736 381 4775 ι’
417 4726 616 4793 Diess.,
651 4728 765 4782 Vat.
795 4729 849 4796 2,
883 4728 1003 4794 quia
1024 4740 1250 4784 creator.

355 4799 611 4924 tirllliests”
641 4798 762 4855 Vat.
806 4802 842 4853 “2
870 4801 1130 4856 omittunt
1159 4811 1231 4855 est
1265 4811 1389 4871 post
1422 4798 1551 4866 Deo,
1596 4800 1742 4871 quod
1782 4798 1877 4855 alii

376 4885 413 4921 ιι
438 4886 521 4924 »θη
556 4915 569 4924 .

276 4883 569 4925 εκιιιυιξιιι.

356 4949 377 4975 τ
412 4942 613 5012 Diess.,
642 4942 765 5012 quia
794 4943 999 4998 missus.

358 5020 379 5047 ⁸
418 5011 536 5067 Vat.
567 5014 625 5081 2,
656 5016 769 5083 ejus
798 5029 896 5083 pro
925 5016 1112 5084 ipsius.

282 5162 393 5210 θιο.

357 5234 383 5261 ιι
423 5226 589 5293 Dies.,
620 5225 881 5282 reuelauit.

357 5307 381 5332 τ
398 5298 572 5354 Dicss.
598 5300 800 5353 omittit
823 5299 983 5354 enim.
1010 5297 1266 5354 Fortasse
1287 5300 1577 5369 legendum
1593 5309 1677 5355 est
1696 5300 1850 5352 etiam
1864 5315 1882 5352 :

283 5384 409 5423 nam
439 5371 488 5423 in
525 5387 653 5424 [ηδε.
690 5371 805 5424 haec
831 5371 943 5426 duo
964 5385 1112 5439 saepe
1140 5372 1365 5426 contusa
1396 5371 1600 5438 reperi.
1632 5369 1885 5439 Labbeus

285 5451 416 5495 tom.
449 5456 485 5494 tt
516 5443 623 5495 col.
653 5441 781 5505 893,
805 5444 870 5495 ad
897 5438 1066 5510 marg.
1096 5442 1175 5496 sic
1206 5453 1388 5497 notat:
1424 5439 1553 5496 Hice
1581 5443 1646 5495 ab
1679 5438 1882 5495 Holste«

282 5528 392 5568 nio.
427 5524 516 5564 aut
545 5514 650 5566 alio
670 5520 848 5566 assuta
880 5513 1040 5583 fuisse
1069 5514 1443 5583 superioribus,
1471 5513 1635 5566 multa
1663 5512 1846 5583 docent
1865 5529 1883 5566 :

282 5597 447 5653 neque
475 5585 610 5637 enim
642 5581 897 5638 cohaerent
940 5600 1056 5647 cum
1098 5581 1449 5654 superioribus
1477 5584 1598 5646 ista,
1641 5599 1757 5651 qua:
1782 5581 1888 5637 Ba-

284 5655 467 5708 renius
507 5655 575 5708 ad
597 5672 794 5709 annum
819 5654 947 5719 447,
974 5672 1126 5711 nunt.
1158 5655 1249 5721 ‘21,
1285 5656 1463 5707 recitat
1493 5671 1555 5709 ea:
1584 5655 1887 5709 collectione

285 5720 658 5779 Cresconiuna.
692 5725 891 5781 Verum
936 5728 1161 5781 dubium
1207 5743 1311 5782 non
1340 5735 1447 5791 est,
1485 5727 1619 5795 quin
1663 5724 1715 5779 in
1741 5723 1887 5779 anti-

288 5796 571 5864 quissimis
614 5795 898 5853 codicibus
929 5798 1057 5868 ⁵Ιιςυιτ
1097 5797 1477 5867 superioribus
1515 5796 1769 5866 adjuncta
1800 5812 1887 5850 re-

416 5084 616 5151 Diess.,
646 5081 768 5155 quia
796 5081 1188 5157 fundamentum
1237 5085 1553 5154 ﬁrmamenti
1601 5094 1696 5138 est.
1727 5081 1876 5149 Flos,

2046 3174 2067 3200 7-
2103 3164 2221 3237 Vat.
2250 3165 2312 3237 2.
2338 3180 2459 3219 cum
2503 3165 2769 3228 Baronio,
2818 3163 3123 3237 intelligitur
3149 3163 3593 3237 Spiritussan?

1970 3235 2385 3290 etus.Baronius
2412 3236 2615 3307 omittit
2642 3238 2751 3307 ipse
2776 3243 2905 3307 ante
2934 3232 3128 3307 Filius.
3149 3232 3570 3307 Diess.,iNomi-

1971 3318 2125 3361 natus
2175 3316 2350 3359 autem
2393 3324 2424 3360 a
2471 3305 2631 3360 Patre
2663 3303 2721 3360 et
2767 3303 2933 3371 Filio,
2978 3304 3296 3375 intelligitur
3337 3306 3570 3375 Spiritus

1969 3388 2199 3449 sanctus,
2232 3378 2294 3449 de
2321 3394 2419 3446 quo
2452 3379 2579 3449 ipse,
2599 3388 2706 3432 etc.
2735 3378 2910 3431 Locus
2938 3376 3223 3449 Euangelii
3254 3389 3336 3437 est
3365 3376 3567 3449 Joann.

1971 3465 2038 3503 xv
2060 3489 2074 3510 ,
2103 3447 2204 3501 ’26:
2239 3446 2495 3517 Spiritum
2525 3450 2772 3519 t'eritatis,
2805 3450 2890 3519 qui
2926 3465 2957 3498 (ι
2988 3446 3147 3519 Patre
3180 3449 3430 3518 procedit.
3468 3448 3569 3519 Ba-

1974 3521 2160 3573 ronius
2190 3516 2311 3570 cum
2364 3519 2563 3583 Diess.,
2600 3518 2717 3572 Vat.
2750 3518 2805 3582 2,
2842 3518 2977 3583 Quia
3029 3516 3260 3586 Spiritus
3298 3516 3567 3573 sanctus‘a

1973 3588 2131 3643 Patre
2179 3590 2429 3656 procedit.
2485 3590 2638 3643 Alter
2674 3591 2825 3644 locus
2867 3596 2951 3640 est
2985 3586 3185 3641 Joanu.
3239 3603 3347 3651 xw,
3390 3591 3473 3644 15.
3508 3589 3565 3644 In

1974 3660 2098 3715 Vat.
2135 3660 2158 3712 l
2190 3670 2274 3712 est
2326 3657 2405 3711 illi
2456 3659 2717 3713 mendose
2760 3671 2859 3728 pro
2887 3657 2995 3710 ille.
3046 3656 3101 3709 lu
3139 3657 3365 3727 reliquis
3410 3659 3566 3713 deest

1973 3732 2083 3798 ille,
2126 3740 2184 3784 ut
2212 3730 2267 3785 in
2294 3729 2539 3799 Vulgata.

2048 3810 2107 3839 θα
2138 3800 2292 3865 Haec,
2335 3812 2388 3855 et
2410 3811 2848 3870 quaisequnntur
2885 3814 3007 3853 cum
3034 3798 3219 3870 multis
3249 3800 3369 3854 aliis
3391 3800 3563 3856 codex

1975 3873 2383 3934 Casauatensis,
2399 3869 2605 3927 e’talius
2620 3869 2801 3943 regius
2815 3869 3566 3943 ParisiensisGelasioascri-

1978 3945 2131 4011 bunt,
2161 3943 2356 4013 quibus
2386 3943 2630 4000 adhaeret
2677 3939 2846 3998 codex
2904 3939 3258 4013 Florentinus
3282 3941 3341 3998 S.
3372 3942 3565 4012 Marci,

1977 4016 2069 4085 qtti
2096 4011 2408 4085 pos—tivcrba
2436 4025 2484 4070 et
2514 4015 2840 4069 annuutiabit
2872 4014 3011 4085 robis
3043 4011 3258 4085 titulum
3298 4013 3444 4068 hunc
3469 4011 3569 4084 ap—

1981 4084 2134 4152 pOnit
2161 4104 2173 4138 :
2206 4084 2403 4153 Incipit
2426 4086 2701 4142 Decretum
2752 4087 2816 4140 tle
2836 4084 3141 4155 abjiciendis
3179 4094 3225 4136 et
3255 4085 3569 4155 recipiendis

1979 4156 2146 4229 libris,
2169 4158 2308 4229 quod
2345 4160 2596 4227 scriptum
2642 4166 2715 4212 est
2743 4175 2773 4211 a
2825 4154 3033 4229 Gelasio
3075 4170 3377 4229 papaﬂcum
3414 4154 3567 4229 LXX

1978 4225 2341 4282 eruditissimis
2367 4225 2491 4282 viris
2516 4229 2771 4299 episcopis
2802 4231 2853 4281 in
2886 4227 3006 4299 sede
3035 4225 3319 4296 apostolica
3356 4227 3411 4281 in
3442 4227 3570 4282 urbe

1980 4299 2168 4355 Roma.
2202 4299 2481 4354 Ballerinii
2506 4298 2840 4363 existimant,
2877 4298 3108 4367 primam
3138 4308 3347 4363 partem
3379 4300 3569 4354 hacte-

1982 4386 2085 4426 nus
2126 4371 2435 4439 expOsitam
2482 4370 2701 4424 concilii
2743 4369 2973 4424 Bouiani
3014 4368 3083 4439 ad
3118 4367 3407 4423 Damasum
3449 4384 3572 4437 spe-

1980 4451 2151 4506 ctare,
2168 4438 2274 4494 non
2295 4443 2420 4496 item
2436 4440 2803 4510 reliqua.Nam
2822 4442 2935 4493 lnuc
2951 4438 3402 4507 praefatioiinnuit,
3418 4454 3576 4510 agen-

1980 4514 2108 4573 dum
2134 4527 2259 4567 esse
2287 4513 2353 4583 de
2377 4511 2529 4566 libris
2555 4509 2885 4583 apocryphis
2913 4531 2925 4564 :
2953 4510 3231 4583 hocenim
3262 4509 3576 4583 signiﬁcant

1983 4584 2145 4640 verba
2174 4581 2301 4652 quid
2327 4584 2477 4637 vitari
2504 4583 2701 4637 debeat.
2727 4580 2816 4638 Cl.
2850 4580 3166 4652 Zacharias,
3207 4581 3301 4652 qui
3345 4580 3574 4636 Damaso

1980 4649 2303 4724 sequentem
2335 4670 2599 4709 canonem
2640 4654 3043 4723 Scripturarum
3070 4649 3368 4719 adjudicat,
3414 4664 3574 4724 repo-

1983 4722 2083 4791 nit,
2111 4727 2249 4779 hanc
2277 4728 2572 4779 secundam
2606 4722 2810 4793 partem
2830 4737 3130 4794 connexum
3157 4736 3293 4794 esse
3308 4737 3430 4776 cum
3461 4722 3573 4794 pri-

1982 4812 2093 4861 ma,
2126 4806 2181 4851 et
2206 4797 2433 4852 iudicari
2462 4797 2566 4850 illis
2602 4791 2784 4852 i'erbis
2814 4794 2972 4849 initio
3017 4791 3231 4861 positis,
3257 4791 3477 4855 Dictum
3502 4804 3576 4848 est

1982 4869 2240 4938 agendum
2263 4882 2437 4931 ratus,
2467 4867 2662 4936 quibus
2690 4867 2808 4923 haec
2836 4863 3192 4938 respondent,
3248 4864 3405 4921 Nunc
3439 4880 3576 4938 pero

1985 4933 2049 4993 de
2078 4938 2365 5008 Scripturis
2393 4933 2580 4991 divinis
2600 4939 2858 5009 agendunt
2881 4933 2977 5009 est,
3002 4943 3108 5009 etc.
3133 4933 3404 5009 Observat
3422 4934 3578 4990 dein-

1983 5009 2073 5075 de,
2097 5006 2406 5063 sermonem
2433 5006 2782 5065 tantum'esse
2804 5009 2867 5063 de
2893 5006 3181 5077 Scripturis
3194 5006 3404 5072 divinis,
3425 5020 3579 5077 qua:-

1985 5096 2108 5134 nam
2140 5078 2194 5132 in
2229 5094 2491 5133 canoncni
2533 5081 2702 5148 recipi
2750 5081 3005 5135 debeant.
3046 5076 3289 5148 Denique
3327 5076 3574 5148 conjicit,

1985 5143 2805 5220 post'canonemScripturarum
2837 5149 2890 5204 in
2921 5148 3152 5220 concilio
3180 5143 3576 5220 Damasiluisse

1988 5216 2305 5286 indiculum,
2334 5235 2442 5290 quo
2463 5216 2553 5274 alii
2604 5221 2729 5276 libri
2778 5222 2880 5275 sub
2929 5217 3328 5290 apostolorum
3358 5216 3578 5271 nomine

1987 5293 2207 5348 conﬁcti
2232 5286 2581 5355 damnantur,
2612 5294 2705 5361 qui
2733 5293 2931 5361 legitur
2954 5286 3008 5361 in
3037 5287 3266 5361 epistola
3306 5286 3581 5361 innocen-

1993 5364 2050 5419 tii
2082 5365 2265 5419 [anno
2291 5363 2397 5417 405
2424 5362 2490 5415 ad
2522 5356 2854 5431 Exn—perium
2878 5360 3194 5431 episcopum
3222 5356 3579 5431 Tolosanum.

1987 5434 2187 5489 Caztera
2211 5445 2401 5498 autent,
2427 5448 2541 5500 quae
2561 5424 2660 5487 sub
2696 5424 2926 5488 nomine
2954 5424 3216 5490 Matthiae,
3267 5428 3370 5482 sive
3398 5424 3585 5482 Jacobi

1988 5508 2226 5572 minoris,
2252 5505 2331 5559 vel
2362 5508 2454 5557 sub
2484 5505 2689 5557 nomine
2728 5503 2894 5567 Petri,
2919 5511 2965 5554 et
2986 5500 3233 5572 Joannis,
3255 5513 3373 5572 qua:
3398 5516 3431 5560 ιι
3454 5513 3586 5568 quo-

1990 5581 2111 5631 dam
2141 5570 2333 5631 Le'ucio
2361 5575 2555 5646 scripta
2596 5584 2738 5646 sunt,
2794 5574 2869 5626 rel
2899 5570 3228 5646 sub__non_tine
3257 5570 3500 5646 Thomas,
3539 5577 3587 5624 et

1990 5650 2035 5702 si
2058 5665 2161 5716 qua
2192 5654 2311 5700 sunt
2343 5640 2495 5710 talia,
2524 5662 2623 5716 non
2645 5645 2813 5700 solum
2838 5640 3184 5716 repudianda,
3204 5655 3385 5716 rerum
3431 5641 3592 5716 etiam

1992 5710 2197 5774 noueris
2223 5734 2332 5772 esse
2358 5715 2683 5771 damnanda.
2749 5715 2847 5773 llic
2892 5710 3075 5769 autem
3127 5710 3400 5770 indicnlus
3430 5711 3591 5771 facile

2000 5793 2177 5845 omitti
2207 5790 2378 5861 potuit
2402 5804 2431 5842 a
2464 5788 2724 5853 librariis,
2755 5786 2898 5857 quod
2933 5787 3218 5842 DeCretum
3243 5782 3592 5843 Gclasianum
