4082 6188
517 302 618 362 791

1492 260 1843 353 APPENDIX
1874 293 1975 353 Αι)
2004 290 2237 351 ornas
2266 287 2487 349 comm
2516 288 2810 348 sanum.

3699 283 3803 347 793

515 414 781 486 agendum
826 419 933 482 est,
964 410 1094 484 quid
1137 419 1165 448 ει
1196 406 1524 468 universalis
1562 404 1835 462 catholica
1866 403 2111 461 Ecclesia
2137 406 2192 470 Α
2218 400 2511 472 Sepboniaz
2535 399 2677 455 liber
2698 412 2863 455 unus.

514 514 721 577 teneat,
752 514 809 564 et
836 504 968 578 quid
992 505 1155 561 vitari
1178 503 1403 561 debeat.

838 597 1037 670 Incipit
1057 597 1187 653 ordo
1222 595 1423 653 Veteris
1446 593 1783 651 Testamenti.

514 691 747 748 Genesis
773 690 915 746 liber
937 704 1099 745 unus.

517 784 742 840 Exodus
773 782 911 839 liber
940 795 1104 838 unus.

514 876 794 935 Leviticus
823 876 964 933 liber
989 890 1152 933 unus.

514 969 743 1028 Numeri
778 968 925 1026 liber
947 984 1113 1025 unus.

514 1060 547 1101 δ
569 1060 1061 1118 Deuteronomium
1091 1058 1231 1116 liber
1255 1074 1416 1117 unus.

517 1154 650 1212 Jesu
669 1153 817 1212 Nave
838 1154 980 1212 liber
1002 1168 1166 1211 unus.

514 1248 773 1306 Judicum
802 1248 949 1305 liber
981 1262 1145 1305 unus.

517 1341 671 1397 Ruth
699 1341 837 1398 liber
870 1356 1034 1397 unus.

514 1434 869 1506 Regumlibri
897 1443 1164 1507 quatuor.

517 1529 979 1600 Paralipomenon
1002 1529 1127 1585 libri
1153 1530 1289 1586 duo.

520 1634 545 1663 ο
570 1622 900 1679 Psalterium
929 1623 1075 1680 liber
1094 1638 1258 1679 unus.

516 1716 833 1774 Salomonis
857 1716 984 1772 libri
1016 1724 1151 1772 tres.

515 1809 546 1847 (ι
572 1810 999 1867 Proverbiorum
1026 1810 1169 1867 liber
1195 1824 1360 1866 unus.

517 1903 892 1960 Ecclesiastes
931 1902 1069 1960 liber
1093 1917 1256 1959 unus.

515 1995 743 2052 Cantica
762 1995 1101 2051 canticorum
1128 1994 1267 2051 liber
1294 2010 1455 2051 unus.

523 2090 657 2147 Item
677 2089 973 2161 Sapientia:
1000 2089 1140 2146 liber
1164 2104 1330 2146 unus.

524 2183 950 2243 Ecclesiastieus
973 2184 1118 2242 liber
1145 2200 1307 2242 unus.

934 2278 1133 2352 Incipit
1152 2281 1282 2338 ordo
1314 2283 1710 2355 prophetarum.
1756 2281 1761 2285 ’

525 2370 703 2428 Esaiae
733 2370 876 2429 liber
902 2387 1063 2429 unus.

520 2461 818 2520 Hieremiae
847 2462 988 2520 liber
1017 2480 1160 2522 unus
1194 2476 1218 2504 ο
1249 2481 1373 2523 cum
1404 2482 1513 2525 uno
1545 2468 1761 2525 Barnch
1795 2486 1809 2534 ;
1844 2469 1976 2527 item
1997 2483 2122 2527 cum

595 2555 1112 2615 Lamentationibus
1148 2559 1283 2617 suis.

526 2649 838 2708 Ezechielis
857 2651 1002 2708 liber
1022 2667 1183 2709 unus.

522 2746 769 2803 Danielis
798 2746 938 2803 liber
966 2762 1131 2803 unus.

527 2840 652 2897 Joel
672 2840 813 2898 liber
847 2856 1009 2898 unus.

526 2933 721 2992 Abdia:
745 2934 888 2992 liber
912 2951 1075 2992 unus.

527 3029 686 3086 Oscae
714 3028 858 3087 liber
879 3044 1042 3086 unus.

529 3125 704 3182 Amos
720 3123 863 3180 liber
884 3138 1050 3179 unus.

530 3217 790 3273 Michazas
815 3215 956 3271 liber
978 3231 1138 3273 unus.

532 3311 689 3367 Jonas
711 3310 851 3367 liber
867 3325 1030 3367 unus.

532 3403 746 3461 Nahum
774 3403 918 3460 liber
949 3419 1110 3460 unus.

542 3495 799 3555 Abhacue
828 3495 971 3555 liber
999 3513 1162 3556 unus.

2214 492 2399 565 Aggtei
2426 492 2566 548 liber
2588 504 2751 547 unus.

2215 584 2494 641 Zachariae
2522 582 2661 639 liber
2681 596 2843 638 unus.

2214 676 2493 735 Malachia:
2513 676 2654 733 liber
2679 691 2840 733 unus.

2667 767 2801 823 Item
2838 768 2969 823 ordo
2997 767 3360 824 historiarum.

2216 868 2321 927 Job
2345 867 2486 924 liber
2510 881 2673 923 unus.

2218 962 2405 1019 Tobiae
2431 960 2573 1017 liber
2594 974 2759 1016 unus.

2218 1052 2405 1111 Judith
2431 1051 2573 1108 liber
2600 1064 2745 1106 unus
2770 1048 2791 1087 τ
2803 1090 2817 1106 .

2220 1145 2417 1203 Hester
2446 1144 2586 1201 liber
2613 1158 2773 1200 unus.

2221 1238 2415 1296 Esdrae
2436 1236 2579 1293 liber
2616 1249 2780 1291 unus.

2221 1330 2656 1389 Maeliabzeorum
2678 1327 2805 1385 libri
2833 1326 2963 1403 duo.

2222 1446 2357 1505 Item
2377 1448 2505 1503 ordo
2526 1446 2928 1518 Scripturarum
2950 1441 3088 1499 Novi
3109 1443 3450 1515 Testamenti,
3481 1463 3617 1519 quas
3645 1458 3808 1506 sancta

2583 1548 2631 1595 et
2661 1538 2925 1594 catholica
2945 1537 3165 1608 suscipit
3202 1536 3463 1595 Ecclesia.

2221 1633 2578 1711 Evangelium
2602 1630 2907 1688 secundum
2935 1629 3251 1687 Matthrcum
3282 1631 3423 1688 liber
3453 1648 3618 1690 unus.

2219 1726 2531 1784 Secundum
2562 1725 2804 1782 Marcum
2829 1724 2968 1780 liber
2985 1737 3145 1779 unus.

2147 1800 2196 1860 Β
2223 1820 2533 1879 Secundum
2561 1818 2765 1875 Lucam
2789 1817 2932 1875 liber
2956 1832 3123 1875 unus.

2223 1911 2536 1970 Secundum
2564 1912 2830 1968 Joannem
2853 1909 2998 1968 liber
3014 1925 3181 1975 unus.

2581 2001 2837 2075 Epistula:
2858 2001 3017 2060 Pauli
3047 2019 3265 2059 numero
3292 2002 3341 2058 Χ
3351 2003 3373 2058 1
3395 2004 3454 2058 γ.

2223 2097 2306 2156 Ad
2335 2097 2610 2153 Romanos
2637 2110 2767 2151 una.

2223 2191 2305 2248 Ad
2333 2190 2650 2248 Corinthios
2677 2189 2821 2245 dum.

2225 2287 2308 2344 Ad
2337 2285 2612 2358 Ephesios
2640 2298 2769 2341 una.

2224 2381 2310 2439 Ad
2338 2379 2859 2437 Thessalonicenses
2888 2378 3030 2435 duae.

2226 2475 2311 2532 Ad
2339 2474 2565 2532 Galatas
2594 2487 2725 2529 una.

2227 2568 2311 2626 Ad
2335 2566 2718 2637 Philippenses
2746 2579 2877 2621 una.

2227 2661 2313 2718 Ad
2342 2658 2726 2717 Collossenses
2756 2672 2885 2713 una.

2231 2740 2315 2811 Ad
2343 2750 2694 2808 Timotheum
2725 2749 2868 2806 duae.

2234 2845 2318 2903 Ad
2346 2844 2527 2901 Titum
2559 2857 2686 2898 una.

2232 2937 2317 2994 Ad
2347 2935 2724 2993 Philemonem
2753 2948 2886 2991 una.

2234 3031 2318 3090 Ad
2347 3031 2608 3089 Hebraeos
2633 3043 2741 3085 una
2776 3037 2828 3082 ες.

2234 3126 2369 3183 item
2399 3123 2428 3162 ιι
2458 3122 2814 3196 Apocalypsis
2842 3122 3071 3179 Joannis
3097 3123 3345 3195 Apostoli
3376 3123 3514 3181 liber
3546 3142 3704 3184 unus.

2161 3188 2211 3251 ί)
2242 3218 2411 3275 Actus
2440 3188 2829 3286 Apostolorum
2857 3214 3000 3271 liber
3026 3188 3186 3271 unus.

2239 3310 2372 3366 ltem
2402 3307 2669 3380 Epistolas
2696 3306 2991 3364 Canonica:
3021 3322 3252 3366 numero
3281 3318 3514 3381 septem.

2237 3403 2386 3460 Petri
2416 3399 2666 3474 Apostoli
2695 3400 2956 3473 Epistolas
2984 3399 3126 3457 duae.

2238 3498 2425 3557 Jacobi
2454 3495 2707 3571 Apostoli
2734 3496 2972 3570 Epistola
2999 3511 3130 3553 una.

2032 3619 2347 3679 SCHOLIA.

539 3735 714 3807 magis
739 3731 942 3807 ultique
965 3730 1188 3807 obvium
1230 3729 1638 3807 ΙιιιξοηειιξιιιιιιςεΔ
1672 3731 1934 3807 plura‘de
1979 3732 2136 3807 libris

538 3801 1308 3877 apocryphis_przescriberet.
1368 3801 1675 3877 Prnbabilia
1729 3803 1947 3877 quidem
2017 3804 2135 3877 huic

536 3872 780 3935 censeo:
813 3872 1048 3930 sednon
1067 3872 1142 3928 ita
1166 3872 1278 3943 illis
1303 3872 1484 3929 verbis
1502 3874 1631 3943 quid
1652 3874 1808 3928 vitari
1827 3874 2009 3930 debeat
2049 3876 2135 3930 in-

537 3946 856 4005 haerendum
886 3954 989 4009 est,
1022 3954 1080 3999 ut
1100 3942 1395 4015 credamus
1446 3942 1522 3998 ea
1542 3946 1856 4015 necessario
1904 3961 2133 4015 arguere

537 4020 846 4089 catalogum
878 4017 1116 4089 aliquem
1145 4014 1410 4089 librorum
1456 4014 1781 4089 nominatim
1830 4014 2135 4085 prohibito-

538 4106 685 4148 rum.
710 4084 895 4147 Semel
909 4084 1059 4143 enim
1083 4084 1383 4142 constituto
1397 4099 1610 4141 canone
1629 4084 2034 4158 Scripturarutn
2052 4089 2136 4144 di-

538 4164 823 4226 vinarum,
854 4172 1199 4231 consequens
1234 4165 1325 4231 est
1346 4165 1405 4211 ut
1424 4166 1628 4212 caetera
1661 4159 1885 4231 scripta.
1917 4174 2038 4231 quae
2066 4160 2136 4215 ab

542 4248 611 4289 eo
638 4246 850 4288 canone
870 4230 1088 4293 absunt,
1112 4230 1362 4298 quamvis
1394 4242 1594 4284 nomen
1626 4229 2007 4296 apostolorum
2040 4240 2138 4286 aut

536 4304 934 4375 prophetarum
981 4298 1518 4375 prml'erant,_inter
1570 4298 1785 4375 divinas
1812 4299 2133 4370 Scripturas

541 4370 771 4432 minime
800 4371 1127 4440 referantur,
1173 4370 1272 4426 sed
1298 4370 1541 4428 vitentur
1598 4371 1807 4442 potius,
1863 4381 2136 4442 tamquam

542 4445 876 4521 apocrypha.

544 4589 747 4645 debeat.
780 4589 981 4654 Diess.,
1010 4586 1318 4640 uniuersalis
1348 4584 1611 4639 catholica
1640 4586 1853 4656 recipiat
1880 4586 2135 4655 Ecclesia,

540 4669 593 4714 et
621 4661 745 4731 quid
771 4662 936 4714 vitare
961 4656 1162 4712 debeat.
1267 4726 1300 4739 η
1346 4727 1357 4740 .

617 4730 647 4770 1³
679 4730 880 4800 Diess.,
901 4728 1298 4800 peuterononttr
1320 4725 1449 4781 liber
1475 4742 1514 4780 ι.

622 4813 646 4841 ε
679 4798 1090 4856 ΒίθεεζΡδαιηιὶ
1120 4814 1185 4855 cr.
1212 4798 1341 4853 liber
1370 4813 1408 4853 1.

620 4868 649 4908 ἀ
680 4870 882 4936 Diess.,
913 4869 1193 4925 Proverbia
1217 4868 1347 4925 liber
1367 4885 1409 4939 ι,
1434 4877 1491 4926 et
1513 4868 1677 4941 paulo
1709 4878 1835 4941 post
1864 4869 2140 4942 Sapientia

546 4958 650 5017 pro
676 4941 981 5017 §apienti¢e.

625 5025 649 5053 ε
679 5010 883 5079 Diess.,
919 5028 1036 5067 cum
1058 5010 1270 5081 Cinoth,
1296 5012 1351 5067 id
1376 5023 1472 5080 est,
1504 5010 1981 5069 Lamentatiouibus
2010 5015 2136 5070 suis.

547 5086 727 5143 Vatic.
758 5101 799 5154 ι,
832 5102 949 5139 cum
975 5084 1302 5139 unoBaruch
1323 5101 1342 5139 :
1371 5087 1495 5139 item
1519 5100 1637 5138 cum
1661 5084 2141 5140 Lamentationibus

544 5159 677 5213 suis.
709 5157 801 5214 Sic
827 5155 1162 5211 Athanasius
1185 5157 1349 5224 epist.
1374 5156 1465 5222 39,
1495 5154 1638 5226 apud
1674 5157 1956 5212 Labbeum
2003 5166 2137 5212 tom.

543 5230 592 5285 ll
620 5228 828 5285 Concil.
849 5228 957 5299 col.
993 5228 1130 5282 1710
1164 5245 1177 5282 :
1208 5226 1522 5293 Hieremias,
1551 5237 1599 5281 et
1627 5244 1744 5282 cum
1773 5228 1889 5299 ipso
1930 5227 2141 5283 Baruclt

547 5300 763 5366 Threni,
777 5308 825 5353 et
836 5297 1279 5369 Lamentationes.
1308 5300 1579 5369 Deinceps
1595 5300 1770 5369 Diess.
1783 5297 1803 5364 ,⁷
1821 5297 2067 5354 Ezechiel
2076 5338 2109 5353 ..
2122 5341 2136 5355 .

543 5369 799 5425 Daniel...
830 5368 1120 5427 Michete...
1147 5370 1435 5425 Ambacum
1463 5368 1561 5438 pro
1593 5368 1857 5433 Abbucuc,
1886 5371 1977 5425 vel
2026 5369 2142 5425 Ha-

545 5444 772 5496 bacuc...
808 5439 1083 5509 Solfoniar,
1116 5452 1224 5498 etc.
1253 5442 1385 5497 Post
1435 5441 1730 5496 Ambacum
1752 5442 1893 5512 apud
1942 5442 2142 5497 Amor-

545 5512 687 5583 tium,
700 5513 1017 5583 parenthesi
1047 5513 1346 5568 includitur
1375 5513 1551 5568 Amos.

620 5581 641 5619 ί
671 5581 875 5649 Diess.,
910 5593 1033 5651 post
1059 5584 1244 5639 Tobiae
1266 5584 1466 5640 librum
1500 5584 1681 5640 Esdra:
1711 5585 1830 5641 libri
1855 5602 1912 5642 ιι.
1947 5584 2143 5640 Hester

544 5652 669 5705 liber
689 5668 729 5705 ι.
762 5652 948 5706 Iudith
976 5652 1106 5708 liber
1133 5670 1171 5709 ι.
1205 5653 1631 5711 Machabaeorum
1657 5657 1773 5711 libri
1806 5675 1862 5713 ιι.

618 5730 644 5766 ι
672 5720 962 5776 Zacharias
987 5724 1219 5796 loc.rcit.
1249 5726 1377 5781 hinc
1418 5728 1525 5782 sibi
1568 5728 1779 5796 objicit,
1829 5743 1935 5782 non
1967 5728 2142 5783 videri

546 5791 690 5845 hunc
718 5804 984 5846 canonem
1012 5795 1405 5863 scripturarum
1456 5811 1579 5853 esse
1631 5791 1869 5867 Damasi,
1902 5798 2144 5867 quando-

2237 3733 2458 3803 quidem
2483 3731 2542 3788 S.
2570 3730 2937 3803 Hieronymus
2962 3744 3107 3803 anno
3134 3731 3242 3788 ιιι
3268 3730 3334 3787 ad
3366 3732 3679 3789 Dardanum
3703 3732 3823 3790 scri-

2239 3805 2421 3873 bebat,
2454 3803 2741 3874 epistolam
2773 3802 2927 3874 Pauli
2955 3802 3022 3857 ad
3063 3802 3323 3860 Hebraeos
3352 3803 3674 3859 Latinorum
3712 3820 3824 3860 con-

2238 3875 2529 3931 suetudine
2577 3889 2687 3929 non
2754 3873 2922 3942 recipi
2966 3874 3111 3929 inter
3167 3875 3470 3944 scripturas
3526 3877 3820 3931 canonicas.

2238 3946 2408 4003 Recte
2434 3956 2616 4000 autem
2650 3944 2966 4016 respondet.
2998 3946 3234 4016 intelligi
3264 3946 3317 4001 id
3357 3947 3428 4001 de
3458 3948 3821 4003 nonnullarum

2238 4017 2610 4073 Ecclesiarum
2637 4015 3052 4082 consuetudine,
3084 4015 3209 4087 quae
3229 4017 3391 4072 etiam
3419 4026 3549 4087 post
3574 4033 3822 4074 canoneat

2238 4088 2488 4150 Damasi.
2519 4097 2575 4143 et
2605 4087 2912 4143 Innocentii
2963 4090 2978 4141 Ι
3028 4087 3484 4144 censuetudinem
3537 4105 3691 4144 suam
3729 4104 3823 4144 non

2237 4158 2541 4230 recipiendi
2599 4167 2876 4230 tamquam
2920 4159 3239 4214 canonicam
3287 4159 3574 4225 epistolam
3629 4162 3694 4215 ad
3738 4160 3828 4215 lle-

2240 4230 2418 4286 hraeos
2448 4230 2818 4297 retinuerunt,
2849 4229 3030 4285 donec
3057 4245 3207 4285 anno
3232 4231 3340 4286 419
3368 4231 3422 4286 in
3443 4233 3677 4287 concilio
3709 4231 3829 4287 Car-

2241 4301 2551 4373 thaginiensi
2586 4315 2645 4356 ιιι
2674 4301 2955 4373 decretum
2989 4300 3090 4355 fuit
3122 4312 3177 4356 ut
3209 4317 3402 4358 omnes
3433 4304 3703 4373 integrum
3746 4317 3828 4373 ea:

2243 4371 2442 4446 nonem
2463 4373 2495 4428 d
2506 4372 2768 4446 ivinarnm
2791 4371 3222 4446 Scripturarum,
3238 4373 3290 4427 in
3303 4388 3414 4444 quo
3426 4384 3511 4429 est
3523 4371 3756 4446 Epistola
3770 4372 3827 4427 ad

2164 4444 2534 4518 Dllebrgcos,
2578 4444 2920 4512 reciperent,
2970 4444 3256 4518 implorata
3295 4446 3471 4518 etiam
3518 4444 3831 4518 auctoritate

616 4528 643 4557 τι
669 4513 794 4574 Vat.
825 4518 880 4583 2,
910 4514 1218 4570 universalis
1242 4513 1477 4586 Ecclesia
1498 4513 1703 4586 recipit,
1729 4522 1775 4567 et
1819 4515 1947 4582 quid
1984 4516 2139 4569 vitari
2168 4513 2209 4518 ⁷
2246 4515 2516 4571 Bonifacii
2567 4529 2742 4586 papa;
2791 4523 2847 4586 et
2889 4516 3107 4571 concilii
3137 4515 3309 4570 Italici

3349 4532 3446 4587 pro
3483 4516 3831 4585 conﬁrmando

2240 4587 2343 4641 isto
2372 4584 2587 4641 canone.
2620 4585 2759 4641 Vide
2805 4584 3086 4642 Labbeum
3120 4596 3253 4641 tom.
3285 4584 3360 4651 Il,
3402 4588 3510 4642 col.
3553 4584 3611 4642 Η
3625 4589 3709 4643 77.
3739 4586 3832 4640 De-

2242 4669 2392 4714 creta
2443 4672 2576 4727 ergo
2602 4656 2824 4712 Damasi
2853 4664 2909 4713 et
2934 4656 3236 4713 Innocentii
3265 4668 3361 4712 aut
3386 4673 3491 4713 non
3527 4658 3599 4711 ita
3625 4658 3831 4713 fuerunt

2244 4728 2375 4796 lata,
2410 4739 2469 4785 ut
2499 4744 2600 4801 pro
2631 4729 2752 4799 lege
2798 4729 3158 4801 abiom‘nibus
3210 4728 3469 4785 Ecclesiis
3495 4728 3830 4793 haberentur,

2243 4809 2338 4855 aut
2375 4802 2444 4856 ad
2474 4799 2831 4871 quarumdam
2875 4799 3246 4856 Ecclesiarum
3283 4800 3537 4855 notitiam
3582 4816 3690 4856 non
3719 4813 3833 4871 per-

2246 4882 2529 4927 venerant.

2318 4941 2346 4980 h
2382 4942 2442 5016 ln
2474 4944 2653 5000 Diess.
2688 4944 2848 5001 deest
2897 4944 3103 4998 mentio
3136 4943 3498 5016 Apocalypsis
3520 4984 3537 5009 ,
3577 4944 3642 5016 Vu't
3677 4942 3835 5011 conji-

2243 5029 2371 5070 cere
2403 5015 2552 5082 licet,
2581 5031 2651 5070 ex
2700 5016 3030 5085 negligentia
3078 5016 3293 5071 librarii
3346 5033 3359 5069 :
3413 5029 3538 5070 nam
3571 5015 3627 5069 in
3658 5023 3834 5069 nostro

2244 5087 2434 5142 codice
2460 5096 2658 5142 exstat.
2689 5087 2840 5141 Inter
2868 5085 3091 5143 Latinos
3134 5095 3412 5156 receptam
3458 5100 3558 5140 suo
3602 5096 3836 5156 tempore

2244 5157 2414 5213 fuisse
2442 5159 2806 5229 Apocalypsin
2826 5166 3068 5229 testatur
3096 5154 3455 5229 Hieronymus
3486 5158 3591 5229 tne.
3622 5157 3718 5229 cit.
3743 5154 3837 5229 za-

2244 5230 2481 5297 charias,
2516 5230 2607 5299 qui
2636 5227 2703 5283 in
2736 5228 2929 5284 codice
2962 5230 3238 5285 Dicssensi
3267 5227 3441 5285 omitti
3475 5227 3834 5299 Apocalypsin

2244 5301 2399 5362 vidit.
2454 5300 2764 5367 existimat,
2807 5302 3051 5369 potuisse
3095 5316 3153 5355 a»
3172 5300 3403 5355 Damaso
3450 5298 3661 5364 omitti,
3691 5298 3835 5367 ’qnia

2252 5371 2435 5436 plures
2466 5371 2727 5427 Ecclesiae
2769 5371 3087 5427 Grmcorum
3118 5386 3239 5426 cant
3293 5379 3420 5426 tunc
3468 5387 3576 5426 non
3619 5368 3832 5438 recipie-

2251 5442 2401 5515 bant,
2428 5454 2485 5497 ut
2531 5442 2656 5515 cod.
2692 5443 2799 5499 loc.
2843 5444 3079 5515 aitirmat
3111 5443 3497 5515 Hieronymus.
3539 5442 3594 5497 In
3634 5452 3834 5515 canone

2247 5513 2468 5587 laudato
2506 5513 2717 5570 concilii
2754 5530 2822 5587 ιιι
2859 5511 3333 5587 Cartltaginensis,
3363 5516 3441 5587 uti
3471 5516 3634 5569 etiam
3666 5511 3724 5587 in_
3748 5524 3834 5565 ca-

2247 5601 2392 5658 none
2414 5586 2717 5658 lnnoeentii
2743 5585 2768 5658 Al
2798 5601 2943 5640 anno
2963 5582 3459 5658 405'Apocalypsis
3485 5582 3834 5658 comprehen-

2248 5656 2509 5729 ditur-.rln
2537 5656 2659 5729 cod.
2690 5656 2867 5729 Diess.
2898 5659 3103 5715 mentio
3128 5652 3362 5714 A'ctnut'n
3390 5652 3758 5729 apostolurum
3779 5652 3831 5707 iit

2249 5739 2374 5801 post
2403 5728 2755 5799 Evangelium
2781 5727 3030 5785 Joannis.
