4082 6188
312 329 417 389 793

311 444 539 503 Joannis
565 442 810 515 Apostoli
842 451 868 480 α
901 443 1076 514 Epist.
1111 460 1238 499 una.

310 542 550 603 Alterius
578 539 806 595 Joannis
835 537 1145 611 presbyteri
1177 539 1433 612 EplSIOI'JB
1460 539 1601 596 duae.

310 634 461 692 Juda:
489 632 706 691 Zelotes
728 630 757 671 δ
785 631 1032 703 Epistola
1061 647 1189 688 una.

381 827 514 883 Post
558 822 656 878 has
709 833 733 860 ο
779 835 972 877 omnes
1026 821 1404 892 pr0pheticas,
1438 829 1495 876 et
1536 821 1901 892 evangelicas,

309 928 473 991 atque
519 915 893 988 apostolieas,
952 929 1088 986 quas
1137 916 1394 986 superius
1444 915 1902 987 deprompsimus,

309 1009 620 1081 Scripturas
641 1050 655 1076 ,
686 1008 884 1078 quibus
929 1006 1172 1063 Ecclesia
1203 1006 1475 1063 catholica
1510 1023 1606 1079 per
1636 1016 1903 1065 terrarum

308 1103 502 1160 orbem
529 1116 558 1156 a
583 1100 697 1157 Deo
728 1098 948 1155 fundata
976 1106 1080 1166 est,
1112 1100 1275 1155 etiam
1306 1100 1667 1156 intimandum
1696 1101 1904 1172 putavi-

307 1210 463 1264 mus,
491 1194 636 1266 quod
682 1193 929 1263 quamvis
961 1192 1233 1249 universa:
1263 1209 1360 1265 per
1388 1195 1579 1250 orbem
1622 1194 1904 1251 catholica:

306 1290 524 1347 diﬂ'usae
572 1286 840 1344 Ecclesiae
886 1286 1039 1358 quasi
1081 1303 1219 1342 unus
1246 1285 1449 1343 Christi
1498 1289 1769 1344 thalamus
1810 1292 1901 1359 sit,

305 1392 496 1440 sancta
525 1392 702 1437 tamen
725 1380 970 1436 Romana
992 1377 1020 1418 ιι
1052 1380 1295 1437 Ecclesia
1325 1396 1353 1435 a
1379 1382 1654 1439 nonnullis
1682 1383 1905 1456 synodi-

306 1476 389 1531 cis
417 1473 902 1531 constitutionibus
945 1472 1164 1529 caeteris
1206 1473 1459 1530 ecclesiis
1502 1476 1725 1545 praelata
1759 1485 1844 1532 est
1885 1494 1899 1532 :

309 1567 407 1623 sed
437 1574 492 1622 et
519 1564 836 1636 evangelica
867 1579 1000 1619 voce
1029 1565 1242 1620 Domini
1272 1564 1571 1622 Salvatoris
1600 1569 1772 1623 nostri
1796 1570 1905 1639 pri-

305 1670 513 1719 matum
560 1660 800 1717 obtinuit
852 1678 864 1713 :
910 1659 992 1714 Tu
1037 1676 1111 1729 es,
1161 1660 1365 1731 inquit,
1414 1660 1627 1727 Petrus,
1676 1672 1723 1716 et
1747 1679 1904 1734 super

306 1758 444 1811 hanc
470 1763 670 1827 petram
699 1752 969 1823 mdiﬁcabo
1002 1751 1290 1807 Ecclesium
1322 1769 1520 1819 meam,
1550 1761 1595 1806 et
1627 1764 1790 1823 porta:
1816 1755 1901 1809 in-

916 328 1299 386 DECRETUM
1338 329 1429 387 DE
1466 330 1688 390 LIBle
1729 331 2185 408 RECH'IENDIS,
2226 335 2318 393 ET
2354 335 2494 394 NON
2534 335 2994 395 RECIPIENDIS.

3502 339 3608 398 79-!

1935 452 1987 515 Α
2015 452 2183 507 cietas
2210 452 2508 510 beatissimi
2536 453 2690 509 Pauli
2714 456 2972 526 apostoli,
3004 456 3149 512 vasis
3177 457 3484 525 electionis,
3516 457 3607 529 qui

2011 560 2117 598 non
2147 544 2385 616 diverso,
2416 546 2557 602 sicut
2581 547 2824 604 ltzeretici
2849 549 3158 619 garrittnt°,
3189 552 3287 606 sed
3322 566 3428 607 uno
3471 562 3611 607 tem-

2011 651 2176 706 pore,
2206 653 2315 692 uno
2344 638 2643 710 eodemque
2676 640 2785 706 die,
2816 642 3053 711 gloriosa
3086 655 3262 699 morte
3287 659 3408 699 cum
3442 644 3605 700 Petro

2010 727 2065 782 in
2099 729 2234 785 urbe
2267 730 2435 786 Roma
2473 731 2574 788 sub
2604 730 2820 788 Ctesarc
2854 732 3072 790 Nerone
3099 736 3414 807 agonizans,
3448 751 3609 793 coro-

2010 832 2169 879 natus
2194 834 2278 881 est
2307 842 2321 880 :
2356 834 2412 881 et
2439 826 2644 896 pariter
2672 826 3047 897 supradictam
3076 828 3382 883 Romanam
3418 829 3610 886 Eccle-

2009 917 2145 973 siam
2192 915 2412 975 Christo
2446 918 2675 974 Domino
2720 929 3132 989 consecrarunt,
3165 922 3399 994 aliisque
3429 922 3608 979 omni-

2008 1009 2110 1065 bus
2140 1010 2194 1065 in
2226 1011 2483 1067 universo
2521 1012 2725 1067 mundo
2753 1026 2850 1067 sua
2885 1013 3179 1083 praesentia
3225 1024 3390 1086 atque
3438 1030 3608 1072 vene-

2009 1100 2183 1156 rando
2209 1100 2483 1171 triumpho
2533 1102 2909 1170 praetulerunt.
2946 1104 3042 1159 Est
3089 1120 3221 1176 ergo
3253 1105 3425 1177 prima
3456 1105 3604 1163 Petri

2008 1192 2241 1262 apostoli
2272 1193 2432 1249 sedes
2460 1193 2704 1249 Romana
2745 1194 3013 1262 Ecclesia,
3042 1212 3148 1252 non
3181 1196 3387 1254 habens
3417 1214 3604 1254 macu-

2007 1286 2138 1351 lam,
2168 1300 2345 1356 neque
2373 1301 2589 1357 rugam,
2620 1301 2720 1342 nec
2749 1287 2954 1359 aliquid
2989 1288 3323 1359 hujusmodi.
3349 1290 3605 1348 Secunda

2009 1387 2190 1433 autem
2238 1378 2398 1435 sedes
2449 1379 2593 1451 apud
2643 1380 3029 1437 Alexandriam
3082 1380 3102 1420 τ
3151 1383 3297 1439 Petri
3348 1400 3377 1438 a
3420 1384 3604 1442 Marco

2009 1472 2228 1528 nomine
2258 1472 2378 1543 ejus
2425 1471 2696 1543 discipulo
2729 1483 2891 1546 atque
2922 1476 3259 1547 evangelista
3288 1487 3609 1534 consecrata

2007 1577 2122 1636 est;
2152 1567 2372 1638 ipseque
2403 1568 2456 1623 in
2483 1566 2782 1639 Egypttttn
2813 1569 3057 1626 directus
3083 1586 3111 1624 a
3136 1571 3303 1627 Petro
3330 1573 3604 1643 apostolo,

2007 1661 2235 1717 verbum
2286 1661 2533 1716 veritatis
2585 1663 2919 1731 praedicavit,
2955 1673 3010 1719 et
3055 1664 3355 1735 gloriosum
3401 1675 3611 1738 marty-

2007 1754 2147 1809 rium
2179 1754 2598 1809 consummavit.
2632 1754 2816 1810 Tertia
2861 1770 2991 1811 vero
3036 1755 3197 1812 sedes
3245 1755 3387 1827 apud
3416 1758 3610 1813 Antio-

304 1849 408 1921 [ετξ
437 1863 537 1901 non
567 1843 915 1918 prati-alebant
942 1843 1191 1898 adversus
1217 1860 1351 1913 eam,
1383 1852 1432 1897 et
1461 1844 1551 1898 tibi
1578 1844 1711 1898 dabo
1734 1845 1901 1900 clures
1935 1858 1981 1916 Β
2007 1846 2185 1903 chiam
2214 1847 2517 1904 beatissimi
2550 1848 2787 1917 apostoli
2810 1849 2956 1905 Petri
2983 1849 3218 1906 habetur
3245 1850 3610 1920 honorabilis,

303 1943 455 2015 regni
481 1941 745 2006 ccelorum,
771 1947 819 1992 et
856 1939 1211 2017 quodcumque
1235 1938 1475 2009 ligaveris
1506 1955 1661 2011 super
1686 1948 1897 2007 terram,

303 2039 404 2092 erit
433 2036 649 2108 ligatum
677 2042 721 2087 et
745 2034 796 2086 in
829 2032 967 2087 aulis
995 2049 1012 2085 :
1045 2041 1094 2086 et
1124 2032 1482 2105 quodcumque
1508 2032 1718 2087 solveris
1748 2050 1902 2105 super

303 2138 521 2199 terram,
551 2129 648 2184 erit
676 2128 904 2187 solutum
929 2134 976 2181 et
1005 2125 1059 2178 in
1090 2124 1250 2182 caelis.
1284 2123 1484 2184 Addita
1512 2132 1598 2182 est
1626 2126 1789 2182 etiam
1813 2140 1902 2182 so-

2008 1949 2064 1997 et
2088 1940 2235 2012 quod
2258 1941 2405 1996 illam
2426 1942 2678 2012 primitus
2707 1957 2868 2012 quam
2892 1941 3122 1998 Romam
3152 1942 3613 2013 veniret,habita-

2008 2035 2108 2103 vit,
2139 2045 2193 2091 et
2223 2034 2335 2089 illic
2385 2034 2619 2105 primum
2668 2048 2867 2091 nomen
2898 2034 3334 2093 Christianorum
3383 2036 3610 2092 novellae

2011 2128 2189 2200 gentis
2211 2136 2460 2187 exortum
2489 2138 2591 2185 est.
2625 2137 2651 2175 ε
2678 2128 2848 2186 Finis.

1507 2244 1671 2296 PARS
1705 2245 1999 2297 SECUNDA
2029 2247 2111 2300 ΕΤ
2144 2247 2397 2301 TERTIA.

791 2334 1062 2391 Decretum
1090 2331 1445 2400 Gelasianum,
1467 2347 1531 2386 ea:
1555 2349 1680 2387 mss.
1717 2332 2011 2406 Vaticanis,
2044 2352 2246 2391 necnon
2271 2334 2623 2409 Paraplzrasis
2645 2336 2881 2410 ejusdem
2902 2338 3119 2395 decreti.

860 2425 1015 2492 ;(Haec
1034 2426 1164 2477 inter
1181 2437 1330 2492 Opera
1354 2422 1535 2477 Gelasii
1559 2425 1738 2478 melius
1757 2425 2038 2480 collocanda
2057 2440 2387 2490 reservamus,
2415 2428 2515 2489 ubi,
2538 2429 2576 2479 si
2598 2428 2774 2494 placet,
2806 2428 3034 2492 legcsis.)

1800 2556 2119 2616 SCllOLlA.

378 2711 405 2741 κ
429 2701 487 2758 in
517 2713 727 2756 canone
768 2697 1072 2755 lnnocentii
1099 2696 1151 2765 1,
1183 2705 1238 2752 et
1266 2696 1318 2751 in
1349 2695 1473 2751 aliis
1506 2696 1588 2749 hre
1610 2703 1731 2767 tres
1771 2695 1901 2767 Epi-

304 2775 465 2830 stola:
488 2772 649 2827 unius
669 2772 897 2826 Joannis
915 2769 1145 2841 apostoli
1160 2783 1282 2841 esse
1303 2768 1580 2841 dicuntur.
1607 2766 1664 2821 In
1689 2766 1901 2841 canone

301 2845 523 2902 Damasi
554 2858 655 2899 una
685 2843 882 2899 Joanni
905 2838 1178 2911 apostolo,
1204 2840 1326 2895 duae
1354 2838 1553 2895 Joanni
1582 2839 1902 2909 presbytero

298 2917 654 2973 aseribuntur
682 2929 747 2968 ex
779 2912 1087 2976 sententia,
1118 2926 1279 2980 quam
1315 2911 1684 2981 Hieronymus
1726 2911 1904 2965 innuit

298 2989 374 3044 de
399 2988 515 3043 Vir.
544 2987 743 3041 illustr.
765 3000 820 3039 c.
840 2985 874 3039 9
899 3002 912 3037 :
944 2984 1166 3053 Scripsit
1200 2991 1368 3036 autem
1398 2980 1664 3053 (Joannes
1685 2989 1906 3053 apostoa

299 3059 415 3130 lus)
438 3066 483 3113 et
508 3056 1027 3130 unamepistolam...
1056 3051 1293 3130 Reliqua:
1316 3051 1489 3107 autem
1520 3052 1719 3130 duae...
1737 3051 1902 3130 Joan:

297 3123 691 3200 nis'presbyteri
719 3123 1039 3200 asseruntur.
1068 3123 1378 3194 Antiquitas
1418 3123 1648 3179 canonis
1688 3123 1904 3178 Damasi

303 3217 371 3258 cx
400 3198 504 3256 hac
538 3198 692 3270 parte
716 3198 1127 3270 comprobatur.

378 3271 409 3311 δ
438 3265 617 3327 Diess.
651 3265 1098 3332 scribit’Zelotis;
1129 3267 1249 3321 Vat.
1279 3269 1331 3334 i,
1367 3265 1590 3321 Zelotes.
1624 3266 1678 3321 ιιι
1724 3266 1901 3323 Diess.

320 3343 561 3410 additur,
588 3341 821 3408 Emplicit
851 3357 1017 3394 canon
1057 3338 1197 3393 Novi
1229 3337 1569 3410 Testamenti.

384 3427 407 3455 ε
433 3408 643 3483 Inserta
674 3412 790 3468 haec
816 3413 978 3468 etiam
1011 3421 1135 3483 sunt
1173 3411 1225 3483 in
1257 3410 1491 3483 Decreto
1517 3408 1718 3465 Gelasii
1758 3425 1771 3461 :
1807 3409 1901 3483 sed

306 3476 631 3556 scriptui‘it‘m
680 3485 1000 3556 exhibemus
1039 3482 1164 3535 Vat.
1201 3482 1253 3556 ᾖ,
1286 3495 1407 3551 qua}
1457 3481 1514 3556 in
1557 3496 1664 3535 non
1711 3482 1904 3556 paucis

308 3550 494 3614 diﬂ'ert
528 3571 559 3610 a
580 3556 796 3625 vulgata
821 3554 1078 3618 lectione,
1110 3562 1166 3606 ut
1193 3550 1472 3625 decretum
1502 3552 1679 3625 ipsum
1703 3550 1904 3625 Gelasii

311 3644 439 3684 mox
466 3622 881 3683 describendum
926 3624 1229 3679 cont‘ercnti
1279 3622 1506 3686 patebit.
1536 3623 1904 3677 Cresconiana

308 3699 565 3756 collectio
596 3697 735 3766 apud
772 3696 1061 3751 Baronittm
1093 3710 1237 3749 anno
1266 3693 1367 3759 69,
1401 3708 1549 3746 num.
1580 3694 1634 3755 4,
1661 3693 1907 3748 nonnihil

310 3773 478 3827 etiam
529 3765 710 3824 dili‘ert
755 3783 785 3822 a
816 3767 938 3822 Vat.
988 3767 1038 3830 i,
1072 3776 1132 3820 ut
1175 3777 1222 3819 et
1269 3765 1580 3835 apostolica:
1625 3779 1726 3834 pro
1753 3773 1909 3834 atque

311 3840 650 3915 apostolicus,
671 3849 721 3894 et
754 3854 881 3894 mox
913 3837 1145 3915 Ecclesia
1171 3836 1428 3915 catholica
1452 3851 1543 3915 per
1564 3837 1789 3915 gratiam
1812 3835 1909 3915 ρει

311 3904 536 3986 fundata
564 3904 658 3986 est,
700 3922 754 3966 et
801 3926 934 3963 unus
982 3907 1241 3986 thalamus
1271 3904 1464 3986 Christi
1495 3904 1584 3986 sit:
1607 3907 1910 3986 .At‘nortius

312 3977 382 4040 ad
423 3977 719 4054 marginem
762 3988 979 4054 notat_:
1026 3979 1493 4054 Continuatio__per
1521 3977 1911 4054 (inusitatam-

312 4073 437 4127 pam
478 4047 615 4109 anno
638 4054 766 4127 494,
798 4052 1105 4127 nescio,an
1153 4066 1218 4105 es
1267 4047 1482 4127 codice.
1529 4049 1732 4127 verba,
1781 4047 1911 4103 Item

313 4120 514 4181 dictum
553 4136 649 4192 est,
698 4126 955 4190 innuunt,
1001 4122 1145 4177 idem
1188 4120 1483 4177 concilium
1531 4121 1633 4175 sub
1679 4120 1911 4176 Damaso

312 4198 644 4254 continuari.
1784 4255 1791 4259 _

388 4267 415 4307 ἀ
454 4267 818 4324 Cresconiana
851 4265 1107 4322 collectio
1139 4265 1377 4320 Romana
1405 4263 1618 4317 ecclesia
1647 4262 1912 4317 nonnullis

314 4341 581 4411 synodicis
610 4340 904 4411 constitutis
931 4338 1153 4401 caeteris,
1184 4346 1292 4411 etc.
1326 4336 1522 4411 Postea
1542 4334 1781 4406 inquiens
1811 4348 1911 4403 pro

314 4407 506 4483 inquit.
530 4410 693 4483 infra
715 4452 729 4477 ,
778 4421 824 4483 et
853 4424 1186 4480 quatcuntque
1216 4407 1454 4479 ligat'eris
1484 4422 1638 4483 super
1679 4415 1908 4483 terram,

315 4478 469 4537 erant
500 4482 661 4554 ligata
689 4490 737 4535 et
783 4482 836 4554 in
866 4478 1021 4554 coelo,
1050 4478 1107 4534 et
1126 4478 1460 4551 quacumque
1504 4478 1715 4533 solveris
1758 4494 1913 4548 super

317 4551 703 4616 terramferunt
727 4551 898 4607 soluta
928 4562 977 4606 et
1006 4553 1060 4606 in
1085 4554 1234 4606 caelo.

397 4635 422 4662 ε
462 4623 778 4693 NotatuLin
808 4638 981 4693 marg.
1015 4622 1138 4677 Vat.
1176 4623 1226 4685 i,
1260 4621 1539 4676 Anacletus
1568 4620 1808 4693 ἱηνερὶει.
1842 4621 1909 4693 Ei,

317 4706 365 4750 et
394 4694 636 4767 Gelasius
658 4682 799 4767 prope
824 4696 878 4748 in
904 4682 1125 4766 epistola
1155 4682 1421 4747 decretali.
1440 4692 1648 4767 _Ge|asii
1678 4682 1911 4767 epistola

317 4766 612 4822 decretalis
648 4761 739 4820 est
774 4761 1054 4821 decretum
1096 4774 1288 4834 postea
1334 4761 1745 4833 proferendum.
1781 4762 1908 4834 Epi-

317 4838 478 4892 stolze
516 4837 763 4892 Anacleti
810 4831 1113 4892 censentur
1165 4831 1465 4904 supposita:
1497 4851 1510 4887 :
1547 4835 1598 4887 itt
1629 4848 1691 4887 ea
1725 4834 1758 4886 '5
1797 4831 1913 4903 epi-

319 4910 492 4973 stola,
523 4909 775 4978 quamvis
812 4909 970 4978 plura
1000 4923 1068 4963 ex
1106 4907 1287 4962 verbis
1330 4904 1723 4978 etgsententiis
1751 4904 1911 4978 hujus

319 4980 516 5047 synodi
543 4976 937 5048 producantur,
967 4979 1165 5033 desunt
1190 4986 1367 5032 tamen
1401 4976 1519 5048 haec
1547 4977 1739 5048 verba,
1767 4977 1914 5048 sicut

319 5046 562 5105 hteretici
588 5052 866 5121 garriunt:
895 5066 959 5104 ac
1006 5049 1240 5105 fortasse
1286 5048 1414 5102 huic
1454 5047 1576 5121 loco
1617 5047 1687 5121 ab
1714 5046 1914 5121 ‘a_liqu_o

319 5131 501 5177 assuta
530 5116 679 5176 su'nt.
723 5121 980 5175 Nonnulli
1012 5121 1154 5176 enim
1205 5129 1421 5174 suntex
1462 5118 1702 5186 antiquis
1740 5116 1917 5171 Patri-

323 5193 519 5261 Iribus,
549 5194 641 5262 qni
669 5193 921 5258 Petrum,
957 5202 1012 5247 et
1042 5192 1264 5245 Paulum
1309 5189 1496 5244 Roma:
1545 5187 1769 5262 quidem
1791 5228 1816 5262 ,Α
1859 5197 1917 5243 et

320 5259 514 5319 eodem
535 5259 643 5327 die,
676 5265 773 5319 sed
805 5279 912 5317 non
940 5262 1130 5318 eodem
1159 5276 1303 5315 anno
1333 5260 1651 5332 martyrium
1683 5259 1916 5332 subiisse

321 5332 621 5401 afﬁrmem,
654 5345 711 5389 ut
756 5334 973 5389 ostendi
1016 5335 1067 5388 in
1096 5342 1396 5388 comment.
1448 5330 1515 5386 ad
1563 5330 1912 5386 Prudentium

324 5405 511 5477 hymn.
547 5407 613 5460 12
641 5406 837 5460 Perist.
870 5420 1026 5477 vers.
1064 5406 1118 5461 5.
1142 5403 1322 5477 AAddo
1360 5419 1505 5477 nunc
1536 5403 1917 5477 Sacramenta-

325 5472 489 5541 rium,
513 5477 658 5547 quod
680 5478 738 5533 S.
772 5476 939 5532 Leoni
970 5475 1298 5531 Blanchinus
1319 5474 1565 5547 afﬁnxit,
1596 5473 1688 5527 alii
1715 5474 1781 5527 ad
1809 5472 1911 5528 Ge-

325 5545 809 5613 lasium’relerunt,
840 5547 1085 5604 nonnulli
1111 5548 1176 5602 ad
1201 5548 1468 5615 privatum
1496 5545 1730 5617 aliquem
1762 5555 1916 5601 vete-

323 5633 436 5674 rem
470 5620 824 5686 scriptorem,
863 5622 914 5674 in
942 5619 1149 5687 puniat.
1184 5614 1358 5674 Nata].
1396 5614 1632 5687 apostol.
1670 5614 1817 5671 Petri
1862 5624 1916 5671 et

324 5688 477 5763 Pauli
508 5708 521 5744 :
550 5692 642 5747 Sic
675 5692 1061 5763 dispensatione
1099 5690 1301 5763 diversa
1338 5704 1496 5763 unam
1534 5687 1724 5743 Christi
1762 5689 1915 5758 fanti-

327 5761 450 5815 liam
478 5761 895 5835 _Acongregantes,
943 5772 1169 5832 tempore
1204 5762 1320 5815 licet
1364 5761 1606 5835 discreto,
1650 5776 1915 5835 recurrens

327 5846 431 5887 una
452 5831 561 5889 dies
589 5830 645 5889 in
670 5842 934 5902 retentum,
969 5844 1017 5890 et
1046 5830 1151 5889 una
1184 5848 1375 5890 corona
1402 5832 1630 5889 sociat-it.
1663 5830 1915 5888 Fortasse

2006 2698 2253 2755 haeretici
2284 2698 2337 2755 in
2383 2698 2487 2755 hoc
2528 2699 2765 2755 concilio
2809 2699 2899 2755 illa
2949 2699 3292 2771 potissimum
3331 2701 3402 2758 de
3446 2718 3609 2761 causa

2005 2773 2471 2842 perstringuntur,
2524 2771 2671 2842 quod
2705 2771 2928 2826 Paulum
2971 2789 3000 2827 a
3054 2772 3199 2828 Petri
3243 2774 3507 2831 societate
3555 2778 3610 2832 in

2005 2841 2251 2917 martyrii
2283 2842 2406 2897 loco
2424 2841 2793 2917 seiungereth
2825 2860 2839 2896 :
2872 2858 2935 2917 ae
2966 2844 3199 2917 libenter
3230 2846 3467 2916 legerem
3517 2850 3611 2917 qui

2005 2929 2109 2967 non
2138 2913 2364 2987 diuerso,
2383 2914 2520 2987 sicut
2543 2914 2775 2969 ha’retici
2794 2916 3054 2987 garriunt,
3084 2914 3219 2984 loco,
3244 2913 3334 2970 sed
3359 2933 3463 2971 uno
3484 2913 3611 2973 tem-

2006 3000 2162 3059 pore,
2180 2985 2264 3039 vel
2303 2986 2392 3052 qui
2418 3001 2531 3059 non;
2550 2985 2941 3059 dirersonicut
2970 2985 3492 3059 Ira’reticignrriuut,
3520 2992 3610 3044 sed

2007 3055 2126 3131 uno
2145 3055 2282 3131 loco,
2311 3073 2414 3110 uno
2436 3057 2714 3131 eodemque
2744 3057 2984 3131 dietcte.
3017 3057 3073 3111 In
3099 3055 3247 3131 Actis
3278 3061 3608 3131 apocryphis

2009 3126 2128 3182 Litti
2172 3126 2427 3192 refertur,
2460 3126 2681 3182 Petrum
2749 3140 2805 3182 et
2844 3127 3069 3182 Paulum
3112 3126 3329 3183 diverso
3371 3126 3499 3185 loco
3555 3143 3609 3187 et

2011 3206 2256 3267 tempore
2283 3212 2472 3264 passos
2500 3199 2664 3253 fuisse
2686 3217 2698 3253 :
2719 3214 2828 3269 quo
2852 3199 3109 3255 imbecilli
3143 3201 3453 3256 testimonio
3474 3217 3608 3258 non-

2009 3269 2146 3325 nulli
2194 3281 2446 3325 recentes
2489 3270 2733 3325 ha'retici
2784 3271 2961 3327 adhuc
2998 3281 3239 3338 utuntur,
3282 3279 3341 3326 ut
3384 3272 3606 3329 Petrum

2011 3340 2200 3395 Roma:
2229 3341 2531 3403 exstitisse.
2562 3350 2652 3395 aut
2680 3347 2942 3412 martyrio
2968 3353 3285 3397 coronatum
3313 3344 3477 3399 fuisse
3506 3360 3605 3400 ne-

2008 3422 2156 3480 gent.
2186 3412 2388 3480 Verba,
2415 3428 2537 3477 qua:
2561 3417 2612 3465 ltt
2645 3413 2880 3467 concilio
2907 3422 3235 3482 sequuntur,
3267 3429 3441 3469 meam
3472 3431 3607 3470 con-

2005 3483 2275 3552 jecturam
2300 3485 2627 3538 conlirntant
2651 3501 2662 3535 :
2689 3484 2803 3538 Sua
2826 3486 3098 3552 prwsentia
3145 3494 3297 3550 atque
3316 3488 3606 3540 venerando

2011 3555 2271 3626 triumpho
2323 3554 2685 3626 prtetulerunt.
2738 3554 3104 3626 Cresconiana
3160 3554 3412 3609 collectio
3461 3558 3603 3626 apud

2012 3624 2303 3679 Baronitnn
2332 3624 2499 3679 rel'ert
2523 3626 2609 3692 qui
2647 3641 2749 3676 non
2791 3625 3024 3691 diverso,
3056 3626 3187 3679 sicut
3218 3625 3351 3695 falso
3379 3624 3606 3680 haeretici

2012 3697 2281 3768 garriunt,
2307 3695 2989 3768 sed_uno_,qeodnnquedie,
3020 3707 3125 3768 etc.
3160 3695 3327 3749 Paulo
3360 3706 3479 3765 post
3522 3714 3609 3751 sn-

2013 3764 2108 3833 pra
2155 3766 2345 3820 dictam
2399 3765 2460 3821 S.
2520 3764 2811 3820 Romanam
2866 3765 3150 3822 Ecclesiam
3199 3764 3608 3833 conseCrarunt;

2013 3852 2189 3908 neque
2211 3837 2364 3907 plura
2387 3851 2455 3891 ex
2480 3852 2541 3908 ea
2575 3837 2896 3892 collectione
2918 3837 3127 3907 profert
3152 3836 3437 3893 Duronius.

2090 3909 2111 3947 τ
2152 3909 2289 3964 Tres
2318 3908 2416 3963 has
2446 3907 2609 3963 sedes
2639 3908 2780 3962 Petri
2803 3924 2923 3963 esse
2951 3909 3104 3963 dicit.
3136 3909 3193 3963 In
3223 3908 3445 3965 decreto
3473 3925 3606 3966 vero

2012 3979 2218 4053 Gelasii
2248 3978 2651 4053 legi_tur,_Pctri
2678 3980 2886 4053 nomine
2911 3998 2941 4034 a
2966 3978 3145 4034 Marco
3180 3983 3292 4053 ejus
3322 3980 3602 4053 discipulo.

2088 4062 2111 4098 ὅ
2155 4051 2209 4105 In
2257 4051 2449 4106 codice
2482 4051 2809 4115 Vcronensi,
2852 4051 2905 4105 in
2952 4066 3081 4121 quo,
3125 4051 3370 4112 ut'dixi,
3425 4054 3608 4107 conci-

2013 4121 2144 4177 lium
2196 4131 2283 4178 est
2330 4123 2612 4188 mutilum,
2660 4132 2716 4177 et
2771 4122 2961 4191 incipit
3008 4138 3038 4177 a
3093 4122 3278 4179 verbis
3332 4121 3465 4178 Post
3514 4124 3607 4179 ltus

2015 4210 2187 4265 qnmes
2235 4194 2579 4265 propheticus,
2632 4203 2764 4259 etc.,
2794 4202 3030 4265 notatur,
3064 4192 3165 4248 hoc
3194 4193 3338 4259 loco,
3380 4193 3611 4261 Explicit

2015 4263 2305 4335 Concilium
2332 4263 2439 4317 sub
2488 4264 2717 4317 Damnso
2758 4281 2911 4335 papa.
2946 4264 3035 4320 Sic
3069 4265 3373 4320 absolutum
3426 4268 3610 4322 conci-

2013 4333 2144 4390 lium
2200 4334 2502 4389 Romanum
2566 4336 2667 4407 suh
2715 4333 2949 4390 Damaso
3004 4337 3142 4390 nihil
3199 4352 3312 4407 pra:
3367 4353 3426 4391 se
3479 4337 3605 4404 fert,

2014 4421 2113 4462 cur
2165 4408 2395 4478 Damaso
2435 4406 2734 4475 abjudicari
2785 4406 3001 4461 debeat.
3048 4406 3381 4478 Argumenta
3427 4410 3606 4473 enim,

2014 4493 2135 4549 quae
2167 4494 2235 4533 ex
2281 4477 2493 4532 ratione
2540 4487 2846 4544 temporum
2892 4478 3046 4532 tnnlti
3078 4477 3396 4549 proferunt,
3427 4479 3605 4535 solum

2015 4548 2268 4617 probant,
2295 4562 2403 4602 non
2431 4562 2551 4602 esse
2584 4548 2795 4602 Damasi
2826 4562 2889 4602 ea
2919 4549 3123 4614 omnia,
3152 4563 3272 4618 quae
3303 4550 3354 4603 in
3374 4548 3610 4604 Decreto

2014 4620 2304 4675 Gelasiano
2333 4621 2705 4688 continentur,
2736 4631 2796 4674 ιιι
2836 4633 2934 4691 per
2966 4635 3025 4675 se
3055 4621 3263 4676 clarum
3306 4628 3410 4674 est.
3451 4620 3609 4686 Quod

2013 4691 2063 4746 si
2087 4692 2254 4762 aliqui
2284 4691 2503 4747 codices
2530 4707 2636 4746 non
2666 4692 2841 4747 solum
2875 4696 2977 4747 hoc
3000 4691 3290 4746 concilium
3317 4692 3433 4746 suis
3463 4692 3609 4747 limi-

2019 4763 2159 4817 libus
2190 4763 2532 4829 conclusum,
2568 4762 2663 4817 sed
2698 4773 2868 4816 totum
2901 4764 3065 4819 etiam
3095 4762 3373 4818 decretum
3403 4762 3610 4819 Gelasii

2016 4835 2118 4889 sub
2148 4835 2362 4889 Damasi
2384 4835 2604 4889 nomine
2631 4834 2912 4900 exhibent,
2938 4834 2982 4887 is
3009 4834 3303 4889 errorinde
3331 4843 3488 4889 natus
3503 4845 3607 4900 est,

1938 4917 1993 4977 D
2017 4906 2164 4977 quod
2182 4907 2273 4977 vel
2302 4906 2555 4960 Gelasius
2586 4906 2816 4977 primam
2842 4916 3051 4977 partem
3075 4907 3157 4961 sui
3191 4907 3393 4961 decreti
3417 4922 3481 4977 ex
3506 4905 3610 4959 hoc

2016 4976 2251 5030 concilio
2272 4978 2524 5045 sumpsit,
2549 4987 2608 5029 ut
2636 4976 2920 5046 pontiﬁces
2950 4976 3179 5031 Romani
3210 4993 3277 5031 ex
3303 4976 3611 5045 praedeces-

2014 5048 2233 5101 soribus
2264 5047 2420 5116 plura
2449 5048 2766 5111 sumebant,
2798 5049 2882 5103 vel
2913 5049 3133 5102 aliunde
3169 5048 3459 5101 concilium
3484 5046 3609 5116 Da—

2016 5118 2153 5172 masi
2182 5117 2249 5170 ab
2266 5115 2455 5186 aliquo
2482 5119 2755 5187 adjectum
2784 5119 2880 5174 luit
2905 5117 3343 5173 decretoGelasii
3368 5118 3435 5170 de
3459 5115 3613 5187 libris

2017 5189 2150 5261 (non
2179 5187 2402 5256 divinis)
2442 5190 2801 5258 recipiendis,
2832 5190 2917 5245 vel
2955 5207 3083 5261 non
3110 5188 3473 5261 recipiendis.
3504 5186 3611 5261 Fa-

2016 5257 2120 5315 cile
2140 5268 2322 5315 autem
2352 5261 2468 5324 luit,
2498 5257 2648 5314 ut’ex
2669 5261 2841 5330 prima
2876 5271 3027 5328 parte
3058 5260 3261 5315 decreti
3295 5257 3571 5330 Gelasiani
3593 5300 3608 5324 ,

2018 5347 2180 5402 quam
2210 5332 2419 5385 Damasi
2444 5346 2566 5386 esse
2583 5329 2889 5396 constabat,
2919 5332 2972 5385 in
3002 5332 3188 5386 multis
3212 5329 3498 5402 codicibus
3509 5330 3613 5402 toti

2018 5400 2246 5458 decreto
2277 5416 2489 5473 nomen
2510 5403 2723 5457 Damasi
2753 5404 3222 5473 prtescriberetttr.
3270 5400 3614 5473 Probabilins

2017 5483 2198 5528 autem
2237 5474 2433 5541 credo,
2464 5471 2957 5542 Gelasium'ipsum
2990 5477 3041 5527 in
3081 5473 3301 5527 decreto
3328 5471 3397 5525 de
3440 5471 3614 5541 scrip-

2019 5546 2155 5599 turis
2186 5543 2540 5614 recipiendis,
2568 5555 2622 5600 et
2647 5559 2754 5598 non
2785 5543 3115 5611 recipiendis
3136 5542 3519 5614 concinnando
3544 5558 3610 5597 ex

2019 5616 2238 5670 Damasi
2271 5613 2505 5670 concilio
2547 5615 2776 5683 primam
2818 5624 3063 5684 partem,
3110 5613 3386 5670 nonnullis
3424 5614 3613 5668 leviter

2018 5688 2262 5756 mutatis,
2292 5687 2417 5740 aliis
2438 5687 2677 5751 omissis,
2709 5686 2832 5741 aliis
2852 5686 3071 5755 additis,
3096 5686 3380 5756 accepisse
3415 5702 3428 5739 :
3470 5685 3612 5755 quod

2019 5774 2084 5813 ex
2117 5760 2235 5828 ipso
2264 5758 2509 5822 decreto,
2541 5757 2685 5827 quod
2726 5772 2870 5813 nunc
2901 5758 3125 5829 sistam,
3157 5759 3394 5828 facilius,
3428 5767 3486 5813 ut
3510 5770 3613 5827 ego

2017 5830 2236 5901 quidem
2268 5830 2526 5900 arbitror,
2557 5831 2908 5902 percipiatur.
