4082 6188
507 324 612 384 795

1658 325 1911 382 SEVERI
1953 325 2298 383 RHE'I'ORIS
2340 326 2427 382 ΕΤ
2468 324 2721 385 POETE

3698 332 3804 388 796

529 486 3805 557 Ἠ

1009 698 2093 863 SEVERUS
2238 702 3310 867 RHETOR.

1584 1181 1681 1238 (Ex
1706 1178 1925 1231 Galland.
1947 1175 2176 1229 Biblioth.
2201 1175 2339 1229 Vett.
2365 1177 2500 1229 Patr.
2524 1183 2639 1229 tom.
2662 1177 2773 1242 IX.)

1748 1522 2564 1601 PROLEGOMENA
2579 1570 2605 1595 .

579 1717 602 1770 'l
618 1755 631 1769 .
675 1712 970 1783 Scriptoris
999 1709 1157 1781 hujus
1179 1723 1377 1765 nomen
1402 1707 1453 1763 in
1479 1704 1747 1763 Carminis
1770 1703 2099 1765 editionibus

2275 1705 2330 1759 2.
2372 1703 2504 1772 Quae
2530 1719 2654 1767 cum
2700 1706 2771 1767 ita
2815 1706 2927 1762 sint
2953 1749 2969 1774 ,
3019 1705 3252 1769 Carmen
3280 1712 3383 1768 sub
3409 1711 3591 1771 Severi
3619 1715 3803 1787 Sancti

501 1805 661 1874 cujus
688 1812 776 1860 est
803 1811 993 1858 auctor
1018 1846 1032 1870 ,
1080 1802 1151 1856 ita
1199 1799 1582 1854 circumfertur
1622 1816 1634 1849 :
1669 1795 1920 1851 SEvsnus
1965 1796 2098 1853 SAN-

502 1875 729 1956 c'rns,id
755 1898 832 1945 est
865 1891 1242 1945 ENDELBCIIIUS
1278 1885 1490 1941 Rhetor.
1511 1885 1645 1941 llinc
1672 1893 1788 1939 orta
1817 1884 1885 1940 de
1908 1884 2099 1941 eodem

504 1985 773 2054 scriptore
816 1982 964 2045 varia
1005 1982 1243 2041 virorum
1285 1978 1624 2035 eruditorum
1674 1977 1966 2034 sententia.
2019 1976 2097 2033 Ex

504 2076 720 2146 vulgata
771 2089 1003 2144 namque
1051 2074 1292 2129 editione
1333 2083 1521 2129 censet
1562 2069 1940 2125 'l‘illemontins
1977 2068 2101 2145 (ιι)²

503 2178 780 2224 auctorem
826 2183 948 2223 esse
994 2164 1368 2220 Endelechiuut
1414 2164 1505 2235 qui
1554 2162 1655 2218 sub
1697 2163 1872 2219 Severi
1921 2161 2105 2219 Sancti

506 2262 731 2317 nomine
762 2262 931 2316 latere
957 2258 1209 2313 voluerit.
1240 2255 1347 2312 Alii
1389 2268 1577 2311 contra
1623 2254 1937 2310 existimant
1983 2251 2057 2326 (b)
2083 2296 2099 2321 ,

507 2353 606 2409 has
638 2350 1007 2421 inscriptionis
1037 2365 1218 2415 voces,
1253 2349 1306 2401 id
1332 2358 1408 2402 est
1432 2346 1803 2414 Endelecltias,
1833 2347 1901 2401 ab
1925 2343 2101 2401 aliena

508 2462 670 2503 manu
700 2442 986 2499 manifeste
1016 2443 1230 2497 additas
1273 2441 1443 2495 fuisse
1468 2482 1485 2508 ,
1535 2439 1779 2510 adeoque
1824 2438 2102 2509 proprium

507 2538 747 2595 auctoris
773 2552 973 2593 nomen
1009 2551 1131 2591 esse
1161 2534 1414 2590 Sererum
1438 2532 1714 2589 Sanctam.
1745 2533 1825 2587 Ex
1855 2532 2103 2602 epistolis

506 2633 681 2689 sancti
711 2630 924 2686 Paulini
952 2628 1145 2684 Nolani
1173 2628 1486 2695 erudimur,
1516 2624 1767 2691 amicitiae
1800 2625 2102 2693 necessitu-

503 2724 660 2787 dines
700 2724 801 2792 ipsi
844 2721 1053 2776 duobus
1099 2734 1222 2775 cum
1260 2716 1391 2773 viris
1434 2716 1642 2786 fuisse,
1694 2731 1922 2786 quorum
1967 2716 2106 2781 alter

505 2815 877 2881 Eudelechius,
906 2815 1042 2870 alter
1064 2813 1290 2869 Sanctus
1314 2812 1716 2884 appellabatur.
1745 2810 1813 2866 Et
1831 2811 1900 2867 de
1921 2810 2106 2882 priore

505 2911 723 2981 quidem
755 2909 873 2964 hsce
899 2907 1061 2963 habet
1089 2906 1159 2981 (c)
1194 2924 1205 2960 :
1240 2907 1390 2961 Alius
1414 2904 1617 2960 libellus
1638 2921 1702 2959 ea:
1725 2903 1809 2959 Itis
1832 2913 1908 2959 est
1927 2945 1945 2973 ,
1975 2918 2105 2975 quos

506 3008 572 3058 ad
611 3006 976 3071 benedictum,
1021 3003 1076 3056 id
1118 3011 1190 3055 est
1223 3000 1580 3057 Christianum
1621 3001 1792 3054 virum
1822 3044 1835 3068 ,
1881 2999 2105 3055 amicum

2222 1797 2442 1859 nomine
2484 1797 2649 1869 vulgo
2694 1799 3118 1869 circumlatum,
3173 1801 3374 1861 Sancto
3420 1807 3602 1877 potius
3646 1826 3803 1882 quam

2220 1887 2553 1945 Endelechio
2591 1889 2971 1946 ascribendum
3017 1894 3447 1953 existimaverint
3504 1901 3802 1977 equidem;

2204 1982 2298 2054 qui
2333 1984 2567 2043 fortasse
2597 1982 2895 2051 binominis
2923 1985 3119 2041 fuerit:
3147 1988 3236 2045 ille
3262 2006 3518 2063 namque,
3553 2011 3664 2059 non
3697 1976 3804 2081 hic;

2208 2090 2371 2143 vorsa
2420 2073 2675 2135 facundia
2720 2076 2899 2132 clarus
2947 2077 3256 2147 celebratur
3284 2081 3549 2139 Paulino:
3580 2102 3707 2157 quae
3733 2073 3807 2157 esi

2206 2168 2548 2235 eruditorum
2599 2168 2856 2225 Historiae
2901 2170 3179 2228 litterariae
3219 2173 3441 2231 Gallica:
3478 2179 3805 2247 scriptorum

2210 2261 2478 2314 sententia
2512 2258 2633 2332 (in).
2680 2258 3063 2331 Aquitanicth
3093 2275 3274 2320 autem
3317 2266 3491 2324 fuisse
3537 2272 3805 2329 Carminis

2207 2360 2486 2417 auctorem
2526 2354 2740 2421 censuit
2769 2353 2961 2411 Petrus
2990 2355 3233 2414 Pithoeus
3258 2402 3273 2428 ,
3320 2362 3409 2432 qui
3439 2362 3569 2418 illud
3599 2381 3668 2420 ex
3702 2383 3800 2424 ms.

2205 2447 2396 2502 codice
2421 2446 2551 2502 Elite
2582 2447 2761 2503 Vineti
2792 2465 2914 2504 cum
2947 2462 3190 2508 veterum
3216 2453 3402 2510 Galliae
3426 2459 3802 2531 theologorum

2206 2537 2483 2606 opusculis
2511 2579 2526 2605 ,
2571 2538 2675 2594 sub
2709 2539 2872 2594 linem
2909 2543 3098 2597 saeculi
3145 2559 3231 2623 xvi
3258 2586 3273 2610 ,
3324 2545 3547 2604 Parisiis
3599 2552 3802 2620 primos

2210 2629 2487 2699 cvulgavit
2519 2647 2530 2683 τ
2566 2639 2621 2684 et
2649 2630 2865 2702 quidem
2896 2647 2962 2687 ex
2994 2633 3184 2697 eadem
3234 2635 3467 2703 fortasse
3499 2642 3637 2697 urbe
3672 2643 3798 2703 Bur-

2207 2721 2471 2795 digalensi
2503 2765 2518 2790 ,
2569 2739 2675 2797 qua
2718 2736 2872 2793 ortus
2916 2727 3234 2797 perhibetur
3273 2740 3493 2788 sanctus
3543 2735 3799 2805 Paulinus

2207 2817 2327 2889 ejus
2353 2817 2659 2874 familiaris.
2691 2818 2966 2876 Carminis
2995 2836 3127 2878 vero
3148 2826 3532 2882 conscribendi
3563 2834 3803 2888 occasio-

2207 2926 2332 2965 nem
2358 2910 2587 2980 praebuit
2610 2911 2727 2966 dira
2752 2911 3030 2983 lues,qua:
3056 2914 3134 2986 (η)
3162 2915 3499 2988 Pannonios,
3532 2920 3796 2993 Illyricos,

2209 3000 2400 3078 Belgas
2434 3003 2682 3073 aliosque
2717 3005 2947 3075 populos
2987 3007 3226 3078 graviter
3267 3011 3480 3071 stravit.
3531 3014 3663 3085 Ejus
3697 3032 3798 3086 me-

503 3115 674 3153 meum
704 3139 719 3162 ,
773 3097 1180 3160 Ennsnscnwu,
1211 3094 1480 3163 scripsisse
1519 3093 1695 3149 videor
1719 3135 1735 3162 ,
1788 3107 1890 3151 non
1934 3100 2099 3155 tamen

2212 3093 2366 3157 minit
2392 3135 2408 3161 ,
2439 3094 2867 3169 utnbservatutn
2900 3096 3137 3160 Baronio
3167 3099 3244 3171 (ο)
3270 3141 3287 3168 ,
3318 3115 3541 3163 sanctus
3570 3109 3799 3164 Ambro-s

510 3189 734 3243 edidisse
777 3186 1074 3239 convincar.
1124 3185 1451 3239 Postcrioris
1482 3198 1610 3239 vero
1641 3185 1974 3239 mentionem
2015 3182 2100 3237 iu-

496 3281 622 3350 jicit
660 3281 715 3335 in
760 3278 970 3335 duabus
1013 3276 1261 3347 epiStolis
1286 3318 1301 3343 ,
1358 3291 1495 3348 quas
1534 3275 1750 3333 Sucro
1777 3286 1834 3331 et
1860 3277 2099 3331 Amantio

507 3373 767 3428 fratribus
798 3372 1076 3440 inscripsit
1100 3368 1181 3442 (ά)
1215 3388 1226 3422 :
1268 3384 1337 3425 ex
1379 3385 1605 3440 quarum
1635 3370 1809 3425 altera
1842 3380 2057 3432 constat
2079 3410 2096 3437 ,

506 3464 758 3518 Sanctum
801 3462 1046 3533 poeticen
1094 3461 1423 3517 excoluisse.
1473 3461 1566 3516 Sic
1609 3463 1757 3517 enim
1812 3461 2093 3533 loquitur:

504 3555 743 3633 Hymnos
782 3572 908 3628 quos
951 3556 1307 3610 desiderabam
1332 3597 1347 3623 ,
1393 3556 1652 3629 accepisse
1689 3557 1927 3628 gratulor
1951 3572 1970 3611 :
1995 3573 2099 3631 quo

501 3666 732 3716 munere,
763 3648 977 3707 ὅλωστε
1003 3650 1186 3722 frater,
1217 3649 1533 3705 admonuisti
1554 3666 1654 3716 me,
1684 3659 1792 3706 etc.
1821 3651 1894 3705 De
1920 3649 2097 3706 Eude-

500 3742 677 3799 lcchio
705 3754 885 3798 autem
918 3743 970 3797 id
999 3759 1167 3798 unum
1194 3743 1359 3799 docet
1383 3750 1607 3799 sanctus
1630 3742 1793 3797 Pater
1820 3743 1926 3815 (e),
1974 3743 2098 3814 ejus

503 3837 755 3892 nimirum
788 3835 992 3891 monitu
1023 3837 1408 3906 panegyricum
1436 3833 1727 3890 Theodosii
1758 3835 1827 3890 ab
1848 3850 1908 3890 se
1932 3835 2099 3891 fuisse

502 3933 895 4003 conscriptum,
924 3931 1083 4002 cujus
1114 3931 1412 3986 meminere
1437 3929 1797 3999 Hieronymus
1820 3924 1913 4002 (f),
1945 3928 2092 3985 Gen-

504 4027 699 4082 nadius
729 4027 806 4101 (g)
837 4038 891 4082 et
919 4025 1279 4082 Cassiodorus
1305 4022 1408 4096 (It).
1451 4025 1528 4080 Ex
1575 4025 1772 4095 quibus
1801 4041 1931 4097 ergo
1958 4025 2091 4081 illud

504 4122 752 4192 colligas,
771 4122 1028 4177 Sanctum
1047 4119 1484 4190 distinguendum
1510 4134 1631 4175 esse
1651 4120 1720 4173 ab
1741 4118 2094 4186 Endelechio,

502 4231 664 4271 secus
704 4222 865 4285 atque
894 4226 1159 4271 censuere
1188 4215 1291 4270 viri
1322 4215 1501 4280 docti,
1530 4211 1801 4269 Baronius
1832 4212 1895 4285 (i)
1925 4256 1941 4281 ,
1981 4214 2097 4272 Sir-

503 4309 736 4365 mondus
776 4308 842 4382 (ἱ)
868 4348 884 4376 ,
941 4308 1273 4379 Rosweydus
1317 4307 1392 4381 (lt)
1441 4318 1498 4365 et
1544 4307 1828 4366 Fabticius
1858 4308 1924 4382 (l)
1960 4327 1972 4362 :
2004 4309 2098 4380 qui

501 4403 736 4459 amicum
768 4401 986 4472 quidem
1014 4402 1190 4457 sancti
1220 4402 1427 4458 Paulini
1459 4403 1747 4474 scripsisse
1770 4402 2002 4458 Carmen
2030 4402 2098 4458 de

501 4512 608 4566 quo
639 4510 948 4589 sermonem
978 4493 1270 4571 habemus,
1304 4495 1680 4565 constituunt;
1722 4511 1881 4568 quem
1913 4503 2091 4550 tamen
2123 4500 2170 4565 ο
2199 4534 2440 4589 manus.
2506 4573 2518 4585 .
2587 4571 2603 4584 .
2669 4574 2681 4587 ⁸
2751 4572 2763 4586 ι
2835 4573 2848 4585 .
2918 4572 2930 4585 ι
2956 4537 3048 4589 Dic

501 4603 667 4643 unum
698 4587 980 4643 exstitisse
1006 4628 1022 4655 ,
1068 4588 1428 4658 eamdemque
1466 4591 1804 4653 nominatum
1842 4590 2089 4653 Severum

505 4678 759 4735 Sanctum
797 4681 1173 4737 Endelechiam
1211 4683 1553 4749 existimant,
1585 4685 1763 4740 minus
1803 4694 1951 4740 recte
1978 4726 1992 4751 ,
2037 4695 2095 4738 ut
2126 4693 2132 4699 '

502 4772 722 4828 videtur
755 4791 766 4824 :
802 4790 926 4828 cum
957 4791 1024 4830 ex
1056 4776 1192 4831 locis
1238 4775 1403 4831 modo
1442 4775 1622 4830 allatis
1649 4786 1869 4831 sanctus
1900 4776 2097 4846 pracsul

499 4864 741 4922 Nolanus
781 4868 919 4923 duos
967 4869 1137 4925 fuisse
1169 4910 1185 4935 ,
1238 4869 1608 4939 Sanctamque
1653 4867 1722 4927 ab
1770 4866 2100 4925 Endelechio

500 4961 822 5019 distinxisse
851 4973 1041 5032 aperte
1065 4963 1198 5018 satis
1223 4961 1631 5033 comprobetur.

568 5168 651 5232 la)
688 5163 898 5221 Tillem.
930 5163 1070 5238 Hist.
1098 5162 1196 5238 des
1222 5163 1443 5238 Emper.
1480 5174 1611 5222 tom.
1646 5165 1718 5231 ν,
1748 5182 1871 5238 pag.
1906 5166 2032 5223 148.

500 5237 828 5366 56(b)5lzlist.
884 5235 1050 5292 littér.
1108 5235 1177 5290 de
1225 5235 1272 5290 la
1324 5237 1524 5294 Franc.
1584 5249 1716 5295 tom.
1752 5235 1866 5305 'Il',
1931 5252 2090 5309 pagg.

502 5312 532 5344 l‘.’

572 5354 903 5453 (2)"i3huan.
936 5385 1095 5452 epist.
1124 5384 1220 5446 28,
1254 5396 1403 5437 num.
1431 5379 1489 5437 6.

574 5450 654 5521 (ά)
695 5450 783 5504 Id.
817 5450 982 5521 epist.
1005 5455 1078 5511 40
1105 5470 1159 5514 et
1181 5456 1276 5511 it.

574 5458 630 5519 (ά
695 5458 783 5504 ιιι.
817 5458 976 5521 epist.
1005 5458 1078 5511 40
1105 5470 1159 5514 et
1181 5458 1237 5511 Η

573 5458 654 5606 (ei
808 5525 965 5592 epist.
995 5526 1086 5606 28,
1123 5531 1237 5606 l_.”c.

578 5593 647 5664 (Ι)
686 5593 910 5667 Ilieron.
939 5600 1098 5667 epiSt.
1134 5599 1226 5661 58,
1255 5595 1324 5651 al.
1354 5594 1445 5661 15,
1478 5610 1627 5650 num.
1662 5597 1714 5651 l.

583 5663 659 5735 (η)
700 5663 936 5735 (genitali.
967 5663 1039 5723 de
1071 5669 1183 5722 Vir.
1216 5669 1409 5723 illustr.
1441 5681 1561 5735 cap.
1586 5667 1676 5721 48.

585 5732 670 5805 (ft)
700 5732 943 5805 _Cassiod.
972 5737 1040 5790 dc
1070 5739 1241 5803 lttstit.
1277 5732 1523 5805 div.ilitt.
1554 5752 1673 5805 cap.
1706 5739 1795 5793 21.

587 5801 652 5871 (i)
692 5801 885 5861 Barca.
916 5806 981 5858 ad
1007 5802 1135 5861 ann.
1168 5807 1293 5876 576,
1324 5806 1353 5875 θ
1384 5804 1436 5861 8.

2204 3185 2321 3240 sius
2351 3185 2433 3260 (p)
2462 3204 2475 3239 :
2507 3205 2526 3237 ‹
2570 3185 2869 3242 Verborum
2898 3190 3225 3257 caelestium,
3252 3194 3448 3266 inquit,
3476 3198 3611 3253 nulli
3639 3202 3799 3271 magis

2203 3289 2364 3345 quam
2406 3291 2505 3330 nos
2544 3284 2713 3332 testes
2751 3291 2959 3334 sumus.
3001 3278 3212 3347 Quanta
3260 3289 3405 3340 enim
3455 3289 3646 3359 prmlia
3674 3332 3691 3359 ,
3743 3303 3791 3359 et

2202 3380 2338 3434 quas
2383 3366 2668 3437 opiniones
2706 3371 3015 3440 accepimus
3055 3374 3454 3443 praeliorum...
3506 3381 3643 3446 Quae.
3681 3398 3791 3438 om-

2203 3461 2353 3517 nium
2379 3456 2548 3515 fames
2573 3503 2586 3524 ,
2636 3462 2746 3515 lues
2772 3464 2967 3531 pariter
2993 3463 3145 3519 boum
3169 3476 3324 3538 aqua
3347 3467 3622 3527 hominum
3642 3515 3656 3538 ,
3690 3491 3788 3530 ce-

2204 3550 2401 3620 terique
2422 3554 2655 3622 pecoris;
2689 3563 2745 3608 ttt
2773 3555 2936 3610 etiam
2968 3558 3058 3628 qui
3091 3559 3291 3615 bellum
3323 3576 3429 3631 non
3458 3567 3791 3634 pertulimus,

2200 3645 2489 3704 debellatis
2520 3658 2700 3707 tamen
2738 3666 2842 3708 nos
2883 3648 3045 3723 pares
3075 3653 3265 3713 fecerit
3292 3659 3631 3730 pestilentia?
3662 3662 3795 3734 Ergo

2200 3742 2325 3813 quia
2355 3743 2408 3798 in
2438 3757 2639 3799 occasu
2680 3747 2863 3801 smculi
2900 3761 3091 3805 sumus
3114 3790 3130 3817 ,
3187 3754 3505 3821 prterednnt
3549 3757 3792 3825 quaedam

2202 3836 2550 3907 aegritudines
2609 3837 2814 3892 mundi.
2872 3837 3165 3911 Egritudo
3214 3845 3402 3900 mundi
3454 3856 3539 3901 est
3584 3847 3792 3915 fames,

2201 3929 2464 4001 aegritudo
2495 3930 2677 3993 mundi
2707 3943 2791 3988 est
2815 3934 3109 4006 pestilentia
3134 3978 3151 4005 ,
3200 3938 3469 4009 aegritudo
3498 3942 3687 3997 mundi
3719 3949 3796 3998 est

2201 4026 2531 4096 persecutio.
2571 4043 2590 4077 ›
2628 4027 2756 4082 Haec
2800 4037 3021 4086 sanctus
3066 4030 3247 4087 Pater.
3290 4032 3580 4100 Quomodo
3617 4045 3795 4095 autem

2202 4117 2470 4188 ejusmodi
2520 4118 2638 4173 lues
2682 4134 2780 4190 per
2828 4121 3045 4192 signum
3093 4135 3295 4178 Sanctae
3332 4124 3513 4188 crucis
3546 4125 3797 4182 facillime

2202 4220 2530 4281 curaretur,
2588 4222 2806 4269 enarrat
2854 4215 2908 4272 in
2952 4231 3050 4272 sua
3083 4217 3316 4289 eleganti
3378 4219 3563 4290 ecloga
3599 4219 3799 4276 Rhetor

2201 4317 2389 4363 noster
2421 4307 2504 4363 his
2531 4309 2710 4365 verbis
2742 4308 2818 4382 (q)
2844 4327 2856 4362 :

2506 4573 2518 4585 .
2587 4571 2603 4584 .
2669 4574 2681 4587 .
2751 4572 2763 4586 .
2835 4573 2848 4585 .
2918 4539 3393 4603 .Dicage,'l'ityre.

2484 4598 2604 4674 Quis
2629 4605 2690 4674 te.
2703 4599 2948 4674 subripuit
2969 4601 3189 4659 cladibus
3226 4602 3306 4674 his
3323 4600 3480 4674 Deus,

2487 4657 2546 4710 Ut
2567 4661 2720 4728 pestis
2744 4657 2988 4728 pecudum
3011 4657 3368 4728 quae’pOpulata
3391 4664 3457 4713 sit

2611 4679 2720 4711 esus
2744 4679 2988 4725 pecudum
3011 4679 3123 4773 quae
3142 4679 3183 4728 pt

2611 4725 2828 4785 Vicinos,
2852 4726 2939 4776 tibi
2963 4740 3027 4775 nu
3053 4727 3095 4775 la
3119 4731 3183 4778 sit

2202 4786 2430 4845 Ti'rrnus.
2482 4788 2685 4853 Signum
2706 4787 2834 4852 quod
2859 4788 3130 4851 perhibent
3159 4802 3273 4840 esse
3290 4788 3449 4839 crucis
3468 4787 3586 4850 Del,

2485 4887 2497 4899 ο
2566 4886 2580 4900 ο
2652 4887 2665 4898 ο
2736 4888 2748 4899 ι
2821 4888 2832 4900 ο
2902 4889 2913 4899 ι
2985 4887 2997 4899 ι
3066 4890 3081 4905 α
3150 4887 3163 4900 ο
3236 4890 3249 4902 ο
3318 4890 3330 4902 ο
3400 4888 3413 4900 ο
3483 4888 3495 4899 ι
3566 4889 3579 4901 ο

2481 4911 2588 4977 Hoc
2601 4914 2795 4977 signum
2818 4913 2993 4964 mediis
3015 4913 3257 4965 frontibus
3286 4914 3524 4977 additum,

2485 4974 2777 5026 Cunctarum
2796 4976 3039 5040 pecudum
3061 4985 3198 5027 certa
3222 4977 3353 5028 salus
3374 4976 3487 5027 fuit.

2202 5238 2225 5292 1
2654 5165 2723 5239 at]
2750 5165 2845 5223 lib.
2876 5182 2960 5235 tv,
2995 5168 3156 5239 epist.
3186 5169 3242 5234 8,
3270 5169 3459 5226 Sidon.
3497 5182 3629 5239 opp.
3659 5175 3795 5222 tom.

2249 5278 2264 5302 ,
2299 5256 2418 5302 pag.
2456 5256 2582 5293 aeu.

2296 5310 2351 5380 lt)
2387 5310 2565 5380 Bosw.
2605 5309 2673 5365 ad
2702 5310 2865 5379 epist.
2889 5310 2948 5367 9.
2977 5309 3187 5369 Paulin.

2296 5378 2753 5454 l)»Eqbric.gBibl.
2782 5380 2900 5454 Lat.
2933 5394 3063 5454 tom.
3089 5380 3157 5440 Ill
3177 5425 3193 5451 ,
3226 5398 3351 5453 pag.
3376 5382 3507 5438 278.

2298 5452 2370 5524 ῆι)
2411 5452 2748 5525 Histtlittér.
2770 5454 2839 5525 de
2872 5453 2920 5507 la
2955 5452 3149 5511 Franc.
3182 5452 3321 5525 tom.
3347 5456 3439 5510 cit.
3473 5469 3596 5525 pag.
3629 5452 3721 5509 57.

2297 5523 2356 5593 η)
2396 5523 2516 5593 Seu.
2547 5523 2727 5580 Carm.
2761 5524 2949 5581 Bucol.
2982 5538 3155 5581 verss.
3183 5523 3276 5588 22,
3307 5527 3399 5581 2.3.

2299 5591 2352 5666 ο)
2389 5591 2584 5666 Baron.
2614 5594 2647 5650 Ι.
2684 5609 2735 5649 ε.

2277 5664 2357 5738 (p)
2382 5664 2574 5745 _Ambr.
2601 5666 2909 5745 grimmettt.
2933 5665 2987 5727 in
3010 5664 3142 5729 Luc.
3170 5666 3265 5725 lib.
3287 5684 3345 5739 ι,
3370 5683 3522 5725 num.
3548 5668 3635 5735 to,
3661 5680 3791 5737 opp.

2206 5736 2346 5793 ttm't.
2375 5738 2437 5807 ιι
2461 5752 2580 5807 pag.
2612 5736 2773 5792 1506.

2293 5807 2373 5881 (q)
2403 5805 2593 5870 Seiu'l.
2624 5808 2718 5869 cit.
2745 5823 2830 5869 vv.
2865 5807 2961 5871 Illi
2994 5824 3146 5880 seqq.
