4082 6188
353 285 461 345 ουτ

1620 291 1911 351 CARMEN
1953 293 2363 354 Βυίιοιιουω.

2745 336 2777 360 κ
3164 290 3184 298 "
3552 277 3657 347 198'

428 405 480 457 5.
533 403 606 458 Ex
643 404 836 460 eodem
888 407 1017 462 item
1065 404 1304 461 carmine
1354 419 1459 475 qua
1505 415 1664 461 aetate
1710 408 2029 473 ﬂorueritA
2060 412 2264 469 militia:
2291 411 2615 488 Christianae
2647 422 2843 464 nomen
2886 407 3125 465 dedisse.
3171 408 3263 464 Sic
3289 408 3436 464 enim
3482 424 3533 462 tn
3558 420 3656 461 sna

356 505 576 565 auctor,
606 498 877 568 cxpiscari
908 498 1056 555 licet.
1091 499 1283 555 Snbdit
1308 499 1450 554 enim
1481 500 1703 573 Tityrus
1728 503 1805 574 (ο)
1832 522 1842 556 :

547 612 742 680 Magnis
754 614 841 676 qui
857 611 1039 680 colitur
1056 612 1190 680 solus
1210 615 1509 680 in__urbibus,

544 674 787 748 Christus;
810 676 1042 748 perpetui
1066 675 1225 748 gloria
1253 675 1495 740 Numinis,

736 736 884 800 Cujus
906 736 1033 789 illius
1056 736 1248 790 unicus.

358 843 434 898 Ea
482 844 665 916 itaque
722 854 1076 917 tempestate,
1126 846 1436 907 Christiana
1487 846 1753 921 religione
1802 849 1954 905 inva-

354 935 631 1004 lescente,
668 936 938 995 idolorum
965 939 1149 995 cultus
1184 939 1239 994 in
1269 939 1423 1010 pagis
1456 950 1659 997 tantum
1687 952 1742 998 et
1763 942 1956 999 viculis

361 1028 542 1086 adhuc
575 1030 789 1102 vigebat
820 1049 835 1087 :
863 1047 983 1102 qua:
1011 1032 1229 1103 quidem
1254 1034 1461 1090 notatio
1485 1034 1742 1091 saeculum
1770 1051 1825 1090 it’
1858 1035 1955 1092 de-

353 1123 543 1179 sinens
573 1121 765 1178 innuit.
799 1124 896 1180 llis
916 1124 1057 1181 adde
1084 1169 1098 1191 ,
1141 1134 1390 1180 sanctum
1424 1126 1770 1185 Ambrosium
1801 1141 1953 1182 suam

362 1214 777 1284 Expositionem
802 1216 855 1273 in
883 1216 1106 1281 Lucam,
1144 1216 1237 1272 ubi
1274 1217 1426 1273 testis
1468 1216 1715 1275 oculatus
1745 1232 1954 1275 memo-

353 1307 681 1363 ratamluem
706 1316 1008 1376 grassatam
1032 1307 1197 1363 fuisse
1219 1308 1405 1374 tradit,
1424 1308 1817 1380 conscripsisse
1842 1324 1947 1365 non

355 1408 481 1455 ante
515 1414 713 1454 annum
756 1399 866 1457 586
889 1443 906 1469 ,
939 1410 1001 1455 ut
1041 1409 1164 1471 post
1196 1399 1572 1456 Hermantium
1603 1401 1680 1474 (b)
1713 1402 1958 1471 pluribus

362 1493 701 1563 argumentis
766 1494 1047 1550 evicerunt
1106 1491 1407 1550 doctissimi
1473 1493 1956 1552 Arnbrosianorum

356 1599 582 1654 operum
624 1585 863 1642 editores
885 1585 991 1642 BB.
1023 1585 1120 1659 (c).
1147 1584 1418 1641 Caeterum
1449 1600 1556 1642 non
1585 1594 1671 1642 cst
1699 1587 1787 1644 hic
1821 1604 1955 1658 prae-

359 1676 683 1731 tereundum
710 1718 725 1744 ,
758 1690 979 1734 carmen
1008 1676 1251 1734 auctoris
1293 1678 1462 1735 nosui
1503 1678 1766 1737 hactenus
1794 1679 1960 1737 fuisse

357 1769 680 1839 inscriptum
712 1770 777 1825 de
801 1770 1053 1825 mortibus
1081 1771 1254 1826 boum.
1285 1769 1471 1841 Inepte
1509 1771 1653 1827 enim
1690 1787 1822 1828 vero
1851 1789 1867 1827 :
1901 1783 1958 1828 ut

351 1863 477 1930 jure
519 1861 706 1916 statuit
750 1860 1038 1919 Reinesius
1085 1862 1228 1935 apud
1280 1862 1853 1937 Schoettgcnium(d).
1895 1863 1955 1925 ιιι

353 1953 498 2009 eni-n
545 1969 713 2010 unum
758 1963 932 2025 poetae
973 1954 1279 2012 christiano
1328 1956 1668 2027 prepositum
1718 1956 1842 2024 l'uit,
1897 1970 1956 2013 ut

352 2048 531 2104 crucis
554 2046 755 2107 Christi
775 2064 940 2121 quem
966 2050 1136 2107 Deum
1154 2050 1353 2120 ubique
1382 2049 1641 2121 praedicat
1661 2051 1759 2123 (ei,
1783 2050 1957 2107 virtu-

354 2148 463 2197 tem
505 2140 796 2198 extolleret
837 2158 854 2209 ;
897 2140 1051 2212 cujus
1098 2141 1353 2199 nimirum
1411 2142 1736 2214 prtepotenti
1797 2143 1955 2214 signo

361 2244 503 2285 sazva
538 2230 656 2287 lues
690 2230 782 2286 illa
829 2232 1017 2290 sedata
1057 2231 1259 2289 fuerit:
1304 2232 1437 2288 illud
1488 2242 1749 2304 prmterea
1793 2235 1955 2289 simul

359 2323 568 2379 addens
596 2365 611 2390 ,
641 2338 707 2379 eo
752 2323 1003 2395 prodigio
1033 2333 1334 2395 permotam
1361 2324 1702 2381 ethnicorum
1744 2326 1955 2382 turbam

430 2471 510 2542 (η)
544 2472 664 2528 Seu.
693 2470 875 2526 Carm.
911 2472 1092 2528 bucol.
1126 2489 1213 2528 vv.
1244 2473 1349 2529 102
1379 2488 1496 2537 sca.

428 2543 506 2614 (b)
541 2542 809 2617 Hermum.
842 2542 953 2599 Vit.
986 2544 1046 2599 S.
1076 2544 1268 2617 5mm.
1298 2546 1393 2617 lib.
1422 2561 1498 2613 tv,
1528 2559 1649 2617 cap.
1680 2546 1771 2604 '20.

454 2620 507 2688 α)
536 2614 716 2688 Aptbr.
746 2630 872 2685 opp.
911 2625 1042 2669 tom.
1074 2612 1143 2688 ll,
1174 2631 1292 2688 pag.
1324 2612 1609 2688 125838ᾳᾷ

451 2687 509 2757 ά)
552 2684 795 2741 δεῆσαι(
827 2698 956 2740 ιυηι.
987 2701 1039 2740 vr
1073 2684 1209 2742 Bibl.
1245 2684 1387 2742 med.
1424 2688 1541 2743 Lat.
1570 2684 1791 2745 Fabric.
1824 2706 1947 2763 pag.

2058 503 2246 575 ecloga
2279 513 2435 574 poeta
2459 511 2645 558 noster
2690 501 2958 571 [Egonem
2985 543 3000 567 ,
3040 516 3209 556 unum
3240 517 3305 556 ex
3346 499 3658 572 pastoribus

2060 596 2359 651 idololatris
2381 640 2396 664 ,
2423 596 2734 667 loquentem
2762 593 2970 649 inducit
2995 592 3068 665 (f)
3096 611 3109 647 :

2792 751 2981 815 Tityre,
3004 749 3073 815 nil
3096 762 3283 815 moror,

2247 816 2373 874 Quin
2402 815 2538 865 veris
2566 812 2777 863 famuler
2802 812 3169 874 relligionihus.

2245 876 2477 939 Errorem
2504 882 2730 939 veterem
2751 873 3002 939 dlﬁ‘ugiam
3027 874 3190 924 libens
3219 889 3231 925 :

2429 938 2552 1007 Nam
2574 938 2721 989 fallax
2740 945 2794 1007 et.
2816 938 2973 987 inanis
3002 944 3097 988 est.

2244 1002 2310 1051 At
2344 1014 2409 1051 ne
2430 998 2529 1062 jat'n
2556 1012 2646 1063 pro
2684 1006 2791 1050 erat.
2816 1011 2958 1049 mens
2976 1011 3084 1048 mea
3108 998 3291 1058 visere,

2305 1013 2489 1112 gummi
2515 1014 2699 1112 temnl’a

2305 1062 2489 1113 Summi
2515 1062 2699 1125 templa

2058 1206 2267 1276 Quibus
2312 1206 2540 1285 proinde
2586 1207 2817 1280 positis,
2875 1206 3061 1264 deleta
3109 1207 3311 1265 insulsa
3359 1207 3656 1279 epigraphe

2060 1315 2182 1372 qua:
2214 1300 2320 1355 huc
2358 1315 2530 1370 usque
2571 1300 2826 1369 obtinuit,
2867 1299 3097 1357 Carmen
3136 1300 3532 1371 inscripsimus,
3580 1299 3661 1355 De

2058 1395 2247 1448 virtute
2270 1393 2405 1465 signi
2434 1392 2614 1448 Cruci:
2643 1391 2876 1448 Domini.
2903 1391 3074 1449 Porro
3096 1393 3166 1449 ab
3189 1408 3255 1447 eo
3286 1402 3530 1462 tempore
3552 1406 3659 1460 quo

2059 1485 2199 1541 illud
2241 1486 2418 1555 primo
2445 1484 2653 1541 editum
2683 1484 2781 1540 fuit
2810 1501 2837 1539 a
2871 1468 3104 1552 Pithmo’,
3136 1496 3191 1547 ut
3228 1485 3478 1557 superius
3523 1484 3664 1539 dixi-

2062 1594 2203 1645 mus,
2239 1595 2383 1635 anno
2419 1580 2632 1636 scilicet
2670 1578 2812 1637 1586
2840 1588 3087 1636 veterum
3118 1578 3340 1637 Patrum
3364 1577 3662 1632 Bibliothe-

2059 1672 2139 1727 cis
2170 1672 2336 1727 fuisse
2362 1671 2627 1729 intextum
2667 1672 2919 1727 novimus
2947 1688 2959 1725 :
2994 1672 3291 1743 separatim
3311 1684 3441 1725 vero
3469 1670 3660 1739 vulgao

2065 1778 2175 1822 tum
2213 1765 2555 1822 Francot‘urti
2582 1779 2727 1821 anno
2761 1762 2902 1821 1612
2926 1806 2943 1833 ,
2974 1779 3104 1820 cura
3129 1774 3184 1819 et
3212 1762 3395 1819 studio
3434 1762 3660 1817 Joannis

2062 1857 2279 1915 Weitzii
2310 1866 2367 1915 et
2390 1857 2696 1931 Wollgangi
2726 1857 2918 1919 Seberi
2951 1875 2964 1912 :
2998 1868 3161 1928 atque
3189 1857 3303 1911 haec
3324 1856 3514 1911 eadem
3547 1853 3661 1908 cdi-

2064 1953 2138 2008 tio
2170 1966 2292 2006 cum
2323 1966 2460 2006 nova
2493 1949 2813 2019 prtefatinne
2838 1963 3024 2004 rursus
3051 1947 3254 2019 prodiit
3283 1946 3529 2017 Lugduni
3560 1945 3661 2000 Ba-

2062 2055 2307 2099 tavorum
2349 2057 2494 2098 anno
2538 2041 2698 2097 1715.
2747 2040 2987 2118 Denique
3034 2039 3205 2110 ipsam
3249 2036 3467 2109 repetiit
3523 2036 3662 2092 Gro-

2061 2138 2239 2207 ninga:
2277 2151 2420 2191 anno
2475 2135 2616 2191 1723
2655 2133 2971 2191 Gerbardus
3008 2132 3313 2197 Outbovius
3360 2131 3427 2187 ad
3455 2131 3658 2187 calcem

2062 2230 2189 2287 libri
2225 2230 2289 2286 de
2325 2229 2550 2302 judiciis
2594 2227 2838 2295 Jehovw,
2885 2236 2941 2283 ut
2987 2242 3054 2284 ex
3085 2225 3338 2283 Fabricio
3388 2224 3664 2295 comperi-

2065 2341 2185 2393 mus
2205 2326 2305 2398 (9)-

2064 2478 2201 2622 “;(t')
2233 2550 2354 2623 seu.
2382 2553 2421 2608 1.
2453 2567 2504 2605 c.
2533 2567 2621 2607 vv.
2660 2551 2785 2618 l05.
2816 2554 2943 2622 ill,
2973 2553 3098 2623 iu,
3130 2552 3255 2608 tas.

2160 2622 2205 2692 ῃ
2235 2620 2325 2676 Id.
2363 2622 2500 2679 Ibid.
2543 2639 2597 2678 ν.
2629 2623 2753 2679 tat.

2160 2624 2205 2692 ῃ
2235 2624 2325 2676 Id.
2363 2624 2500 2679 lbid.
2543 2639 2597 2678 ν.
2629 2624 2753 2679 tat.

2132 2624 2209 2766 fg)
2235 2692 2443 2750 Fabric.
2475 2693 2613 2750 Bibl.
2647 2695 2765 2751 Lat.
2792 2706 2923 2751 tom.
2955 2695 3045 2760 ιιι,
3076 2710 3198 2766 pag.
3228 2695 3357 2752 218.

647 3054 1330 3167 SEVERI
1404 3052 2347 3191 BHETOBIS
2421 3056 2661 3173 ET
2735 3058 3381 3175 POETE

914 3240 1487 3390 CARM
1514 3242 1749 3384 EN

1921 3242 3111 3393 BUCOLICUM

775 3482 934 3552 DE
1009 3480 1616 3554 VIBTUTE
1699 3481 2065 3555 SIGNI
2136 3483 2637 3558 CRUCIS
2710 3473 3247 3565 DOMINI.

1511 3727 1741 3796 EGON,
1787 3728 2128 3801 llUCULUS,
2168 3731 2488 3791 TITYRUS.

1069 3948 1221 3990 £601!
1230 3974 1241 3987 .

496 4046 783 4115 Quidnam,
813 4047 1108 4118 solivagas,
1143 4049 1372 4116 Buculc,
1409 4049 1584 4107 tristia

584 4139 838 4195 Demissis
868 4139 1113 4209 graviter
1139 4140 1455 4211 luminibus,
1482 4144 1691 4213 geniis?

572 4232 683 4291 Cur
707 4240 930 4286 manant
959 4232 1214 4305 lacrymis
1242 4233 1508 4304 largiﬂuis
1533 4238 1721 4306 gemo?

647 4322 773 4388 Fac,
807 4331 865 4376 ut
894 4322 1040 4378 norit
1070 4337 1260 4378 amans
1292 4324 1389 4380 tui.

1039 4450 1302 4492 BUCULUS.

431 4532 464 4585 5
505 4530 703 4604 Egon.
734 4545 946 4603 quaeso,
980 4530 1128 4587 sinas
1153 4530 1261 4587 alta
1289 4530 1505 4587 silentia

579 4624 763 4697 digris
790 4640 879 4680 me
909 4623 1122 4694 penitus
1148 4623 1386 4680 condere
1409 4624 1685 4687 sensibus.

578 4717 708 4773 Nam
735 4718 933 4774 vulnus
962 4727 1190 4786 reserat,
1214 4719 1303 4788 qui
1333 4718 1472 4773 mala
1499 4719 1736 4788 publicat
1760 4736 1774 4775 :

641 4812 884 4880 Claudii,
909 4813 1003 4884 qui
1027 4812 1246 4871 tacitum
1271 4811 1495 4883 premit.

1069 4940 1245 4983 1560!.

491 5020 695 5078 Contra
718 5030 822 5089 est,
855 5036 1013 5092 quam
1044 5020 1283 5092 loqueris
1315 5039 1328 5072 :
1355 5028 1506 5075 recta
1533 5032 1637 5075 nec
1659 5029 1938 5075 autumas:

393 5113 461 5169 10
567 5112 702 5169 Nam
730 5115 923 5180 divisa,
955 5115 1132 5170 minus
1154 5114 1365 5170 sarcina
1394 5114 1453 5168 ﬁt
1474 5113 1656 5183 gravis
1680 5132 1692 5165 :

567 5207 633 5262 Et
659 5207 916 5278 quidquid
938 5208 1155 5276 tegitur.
1183 5207 1377 5262 saevius
1402 5206 1660 5275 incoquit.

644 5299 871 5355 Prodest
900 5313 1083 5355 sermo
1110 5298 1409 5354 doloribus.

1028 5428 1263 5470 BUCULUS
1274 5455 1283 5466 .

500 5507 644 5570 Scis,
673 5504 869 5577 IEgon,
893 5506 1149 5576 gregibus
1172 5522 1332 5573 quam
1355 5507 1548 5562 fuerim
1580 5517 1769 5576 potens
1798 5527 1808 5559 :

571 5599 640 5655 Ut
670 5599 797 5653 totis
827 5598 1067 5669 pecudes
1095 5597 1411 5655 ﬂuminibus
1437 5615 1586 5671 vagte

397 5692 466 5747 15
571 5690 928 5761 Complerent
955 5689 1118 5746 etiam
1152 5706 1390 5745 concava
1416 5693 1658 5759 vallium,

644 5783 884 5855 Campos
909 5791 965 5839 et
982 5781 1110 5855 juga
1138 5782 1401 5841 montium
1436 5802 1448 5837 :

1979 5330 2032 5390 D

2211 3941 2369 3999 Nunc
2401 3944 2565 4017 lapsa:
2597 3944 2813 4016 penitus
2843 3960 2970 4015 spes
3001 3945 3122 4019 opis
3147 3954 3233 4002 est
3257 3960 3394 4003 mea:
3422 3967 3436 3998 :

2277 4039 2343 4093 Et
2373 4038 2567 4109 longus
2596 4039 2803 4110 peperit
2827 4055 2949 4110 qua:
2979 4039 3135 4095 labor
3165 4037 3422 4095 omnibus

2292 4130 2428 4185 Vita:
2457 4131 2816 4202 temporibus,
2849 4132 3060 4204 perdita
3084 4130 3271 4188 biduo.

2100 4223 2172 4277 20
2352 4225 2563 4281 Cursus
2600 4236 2706 4281 tam
2732 4228 2873 4281 citus
2898 4237 2980 4282 est
3003 4225 3179 4281 malis.

2212 4316 2337 4371 Haec
2365 4316 2475 4386 jam
2505 4316 2620 4372 dira
2648 4318 2768 4373 lues
2788 4333 3012 4391 serpere
3037 4319 3257 4375 dicitur.

2285 4407 2501 4464 Pridem
2532 4407 2871 4477 Pannonios,
2899 4410 3148 4483 Illyricos
3178 4427 3416 4483 quoque,

2281 4500 2347 4554 Et
2368 4500 2558 4571 Belgas
2586 4500 2829 4573 graviter
2853 4503 3048 4559 stravit
3075 4520 3087 4554 :
3121 4511 3177 4558 et
3202 4500 3368 4573 impio

2362 4590 2532 4648 Cursu
2566 4608 2662 4648 nos
2685 4610 2901 4666 quoque
2925 4610 3067 4650 nunc
3100 4596 3254 4667 petit.

2781 4725 2933 4767 EGON
2943 4751 2956 4765 .

2104 4822 2176 4877 25
2215 4821 2322 4877 Sed
2358 4831 2412 4877 tu
2442 4823 2533 4892 qui
2565 4823 2759 4880 solitus
2790 4839 2952 4880 nosse
2975 4824 3286 4882 salubribus

2285 4914 2497 4980 Succis,
2524 4915 2821 4987 perniciem
2850 4916 3052 4985 pellere
3079 4917 3305 4973 noxiam
3335 4935 3348 4969 :

2281 5007 2393 5062 Cur
2423 5024 2552 5077 non,
2586 5013 2890 5080 anticipans
2916 5027 3040 5082 quae
3070 5011 3366 5068 metuenda
3395 5020 3546 5075 sunt,

2356 5103 2604 5163 Admoin
2638 5105 2880 5161 medicas
2910 5104 3137 5161 manus?

2734 5231 2990 5274 BUCUIJIS.

2213 5312 2372 5367 Tanti
2404 5313 2551 5368 nulla
2581 5320 2760 5367 metus
2787 5311 2972 5382 pervia
3004 5310 3161 5381 signa
3186 5315 3336 5372 sunt,

2098 5408 2168 5465 50
2276 5407 2382 5462 Sed
2414 5405 2564 5478 quod
2591 5406 2839 5475 corripit,
2870 5406 2923 5461 id
2953 5405 3176 5460 morbus
3205 5412 3259 5456 et
3289 5398 3583 5472 opprimit:

2275 5502 2385 5557 Nec
2406 5501 2664 5569 languere
2685 5501 2833 5560 sinit.
2863 5514 2963 5554 nec
2988 5498 3188 5568 patitur
3216 5509 3415 5550 moras.

2346 5594 2439 5651 Sic
2464 5608 2611 5647 mors
2634 5603 2760 5646 ante
2791 5593 2931 5645 luem
2955 5592 3129 5647 venit.

2203 5688 2470 5743 Planstris
2499 5684 2845 5741 subdideram
2879 5684 3035 5739 fortia
3065 5697 3298 5752 corpora

2290 5782 2578 5849 Lcctorum
2611 5778 2787 5839 studio
2815 5796 2920 5850 qun
2947 5778 3119 5850 potui,
3143 5777 3325 5848 boum,
