4082 6188
494 262 601 321 799
1179 266 1470 338 {SEVERI
1507 268 1856 332 RHETORIS
1894 273 1984 335 ET
2020 275 2277 336 ΡΟΕΤΔΞ
2310 277 2602 339 CARMEN
2640 282 3059 347 BUCOLICUM.
3677 303 3781 365 800

529 383 602 440 55
707 384 871 454 Queis
902 385 1108 442 montis
1134 386 1366 458 geminae
1387 401 1632 445 consona
1658 389 1872 448 tinnulo
2091 399 2172 458 ,Α
2484 397 2648 455 Prato
2669 401 2906 458 concidit
2939 403 3188 463 herbido.

2233 484 2304 541 85
2341 486 2514 557 Quam
2535 490 2720 547 multis
2746 493 2889 549 foliis
2911 496 3048 551 silva
3069 498 3397 559 cadentibus

2410 582 2655 641 Nudatur
2671 586 2871 657 gelidis
2899 597 3041 645 tacta
3071 592 3446 664 aquilonibus,

2410 674 2581 742 Quam
2603 677 2790 735 densis
2818 677 3040 737 fluitant
3062 683 3359 745 velleribus
3387 690 3542 750 nives

780 478 1069 537 Concentu
1089 480 1444 553 ercpitacula,

639 570 798 628 IEtas
823 572 1150 641 consimilis,
1173 583 1400 646 setaque
1425 575 1689 633 concolor
1715 593 1732 633 :
1793 615 1798 618 -

710 665 1079 723 Mansuetudo
1105 667 1318 735 eadem,
1348 668 1516 725 robur
1544 669 1689 727 idem
1720 670 1835 741 fuit,

711 758 782 816 Et
808 758 1003 828 fatum,
1037 761 1219 817 medio
1245 776 1370 818 nam
1392 762 1499 818 ruit
1525 778 1723 837 aggere
2482 767 2618 824 Tam
2641 770 2850 828 crebrae
2872 774 3137 843 pecudum
3162 793 3350 839 neces.

534 851 607 907 40
789 852 895 908 Par
915 852 1116 909 victum
1140 854 1298 925 parili
1326 869 1483 912 nece.
2339 861 2496 918 Nunc
2524 872 2696 920 totum
2729 867 2928 939 tegitur
2955 867 3247 929 funeribus
3268 875 3470 947 solum,

638 943 854 1001 Mollito
881 946 1097 1017 penitus
1123 945 1266 1003 farra
1296 947 1489 1005 dabam
1515 950 1657 1006 solo.
2230 951 2303 1007 90
2408 952 2676 1012 Inﬂantur
2704 959 2923 1016 tumidis
2953 976 3183 1034 corpora
3205 943 3509 1040 ventribus,

707 1036 900 1110 Largis
921 1038 1095 1109 putris
1120 1048 1240 1095 erat
1266 1040 1423 1112 gleba
1453 1041 1776 1113 liquoribus.
2409 1047 2611 1105 Albent
2633 1051 2873 1109 lividulis
2905 1054 3111 1113 lumina
3134 1060 3398 1135 nubibus,

704 1129 903 1187 Sulcos
931 1130 1211 1203 perfacilis
1239 1133 1379 1190 stiva
1406 1135 1741 1203 tetenderat;
2482 1141 2668 1201 Tenso
2689 1159 2847 1202 crura
2874 1148 3052 1220 rigent
3081 1151 3246 1222 pede.

781 1225 1059 1297 Nusquam
1081 1240 1272 1283 vomer
1293 1227 1624 1285 inhaeserat:
1811 1222 1817 1228 ’
2334 1232 2455 1290 Jam
2483 1235 2688 1292 circum
2719 1240 2950 1297 volitant
2973 1244 3189 1315 agmina
3208 1246 3472 1318 tristium,

528 1316 598 1373 45
638 1317 830 1375 Laevus
859 1319 958 1375 bos
987 1319 1171 1376 subito
1199 1319 1397 1377 labitur
1419 1323 1650 1394 impetu,
2408 1326 2770 1401 Dirarumque
2799 1332 3004 1403 avium,
3033 1335 3260 1410 jamque
3287 1316 3484 1398 canum
3513 1357 3702 1418 greges

704 1410 885 1466 [Estas
908 1414 1071 1483 quem
1095 1411 1359 1468 domitum
1388 1414 1599 1471 viderat
1620 1416 1815 1472 altera.
2232 1417 2304 1475 95
2344 1450 2359 1461 -
2412 1419 2674 1478 lnsistunt
2703 1422 2900 1482 laceris
2928 1428 3236 1488 visceribus
3267 1432 3398 1491 frui.

706 1502 943 1559 Tristem
974 1505 1234 1560 continuo
1266 1504 1460 1562 desero
1486 1508 1798 1579 conjugem,
2483 1517 2622 1590 Heu,
2646 1533 2746 1575 cur
2767 1534 2876 1576 non
2903 1522 3069 1580 etiam
3099 1528 3266 1584 meis!

777 1595 862 1651 Nil
882 1596 990 1666 jam
1015 1596 1136 1667 plus
1165 1606 1414 1655 metuens
1442 1599 1589 1667 mali,
2339 1609 2632 1681 Quidnam,
2664 1630 2875 1686 qumso,
2905 1618 3037 1689 quid
3066 1631 3173 1689 est,
3208 1625 3350 1695 quod
3376 1627 3530 1685 vario
3560 1630 3711 1687 modo

635 1686 790 1743 Dicto
815 1685 911 1743 sed
939 1687 1098 1743 citius
1128 1689 1482 1761 consequitur
1507 1706 1693 1749 necem
2407 1703 2600 1761 Fatum
2626 1685 2783 1764 triste
2813 1685 2967 1767 necis
2999 1685 3239 1770 transilit
3262 1716 3486 1791 alteros,

523 1781 593 1838 50
700 1783 931 1854 Semper
955 1784 1046 1855 qui
1087 1784 1263 1840 fuerat
1297 1796 1321 1823 ει
1346 1796 1400 1841 et
1430 1787 1657 1856 integer,
2116 1792 2163 1851 B
2405 1797 2720 1872 Afﬂigitque
2747 1801 3029 1873 alios,?.'en
3056 1806 3158 1862 tibi
3187 1807 3411 1882 Tityrus

703 1879 858 1935 Tunc
881 1879 1057 1949 longis
1087 1879 1341 1951 quatiens
1365 1880 1453 1935 ilia
1478 1882 1748 1952 pulsibus,
2193 1887 2299 1944 100
2476 1892 2643 1947 Salvo
2673 1892 2831 1950 lactus
2854 1896 2968 1967 agit
2993 1912 3180 1970 grege.

776 1970 993 2057 Victum
1023 1971 1273 2044 deposuit
1301 1980 1486 2043 caput.
2334 1982 2519 2054 Ipsum
2547 1993 2839 2043 contueor.
2863 1988 2964 2045 Dic
2985 2005 3106 2061 age,
3140 1992 3350 2066 Tityre,

817 2047 828 2057 ’
1200 2103 1376 2146 mox,
2403 2075 2537 2145 Quis
2562 2087 2614 2133 te
2643 2078 2946 2152 subripruit
2965 2084 3210 2142 cladibus
3239 2088 3321 2146 his
3351 2093 3518 2161 Deus,

2403 2169 2476 2226 Ut
2504 2180 2685 2240 pestes
2712 2175 3003 2247 pecudum,
3031 2195 3153 2251 quae
3177 2184 3435 2256 p0pulala
3464 2187 3539 2243 sit

2474 2263 2716 2334 Vicinos,
2743 2268 2840 2325 tibi
2864 2270 3011 2326 nulla
3037 2273 3149 2330 sit?

627 2183 837 2255 Angor,
869 2183 1194 2250 discrucior,
1226 2198 1458 2252 mmreo,
1494 2184 1675 2256 lugeo.

703 2279 925 2334 Damnis
951 2279 1150 2352 quippe
1182 2280 1313 2350 tuis,
1345 2296 1452 2338 non
1478 2296 1637 2338 secus
1666 2297 1731 2338 ac
1759 2285 1919 2359 meis,

526 2372 595 2427 55
702 2371 903 2429 Pectus
922 2371 1239 2439 conficitur;
1272 2374 1366 2431 sed
1403 2384 1582 2432 tamen
1606 2375 1863 2447 arbitrer,
2863 2400 3116 2444 TITYRUS.

772 2464 966 2522 Salvos
992 2479 1116 2524 esse
1144 2481 1339 2538 greges
1370 2467 1489 2523 tibi.
1858 2540 1863 2543 _
2190 2466 2297 2524 103
2334 2468 2560 2542 Signum
2593 2473 2739 2544 quod
2768 2476 3058 2547 perhibent
3078 2495 3201 2539 esse
3222 2483 3410 2542 Crucis
3433 2486 3537 2545 Dei
3570 2509 3585 2545 :

1152 2596 1409 2638 ηυουωε,
2398 2563 2609 2636 Magnis
2629 2569 2719 2640 qui
2746 2570 2947 2628 colitur
2975 2574 3126 2630 solus
3158 2576 3209 2631 in
3241 2576 3469 2635 urbibus

2398 2658 2669 2732 Christus,
2705 2666 2953 2736 perpetui
2983 2667 3154 2738 gloria
3183 2670 3452 2741 Numinis,

2470 2752 2639 2825 Cujus
2668 2755 2814 2813 filius
2838 2758 3054 2815 unicus.

2330 2844 2445 2900 lloc
2473 2845 2686 2916 signum
2712 2849 2907 2907 mediis
2933 2851 3202 2911 frontibus
3222 2857 3490 2929 additum,

2185 2935 2290 2992 110
2395 2939 2722 2997 Cunctarum
2752 2945 3014 3014 pecudum
3046 2956 3192 3004 certa
3219 2950 3367 3006 salus
3394 2952 3522 3009 fuit.

2392 3032 2487 3089 Sic
2516 3049 2646 3090 vero
2674 3034 2819 3092 Deus
2845 3037 2951 3094 hoc
2966 3042 3188 3098 nomine
3218 3055 3534 3117 praepotens

2469 3127 2722 3185 Salvator
2741 3131 3005 3189 vocitatus
3034 3143 3138 3191 est.

634 2672 769 2733 Illuc
793 2673 959 2730 tendo
988 2674 1179 2743 miser,
1207 2692 1315 2746 quo
1342 2692 1542 2746 gravor
1569 2678 1771 2735 aerius.

698 2766 833 2822 Nam
862 2767 1103 2823 solamen
1127 2777 1246 2823 erat
1273 2769 1355 2825 vel
1386 2771 1668 2829 minimum
1694 2773 1851 2845 mali,

702 2859 759 2916 Si
799 2858 976 2915 fetura
1006 2860 1161 2916 daret
1182 2863 1460 2932 posterior
1479 2864 1634 2932 mihi,

524 2952 595 3008 60
772 2952 928 3023 Quod
953 2968 1193 3025 praesens
1218 2956 1394 3026 rapuit
1424 2956 1561 3013 lues.

632 3043 739 3102 Sed
762 3044 886 3116 quis
915 3060 1047 3101 vera
1076 3047 1268 3117 putet?
1294 3049 1614 3119 progeniem
1642 3066 1860 3124 quoque

700 3136 1038 3192 Exstinctam
1065 3139 1295 3208 pariter,
1330 3139 1440 3195 vidi
1468 3155 1571 3212 ego
1604 3157 1865 3199 ceruuam

696 3228 931 3285 Invicem
953 3232 1251 3301 gravidam,
1283 3233 1393 3289 vidi
1418 3238 1628 3292 animas
1653 3238 1791 3295 duas
2107 3219 2154 3246 u
2326 3219 2483 3290 Ῠυὲίί
2510 3225 2773 3280 comm”
2794 3240 2937 3281 533"“
2970 3226 3087 3284 ¹¹¹θ⁵
3113 3244 3308 3302 greges
3334 3249 3349 3285 ³

773 3320 894 3377 Uno
927 3322 977 3378 in
1012 3337 1245 3394 corpore
1276 3325 1537 3396 perdius.
2395 3312 2599 3372 Morbis
2623 3317 2695 3373 nil
2722 3318 2894 3374 licuit.
2916 3319 2974 3376 Si
3004 3329 3182 3378 tamen
3216 3324 3361 3380 hunc
3394 3326 3575 3386 Deum

519 3412 589 3469 65
630 3412 728 3471 llic
749 3413 913 3470 fontis
943 3430 1202 3484 renuens,
1235 3419 1498 3490 graminis
1538 3421 1849 3495 immemor,
2184 3406 2289 3462 “5
2396 3408 2636 3468 Εῖοτπθ
2657 3412 2792 3468 velis
2824 3432 2835 3467 ³
2863 3415 3089 3471 credere
3119 3415 3336 3474 Sume"-

703 3506 865 3562 Errat
885 3507 1148 3565 succiduo
1176 3510 1373 3567 bucula
1405 3513 1633 3584 poplite,
2467 3504 2672 3561 Vocnm
2708 3519 2730 3546 ο
2758 3508 2875 3565 sola
2902 3508 3038 3567 fides
3060 3512 3233 3581 juvat.

697 3601 810 3657 Nec
836 3602 1056 3675 longum
1087 3605 1288 3679 refugit
1316 3627 1329 3662 :
1354 3608 1448 3664 sed
1477 3596 1719 3680 graviter
1746 3611 1853 3668 ruit
2326 3598 2442 3655 Non
2474 3601 2596 3656 ullis
2619 3602 2829 3658 madida
2863 3614 2946 3659 est
2970 3620 3061 3661 ara
3091 3608 3398 3677 cruoribus,

768 3694 887 3749 Leu
917 3697 1180 3766 compede
1205 3699 1542 3759 claudicans.
2392 3694 2502 3750 Nec
2532 3695 2753 3751 morbus
2781 3697 3045 3767 pecudum
3069 3700 3220 3756 crede
3243 3703 3558 3774 repellitur,

628 3789 693 3842 At
717 3795 868 3859 parte
889 3804 954 3844 ex
981 3790 1111 3856 alia,
1140 3791 1233 3862 qui
1261 3793 1462 3849 vitulus
1491 3795 1651 3851 modo

2398 3785 2502 3841 Sed
2530 3786 2764 3857 simplex
2789 3789 2957 3845 animi
2987 3790 3295 3860 purificatio

519 3879 588 3935 70
698 3879 951 3937 Lascivas
983 3882 1185 3938 saliens
1210 3892 1457 3941 texuerat
1483 3887 1625 3956 vias,

1492 3887 1625 3956 vias,
2183 3878 2287 3934 1:10
2465 3878 2679 3951 Oplatis
2702 3880 2899 3938 fruitur
2924 3883 3104 3943 bouis.

698 3973 767 4029 Ut
794 3983 1024 4030 matrem
1048 3975 1251 4032 subiit:
1277 3992 1401 4033 mox
1431 3979 1501 4034 ibi
1526 3982 1777 4037 morbido
2893 4011 3068 4053 mox.

2107 3181 2154 3246 C

767 4065 982 4122 Pestem
1008 4070 1169 4126 traxit
1191 4071 1260 4126 ab
1287 4072 1474 4129 ubere.

620 4155 790 4211 Mater
820 4159 1069 4216 tristifico
1098 4163 1320 4222 vulnere
1351 4166 1555 4234 saucia,

699 4248 769 4303 Ut
798 4249 935 4305 vidit
962 4253 1110 4309 vituli
1136 4256 1352 4314 condita
1376 4259 1577 4316 lumina
1606 4280 1618 4316 :

512 4339 583 4395 75
692 4339 923 4411 Mugitus
952 4344 1177 4417 iterans,
1208 4365 1271 4405 ac
1292 4352 1493 4409 misere
1521 4370 1765 4427 gemens,

767 4435 942 4508 Lapsa
974 4450 1096 4496 est:
1132 4450 1186 4499 et
1216 4446 1391 4503 voluit
1420 4450 1578 4505 mori.

621 4530 775 4586 Tunc
798 4541 1070 4604 tamquam
1103 4546 1372 4610 metuens,
1398 4557 1466 4597 ne
1492 4544 1612 4599 sitis
1643 4546 1825 4603 aridas

689 4623 898 4681 Fauces
924 4629 1261 4699 opprimeret
1294 4650 1306 4685 :
1331 4634 1409 4690 sic
1431 4652 1644 4711 quoque
1674 4642 1799 4699 dum
1828 4644 1973 4715 jacet

688 4719 944 4777 Admovit
972 4723 1001 4764 ι
1026 4724 1191 4781 ubera
1214 4738 1452 4786 mortuo.

508 4810 578 4868 80
758 4812 890 4869 Post
911 4829 1140 4875 mortem
1172 4822 1345 4891 pietas
1376 4826 1543 4898 viget.

616 4901 755 4959 lliuc
783 4914 967 4963 taurus
989 4911 1146 4967 solidi
1175 4915 1259 4969 vir
1282 4919 1482 4991 gregis,
1509 4930 1565 4976 et
1597 4932 1770 4994 pater,

683 4995 926 5056 Cervicis
953 5004 1133 5060 valida
1160 5005 1353 5065 frontis
1374 5021 1428 5067 et
1452 5014 1658 5085 arduae,

685 5092 869 5150 Laetus
892 5095 1021 5152 dum
1048 5099 1268 5158 sibimet
1295 5104 1416 5176 plus
1446 5108 1616 5165 nimio
1649 5113 1848 5186 placet,

539 5289 564 5316 ⁸
590 5278 679 5334 Al.
710 5280 837 5338 add.
861 5300 1037 5339 sanus.

536 5348 563 5390 θ’
590 5352 674 5407 ΑΙ.
707 5354 831 5410 add.
855 5356 1100 5412 moriens.

2099 4574 2153 4634 D

2326 4086 2452 4143 llmc
2476 4088 2521 4142 si
2544 4095 2690 4143 certa
2723 4087 2943 4160 probas,
2969 4090 3181 4163 Tityre,
3213 4091 3287 4147 nil
3320 4107 3526 4162 moror,

2389 4179 2530 4247 Quin
2560 4181 2701 4238 veris
2725 4180 2954 4239 famuler
2982 4184 3386 4254 relligionibus.

2395 4273 2649 4329 Errorem
2682 4284 2917 4332 veterem
2951 4276 3226 4348 dill'ugiam
3256 4278 3433 4335 libcns
3468 4298 3480 4335 :

2464 4366 2597 4422 Nam
2621 4367 2810 4436 fallax,
2834 4380 2888 4424 ct
2907 4369 3086 4426 inanis
3113 4380 3218 4427 est.

2179 4459 2284 4516 123
2324 4461 2498 4532 Atque
2522 4461 2631 4530 jam
2654 4471 2912 4534 properat
2937 4478 3089 4520 mens
3120 4480 3238 4521 mea
3269 4468 3453 4523 visere

2392 4555 2601 4611 Summi
2635 4557 2836 4628 templa
2866 4558 2965 4614 Dei
2997 4577 3009 4612 :
3035 4560 3166 4630 quin
3195 4575 3317 4630 age,
3343 4560 3571 4627 Bucule,

2390 4648 2506 4704 Non
2538 4649 2758 4719 longam
2791 4651 2996 4722 pariter
3025 4652 3414 4724 congredimur
3437 4653 3606 4722 viam,

2465 4745 2671 4801 Christi
2701 4755 2755 4802 et
2780 4743 2807 4784 ιι
2834 4762 3030 4804 numen
3054 4748 3419 4819 agnoscimus.

2318 4840 2383 4895 Et
2406 4857 2492 4897 me
2517 4842 2763 4898 consiliis
2784 4841 2995 4913 iungite
3018 4844 3303 4915 prosperis
3326 4861 3341 4896 :

2171 4934 2274 4991 150
2384 4934 2518 4990 Nam
2544 4951 2644 4991 cur
2663 4934 3005 5002 addubitem,
3038 4936 3168 5007 quin
3203 4935 3412 4991 homini
3437 4951 3659 5009 quoque

2380 5028 2607 5099 Signum
2635 5029 2811 5100 prosit
2848 5028 2989 5084 idem
3018 5036 3246 5099 perpete
3266 5030 3490 5097 seeculo,

2452 5125 2574 5194 Quo
2604 5122 2685 5179 vis
2708 5121 2955 5179 morbida
2977 5122 3249 5179 vincitur?

2239 5315 2261 5342 ε
2294 5304 2373 5360 An
2401 5305 2615 5359 votum?

2232 5373 2257 5411 (³
2287 5376 2373 5433 Al.
2407 5374 2639 5432 Numina
2667 5377 2948 5432 noscimus.

1690 5614 2543 5664 ἢ
