4082 6188
484 162 590 220 so:
1676 158 1832 216 VAL.
1862 156 2245 246 rimorum
2285 157 2535 216 pacare
3663 153 3761 214 an

978 413 1440 526 VAL.
1522 413 2510 526 FALTONIE
2588 407 3305 555 manus,

1730 620 2014 679 FlaMlNIE
2051 619 2514 689 CLARISSIME,

742 775 1974 926 CENTONES
2099 777 3548 944 VIRGILIANI,

1332 1026 1419 1076 AD
1450 1025 1894 1078 TESTIMONIUM
1928 1023 2198 1076 VETERIS
2233 1023 2313 1075 ET
2348 1022 2503 1075 ΝΟνί
2536 1024 2957 1076 ΤΕΞΤΑΜΕΝΤΙ.

1129 1307 1467 1366 Prowmiunt.

569 1427 895 1484 .lamdudnm
931 1437 1227 1480 temerasse
1266 1425 1432 1478 duces
1461 1423 1541 1492 pia
1573 1421 1774 1478 fcedcra
1810 1421 1976 1490 pacis,

502 1519 784 1590 Regnandi
818 1519 1048 1572 miseros
1073 1517 1246 1572 tenuit
1278 1530 1416 1586 quos
1441 1514 1559 1570 dira
1582 1513 1784 1583 cupido
1819 1532 1830 1566 :

502 1614 866 1680 Diversasque
899 1624 1082 1673 neces,
1114 1623 1300 1677 regum
1325 1607 1561 1663 crudelia
1590 1606 1752 1670 bella,

499 1709 876 1777 Cognatasque
907 1706 1050 1760 acies
1085 1703 1316 1772 pollutas
1349 1701 1497 1756 caede
1544 1711 1828 1766 parentum
1866 1716 1879 1752 ;

503 1801 750 1870 lnsignes
779 1799 1020 1870 clypeos,
1057 1797 1340 1864 multoque
1362 1809 1426 1849 ex
1451 1795 1606 1848 hoste
1635 1803 1868 1863 tropa-az

504 1893 779 1962 Sanguine
807 1903 1138 1958 conspersos
1163 1889 1361 1942 tulerat
1395 1901 1533 1969 quos
1557 1886 1694 1939 fama
1722 1883 2028 1953 triumphos

496 1985 800 2040 innumeris
825 1983 1021 2037 totiens
1053 1981 1299 2036 vidnatas
1321 1980 1534 2035 civibus
1571 1979 1734 2033 urbes
1757 2021 1772 2046 ,

492 2076 803 2140 Conﬁteor,
839 2073 1056 2142 Scripsi,
1079 2073 1213 2127 satis
1241 2081 1326 2127 est
1356 2071 1670 2126 meruinisse
1706 2070 1992 2124 malorum.

1101 2185 1370 2240 Invocatio
1399 2183 1518 2238 Dei.

542 2301 698 2358 Nunc
715 2347 728 2371 ,
745 2300 888 2356 Deus
912 2299 1278 2369 omnipotens,
1297 2315 1531 2362 sacrum,
1549 2313 1761 2369 precor,
1781 2299 1964 2368 accipe
1987 2312 2106 2352 car-

1927 2390 2103 2463 tmen.

506 2393 909 2462 Mternumque
941 2392 1016 2447 tui
1046 2391 1419 2464 septemplicis
1457 2406 1549 2446 ora
1575 2392 1787 2446 resolve

509 2488 768 2560 Spiritus,
798 2498 960 2558 atque
991 2487 1095 2542 mci
1128 2500 1314 2542 resera
1341 2486 1639 2556 penetralia
1669 2486 1850 2540 cordis
1878 2503 1890 2539 :

507 2583 718 2638 Arcana
749 2591 807 2636 ttt
840 2582 1039 2651 possint
1074 2580 1212 2635 vatis
1245 2579 1412 2650 proba
1443 2589 1639 2634 cuncta
1662 2574 1893 2634 referre.

508 2675 623 2730 Non
649 2689 793 2730 nunc
817 2674 1166 2729 Ambrosium
1195 2687 1326 2728 cura
1359 2680 1443 2727 est
1470 2671 1603 2726 mihi
1626 2686 1870 2742 qurerere
1901 2681 2106 2738 nectar,
2147 2699 2192 2759 Β
2219 2697 2451 2766 Manes,
2481 2709 2641 2771 atque
2674 2701 2795 2767 viri,

509 2768 619 2824 Nec
650 2770 781 2825 libet
813 2768 989 2824 Aonio
1021 2768 1088 2822 de
1118 2765 1324 2822 vertice
1351 2765 1550 2822 ducere
1578 2781 1782 2820 musas.

511 2860 628 2916 Non
658 2860 788 2914 mihi
813 2875 943 2914 saxa
973 2859 1120 2928 loqui
1157 2875 1336 2914 vanus
1359 2858 1690 2930 persuadeat
1711 2857 1931 2926 horror,

514 2952 944 3024 Laurigerosque
973 2951 1124 3022 sequi
1171 2951 1433 3022 tripodas,
1463 2961 1515 3005 et
1545 2950 1719 3004 inania
1751 2961 1898 3013 vota,

511 3044 907 3116 .lurgantcSque
930 3043 1062 3098 deas
1099 3058 1409 3113 procerum,
1437 3041 1714 3112 victosque
1739 3047 1964 3111 penates
1989 3056 2003 3092 :

518 3139 706 3194 Nullus
735 3140 879 3192 enim
914 3138 1065 3191 labor
1088 3147 1173 3191 est
1195 3137 1373 3191 verbis
1397 3137 1694 3192 extendere
1725 3138 1943 3199 tamam,

518 3233 698 3300 Atque
719 3228 1001 3282 hominum
1029 3227 1225 3282 studiis
1258 3243 1480 3295 parvam
1506 3227 1806 3298 disquirere
1839 3226 2075 3282 laudem.

941 3341 1355 3398 Tractandorum
1388 3343 1693 3414 prepositio.

587 3457 823 3514 Castalio
847 3456 940 3513 sed
973 3455 1121 3512 lonte
1158 3455 1380 3512 madens
1410 3456 1618 3512 imitata
1649 3457 1856 3526 beatos,

526 3552 656 3618 Quae
689 3549 875 3605 sitiens
901 3549 1055 3604 hausi
1078 3559 1282 3604 sancta}
1306 3549 1558 3604 libamina
1591 3550 1761 3619 pacis,

499 3644 660 3710 ,llinc
679 3657 881 3698 canere
903 3642 1156 3712 incipiam
1184 3661 1194 3694 :
1221 3656 1461 3714 praesens
1491 3642 1655 3710 Deus,
1681 3642 1830 3712 erige
1857 3651 2116 3701 mentem.

500 3734 806 3805 vVirgilium
837 3734 1103 3790 cecinisse
1126 3734 1319 3803 loquar
1351 3733 1436 3804 pia
1469 3748 1692 3788 munera
1717 3733 1920 3788 Christi
1957 3752 1970 3788 :

526 3803 657 3882 Rem
691 3826 822 3880 nulli
853 3825 1140 3882 obscuram
1167 3834 1422 3894 repetens
1457 3826 1526 3880 ab
1550 3825 1760 3896 origine
1785 3825 2038 3895 pandam,
2124 3803 2128 3806 ’

526 3919 582 3974 Si
609 3932 717 3988 qua
751 3916 886 3973 ﬁdes
912 3917 1116 3982 animo,
1146 3917 1191 3971 si
1221 3932 1378 3971 veros
1406 3917 1518 3971 fusa
1555 3932 1650 3986 per
1681 3927 1833 3972 artus

527 4015 677 4069 Mens
705 4014 871 4084 agitat
898 4013 1118 4078 molem,
1150 4020 1206 4066 et
1230 4020 1342 4066 toto
1373 4026 1432 4066 se
1452 4026 1683 4081 corpore
1713 4013 1903 4068 miscet

525 4106 785 4176 Spiritus,
807 4116 862 4163 et
885 4115 1148 4176 quantum
1183 4120 1290 4161 non
1318 4110 1480 4160 noxia
1509 4120 1742 4174 corpora
1774 4105 2008 4173 tardant,

495 4245 498 4248 .
529 4199 860 4270 Terrenique
900 4199 1161 4256 hebetant
1193 4206 1361 4266 artus,
1398 4198 1826 4269 moribundaque
1854 4200 2120 4256 membra.

1113 4334 1292 4392 PARS
1317 4335 1552 4391 PRIMA.

978 4444 1044 4484 DE
1069 4443 1278 4485 VBTERB
1305 4445 1679 4487 TESTAIIENTO.

1015 4522 1318 4594 Deprecatio
1343 4523 1411 4576 ad
1450 4521 1638 4577 Deum.

603 4635 648 4691 Ο
672 4635 850 4701 Pater,
878 4649 913 4691 ο
940 4635 1220 4689 hominum
1249 4678 1264 4702 ,
1301 4650 1592 4706 rerumque
1621 4648 1828 4692 aeterna
1863 4645 2122 4707 potestas,

533 4725 610 4780 lla
635 4725 840 4782 facilem
871 4742 1112 4796 cursum,
1139 4738 1300 4801 atque
1329 4729 1524 4783 animis
1551 4728 1778 4786 illabet'e
1807 4729 2004 4785 nostris
2035 4749 2048 4786 :

532 4821 719 4890 Tuque
741 4821 892 4890 ades,
925 4824 1306 4895 inceptumque
1332 4839 1437 4879 una
1471 4823 1701 4879 decurre
1730 4823 1994 4890 laborem,

533 4913 671 4970 Nate
702 4915 877 4970 Patris
908 4917 1127 4982 summi,
1155 4917 1305 4988 vigor
1334 4925 1389 4972 et
1418 4917 1659 4972 caelestis
1682 4917 1836 4987 origo
1860 4934 1872 4970 :

530 5008 704 5076 Quem
720 5008 949 5080 primum
976 5007 1227 5075 colimus,
1248 5009 2121 5081 meritosquenovamushonores,

530 5101 648 5156 Jam
681 5117 818 5156 nova
846 5101 1156 5172 progenies,
1187 5101 1366 5157 omnis
1391 5117 1554 5173 quem
1585 5101 1815 5157 credidit
1840 5111 1991 5159 tetas.

533 5195 752 5252 Munera
778 5211 902 5250 vera
925 5211 1083 5261 cano,
1113 5197 1246 5252 satis
1278 5205 1363 5251 est
1392 5199 1631 5268 potuisse
1654 5195 1846 5252 videri.

533 5291 866 5361 Jatnpridem
901 5294 1121 5348 memini
1153 5302 1397 5348 veterum
1432 5303 1782 5347 monumenta
1815 5291 2053 5346 virorum

537 5387 778 5443 Museum
802 5399 926 5442 ante
949 5404 1138 5443 omnes
1171 5399 1338 5442 totum
1368 5387 1638 5442 cecinisse
1671 5402 1765 5455 per
1791 5384 1980 5440 orbem

536 5479 668 5544 Qua:
695 5481 827 5546 sint,
845 5496 972 5551 qua:
1004 5479 1225 5547 fuerint,
1253 5489 1307 5533 et
1331 5495 1452 5546 qua:
1479 5485 1704 5533 ventura
1737 5476 2020 5531 trahantur

534 5571 752 5640 Omnia,
775 5579 840 5626 ut
867 5574 982 5642 ipse
1011 5581 1167 5630 tener
1190 5569 1376 5627 mundi
1402 5569 1746 5626 concreverit
1775 5567 1946 5625 orbis.

541 5659 689 5717 Felix
711 5665 799 5733 qui
828 5663 1006 5733 potuit
1025 5677 1208 5722 rerum
1231 5677 1564 5735 cognoscere
1587 5673 1803 5729 cauus,

2123 1311 2169 1371 A
2203 1304 3782 1377 Undehominum,pecudumquegenus,vitaequevolantutn.

2201 1399 2270 1454 Et
2298 1416 2418 1464 qua}
2448 1416 2754 1454 marmoreo
2780 1401 2884 1454 fert
2924 1407 3168 1454 monstra
3198 1397 3298 1453 sub
3328 1414 3546 1468 :rquore
3578 1410 3781 1468 pontus,

2198 1491 2266 1546 Et
2286 1492 2328 1545 si
2349 1491 2475 1560 quid
2490 1492 2651 1546 simul
2678 1490 2816 1562 ignis
2839 1491 3023 1557 habet,
3049 1490 3135 1546 vel
3163 1490 3377 1545 mobilis
3399 1491 3614 1546 humor.

2203 1583 2352 1636 Ilaud
2380 1583 2537 1638 aliter
2561 1583 2730 1653 prima
2763 1583 3059 1637 crescentis
3088 1581 3297 1652 origine
3329 1582 3516 1638 mundi

2203 1673 2453 1729 llluxisse
2485 1674 2625 1743 dies,
2654 1675 2886 1728 aliumve
2918 1673 3174 1729 habuisse
3203 1682 3449 1729 tenorem

2201 1767 2567 1833 Crediderim;
2600 1767 2771 1836 major
2803 1784 2985 1823 rerum
3016 1767 3147 1822 mihi
3173 1768 3418 1822 nascitur
3442 1766 3601 1837 ordo,

2205 1860 2259 1914 Si
2283 1876 2386 1930 qua
2415 1860 2571 1915 ﬁdem
2597 1868 2746 1915 tanto
2779 1870 2862 1916 est
2888 1862 3042 1930 Operi
3071 1861 3244 1916 latura
3268 1870 3530 1916 vetustas.

2204 1953 2443 2024 Namque
2475 1953 2713 2026 (fatebor
2739 1957 2913 2024 enim)
2941 1954 3142 2010 levium
3171 1954 3481 2023 spectacula
3505 1969 3692 2010 rerum

2204 2045 2433 2115 Semper
2444 2063 2633 2117 equos,
2653 2057 2812 2118 atque
2825 2062 2973 2102 arma
2990 2048 3508 2118 virnm,puguasque
3519 2048 3791 2111 canebam,

2209 2138 2274 2193 Et
2291 2139 2472 2193 studio
2503 2139 2775 2195 incassum
2803 2140 2950 2195 voltti
2980 2155 3235 2196 exercere
3263 2140 3534 2206 laborem;

2208 2234 2400 2289 Omnia
2427 2237 2652 2290 tentanti
2684 2238 2861 2306 potior
2886 2237 3156 2292 sententia
3181 2237 3296 2292 visa
3328 2249 3412 2293 est

2211 2326 2454 2382 Pandere
2485 2343 2571 2382 res
2597 2327 2705 2382 alta
2738 2321 2879 2384 terra
2913 2336 2968 2382 et
2993 2328 3226 2398 caligine
3255 2342 3488 2386 mersas.

2215 2419 2379 2490 Inque
2405 2420 2520 2475 dies
2551 2420 2754 2490 aliquid
2782 2420 3098 2488 jamdudum
3124 2421 3386 2478 invadere
3413 2437 3669 2492 magnum

2215 2511 2366 2567 Mens
2391 2515 2560 2580 agitat
2587 2512 2738 2580 ntihi,
2771 2528 2872 2570 nec
2897 2513 3104 2584 placida
3135 2523 3392 2571 contenta
3419 2516 3603 2586 quiete
3626 2526 3728 2571 est.

2218 2603 2326 2658 Ore
2351 2605 2523 2659 favete
2551 2619 2762 2670 omnes,
2795 2605 3053 2676 laetasque
3077 2605 3350 2662 advertite
3376 2601 3616 2672 mentes,

2827 2701 3002 2770 pueri,
3037 2701 3389 2771 innuptaeque
3416 2700 3638 2771 pucllat.

2711 2832 2790 2888 De
2825 2837 3084 2890 creatione
3112 2835 3321 2889 Mundi.

2216 2943 2492 3018 Principio
2513 2948 2731 3014 coelum,
2758 2963 2820 3003 ac
2849 2958 3044 3018 terras,
3072 2964 3400 3020 camposque
3427 2951 3698 3021 liquentes

2216 3036 2622 3109 Lucentemque
2652 3041 2868 3109 globum
2905 3041 3065 3110 luntr,
3093 3042 3333 3113 solisque
3364 3042 3582 3099 labores

2219 3129 2338 3199 Ipse
2368 3131 2528 3186 Pater
2563 3133 2790 3187 statuit:
2825 3148 2941 3200 vos,
2975 3149 3006 3187 o
3037 3135 3342 3190 clarissima
3375 3135 3560 3190 mundi

2217 3224 2468 3292 Lumina,
2501 3226 2774 3282 labentem
2799 3227 2938 3283 caelo
2966 3243 3084 3296 qua:
3115 3227 3311 3284 ducitis
3335 3246 3560 3284 annum.

2219 3317 2350 3372 Nam
2388 3333 2563 3387 neque
2586 3327 2744 3373 erant
2767 3330 3035 3374 astrorum
3066 3319 3238 3391 ignes,
3260 3337 3360 3376 nec
3387 3321 3598 3378 lucidus
3620 3321 3799 3386 tuber,

2220 3410 2328 3466 Sed
2361 3426 2466 3466 nox
2494 3422 2609 3466 atra
2638 3415 2820 3482 polttm
2851 3411 2990 3482 bigis
3020 3413 3280 3469 subvecta
3310 3413 3546 3480 tenebat,

2223 3505 2290 3560 Et
2315 3505 2483 3560 chaos
2514 3507 2564 3560 in
2596 3522 2834 3577 praeceps
2867 3516 3074 3561 tantum
3107 3508 3368 3564 tendebat
3390 3509 3457 3562 ad
3487 3509 3722 3574 umbras,

2219 3599 2465 3668 Quantus
2494 3598 2562 3654 ad
2588 3599 2886 3655 aethereum
2911 3599 3037 3656 caeli
3061 3610 3348 3669 SllSpeClus
3363 3601 3678 3673 Olympum.

2588 3695 2671 3769 De
2701 3711 2952 3770 divisione
2982 3715 3115 3770 lucis
3143 3734 3176 3770 a
3206 3717 3443 3772 tenebris.

2293 3829 2447 3885 Tunc
2461 3831 2623 3886 Pater
2635 3832 3006 3900 omnipotens,
3023 3846 3205 3886 rerum
3221 3833 3305 3887 cui
3324 3848 3537 3888 summa
3555 3840 3802 3902 "Aestas,

2207 3923 2362 3980 Aera
2391 3924 2618 3980 dimovit
2644 3925 3020 3992 tenebrosum,
3058 3935 3109 3982 et
3135 3927 3361 3994 dispulit
3388 3928 3630 3994 umbras,

2226 4018 2290 4072 Et
2321 4017 2557 4073 medium
2584 4017 2692 4072 luci
2717 4027 2881 4090 atque
2903 4019 3115 4073 umbris
3141 4019 3250 4089 jam
3275 4019 3468 4076 dividit
3497 4019 3707 4076 orbem.

2151 4096 2196 4156 C
2231 4110 2422 4166 Sidera
2440 4121 2633 4167 cuncta
2663 4119 2833 4178 notat,
2868 4111 3030 4168 tacito
3059 4111 3296 4168 labentia
3320 4114 3482 4177 coelo,

2229 4205 2470 4261 lntentos
2497 4206 2721 4261 volvens
2747 4206 2954 4276 oculos,
2981 4223 3085 4276 qua
3112 4216 3267 4276 parte
3300 4208 3510 4264 calores

2225 4295 2517 4352 Austrinos
2549 4298 2754 4363 tulerit,
2787 4313 2906 4367 qua:
2937 4305 3083 4368 terga
3114 4298 3535 4364 obverteritaxi,

2228 4387 2490 4458 Obliquus
2519 4405 2624 4460 qua
2651 4405 2712 4445 se
2737 4390 3014 4459 signorum
3048 4391 3279 4446 verterit
3308 4389 3464 4446 ordo.

2605 4523 2684 4578 De
2707 4534 2926 4595 quatuor
2950 4527 3265 4597 temporibus
3289 4528 3432 4582 anni.

2298 4633 2590 4705 Postquam
2617 4647 2806 4691 cuncta
2834 4636 2981 4692 videt
3007 4639 3147 4694 coelo
3175 4650 3430 4694 constare
3456 4653 3651 4696 sereno

2229 4726 2604 4797 Omnipotens,
2638 4727 2813 4786 stellis
2843 4745 3102 4788 numeros
3127 4741 3181 4787 et
3207 4734 3430 4788 nomina
3458 4733 3608 4799 fecit,

2229 4818 2696 4891 Temporibusque
2722 4837 2911 4892 parem
2940 4822 3174 4880 diversis
3201 4835 3460 4894 quattuor
3487 4841 3708 4890 anntttn,

2231 4911 2550 4984 Estusque,
2579 4921 2633 4969 et
2658 4915 2890 4985 pluvias,
2918 4925 2972 4971 et
3000 4928 3228 4986 agentes
3255 4915 3458 4989 frigora
3492 4926 3697 4973 ventos.

2231 5009 2407 5078 Atque
2436 5008 2552 5063 haec
2583 5020 2640 5062 ut
2669 5010 2840 5065 certis
2868 5025 3152 5079 possemus
3179 5012 3392 5068 discere
3416 5013 3604 5084 signis.

2234 5099 2372 5156 Vere
2395 5109 2602 5155 tument
2627 5111 2808 5167 terra,
2833 5110 2889 5158 et
2915 5102 3174 5172 genitalia
3203 5105 3412 5160 semina
3444 5112 3667 5174 poscunt
3697 5118 3713 5158 :

2233 5195 2310 5250 Ac
2332 5195 2512 5250 medio
2540 5204 2710 5250 tostas
2737 5204 2871 5250 aestu
2901 5197 3032 5252 terit
3060 5211 3185 5254 area
3219 5197 3428 5270 fruges,

2238 5286 2300 5340 Et
2331 5286 2512 5340 varios
2538 5288 2684 5356 ponit
2721 5286 2861 5342 fetus
2892 5297 3205 5356 autumnus,
3234 5299 3288 5345 ct
3315 5297 3433 5344 atra

2242 5378 2399 5434 Venit
2430 5379 2624 5446 hiems,
2658 5380 2850 5436 teritur
2880 5381 3134 5452 Sicyonia
3166 5383 3327 5438 bacca
3359 5385 3598 5453 trapetis,

2160 5501 2213 5563 Ι)
2237 5471 2413 5540 Atque
2440 5472 2493 5525 in
2516 5486 2574 5526 se
2605 5485 2702 5526 sua
2727 5485 2824 5542 per
2853 5475 3077 5543 vestigia
3105 5475 3341 5529 volvitur
3369 5488 3558 5528 annus.

2236 5563 2504 5634 Tempore
2529 5563 2639 5634 jam
2670 5579 2736 5620 ex
2760 5565 2852 5621 illo
2877 5564 3124 5622 fecundis
3155 5566 3420 5622 imbribus
3441 5566 3610 5620 mtlter

2233 5658 2458 5730 Magnos
2479 5659 2576 5716 alit
2597 5674 2794 5732 magno
2821 5661 3145 5720 commixtus
3169 5676 3400 5735 corpore
3429 5661 3592 5720 ictus.
