4082 6188
309 128 413 185 βω
1331 167 1336 170 -
1558 128 1923 191 CBN'I‘ONBS
1965 132 2354 197 VIRGILIANI.
3494 142 3601 205 8N

912 247 1034 302 Dies
1070 249 1285 321 primus.
1928 252 1977 312 Α
2006 250 2234 324 Insignis
2263 255 2447 318 facies,
2474 265 2530 309 et
2561 256 2789 325 pulchro
2821 265 3042 325 pectore
3071 256 3223 327 virgo

382 362 445 413 Et
470 360 580 429 jam
610 359 784 428 prima
822 375 965 414 novo
990 360 1281 432 spargebat
1310 361 1513 417 lumine
1536 369 1732 426 terras,

2008 347 2130 402 Jam
2159 358 2368 403 matura
2404 349 2669 420 viro.jam
2694 349 2868 420 plenis
2895 349 3098 405 nubilis
3132 347 3308 404 annis.

308 452 656 521 Ducebatque
682 452 830 505 diem
853 452 1029 507 stellis
1049 466 1245 507 aurora
1270 453 1489 523 fugatis.

2006 438 2116 494 Olli
2137 454 2389 495 somnum
2415 441 2607 511 ingens
2640 442 2784 512 rupit
2806 456 2995 511 pavor,
3018 455 3251 510 ossaque
3276 448 3325 496 et
3357 450 3508 494 artus

307 547 456 602 'l‘unc
478 545 678 601 durare
703 546 905 614 solum,
936 559 990 601 et
1016 546 1322 604 discludere
1348 547 1520 603 Nerea
1548 557 1716 617 potito

2006 530 2326 602 Conjugium
2359 541 2541 601 vocat,
2570 543 2626 590 et
2655 532 2990 604 stupefactus
3018 533 3239 588 numine
3268 534 3493 603 pressit,

306 640 520 711 Incipit,
552 647 607 694 el
639 653 820 695 rerum
853 639 1115 710 pannum
1147 655 1367 697 sumere
1398 640 1616 705 formas,
2008 620 2341 693 Excepitque
2361 640 2546 690 manu,
2570 624 2936 694 dextramque
2957 624 3246 694 amplexus
3267 624 3516 680 adhtesit.

306 734 377 788 Et
395 732 559 788 Varia:
592 732 767 802 pelagi
794 731 992 809 facies,
1033 732 1289 787 immania
1317 744 1437 789 cete
2196 735 2363 793 Deum
2387 738 2767 813 protoplauum
2793 750 2842 794 et
2867 738 3031 794 Evam
3060 737 3401 794 benedixiue.

306 827 545 898 [Equora
573 826 866 881 verrebant
892 825 1103 895 caudis,
1137 835 1441 896 aestumque
1467 828 1750 894 secabant,

2078 848 2172 902 llis
2194 849 2413 906 demum
2442 852 2671 917 exactis,
2704 854 2915 922 torquet
2949 851 3038 921 qui
3072 850 3253 907 sidera
3285 852 3472 906 mundi

304 918 414 974 Nec
442 935 547 973 non
575 927 630 973 et
654 917 792 973 vasti
820 917 1128 972 circuibant
1161 933 1383 989 aequora
1412 920 1583 988 ponti.

2002 936 2170 994 Jussit
2196 960 2207 993 :
2236 957 2302 997 eo
2323 942 2542 999 dicente
2570 945 2765 1014 premit
2791 917 2999 1013 placida
3027 957 3244 1014 requora
3280 950 3499 1015 pontus,

443 1011 566 1113 ξξιιθ
596 1008 799 1075 infusor
825 1007 937 1080 iam
979 1006 1294 1113 feb‘fsluce
1327 1011 1549 1113 Γξίθθίίδ
2004 1033 2071 1088 Ει
2101 1033 2418 1090 tremefacta
2450 1006 2675 1090 solo-est
2705 1006 2889 1101 tellus,
2918 1035 3045 1091 silet
3072 1006 3493 1093 arduuszether.

303 1098 622 1167 Ex‘sultans,
646 1115 940 1173 roremque
953 1100 1116 1157 simul
1137 1100 1679 1173 dispargitamarum.
2004 1125 2184 1183 Vivite
2211 1125 2422 1193 felices,
2458 1128 2710 1199 intem“
2733 1098 2962 1184 vitem“
2990 1129 3132 1184 cum

875 1213 1003 1269 Dies
1055 1215 1337 1271 secundus.
2004 1217 2431 1276 Fortunatorum
2462 1236 2746 1277 nemorum
2779 1221 3051 1293 sedesque
3071 1223 3278 1279 beatas.

375 1328 600 1385 Postera
624 1327 845 1398 jamque
876 1326 999 1383 dies
1026 1327 1204 1398 primo
1233 1328 1495 1399 surgebat
1524 1328 1666 1397 Eoo,
2004 1313 2132 1369 llaec
2151 1312 2370 1380 domus,
2388 1315 2501 1370 haec
2521 1316 2690 1385 patria
2710 1324 2817 1385 est,
2841 1317 3057 1387 requies
3075 1332 3136 1374 ea
3156 1327 3304 1374 certa
3330 1317 3599 1373 laborum.

303 1423 469 1480 Fudit
493 1423 693 1479 humus
717 1421 884 1478 ﬂores
900 1461 916 1486 ,
938 1428 996 1477 et
1021 1419 1247 1477 frondes
1276 1423 1517 1492 explicat
1544 1437 1756 1491 omnes,

2004 1406 2100 1462 llis
2124 1421 2225 1477 ego
2254 1422 2355 1463 nec
2378 1420 2551 1464 metas
2581 1425 2786 1475 rerum,
2821 1424 2924 1466 nec
2950 1420 3193 1479 tempora
3227 1426 3390 1476 pono.

302 1516 738 1588 Sanguineisque
772 1514 978 1571 inculta
1008 1515 1209 1570 rubent
1235 1514 1439 1570 aviaria
1470 1515 1674 1581 baccis,
2003 1494 2294 1588 !'_nPel'i“'“
2319 1497 2440 1552 είηθ
2468 1497 2580 1554 “"0
2606 1498 2755 1565 dedi:
2789 1499 3100 1570 τηυιιοείιιιε
3129 1515 3225 1569 ρετ
3255 1516 3432 1553 ³11⁸³0⁵

299 1586 644 1667 Νοιίηειτίε
671 1607 976 1675 hominum,
1002 1623 1111 1663 ηοη
1141 1607 1235 1664 um
1259 1606 1494 1667 obnoxia
1520 1623 1687 1666 cum.
1931 1632 1980 1694 Β
2150 1600 2384 1693 rastrum
2409 1590 2646 1694 patietur
2674 1591 2893 1661 humus,
2926 1608 3024 1648 nec
3048 1592 3208 1694 vinea
3238 1592 3456 1649 falcem.

2006 1680 2076 1736 At
2096 1696 2267 1751 genus
2294 1682 2603 1739 immortale
2638 1694 2842 1750 manet,
2871 1700 2974 1740 nec
3007 1685 3160 1740 tarda
3187 1696 3439 1743 senectus

929 1725 1050 1783 Di“
1081 1727 1286 1783 mm“.
2006 1725 2076 1736 .--
2096 1725 2266 1751 ον...-
2294 1725 2602 1739 .......-.....ν
2638 1725 2842 1750 .......ν.,
2872 1725 2974 1740 ..νυ
3007 1725 3160 1740 ιαμ...
3187 1725 3243 1741 υ.

1058 1842 1067 1849 _
1156 1842 1191 1849 __
1568 1842 1583 1849 _
2008 1771 2267 1829 Debilitat
2287 1774 2432 1829 vires
2455 1775 2645 1844 animi,
2677 1784 2958 1847 mutatque
2979 1777 3243 1849 vigorem.

371 1844 560 1901 Tertia
590 1844 679 1900 lux
706 1843 938 1916 gelidam
967 1842 1109 1901 cmlo
1138 1842 1447 1899 dimoverat
1475 1842 1744 1908 umbram,

299 1938 435 1993 Avia
471 1946 599 1993 tunc
625 1944 886 1993 resonant
906 1936 1098 1991 avibus
1123 1935 1355 2005 virgulta
1383 1935 1620 2003 sonoris,

300 2032 374 2089 Et
405 2031 639 2103 liquidas
660 2031 807 2088 corvi
837 2044 1032 2102 presso
1057 2029 1187 2085 dant
1214 2038 1437 2101 gutture
1462 2043 1647 2095 voces,

297 2124 414 2180 Nec
440 2138 658 2196 gemere
684 2124 833 2180 aeria
855 2122 1106 2180 cessabat
1129 2129 1306 2178 turtur
1329 2120 1400 2177 ab
1429 2121 1612 2179 ulmo.

2292 1888 2434 1955 Quid
2452 1888 2772 1956 prohibitum
2792 1890 2973 1960 primis
2988 1892 3310 1961 parentibus.

2074 1977 2185 2035 Vos
2209 1987 2399 2036 contra
2428 1996 2550 2051 qua:
2579 1981 2756 2037 dicam
2781 1983 2978 2038 animis
3009 1983 3280 2038 advertite
3305 1986 3529 2052 vestris;

2003 2069 2061 2126 ln
2086 2071 2269 2129 medio
2297 2088 2501 2140 ramos,
2531 2089 2848 2147 annosaque
2876 2077 3099 2132 brachia
3130 2076 3364 2134 tendens

2004 2163 2101 2221 Est
2127 2164 2183 2221 in
2209 2176 2505 2238 conSpectu
2532 2171 2703 2225 ramis
2730 2169 2979 2226 felicibus
3007 2171 3203 2238 arbor,

909 2235 1033 2291 Dies
1061 2246 1302 2308 quartus.

2001 2259 2173 2329 Quam
2206 2276 2382 2333 neque
2406 2262 2487 2319 fas
2516 2263 2622 2333 igni
2651 2264 2925 2334 cuiquam,
2959 2279 3061 2319 nec
3083 2273 3336 2321 sternere
3360 2262 3526 2331 ferro,

371 2352 582 2422 Quarto
605 2361 749 2409 terra
783 2351 871 2409 die
902 2352 1176 2407 variarum
1213 2361 1459 2409 monstra
1492 2351 1753 2420 ferarum,
2002 2352 2312 2426 ltelligione
2339 2369 2491 2411 sacra
2523 2371 2817 2427 numquam
2849 2371 3109 2413 Concessa
3139 2358 3366 2413 moveri.

297 2448 777 2518 Omnigenumque
803 2458 991 2516 pecus,
1021 2444 1173 2501 nullo
1200 2443 1426 2502 custode
1453 2458 1552 2517 per
1574 2444 1824 2514 herbam,
2003 2446 2115 2502 llac
2152 2444 2477 2518 quicumque
2503 2463 2688 2505 sacros
2717 2449 3057 2520 decerpserit
3083 2449 3281 2506 arbore
3308 2449 3478 2515 fetus,

298 2539 500 2595 Educit
523 2537 713 2595 silvis:
744 2537 927 2594 subito
964 2536 1237 2609 (mirabile
1269 2538 1448 2610 visu!)
2003 2538 2175 2595 Morte
2202 2539 2317 2595 luet
2342 2542 2534 2597 merita
2570 2559 2582 2595 :
2618 2557 2719 2598 nec
2750 2558 2836 2597 me
2865 2542 3136 2598 sententia
3170 2542 3337 2598 vertit
3366 2559 3379 2595 :

295 2632 455 2688 Tunc
476 2631 694 2688 demum
716 2639 897 2687 movet
929 2642 1079 2687 arma
1113 2630 1220 2700 leo,
1250 2639 1379 2687 tunc
1407 2629 1643 2702 pessima
1667 2630 1826 2702 tigris
2002 2629 2112 2686 Nec
2136 2630 2231 2686 tibi
2250 2630 2365 2701 jam
2389 2631 2627 2702 prudens
2648 2634 2935 2704 quisquam
2970 2632 3295 2702 persuadeat
3324 2643 3514 2689 auctor

294 2726 745 2797 Squamosusque
777 2725 963 2791 draco,
992 2732 1048 2779 et
1074 2723 1215 2778 fulva
1240 2723 1454 2780 cervice
1485 2724 1659 2779 leaena
2000 2722 2412 2781 Commaeulare
2437 2741 2653 2793 manus,
2684 2726 2847 2783 liceat
2880 2734 2933 2782 te
2954 2741 3090 2783 voce
3118 2727 3323 2783 moveri

296 2817 529 2887 Saevire,
561 2828 625 2874 ac
654 2815 845 2873 formae
875 2831 1191 2886 magnorum
1215 2815 1428 2871 ululare
1448 2815 1731 2886 luporum.
2003 2815 2281 2884 Feminea,
2311 2832 2411 2874 nec
2438 2825 2493 2874 te
2521 2818 2690 2874 ullius
2718 2819 2974 2875 violentia
3001 2820 3206 2890 vincat,

296 2910 513 2967 Caetera
547 2920 846 2979 pascuntur
875 2908 1077 2965 virides
1107 2917 1355 2964 armenta
1389 2922 1484 2978 per
1508 2906 1708 2963 herbas
1727 2947 1742 2973 ,
2001 2909 2059 2966 Si
2082 2919 2136 2965 te
2159 2908 2317 2981 digna
2349 2920 2533 2966 manet
2559 2910 2727 2967 divini
2754 2913 2924 2984 gloria
2953 2913 3114 2984 juris.

295 3002 414 3060 Nec
436 3002 694 3075 gregibus
724 3001 914 3073 liquidi
940 3000 1117 3057 fontes
1145 3014 1245 3055 nec
1268 2998 1514 3070 gramina
1543 2997 1761 3054 desunt.
1921 3017 1971 3082 ε
2492 3022 2573 3080 De
2600 3025 2805 3082 deum.“
2832 3025 3099 3082 Parad”.

781 3134 901 3190 om
925 3136 1138 3205 quinm;
1163 3142 1214 3190 ει
1233 3142 1431 3190 seu”,
2076 3117 2370 3190 Postquam
2392 3131 2583 3177 cuncta
2612 3130 2785 3190 pater,
2816 3121 2944 3180 coeli
2978 3124 3065 3179 cui
3093 3124 3274 3181 sidera
3304 3136 3516 3195 parent,

2000 3210 2340 3283 Composuit,
2372 3214 2624 3285 legesque
2649 3215 2822 3283 dedit,
2844 3231 3184 3288 camposque
3213 3217 3449 3275 nitentes

2005 3308 2245 3377 Desuper
2275 3317 2535 3376 ostentat,
2562 3316 2833 3365 tantarum
2862 3309 3034 3380 gloria
3066 3326 3250 3366 rerum
3280 3329 3291 3364 :

2004 3397 2141 3453 Ecce
2162 3408 2346 3455 autem
2376 3400 2534 3470 primi
2559 3401 2660 3455 sub
2681 3400 2868 3456 limine
2899 3401 3033 3457 solis
3055 3412 3109 3458 et
3137 3412 3291 3458 ortus

2004 3489 2282 3545 Devenere
2305 3491 2482 3557 locos,
2513 3492 2604 3546 ubi
2637 3493 2818 3547 mollis
2857 3508 3141 3548 amaracus
3169 3493 3292 3549 illos

2002 3581 2281 3651 Floribus,
2310 3592 2365 3639 et
2394 3583 2540 3639 dulci
2564 3585 2811 3655 aspirans
2832 3587 3216 3653 complectitur
3238 3588 3448 3643 umbra.

2002 3676 2101 3732 llic
2129 3692 2222 3731 ver
2247 3692 2602 3746 purpureum,
2633 3689 2797 3747 atque
2829 3678 3019 3733 alienis
3041 3678 3320 3735 mensibus
3342 3687 3524 3749 aestas,

2002 3767 2100 3824 Hic
2130 3768 2317 3839 liquidi
2360 3767 2560 3836 fontes,
2596 3766 2682 3824 hic
2704 3767 2830 3825 coeli
2856 3777 3100 3840 tempore
3124 3780 3277 3825 certo

1963 3862 1970 3869 '
2004 3861 2186 3918 Dulcia
2211 3860 2371 3917 mella
2407 3872 2684 3932 premunt,
2708 3860 2798 3917 llic
2826 3861 3059 3918 candida
3095 3864 3323 3934 populus
3347 3875 3506 3921 antro

2005 3956 2272 4025 Imminet,
2304 3966 2360 4012 et
2382 3956 2542 4013 lentze
2578 3965 2769 4012 texunt
2799 3957 3110 4013 umbracula
3138 3958 3275 4013 vites
3306 3974 3319 4012 :

2003 4050 2234 4107 Invitant
2261 4050 2470 4107 croceis
2500 4051 2743 4107 halantes
2764 4050 2993 4108 ﬂoribus
3021 4051 3165 4108 horti

372 3250 602 3321 Jamque
631 3248 771 3315 dies,
806 3247 1051 3318 alterque
1082 3247 1198 3303 dies
1231 3246 1518 3318 processit,
1547 3254 1602 3302 et
1627 3259 1793 3300 omne

299 3330 418 3399 Hoc
449 3342 666 3397 virtutis
693 3357 828 3413 Opus
855 3340 1051 3398 divinae
1079 3341 1277 3398 mentis
1306 3350 1361 3397 et
1387 3341 1522 3395 artis

297 3435 644 3507 Prospiciens
674 3435 923 3501 Genitor,
955 3433 1215 3506 perfectis
1243 3433 1439 3491 ordine
1466 3434 1651 3499 rebus,

300 3528 527 3599 Expleri
560 3537 798 3584 mentem
828 3528 1036 3600 nequit,
1069 3527 1411 3598 ardescitque
1440 3525 1647 3582 tuendo

298 3621 622 3687 Terrarum,
647 3631 958 3694 tractusque
988 3623 1177 3690 maris,
1211 3620 1518 3690 (telumque
1544 3616 1895 3689 profundum,

300 3713 568 3781 Alituum,
597 3714 980 3785 pecudumque
1005 3729 1198 3785 genus,
1228 3725 1525 3782 secumque
1544 3709 1757 3765 volutat

298 3809 405 3878 Qui
435 3825 610 3874 mare,
638 3808 730 3877 qui
758 3816 934 3864 terras
961 3806 1112 3863 omni
1139 3805 1344 3862 ditione
1372 3812 1647 3869 tenerent,

298 3899 413 3957 Neu
444 3915 639 3972 segnes
660 3900 885 3972 jaceaut
917 3909 1102 3968 terras,
1125 3898 1284 3971 juvat
1310 3913 1483 3969 usque
1511 3895 1733 3953 morari.

662 4010 741 4067 De
773 4011 1084 4082 formatione
1112 4011 1267 4082 primi
1292 4010 1537 4065 hontinis.

375 4124 529 4181 Τ³¹Ῐ³
555 4125 797 4182 versam“
829 4123 1009 4180 ευδίίο
1036 4123 1307 4216 δεηιεηιίει
1338 4121 1503 4199 sed".
1629 4212 1642 4216 _
2005 4143 2150 4200 Inter
2174 4142 2464 4200 odoratum
2487 4145 2624 4200 lauri
2653 4158 2867 4211 nemus,
2895 4145 3122 4216 ipsaque
3154 4144 3315 4201 tellus

303 4219 655 4289 Felicemque
680 4216 848 4273 “ab”
873 4216 1064 4272 “mum
1094 4215 1354 4309 θηείίίιυθ
1376 4212 1685 4309 minem
1729 4305 1742 4309 _
2001 4238 2194 4295 Omnia
2219 4238 2444 4293 liberius
2474 4238 2626 4294 nullo
2651 4212 3168 4309 poscente'lerebat.

303 4312 514 4383 Pingue
536 4311 711 4367 solum
740 4310 933 4381 primis
957 4308 1229 4379 extemplo
1252 4321 1284 4363 a
1310 4305 1594 4363 mensibus
1617 4305 1770 4362 anni.
2003 4329 2287 4386 Fortuna“
2317 4330 2497 4398 ambo,
2527 4330 2572 4387 si
2601 4305 2757 4387 m'ens
2774 4345 2889 4387 non
2927 4330 3061 4387 Ima
3089 4330 3284 4388 fuisse,

302 4405 535 4479 Jamque
561 4404 866 4476 improviso
887 4411 1053 4460 tantae
1079 4402 1302 4474 pietatis
1329 4400 1510 4472 imago
1924 4404 1981 4468 Ι)
2002 4422 2264 4495 conjugis
2287 4421 2544 4491 manda,
2575 4422 2763 4480 docuit
2791 4432 2915 4495 pos,
2934 4425 3120 4480 emus
3146 4425 3356 4496 inge“.

305 4502 614 4569 Processit,
666 4516 802 4557 nova
833 4500 1008 4557 forma
1037 4499 1143 4555 viri
1172 4496 1535 4570 pulcherrima
1562 4508 1765 4565 rerum,

304 4594 379 4651 0s
401 4598 763 4665 numerosque
781 4594 889 4649 Deo
910 4593 1131 4658 similis,
1155 4592 1244 4648 cui
1271 4600 1533 4658 mentem,
1547 4590 1902 4658 animumque

305 4686 479 4759 Major
498 4688 612 4759 agit
636 4689 807 4756 Deus,
836 4697 999 4758 atque
1026 4700 1194 4757 opera
1220 4685 1289 4740 ad
1321 4685 1528 4754 majora
1557 4681 1808 4741 remittit.

2442 4535 2685 4592 Tentatio
2715 4553 2807 4608 per
2831 4537 3158 4608 Serpentem.

2078 4630 2304 4701 Jamque
2325 4629 2441 4686 dies
2467 4629 2684 4685 infanda
2705 4630 2893 4687 aderat
2920 4644 3014 4700 per
3050 4627 3218 4686 ﬂorea
3257 4638 3381 4686 rura
3407 4648 3421 4686 :

2008 4724 2153 4781 Ecce
2172 4725 2431 4780 inimicus
2453 4734 2613 4780 atrox
2639 4722 2923 4779 immensis
2944 4723 3170 4778 orbibus
3199 4723 3392 4795 anguis

741 4804 745 4808 ὶ
807 4822 888 4877 De
914 4821 1226 4891 formatione
1251 4819 1397 4875 Eva.
2008 4818 2228 4890 Septem
2260 4818 2450 4890 ingens
2475 4831 2662 4890 gyros,
2694 4828 2916 4888 septena
2954 4815 3229 4873 volumina
3263 4826 3471 4889 versat,

373 4918 651 4987 Qumritur
668 4917 794 4972 hinc
817 4916 974 4983 alius,
1006 4932 1106 4972 nec
1124 4917 1407 4987 quisquam
1429 4928 1496 4970 ex
1515 4912 1727 4985 agmine
1750 4920 1900 4969 tanto
2009 4914 2121 4969 Nec
2146 4914 2261 4966 visu
2296 4911 2492 4979 facilis,
2517 4926 2618 4965 nec
2638 4909 2787 4965 dictu
2814 4907 3045 4966 affabilis
3073 4909 3191 4977 ulli,

302 5013 484 5068 Audet
508 5011 661 5067 adire
693 5009 892 5079 virum,
923 5011 1216 5079 sociusque
1245 5009 1298 5065 in
1332 5021 1496 5081 regna
1530 5008 1736 5064 vocari.
2009 5004 2237 5074 Obliqtta
2270 5002 2474 5058 invidia
2505 5016 2660 5058 ramo
2684 5000 2971 5058 frondente
2995 5004 3272 5072 pependit,

306 5105 457 5161 Haud
492 5119 667 5171 mora,
690 5105 948 5160 continuo
967 5104 1237 5177 placidam
1271 5117 1366 5173 per
1388 5101 1637 5159 membra
1662 5099 1900 5171 quietem
2014 5097 2297 5167 Vipeream
2327 5094 2597 5165 inspirans
2621 5096 2878 5157 animam,
2904 5094 2991 5149 cui
3015 5093 3189 5149 tristia
3216 5092 3356 5148 bella

306 5197 403 5252 Dat
422 5197 613 5268 juveni
642 5238 657 5264 ,
681 5206 735 5253 et
764 5195 911 5253 dulci
936 5196 1176 5251 declinat
1199 5195 1401 5250 lumina
1430 5207 1645 5249 somno.
2011 5189 2215 5259 lrmquc
2247 5186 2588 5255 invidireque,
2621 5193 2676 5240 et
2703 5185 2869 5240 noxia
2895 5185 3124 5241 crimina
3155 5181 3325 5239 cordi.

304 5293 482 5360 Atque
514 5290 590 5344 illi
621 5289 802 5346 medio
834 5289 887 5344 in
916 5290 1093 5358 spatio
1116 5287 1226 5357 jam
1260 5288 1437 5341 noctis
1464 5299 1649 5355 Opaca:
2010 5282 2136 5338 Odit
2162 5290 2215 5335 et
2235 5278 2350 5348 ipse
2380 5287 2550 5348 pater,
2580 5285 2660 5332 tot
2686 5290 2809 5334 sese
2832 5277 2992 5333 vertit
3034 5275 3089 5331 in
3119 5291 3240 5342 ora,

302 5381 661 5450 Omnipotens
688 5381 916 5437 Genitor
944 5390 1125 5435 costas
1154 5389 1208 5434 et
1242 5378 1449 5434 viscera
1481 5377 1670 5432 nudat.
2011 5373 2360 5443 Arrectisque
2385 5370 2572 5425 horret
2599 5371 2865 5440 squamis,
2895 5377 2951 5422 et
2979 5382 3044 5420 ne
3067 5366 3194 5436 quid
3227 5366 3499 5433 inausum,

306 5472 505 5528 Harum
541 5489 702 5528 unam
724 5473 942 5544 juveni,
971 5473 1203 5528 laterum
1229 5468 1583 5541 compagibus
1607 5468 1764 5533 actis,
2013 5465 2122 5522 Aut
2150 5465 2472 5520 intentatum
2517 5462 2812 5517 scelerisve
2841 5460 3021 5515 dolive
3053 5457 3343 5528 relinquat,

307 5565 545 5637 Eripuit,
573 5567 862 5636 subithue
894 5568 1072 5622 oritur
1099 5564 1352 5621 mirabile
1379 5562 1615 5628 donum,
2015 5558 2106 5616 Sic
2128 5559 2278 5631 prior
2307 5553 2620 5628 aggreditur
2647 5552 2829 5617 dictis,
2863 5566 3032 5621 seque
3061 5551 3260 5607 obtulit
3289 5551 3431 5607 ultro
3463 5569 3473 5603 :

312 5660 708 5734 Argumentum
736 5659 928 5733 ingens
946 5659 1096 5717 clara
1124 5673 1249 5717 cum
1278 5658 1398 5714 luce
1419 5654 1631 5713 refulsit
2091 5649 2206 5719 Dic,
2238 5649 2334 5717 ait,
2363 5662 2398 5704 ο
2424 5643 2577 5717 virgo
2609 5643 2772 5715 (lucis
2803 5642 3109 5699 habitamus
3136 5644 3342 5714 opacis,
