4082 6188
524 150 632 209 807

518 263 891 333 Biparumquc
935 267 1105 328 toros,
1149 270 1205 317 et.
1236 268 1388 333 prata
1419 263 1659 319 recentia
1689 265 1818 319 rivis

521 354 865 425 lucolimus),
892 370 1011 425 qua:
1043 363 1191 410 tanta
1221 356 1419 412 animis
1446 357 1661 428 ignavia
1692 359 1888 413 venit?

524 453 703 502 Strata
728 446 913 516 jacent
937 447 1135 517 passim
1165 464 1260 503 sua
1292 465 1522 519 qumque
1553 450 1652 506 sub
1679 452 1878 506 arbore
1906 467 2080 522 poma,

519 538 721 594 Pocula
752 547 878 593 sunt
906 539 1092 609 liquidi
1127 540 1329 608 fontes,
1360 542 1603 597 coelestia
1636 542 1794 597 dona.

522 631 834 689 Attrectare
865 632 1038 701 nefas,
1067 633 1118 688 id
1143 634 1306 691 rebus
1335 634 1502 692 defuit
1533 652 1717 692 unum.

427 791 431 794 ξ
524 728 658 795 Quis
688 727 946 799 prohibet
974 744 1169 784 causas
1190 732 1407 801 penitus
1437 738 1648 787 tentare
1670 732 1942 787 latentes?

520 821 675 877 Vana
706 822 1245 893 superstitio,rerum
1275 838 1403 894 pars
1424 824 1593 880 altera
1618 823 1869 895 adempta
1904 832 2031 892 est,

526 914 815 982 Conditio;
848 931 970 973 mea
998 916 1045 972 si
1075 933 1185 972 non
1216 916 1367 972 irrita
1401 917 1543 974 dicta
1575 927 1826 989 putares,

523 1007 730 1065 Auctor
758 1023 854 1064 ero
879 1008 1114 1065 audendi
1152 1019 1362 1065 sacrata
1390 1011 1665 1067 resolvere
1686 1011 1830 1079 jura.

523 1100 609 1158 Tu
636 1102 903 1174 coniunx,
933 1102 1029 1160 tibi
1059 1103 1141 1159 fas
1172 1103 1417 1160 animum
1448 1114 1664 1161 tentare
1695 1105 1985 1176 precando.

523 1194 647 1251 Dux
674 1210 776 1269 ego
800 1206 982 1254 vester
1013 1212 1131 1266 ero,
1165 1210 1254 1252 tua
1282 1197 1325 1252 si
1352 1197 1483 1252 mihi
1509 1207 1658 1254 certa
1688 1198 1957 1265 voluntas,

522 1287 982 1363 Exstruimusque
1005 1301 1177 1361 toros,
1206 1292 1839 1364 dapibusqueepulamur
1864 1291 2078 1363 opimis.

916 1406 1028 1462 Eva
1067 1408 1283 1462 seducta
1309 1408 1506 1463 seducit
1535 1408 1724 1462 virum.

594 1500 686 1557 Sic
712 1500 810 1569 ait,
847 1508 900 1557 et
925 1500 1071 1556 dicto
1094 1501 1278 1567 citius,
1306 1502 1450 1572 quod
1479 1501 1600 1572 lege
1634 1509 1850 1558 tenetur

525 1591 837 1663 Subjiciunt
861 1592 1037 1663 epulis
1066 1593 1207 1649 oculi
1233 1594 1547 1650 venerabile
1579 1595 1805 1665 lignum,

516 1684 920 1757 lnstituuntque
942 1687 1136 1759 dapes,
1169 1697 1527 1759 contactuque
1563 1691 1741 1745 omnia
1770 1690 1998 1746 foedant.

595 1781 878 1852 Prrccipuc
902 1781 1108 1837 insistit
1138 1783 1277 1852 pesti
1308 1782 1503 1838 devota
1538 1782 1756 1849 futura‘,

524 1874 859 1944 Miraturque
888 1889 1056 1930 novas
1083 1875 1324 1939 frondes,
1355 1886 1410 1931 et
1445 1890 1551 1931 non
1581 1890 1677 1930 sua
1709 1891 1895 1946 poma.

521 1966 699 2022 Causa
722 1967 851 2022 mali
884 1969 1042 2037 tanti,
1075 1984 1288 2023 summo
1323 1976 1479 2024 tenus
1512 1970 1685 2040 attigit
1715 1985 1830 2037 ore.

523 2057 698 2128 Maius
722 2057 917 2114 adorsa
948 2060 1123 2126 nefas,
1156 2061 1531 2130 majnrcmque
1558 2076 1683 2116 orsa
1718 2063 1980 2118 furorem.

524 2152 640 2207 llen
664 2152 865 2208 misero
896 2153 1136 2223 conjunx
1169 2153 1346 2207 aliena
1374 2170 1439 2208 ex
1463 2152 1659 2209 arbore
1680 2168 1902 2225 germen

523 2245 744 2316 Objicit,
770 2255 929 2316 atque
958 2245 1200 2301 animum
1233 2245 1409 2301 subita
1439 2244 1728 2301 dulcedine
1755 2247 1943 2301 movit.

672 2361 863 2416 Vident
883 2378 937 2417 se
962 2360 1153 2427 nudos,
1187 2369 1235 2413 ct
1264 2359 1461 2429 faciunt
1510 2360 1603 2413 sibi
1635 2360 1971 2429 pcrizomata.

592 2456 865 2514 Continuo
895 2472 1033 2512 nova
1061 2455 1155 2510 lux
1186 2454 1360 2510 oculis
1391 2455 1623 2520 effulsit;
1658 2465 1709 2509 at
1743 2454 1819 2509 illi

523 2547 823 2605 Torrentur
850 2549 969 2605 visu
999 2547 1201 2616 subito,
1228 2563 1327 2604 nec
1350 2548 1505 2618 plura
1535 2547 1752 2615 morati,

522 2645 762 2719 Corpora
794 2647 896 2704 sub
926 2646 1344 2717 ramis‘objectu
1375 2646 1586 2702 frondis
1608 2646 1944 2714 inumbrant,

522 2739 847 2797 Consertum
881 2748 1119 2812 tegmen,
1150 2755 1251 2795 nec
1278 2754 1403 2810 spes
1425 2739 1545 2810 Opis
1568 2739 1677 2795 ulla
1701 2739 1949 2796 dabatur.

522 2833 595 2889 At
621 2848 730 2889 non
759 2833 875 2889 hazc
901 2833 1070 2889 nullis
1097 2832 1378 2890 hominum
1411 2833 1590 2902 Sator,
1623 2843 1791 2905 atque
1818 2833 2045 2889 deorum

521 2924 834 2982 Observans
855 2926 1047 2995 oculis,
1077 2926 1253 2984 caedes
1281 2935 1337 2983 et
1367 2928 1504 2982 facta
1537 2927 1752 2999 tyranni

529 3018 843 3089 Praesensit,
878 3030 1177 3091 notumque
1207 3020 1395 3077 furens
1420 3019 1547 3091 quid
1581 3020 1782 3076 femina
1812 3020 2008 3091 possit.

521 3112 794 3168 Continuo
821 3113 1062 3169 invadit:
1091 3114 1316 3180 Procul,
1350 3129 1383 3169 o
1413 3116 1601 3184 procul
1627 3126 1767 3183 este,
1801 3117 2031 3184 profani,

519 3201 860 3272 Conclamat,
894 3204 1091 3261 caelum
1121 3220 1185 3260 ac
1202 3214 1376 3261 terras
1402 3208 1493 3277 qui
1524 3208 1748 3264 numine
1772 3206 1969 3263 firmat.

1026 3322 1197 3377 Adam
1238 3323 1508 3378 abscondit
1541 3341 1613 3379 se.

593 3437 772 3507 Atque
802 3433 884 3493 illi
909 3435 1066 3510 longe
1093 3438 1430 3510 gradientem
1462 3447 1516 3495 et
1542 3437 1659 3495 dira
1683 3439 2012 3497 frementem

522 3526 595 3586 Ut
623 3528 829 3599 videre,
865 3540 1015 3587 metu
1046 3527 1191 3587 versi
1232 3538 1487 3603 retroque
1526 3540 1746 3589 ruentes

521 3620 842 3694 Diffugiunt,
876 3624 1149 3695 silvasque
1181 3632 1237 3680 et
1280 3625 1454 3680 sicubi
1483 3639 1720 3681 concava
1752 3625 1935 3682 furtim

518 3714 660 3773 Saxa
688 3723 900 3788 petunt,
930 3717 1325 3789 pigetincepti,
1356 3717 1640 3790 lucemque
1667 3734 1767 3776 nec
1793 3735 1954 3776 auras

517 3808 856 3884 Respiciunt,
888 3811 1052 3869 taedet
1078 3812 1202 3869 coeli
1232 3828 1473 3870 convexa
1511 3816 1672 3871 tueri.

939 3926 1189 3999 Increpat
1218 3928 1388 3983 Adam
1415 3927 1689 3983 Dominus.

588 4041 699 4100 Nec
722 4042 943 4116 longum
969 4043 1025 4099 in
1056 4042 1238 4100 medio
1261 4052 1494 4113 tempus,
1519 4058 1642 4098 cum
1659 4044 1852 4101 creber
1866 4044 1931 4101 ad
1954 4060 2111 4103 aures

521 4133 682 4192 Visus
711 4136 904 4193 adesse
926 4136 1124 4209 pedum
1155 4137 1386 4205 sonitus,
1407 4135 1745 4209 Geuitorquc
1758 4153 1855 4210 per
1868 4138 2109 4197 umbram

517 4225 742 4285 Talibus
770 4229 964 4285 aﬂatur
990 4230 1172 4297 dictis,
1195 4239 1359 4302 atque
1389 4229 1633 4301 increpat
1654 4231 1797 4286 ultro
1829 4248 1844 4288 :

515 4321 735 4393 Infelix,
760 4339 880 4394 qua:
905 4332 1051 4380 tanta
1079 4325 1323 4381 animum
1354 4324 1629 4382 dementia
1654 4325 1841 4397 cepit?

511 4416 649 4487 Quis
668 4416 822 4474 furor
847 4416 939 4475 ille
963 4418 1163 4474 novus?
1183 4432 1290 4490 quo
1308 4433 1475 4487 nunc,
1496 4433 1603 4490 quo
1626 4417 1843 4475 tenditis
1857 4420 1899 4490 ?‘
1912 4419 2105 4491 inquit.
2139 4442 2191 4504 Ι)

513 4506 827 4580 Regnorum
849 4509 1227 4578 immemores,
1259 4527 1383 4582 qua:
1403 4521 1641 4567 mentem
1668 4511 1879 4568 insania
1908 4514 2109 4569 mutat?

511 4599 709 4673 Dicite,
739 4618 865 4673 qua:
891 4602 1028 4659 lucis
1057 4602 1273 4659 miseris
1302 4611 1410 4657 tam
1439 4604 1555 4659 dira
1581 4603 1824 4675 cupido?

510 4692 778 4751 Maturate
800 4695 1006 4767 fugam,
1040 4703 1267 4765 totoque
1286 4695 1534 4752 absistite
1560 4696 1704 4762 luco,

510 4783 625 4841 Nec
645 4800 909 4843 revocare
931 4788 1176 4859 gradum,
1207 4786 1255 4843 si
1284 4788 1504 4859 quando
1529 4788 1764 4845 adversa
1794 4790 2071 4860 vocarint,

512 4877 613 4934 Est
632 4876 841 4935 licitum
875 4895 889 4933 :
922 4878 1156 4935 flammis
1179 4880 1348 4935 ambit
1374 4881 1703 4937 torrentibus
1725 4879 1899 4937 amnis

509 4971 618 5029 Per
645 4973 885 5030 medium
916 4974 1178 5041 stridens,
1213 4983 1533 5046 torquetque
1557 4977 1805 5031 sonantia
1828 4991 1976 5032 saxa.

512 5067 837 5141 Attollitque
864 5067 1056 5140 globos
1086 5068 1448 5137 flammarum,
1476 5078 1530 5125 et
1560 5068 1738 5126 sidera
1770 5069 1981 5127 lambit.

1051 5183 1227 5238 Adam
1247 5199 1303 5239 se
1330 5194 1562 5239 excusat.

580 5298 678 5357 Ille
707 5297 809 5356 sub
839 5298 957 5355 haec
990 5314 1004 5353 τ
1038 5297 1155 5353 Tua
1181 5298 1541 5369 me,genitor,
1571 5307 1659 5355 tua
1690 5299 1862 5356 tristis
1892 5300 2070 5373 imago

508 5391 608 5450 llis
636 5407 868 5465 posuere
888 5391 1050 5459 locis,
1080 5391 1274 5458 merui,
1301 5408 1402 5448 nec
1431 5390 1714 5463 deprecor,
1741 5392 1934 5463 inquit,

505 5485 890 5557 Omnipotens,
916 5486 1260 5556 sonitumque
1281 5484 1503 5555 pedum,
1533 5500 1830 5557 vocemque
1851 5485 2106 5542 tremisco

509 5579 775 5637 Conscius
804 5581 1025 5637 audacis
1054 5581 1208 5649 facti,
1248 5581 1545 5653 monitique
1571 5582 1802 5638 sinistri.

510 5669 737 5731 Femina
760 5673 866 5731 fert
893 5675 1075 5731 tristes
1103 5687 1316 5743 succos,
1352 5677 1672 5747 tardumque
1716 5691 1988 5749 saporem;

1707 147 1865 206 VAL.
1909 142 2283 207 FALTONIE
2327 143 2577 204 PROBIE

2147 272 2198 324 Α
2227 262 2319 318 llla
2352 264 2506 319 dolos
2535 262 2712 318 dirum
2730 275 2822 331 pte
2852 260 3000 316 nefas
3031 258 3132 314 sub
3166 267 3386 330 pectore
3417 272 3636 316 versans
3661 302 3677 329 ,

3698 142 3808 202 808

2230 360 2508 415 lnsontcm
2542 359 2760 414 infando
2782 356 3004 426 iudicio,
3037 356 3299 413 moritura
3334 358 3512 429 puella

2226 454 2362 509 Dum
2391 454 2540 520 furit,
2566 455 2840 510 incautum
2870 451 3081 508 crudeli
3103 462 3276 508 morte
3315 451 3566 523 peremit.

2225 547 2403 604 Suasit
2425 549 2593 612 enim,
2618 548 2725 603 seis
2755 549 2894 617 ipse,
2922 561 3023 602 nec
3051 556 3133 602 cst
3162 555 3213 601 te
3236 545 3426 601 fallere
3447 545 3696 616 cuiquam
3728 591 3742 617 ,

2223 644 2296 701 Ut
2324 645 2455 711 vidi,
2480 653 2540 700 ut
2568 644 2739 715 perii,
2771 650 2830 698 ut
2858 657 2943 698 me
2973 641 3148 697 malus
3172 639 3394 696 abstulit
3421 656 3599 703 error,

2224 736 2672 810 Contigimusque
2702 752 2865 792 manu
2887 734 3030 806 quod
3054 751 3160 790 non
3185 749 3282 790 sua
3304 735 3536 790 seminat
3563 734 3742 792 arbos.
3803 736 3809 741 ’

2706 850 3047 906 Maledictum
3072 848 3331 922 Serpenti.

2298 974 2451 1030 Tunc
2479 973 2642 1029 Pater
2671 971 3022 1044 omnipotens
3051 971 3187 1028 solio
3218 972 3297 1028 sic
3324 970 3440 1027 inﬁt
3470 970 3539 1027 ab
3561 972 3673 1027 alto
3704 987 3719 1028 :

2224 1066 2472 1138 Accipite
2501 1082 2653 1138 ergo,
2676 1066 2875 1121 animis
2899 1076 3063 1136 atque
3087 1064 3206 1121 haec
3234 1079 3352 1120 mea
3380 1064 3524 1136 ﬁgite
3551 1065 3696 1122 dicta
3726 1080 3741 1130 ;

2224 1158 2413 1229 Tuque
2437 1158 2609 1231 prior,
2634 1158 2845 1214 scelere
2874 1169 2998 1215 ante
3022 1157 3157 1214 alios
3186 1156 3475 1213 immanior
3497 1173 3709 1228 omnes,

2225 1253 2396 1321 Quem
2430 1268 2532 1308 nec
2559 1253 2718 1324 longa
2749 1252 2886 1318 dies,
2917 1252 3093 1324 pietas
3123 1266 3223 1309 nec
3255 1252 3463 1322 mitigat
3502 1253 3642 1320 ulla,

2226 1346 2485 1401 llortator
2505 1346 2772 1402 scelerum
2796 1346 3043 1414 coluber,
3077 1345 3217 1401 mala
3246 1346 3491 1417 gramina
3522 1360 3716 1416 pasces

2228 1439 2467 1507 Desidia,
2498 1440 2772 1511 latamque
2802 1439 3025 1496 trahens
3054 1439 3317 1511 inglorius
3345 1440 3549 1496 alvum.

2225 1531 2368 1588 Cede
2400 1532 2554 1598 locis,
2591 1532 2755 1587 nullis
2776 1519 3058 1589 hominum
3090 1533 3435 1604 cogentibus,
3464 1534 3583 1604 ipse

2150 1649 2199 1710 Β
2230 1623 2429 1679 Tcnvis
2454 1623 2543 1680 ubi
2567 1624 2777 1696 argilla,
2808 1631 2864 1679 et
2893 1624 3137 1680 dumosis
3164 1623 3406 1680 calculus
3433 1624 3601 1680 arvis.

2738 1737 3080 1794 Maledictum
3104 1738 3293 1795 Adam.

2295 1856 2365 1910 At
2395 1853 2487 1910 tibi
2521 1868 2615 1924 pro
2643 1852 2849 1909 scelere
2876 1851 3190 1925 (exclamat)
3213 1893 3229 1920 ,
3248 1850 3359 1924 pro
3382 1853 3581 1910 talibus
3609 1853 3770 1923 ausis,

2223 1950 2394 2005 Omne
2415 1965 2587 2006 aevum
2624 1948 2771 2004 ferro
2821 1948 3035 2015 teritur,
3061 1946 3374 2018 primusque
3395 1963 3490 2019 per
3510 1958 3686 2004 artem

2225 2044 2384 2113 (Heu,
2418 2042 2728 2098 miserande
2753 2058 2888 2113 puer
2915 2041 2957 2114 !)
2988 2051 3187 2096 terram
3212 2041 3556 2098 insectabere
3583 2041 3785 2109 rastris,

2230 2136 2300 2191 Et
2329 2138 2509 2192 sonitu
2537 2135 2767 2192 terrebis
2792 2149 2957 2190 aves:
2993 2133 3239 2190 horrebit
3270 2134 3323 2188 in
3347 2133 3489 2190 arvis

2222 2232 2488 2301 Carduns,
2516 2240 2570 2286 et
2595 2232 2766 2301 spinis
2797 2239 2986 2301 surget
3027 2230 3268 2301 paliurus
3297 2230 3494 2296 acutis,

2224 2324 2553 2395 Lappa-que,
2583 2324 2893 2394 tribulique,
2917 2332 2971 2378 ct
3000 2322 3159 2378 fallax
3184 2321 3352 2378 herba
3386 2323 3607 2388 veneni;

2224 2418 2293 2472 At
2322 2417 2366 2471 si
2400 2417 2669 2472 triticeam
2694 2415 2750 2471 in
2787 2430 3044 2477 messem.
3076 2414 3405 2485 robuSIaque
3432 2413 3576 2469 farra

2224 2510 2517 2567 Exercebis
2550 2510 2796 2576 humum,
2824 2510 3022 2565 frustra
3047 2510 3393 2580 exspectabis
3428 2524 3710 2576 acervum,

2224 2601 2609 2674 Concussaque
2642 2602 2839 2658 famem
2868 2602 2923 2656 in
2957 2602 3109 2657 silvis
3134 2602 3388 2659 solabere
3410 2618 3636 2674 quercu.

2227 2697 2453 2767 Insuper
2482 2698 2567 2752 his
2592 2697 2826 2753 subeunt
2848 2696 3047 2764 morbi,
3080 2696 3364 2767 tristisque
3393 2705 3674 2766 senectus,

2225 2789 2294 2845 Et
2318 2789 2489 2858 labor,
2522 2789 2735 2846 ctdirze
2759 2788 2902 2860 rapit
2932 2788 3279 2844 inclementia
3319 2790 3537 2847 mortis.

2754 2911 3089 2969 Maledictum
3104 2913 3301 2969 'Evam.

2296 3025 2422 3082 litee
2436 3025 2529 3081 tibi
2548 3040 2765 3098 semper
2784 3035 2939 3083 erunt
2953 3070 2967 3095 ,
2989 3035 3178 3099 tuque,
3203 3042 3236 3084 ο
3249 3026 3548 3084 saevissima
3563 3027 3800 3098 coniunx,

2219 3115 2337 3173 Non
2361 3117 2547 3188 ignara
2575 3117 2727 3186 mali,
2758 3127 2923 3190 caput
2954 3119 3148 3175 horum
3177 3128 3231 3175 et
3257 3134 3423 3176 causa
3453 3118 3738 3187 malorum,

2222 3210 2409 3281 Magna
2438 3212 2556 3268 lues
2578 3214 2868 3268 commissa
2902 3213 2998 3269 tibi
3030 3231 3041 3268 :
3077 3212 3182 3270 heu
3209 3213 3419 3285 perdita
3450 3215 3651 3283 nescis,

2219 3303 2336 3360 Nec
2364 3321 2483 3375 quae
2510 3305 2863 3362 circumstant
2891 3314 2943 3361 te.
2970 3305 3168 3362 deinde
3198 3306 3436 3377 pericula
3468 3306 3666 3363 cernis.

2219 3397 2373 3453 Nunc
2399 3414 2633 3467 morere,
2668 3409 2728 3455 ut
2757 3400 2949 3456 merita
2979 3413 3057 3469 es,
3089 3399 3233 3471 quod
3267 3407 3377 3456 tota
3407 3407 3593 3457 mente
3612 3396 3798 3472 petisti.

2219 3490 2329 3548 Nec
2358 3507 2475 3549 mea
2497 3493 2610 3563 jam
2641 3502 2845 3549 mutata
2876 3494 2995 3549 loco
3025 3495 3294 3549 sententia
3324 3492 3492 3550 cedit.

2477 3608 2743 3678 Empulsos
2771 3609 2939 3664 Adam
2965 3620 3012 3666 et
3035 3609 3200 3666 Evam
3229 3628 3257 3664 e
3285 3612 3553 3681 paradiso.

2290 3724 2360 3779 At
2382 3722 2642 3795 juvenem
2667 3725 2899 3795 primum
2929 3740 3106 3781 smvus
3144 3725 3506 3783 circumstetit
3529 3725 3731 3794 horror,

2218 3817 2499 3889 Diriguere
2520 3817 2684 3886 oculi,
2714 3831 2815 3874 nec
2837 3832 2898 3874 se
2924 3817 3102 3874 celare
3122 3818 3371 3875 tenebris

2218 3911 2486 3980 Amplius,
2514 3919 2607 3967 aut
2637 3919 2792 3967 notas
2822 3911 3013 3968 audire
3040 3920 3096 3968 et
3121 3911 3354 3968 reddere
3382 3927 3569 3970 voces.

2218 4002 2371 4059 [laud
2400 4018 2574 4073 mora,
2607 4002 2885 4072 festinant,
2914 4002 3115 4075 rapidis
3145 4002 3383 4075 iussique
3406 4003 3647 4061 fernntttr

2218 4096 2492 4164 Passibus,
2527 4105 2582 4153 et
2605 4096 2809 4168 pariter
2832 4097 3009 4169 gressi
3034 4112 3129 4167 per
3155 4110 3325 4167 Opaca
3353 4097 3566 4153 viarum

2216 4190 2533 4263 Corripiunt
2554 4193 2789 4262 spatium
2815 4192 3051 4248 medium
3093 4193 3367 4263 limenque
3398 4194 3700 4262 relinquunt

2216 4284 2457 4352 Flentes,
2485 4295 2541 4343 et
2567 4285 2788 4356 paribus
2810 4285 2954 4341 curis
2983 4286 3211 4357 vestigia
3246 4287 3437 4358 figunt.

2220 4377 2355 4433 Tum
2379 4378 2580 4434 victum
2610 4378 2665 4434 in
2686 4378 2841 4435 silvis
2863 4379 3079 4448 baccas,
3104 4378 3455 4451 lapidosaque
3488 4395 3651 4436 corna

2220 4470 2362 4526 Dant
2392 4471 2552 4539 rami,
2580 4478 2637 4527 et
2666 4471 2836 4527 vulsis
2862 4479 3088 4542 pascunt
3112 4470 3387 4529 radicibus
3408 4472 3615 4529 herbae.

2611 4584 2773 4640 Evam
2801 4587 3058 4657 peperisse
3089 4586 3219 4642 duos
3246 4586 3403 4656 ﬁlios.

2290 4702 2502 4759 Interea
2533 4717 2786 4774 magnum
2815 4703 2897 4758 sol
2928 4702 3371 4759 circumvolvitur
3407 4719 3630 4773 annum,

2217 4798 2371 4853 Matri
2398 4797 2556 4868 longa
2582 4797 2769 4854 decem
2799 4799 3037 4854 tulerant
3069 4798 3282 4855 fastidia
3325 4814 3564 4870 menses,

2215 4888 2371 4959 Unde
2400 4888 2652 4946 homines
2675 4891 2806 4957 nati,
2832 4889 3024 4946 durum
3048 4906 3243 4962 genus,
3279 4891 3409 4948 inde
3441 4907 3539 4963 per
3565 4900 3727 4948 artem

2216 4982 2367 5036 llaud
2395 4981 2581 5038 herbae
2603 4997 2796 5054 campo
2822 4995 3108 5055 apparent,
3141 4984 3285 5040 haud
3312 4986 3509 5043 arbore
3532 4984 3759 5054 frondes,

2214 5078 2382 5148 Inque
2410 5092 2579 5135 novos
2608 5079 2753 5134 soles
2782 5078 2985 5136 audent
3009 5095 3070 5136 se
3099 5080 3344 5154 gramina
3375 5089 3489 5137 tuto

2214 5168 2476 5237 Credere,
2497 5181 2552 5227 et
2576 5172 2628 5226 in
2662 5171 2826 5228 lentis
2856 5187 3013 5229 uvam
3045 5174 3335 5232 demittere
3359 5175 3526 5231 ramis
3749 5174 3791 5243 κ’

2214 5261 2532 5332 instituunt,
2566 5262 2782 5336 udoque
2809 5264 3009 5322 docent
3039 5266 3342 5327 inolescere
3370 5282 3557 5326 succo.

2669 5379 2799 5436 Abel
2826 5399 2857 5436 a
2888 5386 3051 5454 fratre
3080 5384 3353 5439 occiditur.

2283 5494 2436 5552 Tunc
2455 5495 2658 5568 gemini
2689 5496 2885 5552 fratres
2911 5496 3133 5553 adolent
3158 5497 3501 5572 dumaltaria
3527 5498 3693 5569 taedis,

2208 5585 2363 5643 Alter
2386 5596 2439 5644 ct
2461 5587 2685 5645 alterius
2710 5589 2945 5661 prtclato
2977 5590 3170 5647 invidit
3199 5591 3414 5659 honori,

2206 5675 2499 5751 (Horresco
2525 5679 2792 5754 referens)
2817 5681 3292 5756 consanguinitate
3319 5683 3684 5757 propinquum
