4082 6188
314 204 418 264 suo
752 218 771 231 κ
1336 165 1341 170 ’
1560 208 1924 271 CENTONES
1961 211 2355 271 VIRGILIANI.
3507 226 3614 284 διο

308 317 526 389 Excipit
553 318 853 385 incautum,
879 319 1190 392 patriasque
1229 321 1517 381 obtruncat
1545 327 1610 380 ad
1639 342 1763 384 aras
1938 331 1978 388 Λ
2012 329 2228 385 'l‘ollcrc
2260 329 2446 397 humo,
2482 339 2532 387 et
2566 345 2760 387 numen
2792 333 2932 388 fama
2965 342 3044 391 tot
3072 336 3217 394 ferre
3248 353 3341 410 per
3369 354 3576 408 annos,

310 410 588 482 Sanguine
615 411 915 471 fwdantem
934 429 1073 484 quos
1095 416 1211 486 ipsc
1238 429 1551 475 sacraverat
1581 421 1753 492 ignes.
2014 421 2169 489 Quod
2201 430 2287 477 tua
2317 424 2604 493 progenies
2630 425 2770 482 coelo
2799 425 3082 483 descendit
3110 429 3177 484 ab
3206 430 3317 486 alto
3336 471 3352 497 ,

381 505 509 562 Post
536 507 761 563 occisum
785 508 911 563 Abel
937 507 1077 565 Deus
1108 512 1352 568 irascitur
1379 515 1604 570 humano
1643 519 1836 587 generi.
2014 514 2211 570 Allulit
2237 523 2293 571 et
2334 517 2492 573 nobis
2520 518 2811 588 aliquando
2842 522 3157 589 Optantibns
3186 532 3318 578 retas

304 598 459 655 Tunc
485 598 713 656 Genitor
739 603 891 656 virus
917 603 1265 673 serpentibus
1289 606 1489 662 addidit
1513 608 1664 675 atris,
2013 606 2283 662 Auxilium
2315 610 2715 681 adventumque
2746 612 2843 668 Dei
2880 630 2892 666 :
2922 629 3043 669 cum
3076 615 3275 672 femina
3304 620 3535 687 primum

304 690 571 764 Mellaque
596 691 843 750 decussit
874 694 1040 766 foliis,
1072 695 1360 768 ignemque
1391 702 1655 766 removit,
2014 698 2250 770 Virginis
2276 717 2341 758 os
2369 702 2723 775 habitumque
2751 721 2970 777 gerens,
3005 709 3255 764 mirabile
3286 711 3463 768 dictu!

300 782 650 856 Pradarlque
680 785 837 857 lupos
854 786 1038 858 jussit,
1074 799 1406 861 pontumque
1436 795 1661 849 moveri.
2015 791 2130 849 Nec
2159 795 2376 865 generis
2406 798 2575 852 nostri
2605 813 2857 867 puerum,
2892 815 2990 855 nec
3017 802 3299 871 sattguinis
3330 803 3461 859 edit.

297 875 367 932 Et
394 876 595 947 passim
619 877 750 934 rivis
771 879 1046 936 currentia
1076 880 1200 936 vina
1233 884 1518 952 repressit.
2009 884 2116 942 Sed
2148 886 2271 957 quia
2305 888 2545 945 terrifico
2572 891 2893 946 cecinerunt
2929 893 3111 948 omine
3138 906 3292 951 vates

296 967 416 1024 Mox
447 976 507 1025 et
527 968 815 1027 frumentis
838 970 994 1027 labor
1014 972 1254 1043 additus,
1286 985 1345 1030 ut
1374 977 1515 1032 mala
1545 979 1759 1035 culmos
2006 978 2325 1035 Adventare
2347 979 2521 1034 virum
2556 983 2768 1051 populis
2802 984 3070 1055 terrisque
3097 989 3391 1055 superbum

295 1060 457 1116 Esset
485 1060 697 1132 rubigo,
728 1072 785 1118 et
807 1062 1007 1119 victum
1033 1080 1188 1135 seges
1213 1082 1355 1137 :cgra
1385 1080 1627 1138 negaret.
2007 1068 2227 1126 Semina
2256 1071 2322 1126 ab
2354 1071 2626 1139 aethereo,
2658 1074 2747 1145 qui
2780 1075 2989 1132 vitibus
3019 1089 3245 1149 occupet
3274 1082 3495 1148 orbem,

369 1154 523 1211 Tunc
545 1156 753 1226 laqueis
783 1166 1008 1227 captare
1041 1158 1206 1225 feras,
1235 1171 1291 1217 et
1313 1162 1502 1218 fallere
1533 1162 1682 1220 visco
2010 1161 2299 1234 Imperium
2335 1166 2576 1233 Oceano,
2612 1165 2808 1222 famam
2842 1168 2931 1238 qni
2963 1171 3222 1227 terminet
3249 1174 3434 1231 astris.

294 1245 603 1316 inventum,
635 1256 692 1303 et
717 1248 871 1305 duris
898 1266 1095 1321 urgens
1122 1252 1175 1307 in
1203 1254 1367 1309 rebus
1393 1265 1608 1323 egestas
2404 1255 2483 1311 De
2515 1256 2804 1312 Nativitate
2831 1258 2958 1314 Jesn
2993 1261 3203 1318 Christi.

290 1336 464 1394 Movit
483 1353 666 1410 agros,
698 1339 846 1396 curis
873 1356 1077 1397 acuens
1102 1345 1355 1399 mortalia
1386 1348 1575 1402 corda.
2074 1345 2304 1416 Jamque
2334 1347 2520 1403 aderat
2567 1352 2835 1420 promissa
2881 1352 3021 1420 dies,
3053 1370 3162 1424 quo
3212 1365 3453 1428 tempore
3500 1362 3608 1430 pri-

288 1431 539 1488 Deterior
563 1431 737 1489 donec
762 1434 1022 1505 paulatim
1054 1434 1278 1492 decolor
1303 1448 1465 1505 tetas,
3373 1453 3543 1525 [mum

285 1522 493 1580 Ferrea
522 1525 811 1596 progenies
837 1524 1041 1581 durum
1066 1537 1231 1599 caput
1259 1530 1453 1585 extulit
1479 1532 1659 1601 arvis,
2003 1532 2210 1589 Extulit
2238 1548 2300 1589 os
2332 1549 2544 1591 sacrum
2574 1536 2769 1592 divina:
2799 1538 2988 1609 stirpis
3017 1542 3171 1613 origo

285 1615 357 1673 Et
378 1616 502 1672 belli
532 1616 736 1685 rabies,
764 1627 819 1674 et
847 1634 1002 1674 amor
1027 1622 1288 1677 successit
1320 1623 1572 1680 habendi.
2002 1625 2164 1681 Missa
2197 1626 2299 1682 sub
2328 1626 2577 1697 imperio,
2608 1629 2863 1700 venitque
2891 1632 2941 1686 in
2971 1648 3198 1705 corpore
3231 1638 3403 1693 virtus

284 1706 505 1764 Justitia
525 1708 796 1765 excedens
828 1711 992 1767 terris
1020 1712 1246 1783 vestigia
1280 1714 1424 1770 fecit.
1920 1712 1973 1773 B
2002 1715 2155 1774 Mista
2192 1718 2322 1787 Deo,
2352 1719 2519 1775 subiit
2545 1720 2697 1776 chari
2726 1722 3002 1780 Genitoris
3039 1727 3239 1799 imago.

281 1799 400 1910 liae
423 1801 642 1908 longum
671 1803 724 1858 in
753 1803 932 1910 medio
963 1814 1176 1910 lem-pus
1209 1820 1224 1861 :
1258 1809 1409 1910 furor
1434 1810 1625 1910 iraque
1648 1821 1889 1869 mentem
2502 1833 2577 1888 De
2613 1834 2783 1891 διειια
2813 1846 2858 1891 ει
2893 1837 3089 1910 Magis.

284 1894 665 1966 Pracipitant,
696 1896 936 1968 gaudent
960 1898 1162 1966 perfusi
1193 1900 1459 1971 sanguine
1491 1901 1739 1961 fratrum.

278 1985 482 2043 Condit
510 2002 643 2059 opes
672 1988 830 2057 alius,
862 1988 1187 2061 defossoque
1216 1990 1438 2049 incubat
1458 2008 1612 2063 auro,

277 2079 395 2137 Nec
424 2080 595 2137 doluit
624 2081 893 2138 miserans
922 2082 1165 2155 inepcm,
1199 2083 1555 2157 dextramque
1598 2088 1850 2146 tetendit.

2069 1943 2222 1999 llaud
2257 1960 2432 2015 mora,
2468 1947 2732 2004 continuo
2764 1948 2887 2006 caeli
2919 1953 3143 2022 regione
3179 1969 3374 2013 serena

1995 2036 2163 2093 Stella
2197 2035 2370 2094 facem
2404 2039 2610 2095 ducens
2641 2056 2835 2112 magna
2866 2061 2988 2099 cum
3018 2046 3137 2103 luce
3168 2049 3398 2107 refulsit.

1993 2128 2281 2200 Agnovere
2312 2131 2479 2186 Deum
2513 2148 2788 2202 proceres,
2834 2139 3125 2211 cunetique
3155 2154 3382 2214 repente

926 2198 1000 2251 De
1026 2195 1265 2255 Diluvio.
1992 2195 2308 2278 Muneribus
2337 2195 2640 2296 cumulant,
2676 2236 2731 2284 ct
2758 2241 3005 2287 sanctum
3036 2195 3189 2292 sidus
3218 2195 3465 2298 adorant.

354 2308 511 2367 Tunc
531 2310 691 2367 Pater
712 2312 1061 2383 omnipotens
1088 2315 1333 2386 graviter
1347 2326 1654 2374 commotus
1681 2318 1749 2376 ab
1777 2319 1889 2376 alto
1991 2312 2129 2369 Tum
2155 2330 2289 2371 vero
2320 2318 2606 2375 manifesta
2641 2319 2798 2388 fides.
2825 2325 3145 2399 clarumque
3176 2340 3414 2400 paternte

273 2403 507 2463 [Ethere
534 2421 597 2464 se
622 2408 805 2476 tnittit,
839 2408 1088 2465 tellurem
1111 2409 1341 2466 effundit
1370 2412 1420 2466 in
1445 2412 1618 2468 undas

1989 2406 2197 2464 Nomen
2229 2410 2469 2481 virtutis,
2505 2415 2817 2487 Christique
2850 2433 3157 2489 agnoscere.
3177 2425 3386 2482 vultum

275 2498 497 2555 Diluvio
524 2498 785 2568 miscens,
813 2501 1120 2574 caelumque
1144 2504 1197 2558 in
1229 2511 1432 2559 tartara
1482 2507 1666 2560 solvit.

1991 2499 2269 2572 Flagrant,
2303 2512 2354 2557 at
2383 2519 2505 2574 quae
2531 2505 2623 2562 det
2649 2506 2818 2563 divini
2848 2511 2999 2582 signa
3034 2514 3282 2573 Decoris.

270 2592 690 2663 Sternitagros,
720 2595 918 2651 sternit
948 2603 1069 2651 sata
1093 2596 1248 2663 lmta',
1286 2596 1559 2669 boumque
1588 2598 1806 2655 labores
2311 2619 2555 2674 Μυιηεεδε
2585 2620 2851 2677 "emam,
2883 2636 3007 2681 ηαιο
3039 2624 3266 2688 (mn-“0.

277 2682 476 2753 Diluit,
500 2684 799 2757 implentur
821 2686 1005 2756 fossae,
1039 2695 1095 2744 et
1118 2703 1249 2745 cava
1278 2688 1503 2746 flumina
1528 2701 1805 2747 crescunt.

862 2732 1854 2811 ;':::__I_'m"IA;;“':::;";‘:'::_“
2059 2732 2316 2789 Protinus
2344 2734 2411 2791 ad
2445 2751 2629 2807 regem
2659 2754 2854 2811 titagno
2883 2742 3121 2801 clamore
3153 2746 3422 2807 furentem

271 2774 346 2833 Et
371 2791 549 2847 genus
571 2792 734 2837 omne
756 2780 875 2836 neci
905 2779 1169 2850 pecudum
1204 2780 1389 2850 dedit,
1420 2797 1585 2839 omne
1618 2784 1878 2840 ferarum.

1988 2822 2155 2879 Fama
2186 2824 2362 2894 volnt,
2400 2841 2730 2900 magnasque
2760 2833 2910 2888 acuit
2934 2837 3246 2895 rumoribus
3276 2842 3406 2909 iras,

887 2894 1003 2951 Noe
1030 2904 1277 2951 servatur.
1986 2916 2341 2990 lneeuditque
2372 2921 2611 2976 animum
2631 2963 2646 2988 ,
2675 2925 2973 2995 matrisque
3004 2929 3260 2987 allabitur
3285 2948 3464 2992 aures.

346 3006 486 3064 Tum
513 3006 715 3079 pietate
737 3023 981 3082 gravem,
1006 3025 1070 3066 ac
1091 3009 1322 3079 meritis,
1351 3011 1600 3070 mirabile
1621 3012 1802 3070 dictu!
1984 3007 2074 3063 Illa
2113 3010 2288 3078 dolos,
2322 3011 2613 3083 dirumque
2644 3014 2794 3071 nefas
2829 3016 2972 3072 haud
3005 3020 3171 3077 inscia
3204 3039 3385 3079 rerum

270 3097 382 3167 Qui
412 3100 513 3155 fuit
542 3100 595 3156 in
625 3101 788 3157 terris
809 3111 863 3158 et
892 3102 1336 3159 servantissimus
1373 3104 1515 3182 aequi
1537 3145 1553 3172 ,
1904 3099 1951 3162 C
1984 3101 2279 3160 Prtesensit
2300 3151 2313 3173 ,
2348 3115 2639 3178 motusque
2663 3110 2876 3181 excepit
2913 3113 3084 3182 prima
3120 3115 3328 3173 futuros

270 3192 493 3264 Eripuit
514 3192 685 3261 letho,
717 3193 881 3250 tantis
911 3194 1265 3266 surgentibus
1291 3179 1482 3265 undis,
1982 3196 2214 3254 Praescia
2246 3200 2459 3254 venturi
2479 3242 2494 3269 ,
2524 3200 2709 3256 furtim
2744 3179 3023 3259 mandavit
3052 3208 3331 3278 alendum,

269 3285 349 3343 Ut
375 3302 547 3359 genus
566 3286 710 3344 unde
732 3304 889 3345 nova:
917 3289 1107 3361 stirpis
1138 3301 1446 3359 revocaret,
1478 3292 1725 3349 haberet.
1984 3288 2116 3346 Du'm
2147 3306 2295 3347 cura:
2326 3292 2615 3365 ambiguae,
2649 3295 2774 3351 dum
2806 3312 2962 3354 mens
2989 3311 3253 3359 exaestuat
3281 3304 3382 3361 ira.

269 3399 410 3460 Post
437 3403 691 3461 diluvium
717 3402 860 3462 Dens
879 3405 1041 3490 legent
1070 3406 1169 3490 dat.
1191 3407 1488 3463 hominibus
1507 3424 1527 3464 :
1544 3406 1723 3464 Judwi
1742 3407 1876 3465 bello
2346 3405 2577 3463 Herodes
2595 3409 2744 3480 jubet
2771 3412 2939 3465 occidi
2972 3413 3219 3483 infantes.

928 3487 1216 3552 agitantur.
1241 3544 1245 3548 _

2049 3517 2118 3572 At
2148 3533 2241 3573 rex
2274 3520 2540 3576 sollicitus
2570 3522 2795 3592 stirpem
2827 3534 2881 3579 ct
2910 3539 3082 3595 genus
3114 3541 3278 3584 omne
3309 3530 3549 3588 futurum

1978 3607 2330 3681 Praecipitare
2353 3611 2529 3681 jubet,
2558 3613 2932 3686 subjectisquc
2961 3633 3121 3675 urere
3146 3619 3405 3687 ﬂammis,

1978 3698 2142 3757 Multa
2177 3717 2434 3775 movens,
2466 3703 2738 3774 mittitque
2766 3706 2910 3761 viros
2941 3708 3031 3778 qui
3061 3720 3205 3766 certa
3236 3724 3538 3784 reportent.

1980 3791 2131 3847 llaud
2165 3807 2324 3848 secus
2353 3809 2416 3849 ac
2437 3793 2575 3864 jussi
2606 3795 2829 3865 faciunt,
2858 3798 3169 3871 rapidisque
3198 3802 3450 3862 feruntur

1978 3881 2254 3951 Passibus,
2284 3895 2338 3940 et
2366 3884 2578 3955 magnis
2602 3886 2792 3943 urbem
2821 3891 3122 3948 terroribus
3148 3893 3395 3965 implent.

344 3568 561 3626 Diluvio
591 3584 659 3627 ex
678 3569 794 3640 illo,
818 3571 1063 3642 patribus
1090 3571 1186 3627 dat
1211 3573 1331 3640 jura
1361 3574 1569 3630 vocatis

268 3662 662 3737 Omnipotens,
694 3665 1014 3735 magnisque
1039 3667 1206 3737 agitat
1232 3666 1334 3722 sub
1366 3665 1572 3737 legibus
1599 3681 1796 3723 aevum.

268 3757 418 3826 Quid
442 3774 742 3816 memorem
771 3758 1021 3817 infandas
1048 3760 1263 3817 caedes?
1294 3761 1420 3832 quid
1448 3760 1589 3817 facta
1617 3760 1875 3833 tyranni?

266 3850 580 3924 Nesciaque
606 3851 857 3910 humanis
889 3852 1141 3924 precibus
1183 3868 1571 3911 mansuescere
1599 3856 1804 3912 corda?

266 3943 593 4017 Egyptum,
618 3945 873 4018 viresque
898 3945 1157 4015 Orientis,
1188 3954 1243 4002 ct
1268 3947 1457 4002 ultima
1491 3946 1656 4016 bella,

1978 3971 2250 4028 Continuo
2279 3943 2485 4031 audita;
2504 3990 2686 4046 voces,
2723 3979 2933 4050 vagitus
2961 3991 3018 4037 et
3044 3943 3257 4054 ingens:

269 4037 760 4109 Magnanimosque
787 4037 980 4105 duces,
1006 4046 1256 4110 totasque
1278 4054 1343 4094 ex
1373 4038 1564 4095 ordine
1585 4047 1798 4111 gentes,

1978 4062 2357 4135 lnfantnmque
2385 4065 2580 4122 animae
2610 4067 2824 4137 flentes,
2859 4082 2983 4128 ante
3012 4088 3109 4128 ora
3141 4086 3425 4144 parentum

265 4128 393 4237 9‘10
418 4143 580 4237 cur?“
606 4129 832 4237 ἀθεθτῑεξ
858 4130 1111 4237 ῼεῑίνεξτίι
1134 4130 1394 4237 “fribus
1414 4138 1470 4188 ει
1498 4144 1631 4203 8⁸⁸³³
1974 4154 2213 4226 Corpora
2250 4128 2495 4215 natorum
2520 4128 2837 4218 sternuntur
2867 4163 3055 4221 limine
3086 4128 3281 4237 primo.

266 4222 462 4297 Magna
486 4224 665 4281 virum
698 4223 878 4281 meriti
902 4225 1034 4281 tanti
1065 4240 1172 4282 non
1202 4228 1490 4283 immemor
1520 4241 1793 4298 umquam.

265 4268 483 4387 Quique
510 4316 828 4373 sacerdotes
859 4316 1041 4373 adsint
1068 4317 1256 4374 altaria
1278 4317 1452 4389 juxta,
1628 4268 1644 4298 ί

2233 4268 2391 4343 Fugit
2428 4273 2588 4345 Virgo
2620 4291 2740 4330 cum
2766 4276 2881 4347 ﬁlio
2916 4280 2969 4334 in
3002 4280 3319 4355 zEgyptum.

263 4383 480 4478 Quid“
506 4408 584 4482 pii
608 4417 761 4467 "te;
787 4425 887 4481 pro
915 4411 1167 4468 libertate
1197 4383 1447 4470 Νέωηῄ
1975 4477 1990 4482 _
2047 4383 2118 4439 At
2146 4392 2319 4441 mater
2343 4386 2549 4457 gemitu
2574 4404 2679 4443 non
2710 4389 2905 4447 frustra
2935 4396 3199 4453 exterrita
3233 4406 3405 4463 tanto,

269 4477 548 4571 Qui’beu'o
568 4503 729 4560 “om
750 4477 927 4576 ’,ἐεθῆ
952 4520 1078 4577 qum
1101 4505 1282 4563 liuore
1311 4506 1502 4563 Rubro
1892 4486 1948 4550 υ
1975 4477 2093 4577 ipsa
2123 4495 2284 4536 manu
2306 4495 2424 4577 pra:
2451 4496 2509 4538 se
2537 4491 2777 4553 portans,
2816 4487 3068 4545 turbante
3100 4492 3351 4559 tumultu,

264 4593 610 4666 complerint
630 4571 852 4666 campo;
879 4571 1049 4665 δείξῃ,
1079 4598 1277 4668 quibus
1304 4600 1507 4656 arserit
1528 4600 1702 4656 armis
1974 4571 2264 4668 infantem,
2299 4574 2508 4648 fugiens
2548 4578 2702 4648 plena
2728 4579 2795 4635 ad
2824 4584 3083 4654 praesepia
3116 4586 3308 4643 tendit.

266 4685 383 4743 Rex
411 4701 584 4757 genus
609 4665 889 4759 egregium
918 4665 1120 4761 magno
1149 4688 1521 4747 inflammante
1541 4690 1724 4748 furore
1974 4665 2076 4723 me
2101 4677 2286 4724 “Mum
2316 4673 2527 4742 angus”
2560 4672 2749 4729 sum"
2775 4673 2989 4747 ίθδίίείθ
3018 4680 3149 4735 me“

268 4782 476 4852 Amen
497 4793 665 4851 agens
687 4780 955 4852 «unum,
989 4790 1045 4838 οι
1069 4781 1329 4839 ﬂorentes
1357 4798 1467 4839 mre
1492 4794 1756 4841 catervas.
1974 4762 2247 4833 Nutribat,
2279 4767 2481 4822 teneris
2512 4767 2843 4840 immulgens
2871 4771 3039 4827 ubera
3068 4772 3257 4831 labris.

265 4868 474 4928 canem
495 4870 636 4928 facta
670 4880 884 4944 patrum
904 4917 919 4944 ,
944 4883 1293 4945 pugnataque
1319 4875 1372 4930 in
1398 4875 1589 4933 ordine
1619 4876 1756 4933 gena
1976 4854 2103 4911 llaec
2132 4856 2229 4911 tibi
2262 4858 2458 4928 prima,
2489 4874 2643 4930 puer,
2674 4861 2898 4918 fundent
2924 4864 3193 4922 cunabula
3223 4866 3408 4937 flores,

267 4960 566 5034 Praetereo,
598 4972 764 5037 atque
790 4965 916 5022 aliis
938 4975 1064 5037 post
1100 4981 1186 5023 me
1213 4967 1569 5025 memoranda
1593 4969 1861 5042 relinquo.
1972 4946 2472 5057 Pfifff‘q“°"i_9°‘“i
2498 4953 2699 5057 ξ’τδεείίξι
2724 4968 2853 5057 ξυηξ
2877 4954 3115 5057 bacca"?
3137 4960 3298 5017 ιθ¹¹ι¹ε

790 5100 971 5158 pARs
1006 5100 1329 5160 SECUNDA
1752 5038 1768 5042 ⁷
1970 5038 2116 5096 "om
2146 5041 2402 5110 Paulatim
2432 5043 2704 5102 colocasia
2726 5046 2915 5104 fundet
2941 5050 3193 5107 acantho.

739 5235 808 5276 DE
845 5234 984 5276 NOVO
1021 5233 1396 5276 TES'I‘AIIENTO.

2070 5153 2307 5210 Christus
2336 5156 2568 5227 disputat
2595 5159 2649 5212 in
2685 5162 2877 5231 templo
2900 5161 2954 5215 in
2979 5163 3147 5217 medio
3174 5164 3461 5222 seniorum.

2042 5248 2108 5304 Et
2126 5248 2241 5319 jam
2269 5247 2391 5305 ﬁnis
2416 5259 2532 5305 erat
2553 5291 2567 5318 ,
2593 5250 2837 5321 perfecto
2866 5257 3127 5326 temporis
3151 5255 3307 5324 orbe,

773 5332 1039 5389 Invocatio
1070 5334 1139 5390 ad
1165 5331 1354 5389 Deum.
1973 5338 2042 5396 Ut
2071 5340 2302 5411 primum
2329 5341 2494 5397 cessit
2528 5343 2703 5412 furor,
2735 5351 2792 5400 et
2820 5345 3003 5401 rabida
3034 5361 3130 5403 ora
3157 5346 3457 5419 quierunt,

266 5442 420 5503 Nunc
442 5446 508 5503 ad
542 5455 616 5515 te,
650 5455 707 5504 et
736 5456 849 5515 tua,
882 5461 1079 5521 magna
1104 5449 1289 5521 Pater,
1320 5450 1567 5507 consulta
1596 5461 1851 5508 revertor.

1978 5433 2114 5488 Ante
2152 5446 2324 5490 annos
2355 5434 2594 5490 animum
2625 5445 2846 5508 gestans
2876 5439 3114 5494 caelestis
3137 5441 3316 5511 origo.

267 5538 438 5611 Maius
461 5554 600 5612 opus
629 5556 847 5609 moveo,
873 5550 1059 5598 vatum
1091 5542 1352 5613 pradicta
1379 5544 1619 5623 priorum
2368 5545 2635 5601 Mirantur
2674 5564 2848 5603 omnes
2888 5548 3170 5606 Christum.

264 5631 591 5705 Aggredior,
620 5633 873 5705 quamvis
900 5634 1119 5708 angusti
1147 5634 1416 5692 terminus
1444 5635 1543 5691 aevi
2047 5638 2149 5696 Per
2187 5637 2395 5695 medias
2441 5638 2604 5696 urbes
2641 5639 2909 5712 graditur,
2954 5642 3297 5715 papulosque
3339 5649 3567 5720 propiu-

266 5723 530 5798 Accipict,
556 5726 814 5783 tentanda
842 5728 932 5784 via
961 5736 1068 5797 est,
1096 5742 1201 5799 qua
1231 5744 1321 5786 me
1342 5743 1558 5802 quoque
1586 5730 1789 5801 possim
3328 5738 3508 5813 [quos.
3582 5797 3592 5805 ,

555 5821 832 5884 Panos.
882 5820 1062 5883 XIX.
2869 5828 2948 5893 26
