4082 6188
528 265 563 322 8
576 267 628 320 ll
1755 242 1914 302 VAL.
1959 231 2329 297 FALTONIIE
2371 227 2623 288 PROBIE
3722 203 3820 262 8i!

531 377 685 434 Illum
719 375 895 431 omnis
925 373 1110 436 tectis,
1145 369 1398 440 agrisque
1429 366 1597 422 effusa
1623 364 1881 433 juventus

532 470 788 526 Attonitis
819 467 1034 522 inhians
1063 464 1261 519 animis
1291 467 1604 533 prospectat
1631 467 1873 517 euntem,

532 560 825 630 Turbaque
857 559 1086 613 miratur
1119 564 1376 620 matrum,
1407 551 1531 624 quis
1561 548 1786 620 spiritus
1817 545 1915 609 illi,

531 652 666 721 Quis
693 651 896 714 vultus,
930 650 1150 704 vocisve
1175 660 1366 710 sonus,
1394 644 1479 700 vel
1509 655 1733 715 gressus
1758 637 1908 695 eunti
1935 641 2038 692 est.

836 765 1220 821 Testimonium
1254 760 1476 818 Joannis
1506 760 1570 813 de
1599 757 1824 812 Christo.

606 881 876 936 Continuo
906 887 1092 947 vates,
1128 889 1362 944 namque
1392 873 1480 928 hic
1514 869 1856 926 certissimus
1886 874 2095 929 auctor,

538 971 609 1027 Ut
635 969 825 1040 procul
857 985 887 1023 a
907 967 1089 1037 gelido
1121 975 1392 1022 secretum
1425 961 1646 1016 flumine
1676 957 1845 1024 vidit,

532 1063 796 1134 Tempus,
831 1060 926 1126 ait,
958 1060 1122 1126 Deus,
1152 1073 1280 1113 ecce
1310 1049 1471 1116 Deus,
1503 1053 1587 1105 cui
1617 1050 1850 1105 maxima
1877 1061 2059 1102 rerum

529 1153 946 1223 Verborumque
980 1150 1113 1205 fides
1151 1169 1162 1201 ι
1199 1160 1254 1202 ιιι
1290 1163 1397 1202 non
1426 1146 1534 1200 eris
1565 1145 1704 1198 alter
1735 1141 1801 1195 ab
1832 1141 1948 1206 illo,

530 1246 837 1303 Fortunate
865 1259 1020 1315 puer,
1049 1245 1168 1298 ca-li
1197 1243 1281 1297 etii
1310 1241 1489 1295 sidera
1521 1245 1736 1308 parent.

532 1336 629 1394 Sic
653 1337 903 1408 equidem
933 1337 1194 1391 ducebam
1229 1334 1430 1399 animo,
1463 1333 1732 1400 rebarque
1763 1327 2023 1388 futurum,

539 1432 867 1503 Exspectate
896 1431 1072 1497 venis,
1106 1444 1228 1497 spes
1255 1436 1309 1481 et
1332 1424 1521 1480 solatia
1551 1423 1742 1477 nostri.

536 1545 777 1602 Christus
835 1545 1129 1616 baptizatur
1182 1559 1214 1594 a
1267 1542 1490 1616 Joanne,
1531 1547 1583 1616 _et
1644 1535 1874 1606 Spiritus
1921 1543 2133 1586 sanctus

1068 1612 1331 1668 descendit
1359 1611 1423 1666 de
1450 1609 1597 1664 calo.

609 1730 737 1787 llzec
768 1730 858 1786 ubi
889 1729 1030 1784 dicta
1059 1727 1245 1794 dedit,
1281 1725 1445 1780 fluvio
1478 1735 1720 1779 mersare
1749 1721 1952 1776 salubri

535 1823 757 1894 Accepit
786 1823 1115 1887 venientem,
1149 1836 1212 1874 ac
1240 1817 1489 1875 mollibus
1515 1816 1710 1872 extulit
1735 1815 1917 1880 undis,

539 1917 932 1986 Exsultantque
962 1916 1121 1979 vada,
1149 1923 1203 1969 et
1233 1913 1413 1970 subito
1437 1919 1706 1968 commota
1739 1908 1990 1964 columba

532 2009 782 2077 Devolat,
817 2017 976 2079 atque
1006 2023 1168 2078 super
1197 2015 1359 2075 caput
1387 2005 1579 2069 aStitit,
1610 2001 1738 2058 inde
1768 2009 1994 2072 repente

531 2101 693 2158 Radit
724 2103 826 2157 iter
857 2101 1142 2171 liquidum,
1176 2103 1384 2156 celeres
1419 2115 1592 2169 neque
1622 2106 1930 2152 commovet
1959 2091 2094 2149 alas.

873 2219 1076 2274 Multos
1108 2219 1393 2290 baptizatos
1422 2233 1536 2269 cum
1569 2215 1792 2269 Christo.

608 2335 722 2390 lluc
748 2334 930 2390 omnis
963 2333 1122 2389 turba
1150 2331 1219 2388 ad
1250 2331 1398 2400 ripas
1426 2330 1596 2386 ell‘usa
1631 2329 1846 2395 ruebat,

531 2428 794 2485 Certatim
821 2427 1003 2497 largos
1033 2425 1282 2481 humeris
1311 2421 1602 2480 infundere
1629 2437 1802 2477 rores.

786 2538 903 2594 Vox
930 2537 994 2593 de
1024 2539 1152 2592 creto
1179 2538 1361 2591 audita
1393 2548 1492 2601 est,
1530 2535 1612 2587 hic
1639 2542 1747 2597 est,
1780 2543 1876 2586 etc.

605 2633 757 2688 Tunc
786 2631 1016 2688 Genitor
1048 2639 1229 2685 natum
1260 2629 1419 2682 dictis
1445 2627 1735 2697 compellat
1757 2625 1946 2680 amicis
1970 2642 1982 2676 :

531 2724 691 2791 Nate,
724 2739 861 2779 mea:
891 2726 1060 2790 vires,
1091 2739 1210 2778 mea
1243 2736 1433 2791 magna
1460 2720 1702 2790 potentia
1733 2720 1905 2782 solus,

533 2814 604 2870 Et
634 2813 907 2884 praedulce
931 2813 1100 2869 decus
1130 2827 1384 2883 magntun
1418 2811 1660 2866 rediture
1692 2810 1929 2882 parenti,

531 2908 578 2963 A
608 2915 657 2961 te
687 2905 1032 2976 principium,
1063 2904 1159 2961 tibi
1188 2903 1415 2959 desinit.
1443 2903 1669 2974 Accipe,
1711 2910 1902 2968 testor,

533 2999 580 3056 0
606 3014 724 3055 mea
755 2999 1041 3070 progenies
1076 3016 1090 3054 :
1122 3012 1227 3069 qua
1259 2997 1343 3052 sol
1369 3006 1665 3068 utrumque
1693 3009 1994 3052 recurrens

534 3093 745 3162 Aspicit
770 3092 1070 3158 Oceanum,
1105 3091 1349 3161 perfecto
1379 3090 1531 3144 laetus
1562 3089 1770 3144 honore

535 3183 862 3237 Omnia‘sub
891 3181 1120 3250 pedibus
1151 3180 1400 3249 vertique
1430 3179 1654 3250 regique
1681 3180 1914 3235 videbis.

535 3273 620 3328 Tu
652 3288 844 3344 regere
875 3271 1106 3342 imperio
1129 3271 1388 3342 populos,
1419 3279 1727 3340 matresque
1750 3272 2027 3340 virosque.

534 3364 869 3434 Jampridem
898 3364 1107 3418 resides
1133 3365 1368 3429 animos,
1402 3363 1736 3432 desuetaque
1767 3361 1953 3426 corda,

533 3455 865 3527 lgnarosque
898 3456 997 3510 vite
1031 3470 1246 3511 mecum
1279 3456 1570 3509 miseratus
1606 3454 1811 3509 inertes

535 3548 866 3621 Aggredere,
899 3555 954 3603 et
985 3547 1121 3605 votis
1145 3547 1258 3616 jam
1293 3562 1433 3601 nunc
1465 3559 1719 3600 assuesce
1748 3547 1954 3600 vocari.

535 3645 776 3709 Dixerat,
805 3643 897 3697 ille
925 3643 1098 3712 patris
1130 3641 1308 3710 magni
1343 3655 1536 3709 parere
1563 3639 1793 3710 parabat

539 3737 813 3807 Imperiis,
842 3736 1053 3790 instans
1083 3734 1255 3804 operi,
1291 3734 1579 3804 regnisque
1612 3731 1826 3788 futuris.

533 3829 652 3884 lleu
681 3827 879 3900 pietas,
905 3827 1014 3882 heu
1043 3827 1220 3895 prisca
1249 3825 1382 3880 ﬁdes
1401 3869 1414 3891 ,
1445 3839 1578 3896 quas
1615 3827 1794 3880 dicere
1817 3835 2003 3896 grates

534 3919 839 3990 Incipiam?
873 3920 916 3973 si
944 3934 1108 3989 parva
1139 3919 1266 3972 licet
1291 3931 1620 3987 componere
1650 3916 1882 3986 magnis.

534 4010 645 4066 Nec
675 4011 803 4065 mihi
829 4010 944 4080 jam
979 4008 1205 4076 patriam
1240 4009 1519 4078 antiquam
1550 4022 1676 4076 spes
1705 4007 1812 4061 ulla
1846 4007 2059 4062 videndi
2081 4047 2100 4069 ,

535 4105 646 4162 Nec
671 4111 793 4174 Spes
825 4101 1091 4158 libertatis
1117 4110 1254 4168 erat,
1288 4114 1388 4156 nec
1421 4115 1549 4156 cura
1580 4100 1788 4154 salutis.

830 4215 1020 4270 Omnia
1045 4213 1234 4280 rident,
1265 4212 1564 4267 adveniente
1595 4211 1843 4267 Domino.

605 4329 703 4385 llic
737 4327 869 4384 mihi
898 4343 1218 4399 responsum
1253 4328 1458 4398 pritnus
1489 4328 1641 4384 dedit
1667 4329 1757 4384 ille
1785 4330 2026 4400 petenti,

530 4425 854 4482 Concretam
881 4425 1090 4480 exemit
1118 4425 1315 4492 labem,
1344 4439 1648 4496 purumque
1671 4424 1895 4494 reliquit

2074 4423 2135 4470 Γ

2159 358 2212 417 Α
2237 352 2517 414 Substitit,
2549 343 2936 411 infremuitque
2966 339 3140 403 ferox,
3168 335 3425 401 dictuque
3448 331 3718 399 potentem

2236 448 2465 504 Saucius
2493 461 2556 498 ac
2589 455 2814 511 serpens
2844 435 3038 491 affatur
3071 447 3204 487 voce
3232 428 3464 500 superba
3497 442 3510 478 :

2237 542 2448 598 Verane
2479 551 2529 592 te
2559 535 2756 591 facies?
2787 543 2950 587 verus
2978 526 3110 582 mihi
3143 522 3365 579 nuntius
3393 517 3594 574 affers?

2234 634 2335 700 Qui
2356 631 2561 702 genus?
2590 627 2732 683 unde
2751 623 2950 679 dumo?
2977 620 3067 691 qui
3094 628 3281 672 nostra
3309 613 3377 668 ad
3402 611 3592 668 limina
3617 606 3819 664 tendis?

2233 701 2401 789 Farc,
2433 738 2554 791 age,
2587 718 2715 790 quid
2742 716 2948 777 venias,
2981 727 3104 767 nam
3133 720 3185 762 te
3207 709 3340 761 dare
3363 705 3486 774 jura
3517 701 3818 772 loquuntur.

2237 822 2343 874 Aut
2374 817 2495 887 quis
2529 826 2581 868 te
2607 814 2894 882 iuvenum,
2924 801 3418 864 confidentissime,
3450 807 3668 852 nostras

2237 911 2409 968 Jussit
2437 909 2590 962 adire
2619 905 2847 960 dumos?
2876 901 3102 972 pacique
3131 898 3409 966 imponere
3436 891 3675 946 morem?

2240 1006 2356 1061 Non
2386 1002 2637 1074 equidem
2669 997 2907 1062 invideo,
2945 995 3114 1049 miror
3138 990 3331 1060 magis,
3363 987 3548 1055 accipe
3581 997 3758 1054 porro,

2210 1098 2374 1168 'Quid
2407 1094 2673 1154 dubitem,
2703 1101 2759 1146 et
2784 1103 2907 1161 qua!
2938 1102 3080 1141 nunc
3109 1085 3292 1137 animo
3323 1077 3592 1134 sententia
3631 1082 3818 1146 surgat.

2240 1167 2340 1245 Est
2363 1188 2560 1242 domus
2590 1186 2720 1250 alia,
2757 1198 2884 1235 Voca
2915 1180 3210 1248 zephyros,
3243 1183 3298 1228 ct
3329 1172 3514 1226 labere
3540 1167 3732 1240 pennis

2238 1281 2418 1337 Ardua
2452 1287 2593 1334 tecta
2630 1284 2818 1345 petens
2849 1285 3011 1328 ausus
3043 1280 3096 1324 te
3122 1266 3346 1322 creuere
3376 1264 3548 1329 etelo,

2239 1373 2300 1431 Si
2349 1371 2535 1441 modo,
2589 1384 2748 1442 quem
2799 1379 3092 1428 memoras,
3154 1369 3303 1428 inter
3353 1366 3465 1419 est,
3522 1354 3613 1410 cui
3664 1351 3825 1408 sidera

3599 1446 3614 1517 ἱ
3633 1451 3820 1516 parcnt.

2598 1533 2835 1589 Christus
2873 1529 3136 1584 diabolum
3175 1523 3481 1594 alloquitur.

2312 1650 2416 1706 Olli
2451 1647 2747 1703 subridens
2780 1643 2972 1701 sedato
3001 1653 3230 1714 peetore
3263 1638 3426 1703 fatur,

2168 1733 2215 1793 Β
2246 1743 2398 1799 Haud
2431 1752 2614 1798 vatum
2649 1740 2904 1810 ignarus,
2931 1734 3260 1802 venturique
3288 1727 3491 1784 inscius
3519 1727 3620 1781 aevi
3652 1741 3666 1778 :

2251 1836 2602 1890 Dissimulare
2632 1833 2796 1888 etiam
2827 1828 3082 1900 Sperasti,
3113 1822 3321 1896 perfide
3346 1820 3611 1890 serpens?

2247 1929 2357 1983 Nec
2388 1927 2626 1989 dubites,
2656 1939 2778 1978 nam
2803 1939 2932 1978 vera
2959 1920 3109 1976 vides
3133 1938 3144 1972 :
3173 1928 3299 1988 opta
3328 1916 3495 1970 ardua
3525 1911 3717 1985 pennis

2246 2020 2407 2075 Astra
2439 2019 2612 2089 sequi,
2643 2018 2998 2085 clausumque
3023 2029 3150 2067 cava
3179 2021 3231 2066 te
3260 2008 3500 2065 condere
3531 2017 3699 2061 terra.

2245 2111 2380 2176 Quo,
2415 2110 2678 2180 periture,
2713 2107 2862 2162 ruis?
2894 2106 3211 2175 tnajoraque
3237 2102 3443 2156 viribus
3471 2096 3680 2154 audes?

2245 2202 2389 2258 Cede
2419 2202 2550 2266 Deo,
2587 2211 2698 2255 toto
2732 2199 3005 2270 projectus
3035 2209 3268 2267 corpore
3303 2203 3481 2248 tcrrre.

2612 2315 2862 2370 Diabolus
2885 2313 3016 2385 fugit
3047 2311 3229 2366 audito
3258 2307 3482 2363 Christo.

2322 2432 2432 2486 Nec
2465 2434 2617 2502 plura
2651 2430 2734 2484 bis
2760 2447 2772 2483 :
2803 2429 2892 2483 ille
2922 2425 3202 2482 admirans
3225 2420 3537 2479 venerabile
3566 2419 3767 2474 donum

2247 2526 2450 2581 Fronte
2479 2525 2674 2594 premit
2703 2515 2924 2586 terram,
2964 2528 3021 2574 et
3047 2530 3271 2590 spumas
3295 2514 3407 2585 agit
3428 2526 3527 2568 ore
3553 2521 3797 2571 cruento,

2246 2620 2653 2685 Contentusque
2685 2615 2808 2685 fuga
2839 2613 3004 2668 caecis
3031 2627 3089 2667 se
3115 2608 3360 2665 condidit
3390 2605 3634 2660 utnbris.

2247 2730 2530 2786 Dominum
2553 2727 2764 2798 elegisse
2787 2723 3093 2794 discipulos,
3117 2731 3164 2776 et
3186 2719 3358 2776 statim
3378 2725 3581 2772 secutos
3606 2711 3824 2786 papulas.

2322 2827 2530 2884 Interea
2564 2840 2784 2896 magnas
2814 2823 3046 2879 volitans
3071 2823 3111 2877 it
3143 2820 3284 2875 fama
3317 2833 3412 2889 per
3443 2816 3633 2878 urbes,

2246 2925 2567 2980 Convenere
2599 2920 2720 2984 viri,
2753 2932 2908 2974 mens
2932 2915 3189 2972 omnibus
3218 2927 3320 2969 una
3351 2908 3620 2981 sequendi

2244 3018 2302 3072 1n
2333 3027 2704 3087 quascumque
2729 3011 2858 3066 velit
2887 3011 3078 3080 pelago
3104 3007 3376 3064 deducere
3409 3015 3608 3059 terras.

2166 3121 2217 3184 (ζ
2259 3107 2410 3164 Multi
2441 3116 2726 3177 praetcrea,
2751 3118 2890 3174 quos
2918 3103 3063 3157 fama
3088 3102 3320 3157 obscura
3351 3095 3598 3153 recondit
3620 3136 3634 3160 ,

2247 3199 2591 3257 Concurrunt
2625 3197 2842 3252 fremitu
2871 3194 3066 3258 denso,
3097 3191 3409 3263 stipantque
3439 3191 3766 3258 frequentes,

2248 3293 2646 3363 Exsultantque
2673 3290 2874 3346 animis
2905 3309 2915 3343 :
2951 3289 3189 3343 medium
3219 3301 3344 3342 nam
3367 3281 3608 3354 plurima
3643 3279 3781 3335 turba

2249 3387 2405 3442 Hunc
2437 3385 2618 3450 liabet,
2644 3395 2807 3454 atque
2835 3380 3079 3437 humeris
3109 3387 3411 3435 exstantem
3441 3375 3675 3444 suscipit
3699 3371 3825 3425 altis.

2247 3480 2394 3548 Quos
2427 3478 2519 3534 ubi
2551 3485 2836 3532 consertes
2863 3473 3067 3529 audere
3091 3473 3144 3526 in
3178 3470 3364 3540 praelia
3397 3465 3562 3533 vidit,

2249 3570 2466 3641 Incipit,
2510 3579 2564 3625 et
2591 3569 2751 3623 dictis
2777 3567 3017 3622 divinum
3049 3563 3279 3634 inspirat
3305 3573 3549 3617 amorem
3580 3578 3592 3612 :

2248 3662 2736 3732 Discitejustitiam
2779 3658 2992 3723 moniti,
3023 3667 3078 3713 et
3104 3653 3408 3710 succurrite
3439 3650 3599 3706 fessis

2250 3755 2354 3810 l’ro
2385 3769 2444 3809 se
2468 3754 2718 3824 quisque,
2762 3751 2883 3817 viri,
2921 3765 3044 3820 qua:
3069 3748 3266 3818 cuique
3290 3754 3373 3800 est
3402 3743 3580 3813 copia,
3615 3742 3737 3802 la-ti.

2248 3847 2721 3918 Communemque
2759 3855 2949 3901 vocate
2980 3844 3174 3909 Deum,
3208 3840 3432 3896 meliora
3461 3851 3770 3907 sequamur,

2245 3943 2474 4013 Quoque
2506 3948 2684 4009 vocat,
2718 3949 2994 3995 vertamus
3026 3936 3155 4000 iter,
3188 3935 3274 3989 via
3305 3933 3478 4004 prima
3509 3930 3704 3985 salutis

2245 4037 2574 4092 intemerata
2608 4034 2773 4099 fides,
2802 4041 2858 4088 et
2889 4046 3045 4086 mens
3068 4029 3173 4085 sibi
3205 4026 3422 4083 conscia
3457 4024 3591 4078 recti
3623 4041 3637 4078 :

2252 4129 2417 4184 Vobis
2449 4135 2603 4198 parta
2630 4125 2786 4197 quies
2813 4125 3060 4195 perfecto
3091 4120 3350 4192 temporis
3380 4119 3533 4173 orbe.

2248 4220 2382 4275 Nam
2409 4221 2502 4290 qui
2532 4219 2738 4275 divitiis
2765 4217 2870 4273 snli
2898 4215 3198 4272 incubuere
3227 4213 3493 4284 repertis,

2248 4311 2359 4367 Nec
2388 4322 2596 4379 partem
2631 4322 2864 4380 posuere
2888 4307 3025 4374 suis,
3056 4306 3184 4360 dum
3221 4308 3330 4359 vita
3363 4313 3632 4366 maneret,

2245 4404 2569 4459 Pulsatusve
2602 4417 2821 4472 parens,
2852 4411 2906 4456 et
2936 4400 3084 4455 lraus
3110 4399 3305 4454 innexa
3333 4396 3523 4453 clienti
3548 4440 3562 4464 ,

533 4519 856 4574 [Elltcreum
882 4533 1126 4584 sensum,
1157 4489 1426 4589 meque-in
1457 4489 1576 4572 me;
1606 4489 2041 4588 regna-remis“.
2075 4489 2102 4587 '23
2165 4497 2223 4558 Ι)
2248 4492 2402 4550 Tunc
2428 4510 2549 4550 cum
2585 4493 2774 4563 frigida
2806 4509 2952 4548 mors
2977 4491 3157 4547 anima
3181 4489 3469 4545 seduxerit
3497 4496 3666 4555 artus,

532 4609 688 4666 lllum
721 4625 822 4680 ego
844 4625 940 4681 per
964 4609 1237 4675 ﬂammas,
1267 4623 1484 4679 agerem
1515 4609 1558 4664 si
1587 4610 1826 4680 syrtibus
1853 4609 2042 4675 exsul,

530 4703 634 4761 Per
666 4706 846 4759 varios
875 4715 1055 4771 casus,
1091 4719 1188 4774 per
1216 4702 1364 4758 mille
1391 4706 1673 4772 sequentia
1707 4703 1836 4768 tela,

527 4797 648 4864 Quo
672 4810 758 4850 res
777 4811 1010 4866 cumque
1042 4795 1274 4859 cadant,
1306 4809 1472 4850 unum
1500 4807 1600 4863 pro
1627 4808 1850 4848 munere
1878 4801 2034 4847 tanto

526 4890 892 4959 Exsequerer,
921 4896 1297 4959 strueremque
1321 4887 1436 4942 suis
1464 4885 1655 4940 altaria
1684 4885 1862 4942 donis.

521 4983 698 5054 Hujus
728 4981 782 5037 in
815 4981 1049 5036 adventu
1080 4990 1355 5036 tantarum
1384 4993 1605 5035 munera
1639 4977 1854 5034 laudum

520 5076 629 5144 Ipsi
659 5073 843 5129 laetitia
867 5087 1033 5128 voces
1064 5071 1129 5126 ad
1159 5071 1335 5127 sidera
1355 5071 1567 5141 jactant

521 5165 727 5221 Intonsi
757 5173 986 5220 montes.
1015 5161 1368 5232 ReSpondent
1397 5163 1578 5217 omnia
1606 5163 1794 5219 valles.

1051 5276 1304 5330 Tentatur
1328 5274 1585 5332 Christus.

593 5373 863 5443 Tempore
895 5383 999 5426 non
1029 5371 1136 5424 alio
1170 5383 1420 5441 magnum
1445 5380 1500 5425 et
1530 5371 1883 5428 memorabile
1914 5383 2117 5428 nomen

519 5467 807 5537 Serpentis
837 5467 1027 5523 furiale
1059 5465 1260 5521 malum
1293 5466 1607 5522 meminisse
1638 5483 1860 5524 necesse
1896 5481 2000 5525 est.

513 5561 690 5614 Ausus
715 5560 842 5630 quin
874 5559 1062 5626 etiam,
1095 5559 1236 5614 fama
1266 5570 1348 5613 est
1383 5559 1668 5615 obscurior
1693 5561 1872 5622 Mittis,

511 5651 856 5719 Compellare
885 5651 1087 5720 virum,
1119 5661 1174 5705 et
1207 5651 1460 5705 veniendi
1495 5665 1721 5720 poscere
1745 5667 1958 5708 causas.

515 5737 669 5795 llune
697 5740 787 5795 ubi
821 5739 1129 5796 tendentem
1160 5739 1450 5796 adversum
1481 5755 1577 5812 per
1605 5741 1848 5812 gramina
1881 5742 2052 5810 vidit,

2249 4585 2446 4642 lnclusi
2478 4599 2692 4656 ptenam
2723 4595 3061 4654 exspectant,
3090 4598 3210 4654 qua}
3238 4583 3473 4637 maxima
3503 4583 3658 4636 turba
3684 4588 3782 4645 est,

2250 4678 2591 4750 lnlernisque
2619 4678 2727 4734 ciet
2757 4677 3020 4743 tenebris,
3052 4689 3414 4745 veterumque
3447 4665 3713 4728 malorum

2250 4772 2524 4842 Supplicia
2553 4771 2894 4841 expendunt,
2926 4769 3044 4825 aliis
3071 4768 3172 4824 sub
3195 4768 3411 4840 gurgite
3442 4777 3596 4822 vasto

2251 4865 2509 4922 Infectum
2541 4865 2739 4920 eluitur
2766 4864 2980 4931 scelus,
3013 4871 3109 4917 aut
3144 4861 3398 4917 exuritur
3429 4859 3562 4932 igni.

2245 4958 2521 5014 Turbidus
2552 4958 2640 5013 hic
2669 4972 2856 5024 coeno,
2891 4966 3154 5026 vastaque
3182 4955 3444 5026 voragine
3468 4968 3666 5026 gurges

2241 5049 2479 5116 Aistuat,
2515 5061 2678 5121 atque
2705 5064 2922 5105 onmem
2954 5059 3150 5118 cocyto
3180 5055 3390 5102 eructat
3417 5061 3658 5102 arenam.

2243 5143 2380 5199 llinc
2407 5143 2652 5200 exaudiri
2684 5145 2942 5214 gemitus,
2974 5151 3030 5198 et
3057 5155 3202 5198 saeva
3231 5155 3428 5197 sonare

2238 5237 2506 5303 Verbera,
2535 5248 2646 5293 tum
2678 5237 2881 5294 stridor
2910 5237 3061 5307 ferri,
3096 5245 3398 5306 tractaeque
3426 5243 3628 5292 catena:

2231 5329 2488 5401 Semper,
2519 5338 2575 5386 et
2603 5329 2826 5385 obtenta
2853 5329 3155 5386 densentur
3194 5337 3358 5385 nocte
3390 5327 3648 5384 tenebrae.

2600 5443 2934 5516 Prwcipitur,
2964 5460 3027 5499 ne
3053 5443 3292 5498 colantur
3320 5442 3478 5496 idola.

2306 5559 2579 5618 Praztcrea
2610 5575 2730 5630 quae
2765 5557 2944 5613 dicam
2979 5556 3180 5613 animis
3206 5553 3479 5612 advortite
3509 5552 3701 5610 vestris
3728 5571 3738 5604 :

2227 5653 2348 5708 Non
2377 5668 2478 5724 ego
2512 5667 2607 5709 vos
2635 5653 2864 5722 posthac
2887 5653 3045 5709 caesis
3071 5651 3145 5708 de
3165 5665 3323 5708 more
3346 5650 3598 5720 iuvencis

2224 5744 2532 5817 Belligione
2563 5754 2798 5818 patrum,
2823 5744 3038 5806 truncis
3065 5750 3129 5803 et
3155 5743 3360 5802 mbore
3385 5751 3566 5809 natos,
