4082 6188
330 315 611 374 Mortalive
642 331 807 378 manu
836 320 1046 394 effigies
1073 362 1089 392 ,
1122 337 1223 382 nec
1252 326 1449 396 templa
1475 328 1702 384 deorum

326 409 531 467 Audire
553 452 569 480 ,
592 421 649 468 et
669 424 926 484 repetens
965 417 1271 490 iterumque
1308 420 1614 493 iterumque
1643 422 1879 478 monebo
1906 440 1918 476 :

326 503 431 561 Sed
466 507 694 575 periisse
722 510 892 567 semel
921 511 1054 567 satis
1084 522 1186 583 est,
1214 525 1507 586 natumque
1535 528 1850 589 patremque

328 595 598 655 Prol'uerit
627 601 941 658 meminisse
966 607 1157 676 magis,
1184 609 1227 662 si
1256 609 1486 666 credere
1523 610 1741 680 dignum
1779 623 1882 669 est.

324 689 433 748 Sed
456 692 594 764 fugit
622 694 829 753 interea
855 741 868 766 ,
904 698 1034 770 fugit
1063 702 1423 761 irrevocabile
1451 713 1664 777 tempus
1687 748 1702 773 ,
1729 749 1732 753 η

324 784 804 862 Flammarumque
832 792 972 861 dies,
1003 804 1058 851 et
1079 796 1164 853 vis
1186 797 1404 854 inimica
1426 800 1773 871 propinquat.

826 908 907 965 De
930 908 1147 967 Judicio
1175 924 1409 970 venturo.

396 1022 655 1078 Attonitis
683 1022 890 1082 hasere
917 1028 1156 1084 animis:
1183 1045 1283 1086 nec
1310 1031 1462 1101 plura
1491 1041 1735 1090 moratus

319 1114 420 1171 llic
449 1116 594 1173 aliud
618 1118 793 1189 majus
814 1120 1029 1177 miseris
1052 1123 1375 1181 mortalibus
1400 1124 1558 1197 :egris

315 1207 587 1267 Judicitnn
618 1213 784 1279 canit,
811 1225 866 1271 et
896 1218 1078 1273 tristes
1106 1216 1392 1274 denuntiat
1419 1220 1551 1286 iras,

319 1300 623 1359 Venturum
656 1306 949 1376 excidium,
987 1319 1138 1366 vasta
1160 1312 1417 1368 convulsa
1444 1313 1600 1369 ruina

309 1394 507 1454 Omnia
540 1408 669 1455 tunc
695 1401 898 1483 pariter
926 1403 1094 1461 rutilo
1121 1405 1403 1463 miscerier
1430 1407 1571 1479 igni,

309 1490 675 1567 Palantesque
704 1497 831 1568 polo
860 1499 1070 1567 stellas,
1100 1501 1337 1573 coelique
1363 1503 1596 1558 ruinam.

307 1582 465 1641 Tunc
493 1600 623 1642 vero
651 1589 966 1647 tremeiaCta
989 1607 1162 1649 novus
1191 1606 1290 1664 per
1310 1603 1530 1665 pectora
1558 1595 1767 1652 cunctis

304 1675 553 1736 Insinuat
582 1695 771 1753 pavor,
803 1692 860 1740 et
885 1685 1031 1741 taciti
1057 1696 1282 1743 ventura
1314 1687 1595 1743 videbant.

308 1792 454 1860 Quid
481 1792 580 1848 sibi
606 1795 900 1865 faciendum
921 1799 1084 1874 foret,
1120 1810 1176 1854 ut
1211 1802 1371 1874 vitum
1395 1812 1641 1858 aeternam
1674 1804 1899 1874 posside-

684 1877 793 1937 ret,
827 1870 974 1939 petiit
993 1872 1205 1941 quidam
1228 1890 1259 1927 a
1290 1872 1533 1930 Domino.

379 1982 510 2041 Hec
531 2000 697 2055 super
725 1987 959 2045 adventu
996 2006 1117 2047 cum
1150 1993 1291 2049 dicta
1332 1995 1599 2053 horrenda
1624 2008 1870 2055 moneret
1889 2041 1917 2064 ,_

303 2075 414 2133 Ora
446 2094 581 2148 puer
602 2081 774 2151 prima
801 2082 1023 2152 signans
1046 2085 1255 2142 intonsa
1288 2087 1507 2156 juventa
1525 2132 1540 2154 ,

305 2168 473 2226 Dives
502 2187 663 2242 opum
687 2214 702 2240 ,
735 2174 928 2229 studiis
956 2174 1159 2232 ﬂorens
1192 2179 1443 2250 ignobilis
1470 2180 1543 2236 oti
1569 2199 1583 2247 ;

302 2265 558 2337 Quinque
586 2282 781 2337 greges
814 2268 889 2323 illi
923 2270 1227 2339 balantum,
1260 2282 1315 2328 et
1339 2273 1464 2329 bina
1491 2274 1738 2332 redibant

302 2357 566 2414 Armenta
601 2368 657 2415 et
681 2359 913 2431 dapibus
944 2378 1161 2419 mensas
1192 2367 1456 2422 onerabat
1481 2368 1699 2437 opimis.

301 2450 579 2507 Continuo
609 2451 815 2522 palmas
847 2455 1057 2511 alacres
1086 2466 1347 2528 utrasque
1368 2459 1616 2526 tetendit,

301 2541 379 2599 Et
402 2559 578 2615 genua
608 2548 964 2617 amplectens,
991 2550 1069 2604 sic
1100 2565 1193 2606 ore
1223 2550 1416 2607 affatus
1442 2551 1618 2610 amico
1640 2564 1757 2610 est:

300 2635 350 2692 0
380 2635 544 2699 Deus.
576 2653 608 2692 ο
635 2637 792 2695 fama:
823 2642 1019 2697 merito
1043 2656 1170 2713 pars
1192 2643 1423 2699 maxima
1451 2654 1650 2701 nostrae
1673 2688 1687 2713 ,

300 2727 388 2784 Ad
416 2740 467 2785 te
498 2730 772 2803 confugio,
805 2740 860 2787 ct
886 2735 1116 2806 supplex
1148 2743 1234 2791 tua
1267 2738 1486 2792 numina
1516 2753 1681 2807 posco
1709 2758 1720 2792 :

303 2819 498 2878 Omnia
533 2823 733 2893 perfeci
758 2833 921 2896 atque
946 2827 1128 2881 animo
1159 2843 1367 2884 mecum
1392 2839 1520 2886 ante
1547 2832 1749 2901 peregi.

303 2912 475 2982 Eripe
504 2931 589 2969 mc
620 2915 727 2985 his,
762 2917 982 2987 invicte,
1014 2919 1200 2987 malis;
1234 2919 1359 2991 quid
1388 2922 1623 2992 denique
1652 2933 1849 2989 restat,

303 3005 519 3075 Quidve
539 3020 773 3080 sequens
800 3018 980 3066 tantos
1011 3012 1213 3081 possim
1243 3028 1504 3084 superare
1531 3015 1748 3072 labores
1774 3016 1798 3069 i

304 3097 510 3170 Accipe
533 3099 711 3173 daque
739 3102 937 3168 iidem,
964 3105 1096 3160 mihi
1127 3107 1271 3175 iussn
1303 3122 1592 3178 capessere
1618 3107 1700 3164 fas
1728 3120 1833 3165 est.

760 3195 1048 3268 Respondit
1084 3201 1134 3255 ei
1176 3198 1453 3256 Dominus.

382 3308 561 3379 Atque
588 3309 711 3365 huic
743 3326 1061 3383 responsum
1093 3316 1281 3385 paucis
1322 3318 1392 3373 ita
1436 3318 1674 3377 reddidit
1702 3320 1903 3377 heros:

306 3402 356 3461 0
384 3413 651 3474 praestans
671 3403 837 3460 animi
859 3405 1100 3474 juvenis,
1124 3409 1326 3466 absiste
1353 3413 1657 3483 precando,

306 3494 423 3552 Nec
456 3506 506 3552 te
528 3499 807 3568 pteniteat,
835 3500 964 3556 nihil
994 3516 1027 3557 ο
1053 3502 1171 3573 tibi,
1201 3502 1397 3572 amice,
1422 3505 1669 3562 relictum
1693 3517 1797 3564 est.

307 3587 429 3645 Hoc
456 3590 618 3645 etiam
648 3590 734 3647 his
760 3591 979 3661 addam,
1009 3603 1096 3651 tua
1128 3596 1170 3650 si
1205 3596 1336 3651 mihi
1367 3611 1515 3654 certa
1545 3599 1797 3655 voluntas
1819 3641 1833 3667 ,

309 3682 496 3754 Disce,
530 3700 680 3755 puer,
710 3696 1061 3746 contemnere
1090 3705 1242 3761 opes,
1275 3700 1331 3747 et
1367 3701 1417 3747 te
1446 3707 1665 3763 quoque
1687 3691 1905 3764 dignum

310 3776 485 3850 Finge
509 3778 641 3845 Deo,
666 3792 719 3836 et
748 3796 868 3851 quae
897 3783 966 3838 sit
996 3784 1199 3853 poteris
1220 3798 1552 3857 cognoscere
1574 3786 1764 3841 virtus.

311 3869 390 3926 Da
418 3869 665 3927 dextram
702 3872 927 3944 misero,
961 3885 1018 3930 et
1049 3878 1268 3933 fratrem
1294 3892 1362 3933 ne
1392 3878 1584 3934 des-ere
1606 3879 1806 3944 frater;

312 3959 371 4016 Si
396 3960 549 4033 jnngi
585 3964 815 4033 hospitio
839 3977 1118 4036 properat,
1150 3968 1422 4040 conjunge
1453 3971 1725 4027 volentem
1747 4012 1762 4038 ,

315 4052 476 4111 Casta
508 4057 821 4126 pudicitiam
850 4071 1031 4118 servet
1055 4061 1253 4119 domus
1278 4080 1293 4123 :
1326 4080 1392 4120 en
1420 4080 1519 4136 age
1547 4080 1741 4137 segnes

316 4147 531 4221 Rumpe
556 4166 761 4220 moras,
790 4153 1060 4227 rebusque
1085 4158 1213 4214 veni
1245 4172 1355 4214 non
1378 4174 1539 4230 asper
1558 4162 1764 4232 egenis.

316 4243 542 4301 Dixerat
573 4244 708 4316 bme,
743 4249 834 4304 ille
859 4250 912 4306 in
946 4251 1113 4308 verbo
1136 4252 1360 4324 vestigia
1386 4253 1545 4309 torsit

317 4335 572 4408 Tristior,
600 4354 700 4397 ora
729 4342 903 4399 modis
932 4345 1187 4402 attollens
1219 4345 1418 4417 pallida
1453 4346 1624 4414 miris,

319 4432 488 4492 Multa
513 4451 758 4509 gemens,
792 4455 1018 4513 seseque
1038 4442 1213 4501 oculis
1234 4442 1465 4510 avertit,
1498 4454 1553 4499 et
1572 4442 1767 4500 aufert.

770 4555 1008 4611 Christus
1044 4559 1234 4614 insedit
1276 4558 1457 4616 asello.

394 4667 548 4724 Tunc
574 4670 740 4725 etiam
774 4671 910 4727 tardi
933 4674 1101 4730 costis
1136 4676 1373 4747 agitatus
1402 4676 1556 4733 aselli

322 4761 530 4820 Insedit
549 4764 733 4822 nimbo
758 4763 1053 4837 effulgens;
1083 4775 1196 4822 tum
1226 4768 1458 4839 plurima
1488 4770 1692 4826 circum

324 4854 527 4911 Matres
557 4865 719 4928 atque
748 4857 874 4925 viri,
909 4860 1061 4929 pueri
1090 4860 1357 4916 velamina
1383 4871 1504 4917 uota

324 4948 654 5022 Subjiciunt,
688 4949 980 5024 funemque
1013 4969 1178 5010 manu
1210 4955 1522 5026 contingere
1549 4955 1803 5027 gaudent.

324 5042 552 5115 Jamque
573 5046 967 5117 propinquabat
997 5047 1191 5118 portis,
1226 5048 1598 5120 templumque
1619 5050 1847 5106 vetustis

325 5136 561 5211 Antiqua
584 5154 649 5196 ex
678 5141 843 5198 cedro
868 5151 1088 5200 centum
1116 5142 1352 5199 sublime
1384 5142 1652 5199 columnis

326 5228 656 5304 Ingreditur,
689 5250 882 5308 ntagna
914 5237 1123 5295 medius
1151 5238 1444 5295 comitante
1473 5247 1711 5294 caterva.

403 5367 664 5424 Christum
708 5380 931 5427 ementes
973 5380 1020 5427 et
1056 5371 1328 5497 uertitieutes
1367 5373 1580 5444 ﬂagello
1608 5389 1635 5428 ε
1662 5376 1853 5448 templo

986 5458 1121 5497 eam
1146 5460 1265 5497 isse.

986 5458 1265 5515 expulisse.

404 5533 747 5591 llorrendum
771 5536 944 5607 silvis,
977 5536 1081 5593 hoc
1100 5537 1207 5594 illis
1228 5538 1376 5593 curia
1410 5538 1706 5608 templum,

332 5622 430 5680 Ba:
459 5640 631 5682 sacra:
658 5626 839 5694 sedes,
864 5628 1005 5683 miro
1030 5629 1176 5699 quod
1200 5629 1408 5685 honore
1447 5629 1719 5685 colebant.

332 5713 580 5788 Namque
609 5719 711 5776 sub
739 5719 943 5792 ingenti
974 5722 1169 5779 lustrat
1197 5723 1326 5783 dum
1363 5723 1577 5794 singula
1609 5724 1809 5795 templo
1840 5767 1855 5792 ,

1596 190 1958 270 censeatis
1998 207 2394 291 vtnctLtAttt.

1944 333 1993 392 Α
2024 325 2307 384 Horrescit
2326 329 2445 384 visu
2474 330 2652 386 subito
2678 350 2692 389 :
2722 332 3080 408 insonuitque
3106 337 3355 411 ﬂagello,

2024 418 2414 492 Signilicatque
2442 437 2626 493 manu,
2656 434 2712 480 et
2740 440 2936 499 magno
2962 429 3125 484 simul
3152 432 3362 489 intonat
3387 450 3514 491 ore:

2024 506 2159 573 Quae
2187 512 2457 567 scelerum
2484 512 2671 581 iacies,
2701 531 2889 585 quteve
2920 534 3030 574 tera
3068 522 3319 580 micantia
3350 539 3547 596 cerno,

2022 599 2260 658 Caesaris
2290 614 2346 659 et
2372 621 2567 661 nomen
2592 606 2615 661 ?
2637 624 2758 678 qua:
2788 621 3025 667 mentem
3060 614 3265 671 insania
3295 630 3468 676 mutat
3495 622 3516 675 ?

2024 692 2121 750 Hae
2147 696 2303 751 nobis
2337 701 2569 768 propria:
2595 701 2754 758 sedes
2777 748 2791 773 ,
2829 705 2917 760 hic
2951 715 3197 778 tempore
3222 721 3375 767 certo

2023 784 2303 859 Perpetuis
2330 790 2480 848 soliti
2510 803 2722 865 patrum
2751 799 3040 856 tonsidcre
3076 803 3301 860 mensis.

2021 879 2368 953 Obstupuere
2386 885 2607 955 animis,
2629 888 2949 962 gelidusque
2975 908 3073 965 per
3091 894 3202 950 ima
3230 902 3479 956 cucurrit

2021 967 2157 1027 Ossa
2193 982 2418 1039 tremor,
2448 992 2772 1049 mensasque
2802 966 2946 1038 metu
2976 984 3183 1055 liquere
3206 987 3438 1057 priores.

2362 1086 2625 1160 Discipuli
2651 1094 3012 1163 periclitantur
3038 1097 3092 1153 in
3118 1102 3273 1154 mari.

2094 1198 2224 1253 inde
2252 1201 2341 1258 ubi
2370 1203 2542 1273 prima
2576 1204 2709 1260 lldes
2740 1207 2955 1280 pelago,
2990 1214 3277 1284 tranquilla
3311 1230 3407 1286 per
3439 1217 3543 1274 alta

2017 1287 2307 1348 Deducunt
2338 1296 2471 1351 socii
2500 1312 2690 1364 naves,
2724 1308 2886 1369 atque
2914 1312 3031 1359 arte
3060 1306 3316 1376 magistra
3343 1349 3357 1376 ,

2016 1381 2113 1438 Hic
2144 1385 2283 1442 alius
2314 1386 2479 1445 funda
2512 1391 2678 1447 latum
2712 1398 3119 1454 transverberat
3149 1416 3364 1461 amnem

2016 1474 2137 1530 Alta
2168 1488 2383 1547 petens,
2414 1482 2713 1555 pelagoque
2744 1486 2883 1544 alius
2914 1488 3076 1545 trahit
3118 1491 3337 1551 humida
3367 1495 3495 1551 lina.

2015 1565 2313 1640 Postquam
2341 1572 2506 1628 altum
2536 1588 2761 1633 tenuere
2783 1588 2951 1647 rates,
2978 1596 3078 1637 nec
3104 1581 3213 1653 jam
3238 1587 3470 1656 amplius
3494 1589 3612 1644 ullse

2014 1658 2323 1719 Occurrunt
2357 1674 2538 1736 terra),
2565 1670 2772 1727 crebris
2797 1674 2962 1729 micat
2990 1675 3204 1746 ignibus
3233 1679 3432 1747 tnther,

1936 1721 1983 1781 Β
2013 1753 2265 1824 Eripiunt
2288 1759 2471 1814 subito
2494 1721 2666 1817 n'ubes
2687 1765 2994 1838 ctelttmque
3009 1721 3272 1839 :iiemque
3297 1789 3309 1825 :

2010 1841 2359 1919 Consurgunt
2402 1850 2575 1921 venti,
2606 1864 2657 1908 et
2681 1852 2877 1911 ﬂuctus
2904 1857 2971 1913 ad
3003 1859 3180 1915 sidera
3214 1862 3427 1918 tollunt.

2012 1943 2077 1996 At
2107 1944 2270 1999 sociis
2298 1944 2474 2000 subita
2505 1947 2715 2018 gelidus
2746 1949 3040 2009 formidine
3070 1957 3292 2029 sanguis

2013 2041 2264 2115 Diriguit,
2293 2045 2543 2103 cecidere
2568 2050 2759 2120 animi,
2794 2054 3085 2125 cunctique
3108 2067 3331 2127 repente

2010 2135 2235 2192 Portum
2262 2140 2612 2208 aspectabant
2648 2143 2863 2215 ﬂentes,
2897 2160 3002 2203 vox
3029 2151 3281 2208 omnibus
3312 2169 3445 2223 una,

2010 2226 2283 2302 Spemque
2314 2244 2629 2303 metumque
2657 2234 2800 2292 inter
2823 2237 2995 2309 dubii,
3022 2256 3117 2298 seu
3148 2244 3332 2302 vivere
3353 2248 3571 2303 credant
3592 2292 3606 2316 ,

2011 2319 2142 2377 Sive
2166 2333 2407 2377 extrema
2439 2326 2569 2394 pati,
2604 2327 2737 2384 letlii
2764 2328 3078 2389 discrimine
3109 2349 3276 2404 parvo
3297 2382 3311 2405 ,

2008 2410 2196 2479 Qualia
2223 2414 2390 2469 multa
2423 2418 2559 2473 mari
2592 2427 2771 2476 nautae
2798 2424 3081 2492 patiuntur
3111 2427 3162 2480 in
3191 2428 3320 2485 alto.

2054 2535 2087 2577 I
2311 2527 2573 2586 Christum
2602 2534 2892 2590 ambulasse
2918 2554 3074 2607 super
3101 2558 3282 2613 aquas.

2087 2638 2225 2695 Ecce
2258 2642 2395 2698 lteus
2428 2658 2625 2715 magno
2656 2647 2871 2704 misceri
2904 2666 3183 2710 murmure
3214 2664 3468 2725 pontum,

2012 2725 2391 2803 Emissamque
2426 2733 2656 2792 hiemem
2685 2740 2879 2805 sensit,
2909 2744 2993 2797 cui
3020 2758 3230 2799 summa
3263 2759 3502 2817 petestas

2008 2820 2114 2877 Par
2144 2822 2351 2880 levibus
2375 2828 2571 2892 ventis,
2596 2840 2652 2886 et
2678 2830 2919 2888 ﬂuminis
2942 2836 3095 2892 ocior
3120 2838 3295 2894 undis.

2008 2907 2187 2969 Prona
2217 2918 2348 2986 petit
2378 2917 2572 2986 maria,
2604 2931 2658 2976 et
2683 2922 2871 2994 pelago
2893 2925 3134 2982 decurrit
3165 2940 3353 3001 aperto
3374 2974 3388 2998 ,

2009 3003 2120 3060 Nec
2152 3008 2311 3078 longo
2342 3009 2507 3067 distat
2532 3026 2696 3069 cursu
2731 3028 3011 3085 praeeunte
3037 3022 3243 3078 carina.

1933 3099 1982 3165 α
2011 3096 2331 3168 Agnoscunt
2359 3102 2517 3174 longe
2546 3119 2751 3175 regem,
2778 3107 3134 3182 dextramque
3168 3123 3440 3182 potentem

2008 3189 2205 3245 Nudati
2233 3194 2391 3261 socii,
2421 3202 2477 3250 et
2504 3210 2699 3268 magno
2724 3198 2962 3257 clamore
2988 3204 3229 3260 salutant

2007 3278 2302 3352 Postquam
2331 3284 2473 3342 altos
2504 3288 2679 3359 tetigit
2701 3288 2924 3358 ﬂuctus,
2953 3303 3009 3350 et
3038 3295 3106 3351 ad
3141 3312 3361 3368 aequora
3392 3306 3569 3376 venit,

2011 3372 2109 3433 Hic
2144 3390 2272 3432 vero
2301 3376 2660 3447 horrendum,
2694 3396 2759 3438 ac
2789 3385 2905 3439 visu
2933 3387 3200 3457 mirabile,
3234 3392 3371 3449 forte

2010 3457 2309 3522 Snbsidunt
2337 3469 2518 3536 undae,
2550 3487 2703 3527 remo
2740 3484 2798 3529 ut
2819 3475 3096 3533 luctamen
3127 3482 3373 3552 abesset,

2010 3557 2383 3630 Collectasque
2410 3560 2558 3633 fugat
2588 3565 2783 3633 nubes,
2803 3568 3155 3640 graditurque
3183 3589 3281 3641 per
3301 3593 3490 3646 aequor

2009 3648 2127 3705 Jant
2163 3651 2423 3722 medium,
2459 3670 2560 3711 nec
2588 3656 2715 3712 dum
2744 3657 2940 3715 ﬂuctus
2972 3662 3136 3719 latera
3168 3665 3336 3721 ardua
3361 3669 3535 3740 tingit.

2018 3746 2090 3800 At
2123 3745 2299 3802 media
2325 3748 2502 3804 socios
2533 3748 2794 3807 incedens
2824 3768 2961 3810 nave
2989 3770 3085 3826 per
3110 3758 3291 3829 ipsos,

2015 3836 2161 3894 Ecce
2185 3838 2516 3909 gubernaclo
2545 3852 2723 3899 rector
2750 3846 2894 3902 subit
2923 3848 3039 3916 ipse
3078 3853 3369 3922 magister,

2012 3930 2299 3987 intremuit
2325 3934 2519 4000 malus,
2548 3937 2754 4007 gemuit
2775 3941 2879 3995 sub
2904 3941 3146 4011 pondere
3165 3948 3381 4016 cymba.

2016 4019 2147 4077 Vela
2176 4022 2395 4091 cadunt,
2427 4028 2705 4099 puppique
2731 4029 2876 4086 Deus
2905 4034 3153 4090 consedit
3177 4036 3230 4092 in
3251 4038 3390 4107 alta,

2014 4108 2083 4170 Et
2113 4116 2328 4173 tandem
2352 4117 2459 4175 laeti
2492 4130 2637 4179 notae
2659 4123 3017 4182 advertuntur
3043 4143 3245 4187 arenae.

2555 4237 2634 4293 De
2668 4239 2824 4296 Cinna
2851 4227 3083 4302 Domini.

2093 4348 2309 4405 Devexo
2333 4349 2540 4407 interea
2566 4353 2791 4424 propior
2822 4357 2878 4411 lit
2899 4374 3091 4430 vesper
3116 4363 3360 4436 olympo.

1943 4479 1993 4542 Β
2017 4438 2170 4496 Tunc
2203 4444 2344 4497 victu
2366 4456 2625 4499 revocant
2653 4445 2818 4514 vires,
2850 4448 3061 4521 fusique
3085 4469 3183 4523 per
3206 4457 3426 4514 herbam
3456 4502 3466 4518 .

2022 4530 2088 4586 Et
2108 4531 2345 4605 dapibus.
2361 4549 2579 4590 mensas
2618 4548 2868 4608 onerant,
2900 4550 2956 4597 et
2980 4545 3171 4613 pocula
3206 4558 3429 4618 ponunt.

2513 4646 2675 4704 Docet
2701 4650 3125 4713 Sacrameutum.

2096 4759 2384 4832 Postquam
2420 4764 2592 4833 prima
2617 4767 2770 4833 quies
2798 4768 2996 4839 epulis,
3028 4786 3341 4846 menszeqne
3368 4790 3613 4848 remotae,

2024 4848 2144 4920 Ipse
2168 4853 2310 4909 inter
2337 4853 2543 4924 primos
2569 4857 2799 4927 genitori
2837 4860 3104 4920 instaurat
3131 4863 3368 4926 honores

2025 4943 2339 5014 Suspiciens
2367 4947 2588 5012 calum,
2621 4958 2751 5009 tunc
2776 4953 2914 5010 facta
2936 4956 3151 5014 silentia
3183 4961 3399 5032 linguis.

2026 5037 2127 5093 Dat
2154 5040 2403 5117 manibus
2434 5041 2639 5113 fruges,
2661 5032 3009 5120 dttlcesquea
3040 5053 3277 5124 fontibus
3304 5056 3509 5123 undas;

2027 5132 2381 5205 lmplevitque
2410 5150 2562 5192 mero
2590 5146 2854 5208 pateram,
2883 5143 3128 5215 ritusque
3162 5160 3438 5203 sacrorum

2026 5226 2256 5295 Edocet,
2287 5226 2667 5302 immiscetque
2698 5234 2910 5303 preces,
2939 5253 3001 5293 ac
3035 5238 3158 5293 talia
3188 5240 3361 5295 fatur:

2348 5341 2600 5399 Prwdieit
2624 5344 2689 5400 ab
2715 5362 2818 5403 uno
2845 5364 2901 5404 se
2929 5351 3182 5404 traditum
3208 5352 3297 5406 iri.

2100 5453 2322 5521 Audite,
2351 5469 2385 5510 ο
2413 5469 2690 5527 proceres,
2721 5460 2818 5524 ait,
2852 5469 2908 5516 et
2936 5476 3061 5531 spes
3085 5463 3275 5521 discite
3300 5477 3514 5523 vestras
3540 5486 3552 5523 :

2030 5544 2200 5601 Nemo
2227 5561 2291 5602 ex
2316 5546 2421 5603 hoc
2446 5563 2675 5605 numero
2697 5550 2829 5606 milti
2857 5567 2964 5608 non
2993 5554 3225 5610 donatus
3246 5557 3446 5625 abibit,

2032 5636 2431 5710 Promissisque
2455 5641 2647 5711 patris,
2680 5649 2884 5708 vestra,
2914 5643 3107 5714 inquit,
3145 5661 3365 5705 munera
3393 5653 3542 5709 vobis

2033 5727 2192 5784 Certa
2216 5739 2455 5799 manent,
2480 5732 2654 5802 pueri,
2685 5741 2738 5789 et
2768 5734 3000 5805 palmam
3019 5747 3203 5796 movet
3217 5742 3409 5799 ordine
3434 5759 3627 5802 nemo:
