4082 6188
483 261 589 319 815

482 375 555 431 Et
593 374 683 430 lux
714 385 834 429 cum
861 370 1091 444 primum
1123 368 1288 424 terris
1314 382 1376 425 se
1405 366 1643 422 crastina
1673 362 1899 428 reddet,

482 469 639 526 Unus
659 467 764 523 erit
792 475 999 521 tantum
1034 465 1087 519 iu
1118 478 1333 533 meque,
1367 461 1702 530 exitiumque
1727 470 1968 514 mearum
1990 496 2003 522 ,

483 561 620 617 Dum
651 558 889 615 medium
919 556 1036 628 paci
1067 571 1128 611 se
1160 554 1317 610 offert
1348 553 1416 608 de
1444 566 1676 621 corpore
1704 559 1908 605 uestro.

482 653 727 725 Namque
753 651 873 707 dies
895 649 978 721 (ni
1003 649 1188 719 fallor)
1221 646 1396 711 adest,
1425 643 1689 701 secludite
1716 656 1905 697 curas:

480 746 691 802 Mecum
719 744 826 800 erit
849 740 1157 821 iste‘labor,
1190 753 1294 795 nec
1323 753 1411 794 me
1439 735 1705 793 sententia
1739 732 1908 799 fallit,

483 838 665 897 Unum
691 850 793 909 pro
819 833 1005 890 multis
1026 832 1241 889 dabitur
1265 839 1449 901 caput.
1478 827 1606 884 Haec
1632 826 1706 882 ita
1735 825 1872 881 fatus
1892 864 1907 888 ,

485 929 778 995 Conticuit,
810 938 1098 997 seramque
1127 921 1275 979 dedit
1311 936 1406 992 per
1434 919 1681 977 membra
1710 917 1972 987 quietem.

1026 1038 1301 1111 Apostolus
1329 1036 1541 1109 fugisse.

562 1160 856 1235 Diffugiunt
875 1156 1128 1221 comites,
1156 1163 1211 1209 et
1238 1160 1397 1208 nocte
1421 1158 1674 1221 teguntur
1697 1159 1899 1217 opaca;

483 1257 764 1328 Multaque
783 1254 920 1310 dura
950 1265 1051 1307 suo
1073 1248 1216 1305 tristi
1240 1262 1362 1302 cum
1393 1244 1559 1301 corde
1585 1241 1857 1298 volutant.

487 1350 629 1420 Quid
655 1346 894 1405 faciant?
922 1346 1134 1420 Ita-rent
1159 1340 1308 1398 inﬁxi
1343 1348 1562 1411 pectore
1591 1336 1772 1392 vultus
1790 1374 1805 1400 ,
2034 1404 2039 1407 _

482 1444 794 1514 Verbaque,
821 1455 923 1497 nec
949 1436 1219 1511 placidam
1262 1432 1520 1491 membris
1547 1429 1640 1485 dat
1664 1443 1793 1484 cura
1818 1423 2080 1496 quietem.

778 1551 1091 1623 Couquestio
1122 1546 1272 1603 Petri
1301 1545 1367 1600 ad
1389 1538 1798 1611 condiscipulos.

556 1673 711 1728 Tune
738 1667 924 1725 senior
956 1664 1095 1721 tales
1120 1660 1395 1718 referebat
1421 1667 1640 1729 pectore
1667 1666 1830 1712 voces
1849 1694 1865 1722 ,

486 1769 651 1826 Multa
676 1775 904 1838 putans:
938 1761 1031 1817 ubi
1060 1774 1203 1814 nunc
1234 1756 1388 1812 nobis
1413 1755 1558 1810 Deus
1588 1753 1682 1808 ille
1712 1751 1971 1823 magister
1990 1749 2015 1801 ἲ

486 1863 658 1929 Quem
683 1853 998 1926 sequimur?
1019 1866 1198 1922 quove
1219 1850 1299 1904 ire
1313 1847 1511 1918 jubes?
1535 1844 1623 1901 ubi
1643 1858 1846 1915 ponere
1864 1838 2089 1898 sedem?

488 1954 533 2011 Ο
559 1951 735 2013 dolor,
768 1957 931 2017 atque
959 1947 1128 1999 decus
1153 1948 1421 1996 tantarum
1449 1937 1623 2010 gloria
1653 1950 1839 1991 rerum
1864 1934 1909 2022 εί

482 2047 717 2117 Jamjam
747 2042 893 2098 nulla
922 2054 1076 2094 mora
1106 2045 1211 2102 est,
1243 2043 1299 2090 et
1318 2047 1419 2089 nos
1440 2045 1573 2102 rape
1596 2030 1648 2084 in
1672 2028 1854 2084 omnia
1882 2034 2087 2092 tecum,

489 2143 745 2204 Oramus,
775 2142 936 2206 teque
964 2139 1186 2203 aspectu
1220 2143 1288 2184 ne
1310 2124 1570 2183 subtrahe
1598 2135 1805 2178 nostro.

667 2228 977 2289 Sacerdotes
1006 2241 1121 2279 cum
1162 2219 1358 2295 populo
1398 2228 1579 2274 contra
1620 2214 1905 2270 Christum.

562 2329 839 2383 Oceanum
870 2320 1078 2377 interea
1107 2328 1337 2386 surgens
1365 2325 1560 2367 aurora
1593 2307 1847 2379 reliquit,

486 2419 720 2489 Jamque
743 2413 1059 2487 sacerdotes
1091 2410 1199 2466 late
1223 2408 1342 2464 loca
1373 2404 1662 2476 questibus
1690 2402 1946 2473 implent,

485 2513 621 2570 Cum
656 2507 858 2582 populo
886 2513 942 2562 et
966 2501 1236 2576 patribus,
1270 2500 1548 2570 ferturque
1569 2512 1667 2567 per
1698 2494 1914 2566 agmina
1945 2506 2093 2546 mur-

1693 2587 1838 2661 [mur
1855 2602 1869 2644 :

492 2698 648 2769 Quod
671 2711 841 2771 genus
864 2693 970 2751 hoc
999 2688 1319 2748 hominum?
1348 2698 1539 2760 quaeve
1560 2683 1705 2740 hunc
1727 2689 1836 2736 tam
1861 2678 2092 2737 barbara

1642 2774 1873 2846 [morem

495 2885 771 2944 Permittit
799 2878 1011 2954 patria?
1044 2891 1235 2950 pinnas
1256 2889 1379 2931 cum
1402 2869 1664 2942 sanguine
1686 2873 1920 2939 poscunt

493 2979 748 3050 Undique
776 2972 1016 3041 collecti,
1045 2981 1100 3027 et
1128 2983 1325 3040 magno
1356 2965 1594 3022 clamore
1616 2968 1921 3030 sequuntur

497 3072 795 3137 lnsoutem,
824 3065 1086 3137 smvitque
1115 3060 1312 3118 animis
1344 3056 1581 3131 ignobile
1606 3054 1819 3125 vulgus.

613 3187 851 3246 Christus
875 3182 1010 3236 hora
1032 3187 1181 3235 sexta
1206 3175 1504 3240 deducitur,
1531 3179 1587 3225 ut
1615 3168 1970 3239 cruciﬁgatur.

554 3306 662 3364 .Sol
698 3300 941 3359 medium
964 3296 1088 3354 cteli
1115 3291 1514 3351 conscenderat
1541 3288 1733 3359 igneus
1759 3284 1950 3341 orbem
1973 3267 2019 3347 ,’

498 3399 652 3455 Tunc
673 3394 855 3452 subito
878 3391 1025 3446 hunc
1044 3386 1214 3444 acciri
1235 3397 1427 3440 omnes
1450 3379 1792 3452 populusque
1808 3384 2100 3447 patresque

504 3491 846 3561 Exposcunt,
880 3481 1086 3553 farique
1107 3478 1324 3550 iubent,
1355 3490 1463 3546 quo
1490 3472 1753 3544 sanguine
1772 3478 1989 3534 cretus,

501 3582 713 3652 Quidve
733 3586 907 3651 petat,
938 3575 1137 3649 quidve
1162 3573 1277 3644 ipse
1299 3571 1438 3627 ferat
1464 3585 1479 3626 :
1512 3567 1861 3639 praedamque
1884 3568 2101 3619 tuentes

501 3675 668 3732 Facta
697 3672 821 3743 viri,
854 3670 1046 3727 mistus
1071 3666 1232 3723 dolor
1250 3673 1307 3720 et
1330 3672 1520 3733 stupor
1545 3667 1705 3731 urget
1729 3658 1953 3714 inertes.

500 3768 696 3827 Nescia
718 3780 875 3822 mens
902 3760 1220 3819 hominum!
1252 3764 1466 3814 certant
1496 3752 1726 3810 illudere
1755 3757 1935 3821 capto.

502 3859 643 3918 Tum
673 3870 812 3913 vero
841 3852 1015 3925 captis
1035 3855 1371 3907 concurrunt
1392 3844 1632 3915 nudique
1660 3841 1814 3898 telis:

503 3950 738 4008 Tollitur
767 3949 823 4003 in
848 3945 1048 4002 ctelum
1078 3942 1307 4007 clamor,
1339 3936 1630 4005 cunctique
1655 3937 1882 4003 repente

506 4041 841 4111 Corripuere
862 4050 1072 4093 sacram
1097 4031 1357 4103 efﬁgiem,
1383 4026 1742 4095 manibusque
1767 4020 2009 4079 cruentis

510 4136 790 4208 lugentem
813 4144 1077 4202 quercum
1107 4125 1309 4183 decisis
1339 4120 1578 4192 undique
1595 4117 1765 4174 ramis

506 4228 882 4291 Constituunt,
909 4222 1192 4293 spinisque
1220 4218 1389 4289 ligant
1413 4212 1729 4285 ingentibus
1750 4209 1924 4267 illum.

511 4318 907 4389 Tendebatque
936 4329 1152 4386 manus,
1183 4311 1411 4385 pedibus
1438 4325 1537 4381 per
1567 4316 1751 4364 mutua
1784 4303 1961 4369 nexis,

512 4414 697 4473 Triste
726 4408 1122 4468 ministerium!
1155 4403 1404 4477 sequitur
1430 4417 1568 4475 quos
1595 4408 1794 4458 caatera
1828 4397 1997 4471 pubes
2015 4440 2030 4465 ,

513 4506 645 4563 Ausi
667 4517 857 4562 omnes
886 4502 1124 4558 immane
1151 4498 1325 4562 nefas,
1354 4508 1596 4566 ausoque
1614 4491 1797 4563 potiti.

512 4596 613 4654 Ille
640 4607 822 4654 autem
855 4591 1184 4666 impavidus,
1215 4592 1336 4656 Quo
1367 4586 1583 4643 vincula
1615 4581 1882 4641 nectitis?
1910 4579 2103 4653 inquit.

515 4690 762 4747 Tantane
790 4702 886 4744 vos
913 4684 1129 4759 generis
1157 4682 1330 4740 tenuit
1354 4679 1546 4735 ﬁducia
1578 4674 1788 4733 vestri?

513 4781 649 4837 Post
676 4779 809 4837 mihi
841 4794 949 4835 non
974 4776 1137 4834 simili
1164 4790 1323 4847 poena
1346 4771 1639 4829 commissa
1666 4767 1849 4824 luetis.

515 4872 669 4932 Talia
700 4871 978 4946 perstabat
1003 4882 1336 4936 memorans,
1369 4867 1616 4935 ﬁxusque
1656 4860 1929 4917 manebat.

796 4987 886 5045 Fit
912 4994 1229 5043 terrwmotus
1246 5025 1260 5050 ,
1306 4992 1355 5038 et
1383 4980 1464 5038 sal
1509 4979 1835 5034 osbcuratur.

589 5085 806 5141 Interea
835 5095 1030 5152 magno
1057 5076 1275 5134 misceri
1298 5089 1577 5132 murmure
1596 5074 1790 5131 coelum

518 5177 744 5251 Incipit,
770 5185 828 5234 et
855 5174 1018 5232 rebus
1047 5188 1154 5231 nox
1176 5171 1400 5229 abstulit
1428 5178 1546 5225 atra
1584 5160 1823 5224 colorem
1843 5206 1858 5231 ,

518 5270 800 5342 Impiaque
820 5277 1081 5325 aeternam
1110 5264 1406 5322 timuerunt
1433 5260 1633 5319 saecula
1657 5268 1896 5315 uectem.

519 5361 686 5420 Terra
713 5361 919 5428 tremit,
950 5359 1135 5432 fugere
1161 5359 1315 5427 ferae,
1348 5364 1406 5412 et
1425 5352 1674 5412 mortalia
1703 5351 1867 5409 corda

512 5458 623 5515 Per
639 5469 830 5531 gentes
852 5455 1072 5513 humilis
1099 5452 1292 5511 stravit
1314 5466 1523 5523 pavor:
1551 5448 1677 5505 inde
1706 5453 1931 5519 repente

513 5550 619 5608 Dat
640 5551 803 5609 tellus
827 5549 1084 5622 gemitum
1108 5591 1124 5618 ,
1163 5555 1219 5604 et
1244 5544 1443 5604 coelum
1472 5552 1624 5599 tonat
1645 5555 1808 5597 omne
1833 5539 2069 5611 fragore.

832 5661 1097 5718 Christum
1125 5659 1450 5716 descendisse
1472 5657 1542 5712 ad
1560 5657 1775 5728 inferos.

578 5753 865 5827 Extemplo
893 5754 1127 5811 comites
1149 5751 1314 5810 Erebi
1344 5750 1412 5809 de
1442 5748 1664 5808 sedibus
1690 5746 1816 5804 imis

1327 251 1484 311 VAL.
1526 244 1897 308 FALTONUE
1934 239 2188 303 PROBE
2229 233 2598 299 CENTONES
2640 230 3031 295 VlRGILiANl.

2104 361 2157 421 A
2184 355 2401 415 Umbrae
2430 354 2584 410 ibant
2604 359 2799 408 tenues
2828 368 2843 405 :
2876 348 3037 405 tellus
3067 356 3287 418 quoque
3314 347 3370 399 et
3395 354 3611 414 aequora
3631 342 3780 412 ponti

2183 451 2346 521 Signa
2377 448 2609 514 dabant,
2639 445 2841 513 sistunt
2865 455 3086 504 amnes,
3116 449 3383 508 terrarque
3403 434 3708 491 deliisruut.

2180 541 2320 608 Quin
2351 539 2481 609 ipsa:
2504 546 2765 604 Sluilllcl'e
2788 535 2980 589 domus
3003 573 3018 598 ,

2179 630 2407 687 Tartara
2422 672 2445 695 ,,
2477 638 2533 685 et
2559 629 2834 684 umbrosae
2863 624 3080 697 penitus
3111 631 3338 694 patuere
3365 634 3644 677 caverna»

2182 726 2279 783 Sol
2300 739 2514 796 quoque
2538 732 2594 780 et
2614 720 2870 779 exoriens
2891 717 3113 791 (cuncti
3136 731 3197 773 se
3226 715 3370 772 scire
3399 712 3687 783 fatentur)

2182 818 2338 876 Tunc
2365 824 2528 888 caput
2551 816 2783 871 obscura
2811 812 3040 868 nitidum
3072 809 3354 880 ferrugine
3382 806 3539 864 texit.

3672 228 3787 291 816

3058 539 3223 602 atque
3253 529 3441 584 intima
3475 527 3606 582 letlii

2514 932 2782 988 Christum
2807 929 2959 985 tertia
2989 928 3074 983 (lie
3101 925 3467 983 resurrexisse.

2255 1047 2474 1119 ﬂosque
2517 1047 2660 1101 inter
2691 1053 2900 1111 motus,
2932 1041 3110 1098 media
3151 1040 3293 1097 inter
3321 1039 3449 1095 talia
3480 1035 3648 1093 verba

2192 1139 2377 1196 Tertia
2405 1138 2494 1193 lus
2522 1137 2758 1209 gelidam
2791 1135 2932 1192 crelo
2963 1135 3271 1190 dimoverat
3298 1131 3569 1187 umbram.

2187 1233 2415 1303 Jamque
2445 1232 2634 1303 pedem
2680 1230 2929 1287 referens
2974 1243 3200 1299 superas
3224 1224 3475 1283 veniebat
3495 1224 3565 1280 ad
3595 1239 3786 1292 auras,

2186 1324 2324 1381 Cum
2350 1323 2534 1379 subito
2554 1332 2680 1379 ante
2711 1322 2900 1378 oculos
2928 1320 3132 1392 iugeuti
3165 1318 3310 1374 mole
3340 1317 3651 1389 sepulcrum
3670 1360 3686 1384 ,

2187 1412 2399 1486 Corpus
2420 1413 2515 1469 ubi
2540 1412 2860 1470 exanimum
2886 1412 3147 1481 positum,
3166 1424 3268 1466 nec
3288 1409 3552 1478 claustra,
3575 1422 3678 1465 nec
3695 1407 3793 1479 ipsi

2187 1507 2459 1565 Custodes
2485 1507 2715 1565 suﬁ‘erre
2738 1506 2939 1573 valent,
2964 1505 3261 1574 avulsaque
3285 1501 3435 1559 saxis

2188 1601 2331 1657 Saxa
2364 1590 2584 1669 vident,
2613 1598 2753 1654 laxis
2783 1596 3015 1653 laterum
3044 1592 3401 1665 compagibus
3425 1592 3616 1648 arctis.

2190 1694 2278 1751 Fit
2299 1710 2498 1761 sonus,
2534 1694 2742 1766 ingenti
2767 1707 3032 1749 concussa
3053 1702 3140 1747 est
3163 1689 3408 1761 pondere
3440 1688 3633 1757 tellus,

2192 1790 2400 1847 l'lorror
2429 1789 2629 1861 ubique
2672 1788 2915 1855 animos,
2949 1785 3111 1843 simul
3159 1784 3274 1855 ipsa
3316 1782 3531 1839 silentia
3568 1789 3790 1840 terrent.

2292 1930 2521 1987 Foribus
2543 1928 2738 1984 clausis
2768 1925 3076 1999 apparuisse
3106 1922 3376 1979 Christum
3402 1920 3699 1992 discipulis.

2195 2048 2337 2107 Ecce
2362 2055 2541 2102 autem
2576 2041 2736 2114 primi
2773 2041 3053 2098 volucrum
3086 2039 3189 2097 sub
3215 2037 3455 2095 culmine
3481 2043 3680 2092 cantus
3710 2050 3723 2093 :

2199 2138 2507 2211 Ingreditur
2526 2179 2543 2207 ,
2574 2138 2828 2208 linquens
2850 2146 3069 2190 antrum
3089 2173 3103 2200 ,
3134 2132 3436 2204 spoliisque
3463 2127 3730 2201 superbus

2193 2231 2313 2288 Ibat
2334 2246 2501 2286 ovans
2522 2272 2538 2298 ,
2568 2228 2835 2300 pulsuque
2859 2227 3059 2298 pedum
3089 2224 3278 2281 tremit
3305 2222 3483 2279 excita
3508 2220 3702 2285 tellus,

2196 2326 2545 2397 Vulneraque
2584 2325 2677 2379 illa
2698 2337 2894 2395 gerens
2920 2321 3127 2378 foribus
3154 2335 3278 2377 sese
3309 2320 3507 2391 ingerit
3537 2316 3729 2373 arctis.

2194 2423 2377 2489 Atque
2407 2419 2497 2475 hic
2525 2416 2799 2491 ingentem
2826 2415 3086 2472 comitum
3110 2413 3395 2469 afﬁnxisse
3416 2426 3684 2467 novorum

2197 2511 2410 2570 Invenit
2438 2511 2719 2568 admirans
2741 2526 3031 2569 numerum
3052 2550 3067 2577 ,
3099 2508 3423 2578 cunctisque
3451 2514 3685 2576 repente

2196 2595 2531 2675 Improvisus
2557 2604 2669 2659 ait:
2697 2603 2896 2660 Coram
2918 2617 3080 2675 quem
3099 2599 3346 2673 qumrilis
3374 2598 3567 2654 adsum
3598 2614 3613 2652 :

2199 2697 2343 2754 Vicit
2370 2699 2474 2755 iter
2496 2697 2695 2753 durttm
2729 2697 2932 2768 pietas,
2962 2704 3019 2752 et
3046 2693 3222 2751 vivida
3248 2692 3441 2749 virtus.

2199 2789 2515 2863 Praecipites
2540 2790 2781 2861 vigilate,
2808 2788 2946 2859 viri,
2979 2788 3142 2845 timor
3171 2786 3350 2843 omnis
3379 2786 3588 2843 abesto.

2726 2903 2953 2960 Instruit
2991 2901 3276 2976 apostolos.

2271 3026 2338 3082 lli
2368 3024 2542 3081 nostri
2568 3021 2800 3089 reditus,
2825 3018 3239 3092 exspectatique
3268 3016 3554 3093 triumphi,

2121 3124 2168 3188 ο
2202 3118 2330 3174 llzee
2356 3133 2476 3174 mea
2494 3130 2689 3188 magna
2720 3113 2891 3183 ﬁdes;
2923 3130 2957 3171 ο
2982 3122 3172 3192 terque
3200 3121 3501 3183 quaterque
3527 3109 3700 3175 beati,

2200 3213 2333 3281 Qute
2359 3210 2517 3267 vobis
2540 3253 2556 3279 ,
2585 3224 2709 3280 qute
2740 3207 2937 3277 digna,
2973 3204 3109 3272 viri,
3140 3219 3238 3275 pro
3257 3202 3507 3261 laudibus
3527 3201 3653 3258 istis

2200 3303 2434 3361 Praemia
2459 3315 2621 3373 posse
2652 3315 2776 3357 reor
2800 3298 2974 3370 solvi?
2999 3312 3123 3369 quae
3158 3295 3304 3352 dona
3332 3293 3553 3366 parari?

2201 3392 2444 3462 Accipite
2468 3406 2599 3463 ergo
2624 3389 2823 3445 animis
2853 3406 2865 3441 :
2897 3402 3018 3459 quae
3049 3401 3148 3443 vos
3175 3401 3204 3439 a
3235 3386 3405 3457 stirpe
3435 3392 3730 3456 parentum

2204 3485 2389 3542 Prima
2423 3484 2546 3539 tulit
2568 3481 2730 3538 tellus
2752 3521 2769 3548 ,
2802 3479 2992 3537 eadem
3021 3492 3122 3534 vos
3143 3476 3314 3533 ubere
3341 3476 3469 3530 laeto

2203 3576 2477 3645 Accipiet,
2501 3581 2759 3631 revocate
2782 3573 3027 3627 animum
3056 3577 3421 3640 mcestumque
3454 3568 3706 3625 timorem

2205 3667 2436 3738 Mittite,
2456 3666 2571 3739 jam
2603 3675 2816 3723 vosmet
2843 3664 3008 3721 rebus
3031 3669 3251 3720 servate
3275 3661 3553 3719 secundis.

2476 3800 3018 3874 Christutuapostolis
3048 3815 3229 3871 pacem
3254 3797 3549 3870 reliquisse.

2278 3914 2438 3984 Quod
2469 3923 2748 3985 superest,
2782 3913 2894 3970 laeti
2923 3914 3064 3971 bene
3100 3912 3268 3985 gestis
3283 3910 3478 3968 ordine
3503 3909 3703 3976 rebus,

2207 4009 2403 4066 Pacem
2441 4019 2627 4080 optate
2656 4024 2818 4065 manu
2837 4050 2853 4073 ,
2887 4023 3078 4081 pacem
3105 4008 3322 4064 laudate
3341 4006 3593 4063 sedentes

2200 4100 2531 4171 Magnanimi
2566 4119 2579 4155 :
2610 4101 2760 4172 pacis
2788 4101 2963 4157 solum
2989 4099 3304 4157 inviolabile
3333 4098 3551 4173 pignus.

2207 4192 2279 4248 Et
2299 4193 2459 4250 simul
2490 4193 2578 4249 his
2606 4193 2767 4250 dictis
2787 4193 2982 4251 faciem
3004 4194 3329 4252 ostendebat
3347 4204 3402 4249 et
3431 4209 3527 4249 ora
3545 4234 3562 4260 ,

2207 4285 2313 4342 Ora
2337 4301 2640 4358 manusque
2668 4286 2886 4356 ambas,
2918 4287 3284 4360 populataque
3307 4297 3522 4359 pectora
3545 4288 3689 4343 ferro
3718 4302 3731 4339 :

2208 4378 2627 4450 lmmisceutquc
2658 4393 2852 4435 manus
2879 4379 3161 4447 manibus,
3189 4380 3536 4453 gaudentque
3559 4385 3797 4441 tuentes,

2209 4472 2321 4529 Nec
2358 4471 2564 4528 vidisse
2616 4471 2791 4528 semel
2836 4470 2969 4528 satis
2998 4480 3116 4542 est,
3150 4471 3307 4543 juvat
3361 4487 3535 4542 usque
3561 4468 3799 4536 morari,

2218 4565 2284 4621 Et
2310 4565 2557 4622 conferre
2580 4563 2805 4636 gradum
2823 4606 2839 4634 ,
2862 4573 2919 4620 et
2937 4564 3143 4621 dextra:
3163 4565 3493 4637 conjungere
3535 4562 3798 4621 dextram.

2685 4706 2762 4762 De
2788 4706 3098 4764 Ascensione
3124 4705 3338 4764 Christi.

2289 4822 2384 4878 llis
2405 4820 2620 4878 demum
2647 4820 2884 4887 exactis,
2918 4821 3190 4891 spirantes
3213 4818 3459 4877 dimovet
3496 4833 3655 4876 auras

2217 4914 2358 4972 Aera
2391 4928 2487 4985 per
2508 4924 2755 4970 tenerum
2780 4952 2795 4980 ,
2824 4912 3072 4983 cceloque
3096 4912 3343 4969 invectus
3364 4920 3561 4982 aperto

2219 5005 2472 5062 Mortales
2494 5005 2645 5061 visus
2679 5004 2855 5060 medio
2884 5002 2937 5059 in
2966 5017 3218 5061 sermone
3242 5001 3485 5075 reliquit.

2215 5099 2457 5155 lul'ertse
2477 5107 2664 5169 scptus
2698 5097 2915 5163 nebula,
2949 5097 3201 5153 mirabile
3232 5097 3411 5153 dictu!

2215 5191 2317 5248 Ast
2343 5191 2496 5247 illum
2520 5190 2660 5247 solio
2687 5189 2957 5248 stellantis
2983 5189 3155 5262 gloria
3184 5189 3309 5247 coeli

2213 5284 2464 5356 Accipit,
2497 5292 2872 5355 aalernumquc
2898 5289 3048 5340 tenet
3076 5298 3173 5354 per
3201 5282 3399 5341 saecula
3442 5298 3663 5341 nomen.

2217 5375 2297 5431 Ex
2324 5376 2419 5432 illo
2439 5376 2746 5433 celebratus
2777 5375 2952 5432 honos
2970 5417 2988 5443 ,
3011 5375 3230 5448 la'tique
3254 5375 3494 5434 minores

2216 5465 2513 5523 Servavcre
2532 5466 2673 5522 diem
2692 5508 2706 5534 ,
2738 5475 2817 5522 tot
2833 5467 2945 5537 jam
2969 5465 3285 5523 labentibus
3305 5468 3487 5523 annis.

2213 5555 2256 5624 1,
2280 5557 2480 5626 decus,
2508 5557 2547 5623 i.
2571 5567 2817 5614 nostrum
2833 5599 2848 5625 ,
2876 5566 3147 5613 tantarum
3171 5556 3345 5629 gloria
3372 5572 3558 5613 rerum
3577 5598 3593 5623 ,

2211 5649 2439 5721 Semper
2451 5650 2646 5722 honos,
2664 5663 2970 5723 nomenque
2991 5658 3163 5719 tuum,
3179 5650 3476 5722 laudesque
3491 5646 3800 5707 manebunt.

2210 5742 2279 5802 Et
2305 5759 2404 5802 nos
2424 5754 2479 5803 et
2512 5754 2600 5803 tua
2619 5786 2635 5816 ,
2658 5744 2871 5813 dexter,
2892 5743 2982 5802 adi
3007 5743 3146 5816 pede
3173 5757 3328 5802 sacra
3352 5742 3623 5811 secundo,
