4082 6188
449 253 553 309 819

1580 255 1646 313 ΙΝ
1687 255 2039 316 Αυδυμιυιι
2076 256 2616 316 ΡιιυιεδυιιιεΝΑ.

3651 268 3765 328 δίο

451 369 648 425 Africae
680 371 843 425 luisse
875 379 1029 426 notat
1065 371 1336 444 Josephus
1386 371 1630 444 Scaliger
1664 371 1759 426 lib.
1812 387 1849 426 ιι
1895 371 2043 427 Lect.
2078 376 2120 434 A
2152 371 2468 438 Aristotele,
2500 373 2595 428 scd
2627 382 2685 427 ιιι
2710 373 2796 429 .Ιο.
2831 373 3059 430 Tzetzes
3082 374 3150 430 ad
3193 375 3487 432 Hesiodum
3531 390 3760 450 monet,

450 462 840 529 Ausonianar.,
872 479 996 535 cap.
1025 467 1110 533 17,
1143 467 1234 521 ubi
1265 476 1319 522 et
1348 466 1476 520 alia.
1507 466 1856 521 Consulatum
1889 482 2044 522 suum

451 553 687 610 incidere
714 557 766 610 in
801 572 1000 611 annum
1027 557 1189 614 Urbis
1213 557 1446 614 condita:
1477 557 1648 625 1118,
1679 559 1770 629 qui
1803 573 1872 613 ex
1923 573 2049 629 sup-

454 647 733 714 putatione
764 649 989 703 Ausonii
1021 650 1284 719 epocham
1333 650 1735 705 Varronianam
1789 651 2047 706 tredecim

454 737 611 793 annis
638 738 1048 796 intervertentis
1071 740 1150 813 (a)
1179 743 1472 812 respondet
1500 756 1644 798 anno
1686 739 1891 797 Christi
1918 741 2046 809 579,

456 837 690 885 testatur
722 831 838 900 ipse
860 830 1252 901 epigrammate
1274 833 1310 889 5
1339 848 1461 904 pag.
1495 832 1566 888 95
1584 832 1718 888 edit.
1741 833 2002 888 Tullianae
2033 849 2046 886 :

548 964 682 1014 Mille
706 977 858 1014 annos
876 973 1177 1027 centumque
1202 973 1255 1015 et
1277 967 1353 1015 bis
1374 967 1583 1016 ﬂuxisse
1607 979 1827 1018 novenos

607 1027 830 1078 Consulis
848 1027 1045 1076 Ausonii
1072 1040 1250 1077 nomen
1277 1030 1338 1078 ad
1365 1042 1524 1091 usque
1553 1029 1713 1088 leges.

459 1153 523 1208 Et
556 1152 959 1223 Epigrammate
985 1152 1021 1206 2
1062 1169 1075 1206 :

555 1286 710 1335 Annis
733 1284 974 1335 undecies
997 1291 1195 1335 centum
1215 1283 1458 1346 coniunge
1479 1288 1766 1346 quaternos,

555 1347 804 1410 Undecies
827 1360 1077 1410 unumque
1101 1348 1173 1409 (b)
1194 1360 1345 1408 super
1372 1347 1624 1410 trieterida
1650 1355 1824 1405 necte;

547 1409 668 1459 Haec
693 1410 790 1460 erit
812 1407 1012 1460 aeternae
1035 1407 1197 1458 series
1217 1407 1278 1458 ab
1297 1409 1488 1471 origine
1512 1407 1695 1457 Romae.

529 1536 722 1591 Fastos
752 1536 980 1608 digessit
1010 1536 1281 1591 Ausonius
1306 1549 1474 1604 nsque
1505 1535 1570 1590 ad
1598 1535 1663 1589 A.
1695 1533 1762 1589 U.
1795 1533 1857 1589 Ο.
1891 1532 2048 1600 1122,

454 1627 656 1682 Christi
687 1628 812 1682 582.
847 1627 984 1682 I-linc
1009 1626 1415 1698 Epigrammate
1440 1629 1471 1680 .i
1503 1643 1515 1679 :

549 1749 801 1814 Hactenus
827 1749 1028 1814 ascripsi
1050 1747 1197 1814 fastos
1223 1762 1236 1814 ς
1261 1750 1302 1798 si
1321 1762 1430 1814 sors
1453 1747 1607 1814 volet,
1636 1749 1762 1799 ultra

610 1810 874 1871 Adjiciam;
914 1810 1092 1873 sinon,
1117 1813 1200 1872 qui
1218 1811 1350 1873 legis
1374 1811 1588 1873 adjicies.

549 1873 689 1936 Scire
714 1873 854 1936 cupis
874 1872 960 1934 qui
977 1872 1106 1924 sim?
1127 1872 1319 1921 titulum
1337 1874 1421 1936 qui
1436 1872 1642 1936 quartus
1657 1874 1719 1923 ab
1744 1874 1844 1924 imo
1863 1879 1941 1923 est

611 1933 810 1993 Quaere,
834 1933 977 1996 leges
999 1945 1180 1983 nomen
1199 1933 1409 1984 consulis
1427 1933 1648 1984 Ausonii.

530 2056 640 2113 Sed
665 2057 776 2127 jam
803 2056 1020 2128 pridem
1044 2057 1131 2112 isti
1164 2059 1604 2114 Ausonianifasti
1632 2059 2048 2116 interciderunt.

464 2149 558 2204 Vir
587 2149 820 2204 illustris
863 2150 955 2204 ΕΖ.
1003 2148 1368 2218 Spanhemius
1418 2159 1553 2206 tom.
1605 2151 1680 2218 ll,
1714 2151 1782 2206 de
1811 2165 1908 2205 usu
1948 2167 2049 2205 nu-

459 2243 669 2307 mism.,
701 2258 824 2314 pag.
857 2241 986 2310 414,
1019 2242 1093 2297 ait
1133 2259 1162 2297 a
1188 2243 1496 2299 sanioribus
1519 2244 1728 2299 criticis
1753 2245 2053 2300 Ausonium

456 2336 717 2405 religione
771 2337 1031 2408 gentilem
1076 2337 1260 2402 credi,
1289 2352 1397 2392 non
1420 2337 1814 2394 Christianum.
1862 2338 2055 2393 Verius

441 2437 640 2488 tamen
668 2437 756 2484 est
787 2428 990 2484 Chrisu
1019 2430 1192 2484 sacris
1232 2429 1507 2484 addictum
1544 2428 1744 2495 fuisse,
1789 2440 1849 2485 ut
1898 2445 2055 2500 argu-

456 2521 657 2576 mentis
680 2535 786 2575 non
812 2520 1119 2576 inﬁciandis
1135 2530 1373 2587 constat,
1396 2521 1526 2578 licet
1548 2537 1769 2578 carmen
1796 2522 2056 2578 Paschule

454 2619 509 2666 et
539 2626 732 2666 versus
762 2611 1075 2682 ropbalicos
1117 2614 1344 2669 alterius
1389 2615 1675 2684 scriptoris
1716 2630 1840 2670 esse
1885 2630 2055 2685 pona-

455 2718 596 2758 mus.
649 2703 821 2758 Nolim
873 2712 1054 2759 tamen
1099 2705 1352 2761 assentiri
1401 2705 1704 2761 Trithemio
1755 2707 2054 2761 Ausonium

455 2794 770 2864 episcopum
792 2796 1254 2867 Burdcgalensem
1279 2797 1515 2852 concilio
1533 2797 1857 2853 Treverensi
1879 2797 1966 2868 (A.
1992 2797 2052 2850 C.

457 2888 593 2956 586)
623 2888 935 2942 interfuisse
965 2888 1258 2943 alﬁrmanti
1304 2904 1424 2958 eap.
1459 2889 1562 2943 lli
1593 2890 1662 2943 de
1685 2888 2058 2959 Scriptorilms

461 2977 879 3035 Ecclesiasticis.
915 2981 1070 3035 Alius
1101 2981 1201 3035 fuit
1228 2981 1504 3036 Ausonius
1529 2983 1756 3053 Martyr,
1786 2981 2054 3051 Sec.\‘llt,

457 3074 747 3143 episcopus
786 3074 1220 3143 Eugolismensis
1251 3074 1301 3128 in
1334 3075 1656 3144 Aquitania,
1691 3075 1760 3129 de
1789 3061 1899 3144 quo
1926 3077 2055 3129 Arta

457 3169 715 3221 Sanetor.
750 3176 884 3220 tom.
913 3165 974 3231 V,
1011 3166 1132 3218 Maii
1160 3166 1229 3220 2‘2
1251 3208 1264 3228 ,
1295 3182 1415 3236 pag.
1456 3169 1546 3220 151
1583 3183 1696 3241 seq.

440 3269 444 3275 ‘
526 3261 582 3313 El.
617 3260 833 3312 Ausonii
859 3259 1077 3330 scripta.
1117 3289 1188 3298 —
1233 3261 1424 3314 Exstat
1455 3261 1510 3313 1⁰
1542 3262 1669 3314 liber
1694 3262 2055 3334 Epigramma-

457 3367 600 3415 tum,
631 3354 824 3423 quibus
858 3353 1206 3422 prmutittitur
1229 3354 1517 3410 Theodosii
1551 3355 1624 3428 (ε)
1645 3357 1872 3423 epistola
1903 3399 1917 3422 ,
1951 3374 2053 3427 qua

457 3446 756 3500 Ausonium
781 3456 1062 3516 parentem
1091 3455 1273 3514 vocat,
1300 3463 1534 3519 eumque
1563 3461 1737 3518 rogat,
1763 3459 1820 3503 ut
1853 3452 2052 3520 scripta

457 3552 553 3600 sua
585 3538 842 3594 audacter
864 3539 930 3594 ad
957 3555 1016 3594 se
1041 3539 1302 3610 perferat,
1339 3559 1445 3600 nou
1489 3543 1666 3600 minus
1692 3544 1971 3612 patrocinii
2001 3556 2055 3599 ct

455 3634 659 3688 amoris
685 3644 1001 3702 reperturus
1026 3675 1040 3699 ,
1074 3649 1236 3703 qttam
1282 3634 1425 3691 docti
1458 3647 1632 3703 poetae
1663 3647 1712 3689 et
1755 3636 2053 3707 scriptores

456 3724 730 3796 quondam
761 3727 901 3795 apud
948 3728 1266 3796 Augustum.
1301 3727 1452 3784 Hanc
1493 3729 1780 3799 epistolam
1810 3732 2056 3800 sequitur

457 3817 649 3886 triplex
696 3817 942 3886 praelatio
982 3833 1147 3873 versu
1176 3818 1412 3889 scripta,
1459 3835 1562 3876 una
1588 3820 1655 3875 ad
1686 3820 2051 3878 Theodosium

453 3907 613 3977 imp.,
644 3906 813 3962 altera
845 3908 912 3960 ad
957 3909 1242 3978 Syagrium
1270 3953 1284 3978 ,
1318 3909 1474 3964 tertia
1507 3911 1572 3964 ad
1605 3910 1853 3966 Latinum
1886 3911 2054 3968 Paca-

453 4011 566 4053 tum
615 3997 948 4069 Drepanium
973 4039 988 4065 ,
1012 4015 1172 4071 quem
1205 4000 1396 4070 filium,
1432 4002 1469 4056 i.
1499 4017 1550 4058 e.
1590 4003 1915 4074 discipulum
1957 4023 2052 4076 ap-

455 4092 639 4160 pellat.
675 4121 747 4132 —
768 4091 827 4146 2°
857 4090 1164 4163 Ephemeris
1189 4093 1268 4164 (τι)
1301 4094 1417 4149 sive
1454 4095 1610 4149 totius
1641 4095 1746 4150 diei
1767 4099 2051 4166 negotium,

455 4185 606 4240 vario
636 4187 893 4242 carminis
923 4199 1146 4255 genere.
1173 4187 1323 4241 -50
1357 4185 1664 4242 Parentalia
1697 4190 1893 4259 quibus
1923 4190 2052 4248 cha-

451 4289 636 4330 rorum
671 4290 893 4330 suorum
918 4317 933 4342 ,
984 4285 1041 4332 ut
1066 4277 1182 4348 ipse
1211 4277 1451 4349 loquitur
1475 4321 1488 4345 ,
1516 4280 1696 4336 obitus
1717 4296 2051 4339 commemo-

434 4378 552 4422 ‘rat.
609 4398 682 4408 -—
728 4366 794 4420 4ο
837 4367 1270 4425 Commemoralio
1301 4369 1667 4443 Professorum
1691 4368 2049 4449 Burdegalen-

447 4462 602 4516 sium.
637 4491 708 4502 —
746 4463 807 4517 5°
842 4461 1125 4536 Epitaphia
1157 4463 1384 4520 Heroum
1407 4467 1494 4537 qui
1521 4467 1653 4522 bello
1689 4468 1918 4538 Trojano
1960 4471 2045 4526 in-

449 4557 772 4623 terfuerunt,
823 4555 1034 4624 adjecta
1078 4570 1107 4608 a
1150 4553 1294 4610 Guil.
1341 4556 1578 4612 Cantero
1616 4567 1676 4614 et
1726 4559 1846 4615 aliis
1887 4563 2045 4631 peplo

450 4646 764 4701 Graecorum
788 4649 1234 4718 epigrammatum
1252 4645 1307 4701 in
1330 4649 1550 4704 eosdem
1577 4651 1794 4718 heroas,
1819 4664 2044 4710 auctore

2153 479 2258 520 non
2312 464 2589 536 Stagirita.
2625 466 2849 523 Addidit
2890 468 3160 523 Ausonius
3203 470 3310 523 alia
3341 472 3582 540 quaedam
3619 471 3760 543 Epi-

2149 558 2327 628 taphia
2356 567 2416 612 ιιι
2465 558 2710 624 Niobes,
2759 560 3017 628 Didonis,
3066 561 3323 632 Diogenis
3371 561 3599 634 Cynici,
3643 575 3756 620 etc.

2149 680 2220 690 —
2245 649 2308 704 6°
2337 649 2418 704 De
2446 649 2563 704 XII
2601 650 2891 706 Caesaribus
2923 670 3014 722 per
3057 652 3371 708 Suetonium
3394 653 3764 725 Tranquillum

2149 745 2355 812 scriptis
2383 743 2714 799 Monasticha
2743 745 2920 798 dicata
2950 745 3216 814 Hesperio
3247 747 3375 810 lilio,
3399 757 3452 801 ct
3471 747 3539 802 de
3562 747 3763 804 iisdem

2152 834 2441 890 Cazsaribus
2463 855 2494 889 a
2525 835 2670 890 Julia
2713 835 2920 891 Cresare
2956 854 3119 908 usque
3147 837 3217 890 ad
3247 836 3656 909 Heliogabalum
3684 840 3762 911 (ε)

2152 926 2470 980 tetrasticha.
2507 928 2636 982 l-ltrc
2681 929 2882 998 sat-pius
2911 928 2976 982 ad
3005 928 3208 983 calcem
3253 927 3498 984 Suetonii
3542 930 3763 999 vulgata

2152 1030 2300 1075 sunt.
2345 1020 2671 1075 Tetrasticlta
2722 1022 2950 1076 Ausonii
2999 1024 3063 1077 de
3117 1022 3406 1078 Caesaribus
3459 1036 3766 1082 occurrunt

2152 1111 2315 1167 etiam
2347 1112 2404 1166 P.
2436 1113 2476 1166 1.
2523 1113 2820 1181 t-logiorum
2851 1113 2936 1170 .lo.
2969 1113 3174 1188 Papirii
3216 1117 3452 1172 Massoni
3484 1133 3609 1190 pag.
3655 1121 3763 1174 H7

2152 1219 2269 1275 seq.
2321 1235 2392 1245 ——-
2441 1205 2502 1257 7°
2533 1203 2706 1260 Clara;
2747 1206 2892 1260 urbes
2919 1207 3035 1262 sive
3069 1206 3212 1261 Ordo
3256 1209 3505 1264 nobilium
3551 1211 3764 1264 urbium

2151 1296 2380 1350 seorsim
2415 1296 2615 1366 prodiit
2651 1313 2773 1352 cum
2811 1297 3082 1370 Hippolyti
3114 1314 3143 1352 a
3175 1297 3418 1355 Collibus
3445 1302 3515 1356 de
3537 1302 3761 1357 urbium

2156 1387 2523 1443 incrementis.
2551 1389 2728 1444 Etiam
2759 1390 2955 1445 Pictav.
2991 1391 3151 1456 1565,
3193 1408 3293 1446 una
3325 1410 3448 1447 cum
3477 1409 3765 1450 commen-

2156 1480 2293 1534 tario
2326 1480 2452 1534 Elian
2484 1480 2681 1536 Vineti.
2704 1512 2776 1524 —
2802 1482 2864 1538 8°
2890 1481 3069 1537 Ludus
3097 1487 3204 1537 sive
3235 1488 3502 1541 sententia:
3548 1487 3767 1558 Septem

2157 1573 2464 1642 Sapientiam
2485 1573 2549 1627 ad
2578 1574 2850 1628 Latinium
2891 1574 3218 1645 Drepanium
3247 1575 3502 1632 Pacatum
3533 1593 3758 1647 procos.

2155 1695 2225 1705 -——
2251 1665 2314 1719 9°
2345 1664 2547 1736 ldyllia
2576 1665 2706 1731 XX,
2733 1683 2963 1738 quorum
2997 1669 3230 1738 primum
3265 1681 3350 1726 est
3371 1669 3591 1727 Carmen
3621 1671 3764 1726 Pas-

2091 1753 2130 1810 Β
2161 1756 2308 1814 chule
2333 1757 2507 1813 Proro
2534 1758 2602 1831 (Γ)
2646 1761 2872 1826 dictum,
2905 1761 3050 1830 quod
3085 1763 3274 1834 incipit
3303 1781 3318 1818 ε

2285 1871 2460 1922 Sancta
2486 1873 2727 1924 salutiferi
2744 1875 2962 1927 redeunt
2984 1877 3224 1928 solemnia
3248 1878 3427 1931 Christi

2154 2000 2342 2073 Neque
2397 2001 2654 2056 confundi
2703 2003 2866 2060 debet
2919 2020 3042 2060 cum
3093 2006 3532 2078 hypobolimtea,
3580 2010 3764 2065 Auso-

2157 2091 2342 2162 niique
2367 2091 2583 2148 nomine
2610 2093 2750 2149 falso
2786 2095 2928 2150 edita
2961 2100 3199 2150 oratione
3242 2097 3492 2153 Paschali
3532 2100 3767 2156 versibus

2155 2185 2236 2257 (g)
2267 2185 2596 2258 Rophalicis,
2630 2189 2718 2257 qui
2752 2190 3017 2260 incipiunt
3047 2207 3098 2261 p.
3125 2191 3264 2247 5‘26:

2282 2297 2409 2360 Spes
2430 2298 2567 2350 Deus
2591 2309 2789 2351 aeternae
2813 2303 3036 2354 stationis
3060 2305 3360 2356 conciliator.

2161 2412 2341 2485 ldyllii
2389 2415 2608 2485 septimi
2657 2416 2706 2470 in
2743 2416 3008 2474 Bissulam
3041 2420 3215 2490 maior
3257 2436 3384 2491 pars
3415 2431 3472 2478 et
3505 2423 3768 2484 lascivior

2163 2505 2345 2579 periit.
2373 2508 2650 2563 Decimum
2685 2512 2800 2565 sive
2825 2511 3044 2565 Mosella
3074 2514 3540 2583 elegantissimum
3569 2525 3675 2582 est,
3711 2526 3769 2572 ct

2159 2602 2569 2656 commentariis
2600 2605 2802 2671 Marqv.
2840 2603 3066 2660 Frclteri
3109 2607 3440 2663 illustratum
3464 2612 3762 2678 separatim

2164 2692 2360 2762 prodiit
2389 2692 2762 2764 licidelbet‘gm
2786 2695 2944 2762 1619,
2981 2697 3163 2754 in-l'ol.
3191 2699 3327 2755 Vide
3349 2703 3511 2756 ctiam
3544 2703 3764 2759 clariss.

2162 2786 2263 2840 viri
2311 2789 2543 2842 Com-adi
2593 2788 2739 2844 Sam.
2775 2789 3236 2849 Schurtzileiscltii
3285 2795 3417 2851 diss.
3463 2798 3772 2854 l-listorico-

2163 2879 2408 2946 politicas
2437 2899 2489 2948 p.
2517 2881 2622 2935 520
2646 2898 2763 2952 seq.
2789 2883 3030 2942 Tertium
3056 2888 3324 2955 decimum
3347 2904 3430 2945 εει
3450 2905 3597 2947 cento
3649 2894 3769 2948 Vir-

2160 2971 2388 3039 giliauus
2420 2974 2667 3043 nuptialis
2695 2983 2740 3026 el
2778 2979 3123 3043 fescenninus.
3159 2978 3361 3053 Cupido
3390 2980 3545 3038 Cruci
3566 2985 3770 3056 affixus

2165 3061 2363 3116 ibidem
2391 3062 2519 3116 mihi
2553 3063 2732 3120 dictus
2765 3067 2932 3138 idyllii
2980 3071 3114 3124 sexti
3151 3071 3327 3127 locum
3349 3087 3601 3144 occupat.
3627 3078 3766 3133 Cum

2084 3151 2127 3210 C
2164 3158 2434 3212 variorum
2461 3159 2603 3212 nolis
2627 3174 2851 3214 recusus
2871 3171 2954 3217 est
2981 3163 3140 3234 llagzc
3166 3164 3395 3222 Comitis
3422 3170 3582 3224 Anno
3601 3172 3695 3225 171
3714 3175 3763 3236 2η

2166 3249 2318 3302 in-8°
2366 3249 2480 3318 (It),
2525 3251 2590 3304 ad
2641 3253 2843 3307 calcem
2895 3254 3164 3326 Pervigilii
3217 3258 3459 3314 Veneris.
3507 3261 3770 3317 Carmine

2163 3341 2491 3397 Germanico
2533 3344 2765 3400 reddidit
2799 3345 3058 3404 Martinus
3091 3349 3302 3419 Opilius
3333 3352 3472 3407 libro
3497 3352 3767 3410 silvarum

2163 3434 2372 3503 quinto.
2409 3434 2577 3504 Hujus
2613 3436 2781 3507 idyllii
2813 3441 2949 3494 sexti
2979 3441 3046 3495 de
3073 3440 3340 3512 Cupidine
3365 3447 3636 3500 crncilixo
3669 3448 3768 3500 lo-

2160 3537 2281 3577 cum
2335 3524 2598 3596 insignem
2648 3544 2698 3580 v.
2743 3528 2806 3581 16
2843 3544 2960 3600 seq.
3009 3530 3312 3590 Fulmineo:
3351 3535 3583 3604 Semele,
3617 3551 3765 3605 etc.,

2161 3615 2439 3670 illustrant
2464 3616 2567 3672 viri
2598 3618 2812 3674 clariss.
2856 3620 3101 3677 Oudintts
3132 3623 3190 3679 S.
3226 3626 3263 3680 Ι.
3304 3635 3359 3681 et
3391 3627 3666 3683 liavionus
3697 3629 3769 3688 de

2165 3709 2474 3776 Varennes;
2499 3711 2720 3766 Journal
2747 3713 2846 3768 des
2876 3726 3096 3771 savants
3126 3718 3284 3781 1718,
3314 3735 3435 3794 pag.
3467 3722 3761 3784 197.203;

2162 3800 2448 3857 Mémoires
2473 3802 2540 3858 de
2567 3803 2814 3860 Ttévoux
2859 3808 3015 3872 1717,
3055 3823 3174 3881 pag.
3215 3811 3371 3876 1181,
3426 3812 3583 3867 11δ9.
3618 3813 3763 3884 Cry-

2161 3901 2319 3961 pnum
2347 3897 2664 3967 ternarium,
2693 3898 2807 3954 sive
2835 3899 3062 3973 idyllion
3092 3903 3437 3960 undecimum
3466 3906 3764 3963 illustravit

2159 3984 2410 4056 Scaliger
2435 3987 2595 4058 epist.
2626 3989 2744 4045 199.
2774 3992 3031 4048 Claudius
3054 3995 3178 4048 item
3203 3996 3374 4051 Minos
3389 3997 3757 4066 Divionensis,

2158 4089 2213 4133 et
2245 4081 2566 4135 Franciscus
2601 4082 2816 4154 Sylvius
2859 4083 3154 4142 Ambiauas
3190 4089 3254 4144 A.
3300 4089 3461 4155 1516,
3492 4104 3556 4144 ac
3585 4090 3760 4147 Fran-

2158 4175 2334 4228 ciscus
2366 4172 2620 4230 Sanctius
2652 4175 2938 4232 Brocensis
2979 4193 3083 4232 una
3115 4193 3234 4234 cum
3277 4179 3472 4235 Ovidio
3517 4181 3569 4236 in
3599 4181 3716 4237 Ibin
3738 4225 3755 4249 ,

2156 4265 2502 4321 Salmanticze
2540 4267 2696 4332 t506,
2725 4269 2894 4327 iit-8°.
2927 4273 2997 4326 At
3023 4270 3271 4342 idyllium
3297 4271 3574 4330 decimum
3597 4279 3758 4345 quin-

2145 4359 2264 4411 tum
2289 4357 2360 4411 de
2390 4359 2743 4427 ambiguitate
2771 4361 2898 4415 vitae
2920 4364 3148 4417 seorsim
3168 4379 3426 4419 excusum
3451 4381 3574 4420 cum
3604 4383 3758 4422 com-

2153 4450 2422 4503 mentario
2473 4449 2635 4506 llenr.
2683 4450 2890 4524 Vagetii
2945 4454 3134 4510 Hamb.
3192 4457 3349 4524 1657,
3391 4459 3564 4514 ἰιι-8ο.
3605 4461 3752 4514 Idem

2154 4556 2276 4597 cum
2309 4541 2555 4598 disticltis
2578 4543 2822 4610 Catonis,
2857 4547 3087 4618 aliisque
3120 4549 3319 4618 prodiit
3365 4550 3526 4618 £500,
3575 4552 3750 4620 iit-4°.

2153 4633 2298 4690 idem
2344 4634 2597 4706 ldylliunt
2643 4636 2833 4693 Graeca
2881 4641 3210 4710 metaphrasi
3263 4641 3484 4697 donavit
3531 4640 3754 4700 chcri-

521 4798 602 4927 (ιὲ)
627 4798 764 4853 Vide
812 4798 1038 4881 Antonii.
1082 4797 1209 4869 Pagi
1253 4797 1512 4882 Criticam
1555 4801 1912 4860 Baronianam
1974 4807 2041 4864 ad
2067 4791 2122 4852 Ῑ)
2219 4812 2299 4885 (g)
2341 4811 2542 4870 Versus
2572 4813 2858 4885 Rophalici
2894 4815 3152 4872 dicuntur
3195 4817 3341 4889 quod
3379 4820 3548 4875 clavae
3597 4838 3749 4881 more

448 4878 513 4926 A.
598 4912 610 4924 .
643 4869 748 4925 502
771 4912 786 4927 .
819 4879 873 4924 et
897 4869 1042 4924 Petri
1068 4867 1298 4924 Relandt
1327 4869 1521 4927 Fastos
1551 4872 1874 4927 Consulares
1916 4895 2037 4927 nan.
2149 4898 2314 4927 vanae
2341 4884 2608 4927 gradatim
2638 4896 2856 4927 ειησιιηι
2881 4896 2928 4927 pl
2961 4897 3229 4927 nnannlnr
3253 4906 3481 4927 ηιιηιηη.
3509 4894 3742 4927 mtuum,

643 4869 748 4925 502
771 4912 786 4937 ,
819 4879 873 4924 et
897 4867 1042 4924 Petri
1068 4867 1298 4924 Relandi
1327 4869 1521 4927 Fastos
1551 4872 1874 4932 Consulares
1916 4895 2037 4950 pag.

447 4944 599 5086 4ϐῗίί)
630 5011 898 5092 Undecies
929 5026 1117 5092 unum,
1139 5010 1175 5064 i.
1281 4980 2040 5092 _undecim,_quibusquatuor

448 5080 878 5174 cupi;tt:i.eteride
906 5080 1072 5174 ad'diti
1100 5081 1395 5137 coniiciunt
1425 5080 1870 5174 duode'viginti.'_

519 5155 592 5229 (ρ)
636 5155 759 5208 Ηειιε
790 5156 1014 5223 epistola
1047 5166 1249 5221 pruuer
1289 5169 1508 5210 causam
1541 5155 1791 5226 suspecta
1824 5163 2040 5220 videtur

446 5227 771 5296 lilariangclo
799 5222 1084 5296 Accursio,
1116 5220 1339 5293 Caspari
1372 5226 1592 5294 Bartltin
1629 5244 1698 5282 χιι
1734 5232 1801 5284 12
1831 5246 1881 5289 et
1912 5250 2037 5291 Lvut

442 5301 476 5355 5
505 5293 802 5354 Adversar.
829 5293 1062 5349 absurde
1083 5305 1359 5366 auctorem
1382 5293 1664 5366 'suspicato
1686 5300 2028 5361 Ascettsiutn.

516 5367 595 5442 (ά)
639 5368 788 5442 “aug
808 5367 904 5442 Qui
922 5366 1140 5442 legerit,
1165 5364 1536 5442 Christianum
1560 5369 1724 5442 fuisse
1751 5387 2026 5434 auctorem

444 5435 668 5519 minime
691 5435 1142 5519 dubitabitiVide
1166 5435 1296 5492 edit.
1331 5437 1489 5519 Tullii
1519 5455 1569 5511 p.
1606 5441 1696 5509 96,
1727 5443 1796 5500 98
1825 5462 1939 5519 seq.

518 5509 905 5590 (9_Scripserat
921 5510 975 5562 in
991 5518 1222 5590 caeteros
1243 5524 1458 5579 quoque
1473 5509 1830 5590 itt‘ipet'atores
1855 5509 2027 5590 us'qtte

443 5581 510 5635 ad
528 5576 923 5649 'Thgodosium,
952 5576 1046 5633 sed
1074 5576 1278 5649 reliqua
1304 5576 1616 5638 tetrasticha
1650 5576 1950 5649 perierunt:

514 5647 583 5717 (f)
627 5647 788 5724 Forte
831 5664 863 5701 a
890 5647 1207 5724 proconsule
1229 5651 1465 5718 dictum,
1499 5656 1576 5706 uti
1612 5647 1859 5724 ldyllium
1886 5661 1918 5715 8
1943 5671 2025 5716 est

479 5716 679 5771 recatin
702 5716 925 5771 Ausonii
947 5719 1207 5774 consulis.

2149 4884 2314 4939 voces
2341 4884 2862 4963 gradatimsUrguut
2881 4896 2934 4941 et
2961 4884 3230 4963 augentur
3252 4894 3747 4963 numerosyllaba-

2145 4971 2288 5020 rutn,
2311 4959 2427 5010 sive
2457 4957 3363 5034 persingulajocabula_singulis
3405 4957 3634 5034 syllabis
3662 4965 3746 5020 in-

2143 5037 2416 5102 crescunL,
2446 5037 2503 5102 ut
2527 5027 2872 5102 llomeriille
2893 5027 3044 5102 Iliad.
3073 5027 3401 5087 lihroitertio
3429 5027 3578 5090 vers.
3616 5037 3740 5102 £82,

2143 5096 2211 5177 de
2230 5113 2342 5182 quo
2371 5095 2713 5182 Gelliusatv,
2748 5099 2801 5153 6.
2834 5096 2986 5182 C'tlix
3015 5102 3310 5182 ροτςαλωτός
3339 5104 3477 5182 ap_nd
3517 5095 3738 5182 itionem

2143 5165 2193 5220 in
2228 5165 2550 5232 Commodo,
2578 5169 2630 5220 in
2663 5170 2818 5222 clava:
2835 5165 3057 5293 ﬁgurant
3079 5175 3354 5241 formatus.
3374 5165 3490 5230 'Prn
3520 5176 3735 5250 Roplza-

2143 5235 2255 5292 licis
2279 5238 2525 5293 versibus
2540 5239 2626 5292 alii
2654 5239 2838 5293 lecunt
2914 5242 3285 5293 urtmlmllicos.
3314 5245 3444 5293 Vide
3467 5247 3735 5293 Βιιηιιιπ-

2139 5235 2525 5313 licisversibus
2540 5239 2626 5292 alii
2654 5235 3285 5313 leguntEurypltallicos.
3314 5245 3444 5302 Vide
3467 5235 3736 5303 Bern'ltar-

2141 5309 2194 5389 di
2229 5310 2456 5389 binaeue
2506 5319 2659 5363 notas
2700 5309 2764 5364 ad
2797 5309 3106 5389 Menag'tana
3137 5323 3270 5389 tom.
3300 5316 3364 5370 IV
3391 5363 3404 5387 ,
3441 5335 3562 5389 pag.
3611 5321 3728 5389 180.

2140 5378 2421 5450 Bopltalici
2466 5396 2652 5435 versus
2699 5378 3008 5450 exemplum
3047 5401 3111 5440 ex
3147 5378 3403 5444 Humero'
3435 5378 3540 5446 hoc
3582 5388 3731 5445 ai'l‘crt

2137 5451 2444 5507 Eustathius
2474 5452 2528 5522 in
2558 5451 2710 5506 Iliad.
2744 5451 2950 5526 7,182,
2983 5455 3112 5510 edit.
3149 5457 3310 5510 Basil.
3343 5477 3354 5513 :

2383 5584 2413 5638 ὀ
2577 5588 2748 5649 Ᾱτριεδη,
2772 5603 2974 5650 ueterani;
2988 5631 2998 5648 ,
3023 5599 3273 5656 ὀλϐιόδαιμον.

2203 5709 2283 5778 (Ιι)
2318 5710 2541 5768 Journal
2572 5714 2669 5768 des
2701 5715 2931 5770 Savants
2963 5718 3125 5790 1715,
3159 5733 3276 5790 pag.
3305 5719 3424 5785 195,
