4082 6188
1488 169 1554 226 IN
1593 166 1942 227 AUSONIUII
1981 165 2522 243 I'ROLEGQﬂENA.

377 298 469 336 cus
506 278 773 337 Jamotius
809 294 934 352 pag.
961 280 1030 338 57
1067 290 1402 351 poematum.
1451 283 1689 355 Elegiam
1729 282 1973 354 ejusdem
2001 282 2050 343 Α
2081 280 2272 347 Exstat
2300 282 2469 338 etiam
2506 279 2779 345 Ausonius
2809 292 3045 337 excusas
3085 277 3379 347 Mediolani
3410 278 3474 335 A.
3501 277 3676 343 M97,

376 373 685 444 argumenti
713 372 1007 443 scriptoris
1036 373 1360 431 recentioris
1381 374 1554 431 edidit
1589 375 1841 431 Barthius
1871 390 1974 430 ην

377 464 448 521 16
476 463 709 521 Advers.
742 463 824 519 Ad
852 461 1091 534 Idylliou
1115 463 1177 518 de
1210 463 1334 519 Viro
1364 465 1519 531 bona,
1546 466 1665 521 sive
1690 467 1975 544 Πυθαγορι-

373 561 463 617 κὴν
499 554 746 634 ἀκρόασιν
774 554 1089 612 dissertatio
1123 555 1300 627 Magni
1342 557 1580 615 Danielis
1620 557 1841 614 Omeisii
1890 559 1974 615 lu-

373 663 493 706 cem
523 646 933 705 viditAltdorﬁi
980 647 1153 717 1706,
1197 647 1370 717 in-4°,
1404 650 1458 705 in
1485 664 1589 721 qua
1629 658 1686 705 et
1725 651 1879 720 plura
1902 649 1972 705 de

374 740 641 799 Ausonio.
684 771 753 781 —
799 738 895 797 10°
921 737 1261 810 Eclogarium
1302 741 1561 796 variorum
1593 743 1972 812 poematiorum

371 841 421 886 et
449 832 898 905 epigrammatum,
916 846 1145 903 quorum
1170 848 1235 902 pa
1245 848 1299 888 rs
1326 843 1385 888 ut
1412 833 1463 888 in
1482 831 1604 891 aliis
1621 847 1834 904 quoque
1854 836 1966 888 Au-

370 926 510 980 sonii
539 924 880 983 carminibus
906 938 1167 995 expressa
1190 939 1221 980 e
1250 924 1459 981 Graecis
1478 941 1599 997 qua:
1628 926 1682 981 in
1708 925 1969 995 Scaligeri

369 1015 612 1075 editione
642 1025 695 1070 et
725 1015 848 1071 aliis
876 1015 1201 1086 quibusdam
1233 1016 1485 1087 adjuncta
1536 1017 1807 1088 leguntur.
1842 1017 1967 1088 Epi-

365 1123 615 1180 gramma
664 1108 918 1164 Grteeum
972 1107 1248 1181 Posidippi
1291 1109 1410 1165 sive
1463 1108 1685 1163 Cratetis
1738 1106 1963 1179 Cynici,

364 1202 515 1275 quod
543 1201 816 1271 expressit
856 1199 1133 1255 Ausonius
1179 1208 1236 1256 et
1282 1200 1665 1272 ampliﬁcavit,
1708 1215 1810 1254 una
1840 1214 1963 1256 cum

364 1297 646 1350 contrario
678 1293 971 1348 Metrodori
1010 1294 1209 1363 legitur
1238 1292 1292 1348 in
1325 1292 1655 1364 Autbologia
1694 1292 1966 1364 epigram-

363 1392 571 1439 matum
623 1384 942 1440 Graecorum
974 1383 1070 1438 lib.
1101 1398 1139 1449 ι,
1184 1399 1239 1454 p.
1269 1382 1341 1437 27
1365 1397 1481 1455 seq.
1535 1384 1590 1439 In
1627 1398 1730 1439 ms.
1777 1382 1966 1440 codice

361 1476 589 1531 Antonii
624 1475 860 1547 Eparchi
883 1516 896 1540 ,
926 1476 1014 1545 qui
1061 1474 1222 1530 hodie
1262 1485 1513 1531 servatur
1544 1476 1595 1529 in
1626 1475 1764 1530 Bibl.
1799 1475 1964 1545 Regis

360 1567 851 1634 Cbristianissimi,
882 1569 1030 1638 prius
1072 1567 1205 1623 illud
1244 1577 1422 1624 exstat
1443 1568 1548 1623 sub
1585 1567 1839 1635 Heracliti
1869 1584 1965 1627 no-
2010 1594 2014 1597 “

2077 388 2201 429 cum
2250 372 2582 429 Terentiano
2633 372 2842 427 Mauro.
2888 370 3024 431 Vide
3074 370 3317 426 Diarium
3373 369 3676 436 Venetam,

2076 464 2335 522 Giornale
2364 465 2447 521 de’
2478 464 2713 520 letterati
2743 464 2794 520 d‘
2824 464 2973 519 Italia
3018 473 3151 519 tom.
3182 462 3348 532 XVII,
3393 477 3511 535 pag.
3550 462 3680 519 305.

2077 556 2339 614 Possideo
2365 557 2659 612 editionem
2689 570 2812 611 cum
2834 555 3099 611 'I‘haddaei
3125 554 3337 626 Ugoleti
3366 555 3676 611 Parmensis

2076 648 2391 720 praefatione
2420 650 2691 722 vulgatam
2706 649 2949 731 Venetiis
2977 649 3134 715 1501,
3158 647 3331 713 in-4°,
3362 648 3675 720 passimque

2075 752 2315 799 notatam
2342 758 2507 798 manu
2534 743 2638 798 viri
2660 742 2859 798 summi
2886 742 3122 797 Andreae
3149 741 3367 798 Alciati.
3401 743 3675 813 Epigram-

2074 843 2219 895 mata
2250 834 2499 906 qutedam
2548 844 2901 890 accesserunt
2931 835 3165 904 primum
3204 834 3446 889 Ausonio
3478 850 3546 890 ex
3583 832 3673 888 Bi-

2071 924 2344 980 bliotheca
2356 924 2574 996 Georgii
2598 924 2818 981 Merula:
2840 924 3215 980 Alexandrini.
3246 926 3432 980 Exstat
3451 940 3671 997 quoque

2072 1015 2242 1071 editio
2306 1016 2631 1072 Parisiensis
2674 1031 2704 1071 a
2743 1015 3299 1087 Milh-lltimelhergio
3354 1017 3672 1082 emendata,

2071 1122 2160 1177 ap.
2186 1107 2450 1163 Jodocum
2478 1107 2705 1162 Badium
2731 1107 3060 1163 Ascensium
3084 1110 3148 1163 A.
3182 1108 3343 1175 1517,
3366 1108 3535 1164 iu-4°.
3569 1109 3675 1165 Eo-

2074 1200 2199 1255 dem
2232 1215 2379 1255 anno
2426 1198 2598 1256 Aldus
2638 1200 2944 1256 Ausonium
2982 1200 3222 1271 vulgavit
3262 1200 3437 1257 in-8°.
3468 1200 3675 1258 Omitto

2069 1293 2337 1347 editiones
2360 1292 2731 1349 Basileensem
2759 1292 3295 1349 ValentiniGurionis
3318 1309 3463 1349 anno
3494 1295 3668 1361 1595;

2069 1386 2459 1457 Lugdunenses
2505 1401 2592 1459 ap.
2620 1386 2921 1457 Gryphium
2968 1384 3145 1450 1540,
3194 1386 3370 1451 in-8°,
3403 1394 3460 1442 et
3492 1387 3663 1454 1549;

2067 1477 2432 1533 Parisiensem
2473 1493 2502 1532 a
2544 1478 2740 1534 Vineto
2791 1477 3111 1549 castigatam
3137 1520 3153 1544 ,
3202 1489 3433 1535 curante
3478 1479 3659 1537 Vineti

2066 1569 2243 1641 amico
2261 1569 2467 1625 Jacobo
2485 1570 2757 1642 Goupylo,
2781 1570 2846 1627 A.
2878 1571 3047 1636 15.51;
3078 1570 3498 1642 Lugdunensem
3526 1571 3663 1627 Lud.

360 1665 529 1733 mine,
561 1664 793 1717 alterum
828 1662 1119 1717 Democrito
1153 1660 1427 1718 tribuitur.
1458 1663 1591 1718 Vide
1633 1663 1960 1719 Bandurium
1990 1672 2042 1733 Β
2066 1660 2235 1717 Miraei
2259 1660 2419 1727 1557,
2437 1660 2608 1728 in-8°;
2628 1662 3101 1732 Antwerpicnsem
3120 1662 3389 1718 Theodori
3415 1662 3669 1718 Pulman-

359 1755 427 1809 ad
494 1754 860 1825 Antiquitates
931 1751 1565 1825 Constantinopolitanas
1638 1769 1756 1825 pag.
1829 1753 1954 1809 882.

360 1844 811 1918 Apophthegmata
830 1843 1048 1899 Graecus
1069 1844 1379 1915 Sapientum
1395 1860 1516 1900 cum
1548 1845 1775 1900 scholiis
1804 1846 1961 1900 Eras-

357 1938 475 2002 mi,
508 1935 757 1992 disticbis
803 1935 1028 1991 Catonis
1069 1947 1124 1991 et
1153 1936 1275 1991 aliis
1318 1936 1955 2005 quibusdam,'l"rauco-

353 2031 484 2085 furti
524 2030 591 2084 ad
610 2028 842 2085 Oderam
872 2029 1057 2094 ili-8°;
1088 2028 1308 2082 Carmen
1353 2027 1615 2082 Pascltale
1639 2043 1762 2083 eum
1814 2030 1956 2093 notis

357 2123 619 2193 Speltini,
652 2124 703 2176 in
730 2122 1052 2177 collectione
1100 2131 1409 2191 poematum
1448 2121 1676 2191 Speltiui
1699 2161 1714 2186 ,
1752 2120 1955 2175 Erl’urti

355 2214 521 2280 1501,
555 2214 803 2269 iit-1°.—
835 2213 923 2268 11°
951 2211 1108 2268 Liber
1134 2210 1494 2284 Epistolarum
1534 2211 1634 2269 XX
1657 2211 1715 2274 V,
1744 2213 1819 2266 uti
1845 2228 1956 2281 om-

354 2307 439 2361 nia
487 2307 755 2362 hactenus
795 2314 1069 2371 enarrata,
1103 2305 1256 2359 vario
1277 2305 1535 2359 carminis
1564 2319 1781 2375 genere.
1815 2303 1956 2376 Idyl-

352 2398 439 2452 liis
494 2410 549 2454 et
597 2397 845 2468 epistolis
890 2397 1166 2463 nonnullis
1214 2396 1453 2451 subinde
1509 2396 1739 2466 epistola
1793 2411 1954 2467 prosa

350 2491 550 2560 scripta
601 2489 965 2561 prtemittitur.
1014 2519 1086 2529 —
1132 2487 1222 2544 12°
1271 2487 1457 2543 Oratio
1509 2486 1838 2561 Panegyrico
1884 2491 1955 2544 ad

353 2584 662 2639 Gratianum
691 2584 821 2653 imp.
854 2598 959 2653 qua
993 2583 1067 2637 illi
1101 2598 1200 2651 pro
1242 2581 1530 2637 consulatu
1565 2583 1768 2652 gratias
1808 2583 1950 2652 agit,

349 2692 498 2748 smpe
530 2691 756 2731 munero
786 2675 927 2731 edita
961 2691 1084 2730 cum
1106 2675 1203 2729 ΧΙΙ
1236 2675 1610 2746 Panegyricis,
1642 2676 1717 2729 uti
1745 2674 1951 2731 dictum

348 2782 429 2827 est
458 2786 641 2841 supra.
671 2801 738 2809 —
766 2770 855 2824 13°
883 2768 1140 2825 Periocha
1159 2770 1211 2823 in
1226 2767 1445 2823 Homeri
1468 2767 1693 2822 Iliadem
1715 2776 1760 2822 et
1782 2766 1954 2839 Odys-

356 2883 521 2921 seam.
552 2865 730 2920 -14ο
761 2864 815 2919 In
833 2864 1068 2920 editione
1103 2864 1275 2923 Vineti
1310 2863 1565 2935 leguntur
1590 2864 1751 2925 etiam
1771 2871 1954 2918 tetras-

357 2955 499 3008 ticha
526 2955 582 3009 in
601 2954 836 3026 singulos
858 2971 1085 3023 menses,
1118 2968 1237 3025 qua:
1263 2953 1505 3031 Scaliger
1536 2955 1588 3013 in
1612 2968 1710 3009 sua
1743 2955 1946 3025 omisit,

2066 1753 2149 1819 ni,
2184 1753 2396 1817 minore
2443 1737 2612 1807 forata
2641 1752 2705 1806 Α.
2754 1752 2911 1807 1567.
2948 1752 3067 1813 Prae
3112 1753 3338 1824 reliquis
3381 1769 3513 1809 vero
3548 1755 3667 1808 lau-

2066 1846 2242 1902 danda
2269 1845 2541 1903 luculenta
2563 1843 2791 1899 Ausonii
2815 1844 3005 1911 editio,
3034 1859 3162 1899 cura
3194 1845 3297 1899 viri
3327 1844 3475 1900 docti
3505 1845 3669 1901 {Elite

2074 1939 2245 1993 Vineti
2274 1936 2487 2008 vulgata
2511 1980 2525 2003 ,
2554 1935 2874 2007 Bnrdegala:
2905 1938 2970 1991 A.
3004 1935 3177 2003 1575,
3208 1936 3380 2002 ἰπὶ-40,
3406 1952 3511 1991 una
3541 1951 3665 1992 cum

2061 2031 2472 2109 commentariis
2500 2031 2743 2103 ejusdem
2782 2031 2844 2087 A.
2872 2031 3032 2098 1580,
3062 2032 3258 2088 eadem
3297 2032 3470 2087 forma
3503 2048 3667 2088 excu-

2058 2126 2164 2191 sis,
2198 2132 2405 2193 etpost
2444 2123 2563 2191 ejus
2611 2122 2691 2194 (a)
2734 2122 2941 2177 obitum
2974 2124 3077 2177 An.
3126 2123 3287 2189 1590,
3324 2123 3492 2179 ἰπὶ-4ο.
3528 2123 3663 2179 Huic

2059 2217 2277 2283 Vincta,
2308 2227 2594 2289 antequam
2613 2215 2994 2273 commentarii
3020 2215 3140 2287 ejus
3164 2217 3218 2271 in
3248 2216 3423 2273 lucem
3447 2219 3663 2293 emitte-

2058 2320 2248 2365 rentur
2270 2352 2285 2377 ,
2317 2307 2578 2379 Iosephus
2622 2305 2860 2379 Scaliger
2906 2321 3038 2361 suos
3069 2306 3506 2363 Ausonianarum
3544 2310 3658 2366 lec-

2058 2402 2265 2456 tionum
2287 2400 2458 2456 libros
2488 2415 2525 2455 ιι
2552 2399 2830 2469 inscripsit
2850 2398 2916 2454 A.
2946 2400 3104 2467 1575,
3126 2400 3179 2455 in
3200 2417 3428 2472 quorum
3452 2410 3665 2473 postre-

2058 2494 2132 2549 mi
2170 2491 2347 2564 capite
2397 2492 2615 2559 ultimo,
2654 2491 2837 2547 Poeta:
2876 2492 3039 2546 vitam
3064 2495 3338 2550 succincte
3379 2504 3655 2552 narratam

2058 2585 2298 2641 tradidit.
2331 2583 2495 2639 Iidem
2516 2583 2717 2657 deinde
2738 2583 3051 2655 frequenter
3075 2585 3207 2641 editi
3239 2595 3369 2641 sunt
3394 2601 3519 2642 cum
3549 2589 3660 2643 Au-

2056 2681 2212 2735 sonio
2246 2696 2351 2734 non
2384 2688 2589 2734 tantum
2616 2678 2788 2749 Lugd.
2839 2679 3001 2745 1575,
3028 2679 3121 2735 sed
3149 2689 3205 2735 et
3244 2696 3331 2752 ap.
3364 2681 3662 2738 Commeli-

2056 2789 2184 2829 num
2209 2774 2366 2843 1588,
2388 2772 2559 2838 iii-8°,
2581 2785 2629 2827 et
2657 2772 2850 2828 eodem
2868 2788 3034 2838 anno,
3061 2774 3271 2829 minore
3285 2772 3461 2829 forma
3480 2775 3660 2832 Gene-

2056 2882 2156 2929 v;c,
2182 2865 2418 2934 alibique
2447 2865 2516 2919 ab
2544 2874 2608 2919 eo
2633 2874 2877 2935 tempore
2922 2866 3124 2936 smpius
3146 2909 3159 2932 ,
3190 2868 3393 2923 additis
3433 2870 3655 2925 selectis

2059 2956 2235 3012 Vineti
2288 2958 2429 3012 notis
2472 2968 2523 3010 et
2576 2960 2846 3027 excerptis
2876 2974 2946 3014 ex
2996 2972 3161 3029 opere
3201 2957 3651 3017 Adversariornm

348 3058 404 3101 at
432 3048 482 3103 in
511 3046 803 3103 Catalectis
840 3056 1085 3103 veterum
1135 3056 1416 3117 poetarum
1459 3045 1631 3100 edidit
1662 3046 1780 3101 sine
1812 3061 1939 3119 auc-
1968 3048 2015 3112 C
2049 3050 2177 3106 Adr.
2201 3049 2443 3105 Turnebi
2464 3061 2517 3106 et
2539 3050 2750 3121 scriptis
2772 3051 3118 3122 Philologicis
3141 3052 3274 3107 Adr.
3303 3052 3473 3122 Junii,
3501 3053 3647 3110 Guil.

349 3142 482 3197 toris
506 3141 749 3206 nomine,
771 3141 915 3212 quod
940 3151 991 3195 et
1021 3140 1075 3195 in
1099 3155 1193 3195 sua
1217 3147 1459 3203 veterum
1490 3138 1937 3213 epigrammatum

346 3235 663 3289 Latinorum
692 3232 929 3289 editione
952 3233 1078 3289 iecit
1110 3233 1166 3288 P.
1196 3233 1459 3289 Pithmus.
1492 3231 1550 3286 lu
1575 3226 1942 3293 vetustissimo

343 3326 666 3383 Calendario
711 3326 956 3381 Romano
986 3326 1129 3396 quod
1159 3341 1190 3381 e
1229 3325 1417 3381 codice
1458 3340 1560 3381 ms.
1593 3324 1941 3381 bibliotheca:

342 3420 613 3475 Caesareae
644 3417 879 3489 vulgavit
903 3418 1097 3475 Petrus
1125 3417 1448 3473 Lambecius
1475 3417 1540 3470 ad
1573 3417 1775 3473 calcem
1816 3416 1940 3471 libri

342 3513 517 3583 quarti
560 3512 1109 3577 commentariorum,
1159 3518 1214 3566 et
1250 3509 1498 3575 Graevius
1527 3509 1753 3565 inseruit
1794 3518 1941 3564 tomo

343 3615 538 3661 octavo
570 3604 813 3660 thesauri
835 3603 1233 3676 Autiqnitatum
1264 3604 1631 3658 Romanarum
1652 3646 1666 3670 ,
1702 3602 1941 3663 tetrasti-

344 3701 444 3753 cha
469 3698 570 3753 ista
598 3697 719 3768 qua:
744 3697 995 3753 Graevius
1023 3696 1264 3755 Ausonio
1302 3696 1442 3751 baud
1472 3696 1688 3766 indigna
1710 3695 1939 3766 judicat,

346 3789 671 3860 imaginibus
701 3791 969 3845 mensium
996 3790 1208 3861 singula
1241 3798 1367 3845 sunt
1405 3789 1679 3859 subjecta,
1712 3789 1941 3859 illasque

345 3881 573 3952 pulchre
630 3880 892 3947 referunt.
956 3881 1157 3939 (letifer
1203 3880 1546 3945 Eustathium
1597 3881 1665 3936 de
1716 3882 1943 3937 Ismenis

347 3984 400 4029 et
445 3972 696 4031 lanieuia:
740 3972 1022 4031 amoribus
1070 3972 1213 4029 libro
1246 3980 1476 4044 quarto,
1525 3972 1616 4028 ubi
1656 3971 1939 4027 duodecim

348 4065 616 4121 mensium
649 4065 911 4137 imagines
931 4066 1113 4135 prisco
1145 4080 1297 4120 more
1318 4064 1559 4134 depictas
1588 4062 1867 4119 describit.

416 4160 468 4215 5.
504 4157 735 4227 Operam
759 4157 979 4213 Ausonii
1012 4159 1288 4212 editiones.
1318 4188 1388 4197 —
1411 4157 1706 4212 Ausonium
1733 4155 1941 4213 Gesne-

346 4268 441 4306 rus
472 4254 704 4320 primum
729 4252 932 4308 editum
962 4261 1145 4307 narrat
1175 4252 1243 4307 ab
1274 4251 1416 4307 Aldo
1440 4296 1456 4320 ,
1488 4250 1583 4311 sed
1614 4251 1943 4321 Laurentius

348 4343 655 4414 Pignorius,
675 4343 836 4415 epist.
870 4346 952 4411 16,
974 4356 1165 4401 auctor
1185 4354 1268 4401 est
1290 4344 1591 4401 Ausonium
1623 4361 1723 4402 nos
1740 4347 1941 4405 debere

2043 3142 2262 3199 Cameri
2298 3151 2352 3198 et
2387 3142 2524 3198 Justi
2556 3142 2743 3214 Lipsii.
2776 3143 2916 3199 Ante
2948 3142 3199 3199 Vinctum
3232 3154 3283 3200 et
3314 3145 3651 3216 Scaligerum

2043 3236 2302 3292 diatribas
2331 3237 2383 3291 in
2417 3239 2647 3303 Ausum,
2677 3236 2927 3292 Ovidium
2956 3238 3288 3306 et,Solinum
3336 3238 3653 3309 vulgaverat

2045 3328 2402 3401 Mariuugelus
2433 3330 2717 3383 Accursius
2752 3328 2907 3383 llom.
2942 3329 3103 3394 1521,
3132 3328 3186 3383 in
3219 3327 3339 3395 τοι,
3373 3330 3464 3399 qui
3489 3330 3650 3401 plagii

2045 3421 2349 3491 postulatus
2379 3421 2520 3488 quod
2551 3420 2761 3474 labores
2794 3418 3024 3474 Fabricii
3054 3419 3249 3473 Varani
3278 3420 3518 3490 episcopi
3548 3419 3650 3477 Ca-

2044 3513 2235 3567 merini
2263 3513 2363 3566 sibi
2399 3512 2700 3577 tribuisset,
2732 3512 2936 3567 crimen
2970 3511 3105 3566 illud
3135 3528 3164 3565 a
3198 3527 3257 3567 se
3283 3513 3523 3567 removit
3547 3515 3651 3572 hoc

2043 3600 2712 3671 conceptujurejurando:
2748 3601 2899 3666 Quod
2920 3601 2994 3654 dii
3032 3600 3361 3672 hominesque
3386 3605 3467 3672 fas
3492 3602 3651 3672 [ides-

2044 3711 2141 3764 que
2169 3694 2372 3763 audiat,
2404 3693 2716 3747 sacramenti
2744 3692 2994 3763 religione
3018 3703 3065 3748 et
3092 3693 3137 3746 si
3170 3694 3296 3764 quid
3332 3704 3407 3748 est
3431 3694 3647 3766 jureju-

2044 3786 2210 3840 rando
2248 3785 2477 3839 sanctius
2507 3784 2728 3855 aﬂirmo,
2770 3783 2926 3855 idque
2956 3785 3053 3838 rite
3085 3786 3278 3855 pariter
3303 3801 3363 3838 ac
3390 3786 3502 3843 sine
3527 3785 3649 3840 dolo

2046 3878 2185 3933 malo
2213 3880 2337 3945 dici,
2368 3880 2662 3948 ueterisque
2686 3879 2852 3949 accipi
2889 3880 3026 3946 volo,
3066 3894 3145 3933 me
3191 3894 3285 3933 nec
3332 3879 3491 3935 ullius
3534 3896 3652 3934 um-

2043 3989 2200 4044 quam
2226 3971 2422 4043 scripla
2448 3970 2721 4042 perlegisse
2739 3986 2799 4024 ac
2825 3987 2886 4026 ne
2912 3970 3239 4042 conspexisse
3268 3971 3492 4039 quidem,
3514 3972 3652 4027 unde

2043 4065 2123 4118 vel
2153 4063 2411 4118 tantillum
2442 4063 2821 4117 lucubrationes
2865 4072 3067 4117 nostras
3106 4063 3339 4116 redimiri
3372 4063 3652 4136 juvarique

2045 4153 2225 4209 datum
2274 4154 2451 4223 fuerit.
2504 4152 2642 4219 Quin
2687 4156 2845 4208 immo
2891 4155 3148 4208 laborasse
3188 4155 3361 4225 quoad
3384 4157 3500 4228 ejus
3528 4155 3650 4226 ﬁeri

2047 4245 2267 4309 licuerit,
2295 4253 2352 4298 ut
2372 4246 2414 4298 si
2439 4245 2706 4316 quippiam
2726 4244 2939 4299 alterius
2961 4253 3073 4315 post
3094 4244 3497 4301 observationem
3521 4262 3650 4318 quo-

2045 4354 2143 4407 que
2169 4355 2331 4391 meam
2367 4338 2555 4391 editam
2588 4339 2892 4404 occurrerit,
2925 4355 2951 4393 e
2980 4340 3168 4394 nostris
3213 4341 3444 4409 protinus
3482 4340 3653 4395 abole-

347 4434 601 4490 Matthmo
642 4437 845 4501 Basso,
880 4437 1089 4506 Angela
1134 4436 1402 4492 Politiano
1431 4452 1495 4492 ac
1524 4437 1762 4496 Τειάάωο
1801 4443 1944 4517 υςο,
1975 4428 2030 4489 D
2056 4432 2296 4484 verimus.
2332 4430 2483 4495 Quod
2509 4430 2555 4484 si
2581 4432 2820 4501 pejerent,
2851 4437 2957 4482 tum
2982 4431 3215 4500 pontifex
3252 4431 3503 4502 perjurio,
3536 4447 3648 4484 ma-

348 4530 497 4583 leto:
529 4538 587 4583 et
611 4529 663 4583 in
695 4528 1011 4597 Beugbemii
1040 4528 1389 4591 Incunabulis
1421 4532 1795 4603 typograpbiae
1833 4552 1945 4599 me-

350 4620 552 4673 morari
611 4620 769 4674 video
814 4618 1018 4676 ἔκδοσιν
1086 4620 1539 4678 Mediolanensem
1585 4626 1710 4679 anni
1764 4624 1943 4695 1190,

296 4710 299 4711 ⁷
347 4726 509 4779 quam
535 4710 833 4765 editionem
867 4710 1093 4766 Ausonii
1144 4710 1286 4767 1490
1315 4714 1610 4782 principem
1652 4726 1810 4772 vocat
1838 4717 1948 4771 Ro-

348 4803 587 4857 sweidus
618 4802 685 4856 ad
721 4802 924 4858 Paulini
960 4817 1184 4859 carmen
1206 4802 1263 4871 4,
1295 4818 1416 4874 pag.
1446 4804 1582 4870 836,
1621 4805 1816 4864 deinde
1842 4808 1946 4865 Ve-

350 4902 533 4947 netam
561 4892 626 4946 A.
654 4892 816 4958 1196,
852 4892 1055 4960 in-fol.,
1081 4908 1201 4951 cum
1236 4895 1443 4963 pruriat.
1476 4895 1671 4971 Georgi
1701 4899 1942 4957 Merulae.

420 5074 494 5145 (a)
522 5073 667 5129 Obiit
695 5071 921 5129 Vinetus
949 5077 1008 5126 Α.
1041 5074 1201 5145 1-587.
1230 5074 1363 5145 Ejus
1394 5079 1648 5133 secundae
1685 5082 1941 5140 editionis

348 5142 727 5222 commentarii
778 5145 1023 5222 metitiiiit
1052 5142 1191 5222 Jos._
1219 5142 1464 5215 scaliger
1500 5166 1557 5217 p.
1596 5150 1705 5205 103
1742 5153 1939 5222 Epist.,

347 5218 617 5289 gryphum
644 5215 868 5289 ternarii
896 5214 1193 5270 Ausoniani
1212 5214 1573 5289 exposuerus
1600 5222 1666 5275 ad
1696 5214 1816 5278 Nic'.
1848 5214 1944 5280 Mi:-

348 5286 601 5364 cltie‘liutn
629 5306 641 5340 :
674 5286 791 5364 scis
819 5302 975 5364 quam
999 5302 1108 5364 non
1133 5286 1364 5364 vulgaris
1388 5290 1625 5364 eruditio
1652 5294 1718 5346 sit
1744 5294 1799 5349 in
1826 5312 1950 5364 poe-

349 5356 505 5414 matis
538 5357 774 5411 Ausonii.
809 5356 876 5410 In
917 5359 1107 5428 quibus
1154 5361 1381 5429 gryphas
1413 5363 1629 5414 ternarii
1658 5356 1952 5422 melioribus

349 5430 446 5484 αεπυὶ
477 5429 639 5482 nostri
664 5430 1017 5502 grammaticis
1049 5444 1253 5502 crucem
1287 5429 1425 5502 ﬁxit,
1455 5447 1768 5502 quamquam
1796 5454 1955 5493 cona-

352 5511 433 5554 tus
462 5497 690 5552 omnium
736 5498 888 5553 elusit
921 5497 1187 5573 recondita
1213 5500 1394 5573 etruelo
1434 5497 1768 5573 aenigmatum
1809 5524 1955 5561 sum-

355 5581 491 5629 mota
521 5573 761 5623 doctrina
784 5586 803 5623 :
838 5585 960 5623 nam
1001 5569 1213 5635 Sylvius
1244 5569 1697 5629 Ambianus'niltil
1729 5578 1831 5635 nisi
1865 5581 1962 5633 tri-

358 5642 479 5696 viali
503 5651 704 5695 moneta
734 5641 1008 5711 percussit.
1034 5638 1210 5695 Bonus
1261 5638 1478 5695 Vinetus
1511 5659 1612 5697 non
1639 5648 1805 5704 solum
1836 5650 1954 5717 sibi,

2051 4526 2135 4577 lus
2172 4531 2341 4577 autent
2379 4523 2557 4593 genius
2598 4520 2838 4575 diatribis
2864 4521 3149 4591 contingat,
3181 4536 3341 4590 usque
3366 4520 3498 4575 adeo
3523 4530 3581 4575 ut
3610 4522 3658 4576 si

2049 4630 2150 4686 qua
2176 4616 2307 4669 bona
2334 4624 2421 4667 aut
2447 4613 2631 4669 saltent
2657 4612 2938 4667 mediocria
2966 4612 3018 4666 in
3042 4612 3169 4681 ipsis
3194 4612 3408 4682 luerim,
3438 4614 3654 4683 imperi-

2053 4716 2219 4760 torum
2250 4707 2400 4761 turba
2426 4706 2670 4779 pessima,
2694 4706 2839 4761 bonis
2875 4704 3155 4760 leviuscula
3188 4706 3429 4777 tricisque
3470 4707 3655 4763 viliora

2052 4806 2391 4852 censeantur:
2424 4799 2583 4866 [amca
2607 4798 2651 4851 si
2685 4814 2789 4869 qua
2818 4805 3026 4850 manent
3064 4813 3299 4863 munera,
3348 4809 3494 4853 vento
3533 4815 3654 4853 evo-

2051 4892 2189 4957 lent,
2235 4913 2425 4967 proque
2470 4897 2609 4967 vulgi
2656 4893 2861 4948 levitate
2908 4893 3163 4963 ferantur.
3212 4892 3482 4947 Ausonius
3528 4905 3652 4947 cum

2048 5085 2137 5140 sed
2159 5095 2207 5138 et
2231 5079 2624 5147 eruditioribus,
2653 5079 2808 5131 etiam
2836 5078 2891 5131 in
2912 5079 2975 5130 iis
2995 5091 3113 5148 qua:
3136 5078 3293 5148 plana
3321 5084 3461 5148 sunt,
3498 5075 3646 5147 difﬁ-

2049 5157 2146 5210 dit.
2190 5152 2258 5207 Et
2284 5152 2517 5220 quamvis
2555 5149 2611 5202 in
2646 5147 3015 5202 commentario
3051 5147 3279 5220 secundo
3319 5147 3461 5220 quod
3480 5163 3654 5220 nuper

2050 5236 2165 5299 post
2191 5226 2240 5296 ej
2247 5216 2306 5299 ns
2336 5231 2553 5299 mortem
2574 5220 3143 5299 recoctumuestﬁmulta
3169 5217 3234 5270 de
3257 5217 3449 5298 nostris
3472 5216 3653 5299 lecti-0:

2053 5287 2550 5351 'nibus'Ausoniauis
2571 5289 2623 5343 in
2646 5306 2769 5344 suas
2809 5287 3057 5353 diatribas
3082 5287 3491 5357 transcripserit,
3522 5288 3655 5345 nihil

2056 5380 2223 5422 tamen
2252 5360 2711 5436 quowdoctiort‘bus
2742 5361 3000 5436 Ausonius
3046 5357 3380 5436 [arniliarion
3391 5359 3536 5436 fieret
3561 5376 3651 5415 ea:-

2059 5426 2329 5507 prompsit.
2356 5433 2556 5489 Confer
2586 5433 2750 5507 etiam
2776 5432 2820 5483 si
2853 5426 3401 5507 placet_"l‘lto.__t;renii
3433 5438 3571 5507 part.
3599 5446 3653 5507 tv

2060 5499 2464 5580 Animadvers._
2488 5516 2609 5572 pag.
2660 5501 2723 5580 1_1
2754 5499 3049 5580 seqvnul'ti
3082 5508 3144 5580 et.
3164 5499 3267 5557 alia
3304 5502 3550 5577 quietiam
3582 5504 3651 5559 ad

2064 5578 2309 5635 notitiam
2337 5568 2635 5635 editionum
2665 5568 2900 5637 Ausonii
2928 5568 3200 5645 facientia.
