4082 6188
307 298 416 352 δεΐ
1683 291 2212 349 EPIGRAMMATA.
3499 274 3602 333 826

373 415 520 469 Pene
543 413 677 468 Jove
712 413 812 467 iste
839 422 1013 477 satus,
1051 411 1189 467 filius
1222 410 1314 466 ille
1344 409 1513 472 Iovis,
1925 411 1976 470 Λ
2003 402 2337 461 Veronensis
2375 401 2449 456 ait
2481 409 2638 471 poeta
2667 399 2942 472 quondam
2972 416 2986 454 :

300 508 670 573 Thessaliam,
703 506 1032 578 Thebasque
1061 522 1189 561 suos
1216 505 1456 561 habuere
1483 514 1739 575 penates:
2012 497 2342 566 Inventoquc
2367 493 2517 549 dedit
2547 494 2729 548 statim
2761 493 2976 562 Nepoti.

373 604 441 658 At
475 616 628 658 meus
657 601 745 656 hic
773 609 889 656 toto
922 611 1115 672 regnat
1144 600 1196 654 in
1231 600 1364 654 orbe
1391 613 1516 655 suo.
2005 589 2077 644 At
2098 602 2198 643 nos
2221 585 2526 657 illepidum,
2554 583 2752 640 rudem
2783 583 3050 649 libellum,

298 695 466 768 Cujus
498 710 600 766 ego
630 709 838 758 comes,
871 701 927 748 et
950 702 1210 764 quaestor,
1238 704 1292 748 et
1319 691 1536 746 culmen
1571 690 1867 756 bonorum,
2005 678 2228 744 Blll'l'as.
2269 676 2610 748 quisquilias,
2647 674 3010 746 ineptiasque,

371 765 670 848 I‘rarfectns
710 789 903 854 Gallis,
934 799 990 844 ct
1017 787 1225 859 Libyae,
1261 794 1316 841 et
1346 786 1499 840 Latio
1525 803 1538 840 :
2004 769 2302 826 Credetnus
2325 768 2534 840 gremio
2564 767 2649 822 cui
2679 765 3014 822 fovendum?

300 887 362 942 Et
390 885 540 957 prior
571 881 826 952 indeptus
859 883 1053 946 fasces,
1084 878 1405 948 Latiumque
1430 877 1699 944 curulem,
2003 861 2212 929 ιιινεηῖυ
2248 861 2460 932 "(illide
2487 861 2646 917 δηθιο
2668 871 2864 928 “am-1‘.

365 953 586 1044 Consul,
617 976 827 1043 collega
863 974 1190 1044 posteriore,
1227 972 1320 1025 fui.
2001 957 2112 1012 Nec
2133 957 2346 1012 doctum
2370 956 2574 1023 minus,
2598 964 2653 1010 et
2681 955 2851 1025 magis
2878 953 3198 1024 benignum,

292 1073 392 1128 llic
415 1085 516 1140 ego
539 1068 822 1124 Ausonius
852 1086 863 1120 :
891 1067 986 1122 sed
1016 1076 1072 1121 tu
1101 1081 1169 1120 ne
1202 1073 1408 1130 temne,
1433 1063 1576 1134 quod
1609 1063 1752 1118 ultro
2001 1051 2177 1120 Quam
2207 1067 2368 1121 «ιιιοηι
2400 1049 2572 1106 Galli-1
2607 1049 2838 1120 Ρτωῦυῖι
2863 1048 3099 1124 Catullo-

364 1164 658 1220 Pau‘onu“)
686 1163 891 1218 nostris
921 1172 972 1215 te
997 1174 1130 1230 paro
1157 1157 1516 1214 carminibus.
1999 1144 2114 1198 I'Ioc
2139 1143 2320 1198 IIIIIIUS
2349 1143 2480 1198 IIIIIII
2511 1141 2728 1197 CIIaI'IOI'
2749 1155 3025 1204 IIICOI‘IIIII;

300 1257 549 1314 Pectoris
578 1266 638 1311 ut
666 1255 839 1310 nostri
861 1254 1047 1308 sedem
1075 1252 1236 1318 colis,
1267 1252 1409 1306 alme
1431 1250 1646 1321 Syagri,

1487 1250 1646 1319 mgf},
1997 1235 2166 1303 Quem
2201 1235 2376 1306 pluris
2398 1233 2602 1288 faciunt
2632 1247 2825 1288 novem
2850 1233 3099 1297 Sorores,

360 1354 834 1421 Communemque
854 1349 1089 1413 habitas,
1114 1347 1252 1402 alter
1275 1361 1398 1416 ego,
1431 1344 1736 1400 Ausonium
1766 1360 1780 1399 :

1520 1344 1736 1400 senium
1766 1360 1780 1399 ε
1994 1327 2167 1394 Quam
2189 1335 2413 1383 cunctos
2441 1326 2601 1390 alios,
2627 1324 2854 1381 Marone
2882 1325 3125 1396 dempto.

288 1446 383 1502 Sic
405 1445 570 1501 etiam
602 1419 787 1499 nostro
811 1440 1066 1512 prmfatus
1104 1439 1377 1496 babebere
1406 1437 1567 1504 libro,

1447 1437 1567 1504 διο,
1994 1421 2247 1477 Pacatum
2277 1419 2418 1475 haud
2447 1419 2643 1486 dubie,
2680 1420 2865 1486 Poeta,
2897 1419 3055 1474 dicis.

361 1537 588 1593 Differat
615 1546 672 1592 ut
693 1535 886 1602 nihilo,
916 1534 987 1589 sit
1011 1539 1161 1599 tuus,
1193 1545 1339 1587 anne
1365 1544 1540 1586 meus.
1992 1516 2114 1586 ipse
2134 1524 2238 1581 εει,
2270 1514 2537 1585 ἰιιιτθρῐιιθ
2569 1514 2751 1569 volate
2777 1527 2970 1569 versus
2995 1529 3009 1566 :

1991 1607 2059 1663 Et
2090 1608 2275 1663 nidum
2295 1607 2350 1662 in
2372 1607 2581 1678 gremio
2605 1606 2785 1662 fovete
2809 1615 2945 1661 tuto.

1991 1701 2088 1757 IIic
2111 1715 2208 1756 vos
2228 1700 2479 1770 diligere,
2517 1698 2606 1754 hic
2637 1699 2782 1754 volet
2804 1698 2968 1755 tueri.

276 1994 3571 2024 _______________________________.__—————

465 1778 723 1834 Ausonius
761 1777 948 1832 Latino
986 1775 1185 1831 Parata
1216 1775 1500 1846 Drepanio,
1533 1773 1697 1828 Filio.
1911 1809 1960 1869 Β
1988 1793 2323 1865 Ignosccnda
2357 1802 2524 1864 lege,’
2563 1792 2790 1863 probam
2821 1790 3022 1858 "adet,

351 1892 452 1948 Cui
483 1892 626 1947 dono
659 1891 899 1962 lepidum
939 1907 1138 1946 norum
1169 1888 1450 1946 libellum?
1986 1887 2118 1943 Post
2141 1885 2285 1941 hunc
2305 1885 2572 1956 judicium
2605 1884 2796 1938 timete
2817 1882 3047 1937 nullum.

1470 2071 2390 2165 EPIGRAMMATA.

873 2225 911 2282 1.
942 2223 1022 2281 De
1048 2225 1300 2296 Augusto.
1985 2215 2144 2284 Quod
2175 2215 2218 2270 si
2248 2215 2368 2285 lege
2397 2213 2563 2271 maris
2596 2214 2804 2270 refluus
2831 2211 2962 2269 mihi
2993 2219 3238 2267 curreret
3271 2208 3481 2275 amnis,

357 2343 568 2400 Phoebe
599 2351 790 2412 potens
816 2339 1082 2406 numeris,
1115 2352 1319 2411 praeses
1348 2335 1594 2392 Tritonia
1625 2333 1804 2400 bellis,
2055 2308 2170 2364 Huc
2190 2323 2407 2379 Possem
2435 2309 2608 2363 "imos
2636 2307 2759 2363 "me
2788 2307 2992 2362 refer”
3019 2304 3247 2360 Gou'os‘

267 2439 354 2496 Tu
377 2453 596 2511 quoque
625 2438 696 2492 ab
721 2438 874 2492 aerio
904 2449 1116 2506 prmpes
1148 2431 1390 2488 Victoria
1414 2430 1592 2500 lapsu,
2340 2423 2428 2481 IV.
2461 2422 2611 2476 Idem
2633 2424 2868 2477 eumdem
2886 2421 3192 2492 alloquitur.

263 2533 440 2589 Come
464 2541 775 2588 serenatam
809 2529 1012 2601 duplici
1053 2528 1363 2584 diademate
1397 2526 1658 2590 frontem,
1982 2521 2256 2578 Danubius
2285 2521 2485 2592 penitis
2513 2529 2672 2589 caput
2705 2518 3010 2574 occultatus
3041 2519 3094 2574 in
3123 2519 3260 2587 oris,

264 2625 427 2682 Serta
458 2623 660 2690 ferens,
687 2639 807 2694 qua:
833 2623 976 2676 dona
1010 2631 1171 2690 togze,
1205 2634 1332 2691 quae
1362 2616 1582 2689 praemia
1620 2630 1840 2687 pugnze.
2045 2613 2216 2668 Totus
2239 2613 2341 2668 sub
2365 2622 2547 2667 vestra
2573 2612 2689 2681 jam
2715 2612 2924 2667 ditione
2954 2610 3086 2666 lluo.

263 2715 515 2772 Bellandi
557 2715 812 2784 fandique
845 2722 1038 2785 potens
1069 2711 1368 2782 Angustus,
1397 2710 1666 2765 honorem
1976 2707 2090 2774 Qua
2113 2705 2350 2778 gelidum
2375 2705 2581 2761 fontem
2617 2705 2812 2761 mediis
2844 2704 3066 2760 ellundo
3097 2704 3326 2772 Sueris,

262 2806 365 2861 Bis
389 2815 598 2861 meret:
626 2815 684 2860 ut
713 2806 956 2875 geminet
989 2804 1198 2870 titulos,
1231 2804 1320 2874 qui
1345 2802 1534 2874 pra-lia
1563 2801 1726 2856 Musis
2049 2800 2296 2870 Imperiis
2323 2799 2572 2870 gravidas
2609 2815 2715 2870 qua
2749 2814 2880 2854 seco
2916 2798 3246 2854 Pannonias.

260 2897 580 2968 Temperat,
613 2906 669 2953 et
702 2896 948 2952 Geticqu
978 2897 1296 2950 moderatur
1324 2893 1583 2964 Apolline
1622 2893 1866 2948 Martem.
1976 2892 2042 2948 Et
2071 2907 2174 2961 qua
2197 2891 2348 2948 dives
2375 2894 2528 2964 aquis
2561 2891 2819 2965 Scythico
2849 2892 3008 2947 solvo
3039 2892 3177 2947 ostia
3209 2900 3413 2962 ponto:

259 2991 428 3046 Arma
458 2990 602 3046 inter
623 2991 951 3061 Clntnosque
981 2999 1184 3056 truces,
1216 2989 1472 3058 furtoque
1499 2995 1762 3044 nocentes
2049 2985 2240 3040 Omnia
2271 2985 2372 3039 sub
2395 2995 2636 3040 vestrum
2670 2986 2892 3040 llntnina
2927 2986 3082 3039 mitto
3108 2985 3318 3054 jugnm.

256 3087 633 3153 Sauromatas,
668 3098 926 3158 quantum
955 3095 1138 3142 cessat
1165 3087 1234 3141 de
1267 3094 1514 3154 tempore
1547 3084 1676 3139 belli
1702 3127 1716 3151 ,
1973 3076 2217 3145 Angusto
2249 3075 2490 3144 dabitur,
2517 3075 2612 3130 Sed
2647 3076 2890 3145 proxima
2917 3074 3112 3144 palma,
3150 3073 3390 3130 Valenti.

256 3178 509 3252 Indulget
536 3181 731 3235 Clariis
763 3189 971 3236 tantum
1010 3181 1153 3234 inter
1175 3188 1355 3234 castra
1385 3177 1681 3233 Catnoeuis.
2043 3168 2287 3224 Inveniet
2311 3169 2486 3222 fomes
2521 3168 2604 3222 llic
2635 3182 2871 3238 quoque.
2897 3166 3034 3231 Nile.
3063 3174 3208 3220 ιυοεο

259 3272 361 3327 Vix
393 3271 572 3342 posuit
602 3273 856 3328 volucres
883 3272 1166 3328 stridentia
1195 3272 1300 3326 tela
1330 3274 1577 3336 sagittas,

2083 3281 2146 3336 V.
2182 3281 2294 3337 Sub
2332 3281 2683 3336 Valentiniani
2708 3279 2954 3335 Junioris
2978 3280 3128 3352 signa
3156 3295 3463 3334 marmoreo.

267 3365 546 3419 Musarum
577 3365 642 3418 ad
671 3365 914 3419 calamos
944 3364 1117 3419 fertur
1151 3379 1362 3430 manus,
1393 3363 1496 3418 otia
1527 3363 1718 3430 nescit,

1965 3395 2118 3452 Nunc
2146 3405 2196 3452 te
2221 3412 2585 3452 tttarmoreunt
2618 3411 2714 3464 pro
2738 3405 2959 3465 sumptu
2981 3394 3205 3449 fecimus
3234 3411 3248 3459 ;
3290 3405 3344 3449 at
3373 3409 3495 3451 (‘IIIII

254 3456 328 3511 Et
346 3465 678 3511 commumm
705 3457 999 3512 medimlur
1022 3457 1291 3512 arundine
1327 3471 1574 3512 carmen.
1898 3533 1936 3544 ..
2045 3491 2318 3544 Διιςξιιειυε
2341 3493 2507 3544 [τςιιρτ
2535 3456 2882 3544 τριίῖρτινιξτίί
2907 3502 3112 3542 aureus
3133 3456 3250 3541 CSIQ

253 3547 365 3602 Sed
395 3563 614 3604 carmen
643 3566 748 3604 non
779 3551 947 3604 molle
977 3550 1177 3616 modis,
1213 3550 1356 3604 bella
1388 3549 1609 3604 horrida
1642 3549 1827 3604 Martis

1890 3533 1936 3595 C
2045 3507 2318 3560 AlIgIISIUS
2341 3507 2507 3544 ιτςιιρι·
2535 3507 2882 3554 τρηὶρτιγιξτιι,
2907 3507 3112 3542 aureus
3133 3507 3273 3543 (ἔξω.

253 3639 501 3710 OdrYsii,
533 3642 891 3712 'I‘ltressarque
923 3600 1187 3712 viraginis
1218 3657 1367 3695 arma
1403 3650 1686 3697 retractat.
1967 3603 2059 3659 γλ
2097 3604 2326 3659 “dum
2352 3604 2568 3669 summa
2601 3602 2998 3729 2:255:33er
3025 3619 3055 3656 ⁸
3087 3600 3343 3655 Gm'ia'm
3374 3605 3565 3674 “"95"”

255 3731 518 3797 Exsulta,
559 3733 809 3801 IEacide,
845 3734 1144 3790 celebraris
1175 3743 1297 3789 vate
1336 3733 1575 3802 superbo

253 3785 535 3885 sua...
560 3785 1082 3902 i1.1.‘.:.1;.;.;.;.;1;u
1100 3785 1711 3904 inii...tua...
1963 3786 3210 3904 0==3f'_'*33_'3"1}_°_2"§33:18:15?3:33?“
3237 3785 3466 3855 ιοιιιιιιη.

2034 3881 2150 3938 Non
2181 3885 2329 3939 vires
2362 3881 2510 3946 ferri,
2537 3881 2631 3936 sed
2660 3879 2902 3935 ferientis
2944 3887 3129 3950 agunt.

597 3943 662 3998 II.
698 3945 776 4002 De
805 3948 917 4018 fera
947 3964 978 4001 a
1009 3945 1214 4002 Cwsare
1237 3947 1526 4018 interfecta.
2428 3943 2518 4050 νὴ
2567 3992 2826 4049 Demam
2853 3943 3072 4061 A"q,;m°

252 4061 470 4118 Cedere
497 4078 619 4134 quae
651 4062 758 4117 lato
790 4062 965 4118 nescit
996 4062 1112 4118 fera
1139 4064 1320 4118 saucia
1356 4063 1533 4130 ferro,

329 4154 649 4224 Armatique
679 4163 838 4225 urget
869 4153 974 4210 tela
1021 4163 1244 4210 cruenta
1273 4155 1396 4218 viri.

249 4244 427 4314 Quam
458 4246 692 4314 grandes
725 4260 894 4316 parvo
928 4247 1130 4315 patitur
1159 4246 1267 4301 sub
1291 4245 1520 4301 vulnere
1553 4254 1781 4314 mortes,

328 4337 399 4393 Et
428 4339 599 4392 solam
626 4337 758 4393 lethi
792 4338 900 4394 vim
931 4339 1121 4409 probat
1147 4353 1269 4394 esse
1308 4341 1562 4393 manum!

1961 4111 2102 4166 Ante
2133 4125 2328 4166 omnes
2356 4109 2492 4166 alias
2523 4108 2653 4165 felix
2683 4119 2863 4164 tamen
2896 4108 2998 4164 hoc
3037 4121 3139 4179 ego
3169 4106 3322 4161 dicar
3355 4124 3368 4160 :

2031 4202 2163 4258 Sive
2193 4201 2356 4257 deum
2381 4201 2563 4272 peperi
2594 4199 2818 4263 femina,
2841 4200 2958 4254 sive
2989 4199 3188 4254 vitum.

2285 4315 2418 4370 VIII.
2445 4312 2756 4368 Exhortatio
2787 4313 2857 4366 ad
2882 4313 3207 4367 modestiam.

253 4428 525 4485 Miramur
550 4444 816 4500 casusque
841 4445 1034 4494 novos.
1063 4430 1383 4500 subitasque
1408 4429 1594 4484 ruinas
1624 4448 1635 4482 :
1961 4435 2127 4491 Fama
2155 4439 2241 4488 est
2266 4429 2516 4486 fictilibus
2544 4443 2792 4483 cmnasse
2820 4427 3151 4498 Agathoclea
3179 4441 3386 4496 regem,

327 4523 623 4591 Quaeritur,
655 4533 706 4578 et
737 4522 874 4578 fallit
906 4523 1111 4578 lumina
1141 4523 1296 4594 plaga
1329 4538 1538 4578 recens.
2029 4530 2204 4596 Atque
2231 4525 2459 4578 abacum
2481 4521 2671 4578 Samio
2698 4535 2846 4591 smpe
2877 4533 3139 4575 onerasse
3171 4520 3307 4585 lttto,

250 4614 366 4670 Nec
397 4622 653 4670 contenta
682 4615 820 4670 ictos
849 4615 1126 4672 lethaliter
1154 4615 1235 4672 ire
1263 4631 1360 4686 per
1391 4625 1560 4682 artus,
1956 4617 2188 4674 Fercula
2217 4615 2499 4688 gemmatis
2523 4629 2644 4668 cum
2677 4621 2906 4683 poneret
2937 4610 3153 4666 horrida
3177 4609 3352 4677 vasis;

323 4708 620 4778 Conjungit
645 4716 854 4764 mortes
885 4724 990 4764 una
1025 4711 1220 4780 sagitta
1249 4709 1407 4765 duas.
2031 4709 2098 4763 Et
2137 4709 2392 4765 misceret
2423 4720 2556 4778 opes
2588 4706 3016 4778 pauperiemque
3045 4703 3232 4760 simul.

252 4797 494 4854 Plurima
519 4799 797 4856 communi
828 4809 1060 4871 pereunt
1091 4801 1137 4854 si
1170 4800 1414 4855 fulminis
1450 4802 1588 4867 icttt,
1891 4854 1894 4858 _
1955 4800 2232 4870 Quaerenti
2258 4815 2478 4855 causam
2521 4797 2808 4869 respondit
2836 4814 2849 4851 :
2880 4796 2992 4851 Rex
3024 4811 3126 4867 ego
3148 4796 3237 4867 qui
3270 4810 3388 4851 sum

327 4890 457 4946 llaec
482 4906 697 4963 quoque
718 4892 786 4946 de
816 4893 958 4948 caalo
980 4892 1205 4948 vulnera
1231 4892 1399 4947 missa
1427 4902 1601 4962 putes.
1878 4925 1930 4987 Β
2024 4894 2278 4962 Sicanim,
2304 4894 2467 4965 figulo
2496 4908 2617 4947 sum
2647 4893 2899 4963 genitore
2940 4901 3110 4946 satus.

590 5005 677 5061 III.
715 5005 987 5060 Danubius
1021 5006 1202 5061 Nilum
1227 5006 1528 5077 alloquitur.
1889 4986 1896 4987 ί
1957 4989 2194 5046 Formm

1889 4986 1896 4987 ί
1957 4989 2254 5046 Fortunam
2287 4997 2605 5043 reverenter
2641 4986 2803 5054 habe,
2827 4987 3156 5057 quicumque
3182 4992 3407 5056 repente

2027 5081 2192 5136 Dives
2213 5080 2281 5135 ab
2301 5078 2478 5135 exsilii
2505 5079 2853 5150 progrediere
2894 5079 3037 5134 loco.

2439 5189 2529 5246 IX.
2565 5188 2643 5244 De
2667 5191 2779 5244 suis
2810 5191 3080 5259 poematis.

1951 5287 2048 5344 Est
2063 5286 2218 5357 jocus
2248 5285 2304 5341 in
2337 5284 2558 5352 nostris,
2587 5292 2716 5340 sunt
2745 5284 2886 5340 seria
2917 5284 3108 5348 multa,
3150 5282 3382 5348 libellis;

254 5119 484 5191 Illyricis
523 5129 780 5190 regnator
809 5120 988 5189 aquis,
1018 5120 1134 5184 tibi,
1165 5121 1307 5189 Nile,
1339 5123 1634 5190 secundus,

330 5211 604 5266 Danubius
630 5211 815 5266 Ianum
841 5211 1064 5282 profero
1093 5212 1244 5269 fonte
1277 5223 1464 5285 eapttt.

249 5303 477 5359 Salvere
501 5302 774 5372 Augustos
794 5301 982 5373 jubeo,
1008 5315 1325 5376 natumque,
1362 5317 1698 5379 patremque,

324 5393 608 5449 Armileris
637 5393 744 5448 alui
771 5409 908 5464 quos
929 5411 1030 5465 ego
1059 5395 1375 5454 Pannoniis.
1594 5377 1605 5379 _

1594 5377 1605 5379 “
2021 5381 2233 5436 Stoicus
2263 5379 2361 5434 has
2391 5387 2594 5450 partes,
2625 5377 2720 5433 has
2750 5377 3018 5448 Epicurus
3047 5377 3175 5445 agit.

249 5487 484 5543 Nuntius
505 5487 712 5542 Euxino
731 5487 843 5558 jam
876 5504 1020 5546 ηιιηο
1063 5491 1185 5548 volo
1210 5508 1438 5550 currere
1463 5503 1662 5565 pomo,
1950 5475 2107 5530 Salva
2133 5475 2263 5530 mihi
2293 5483 2533 5529 veterum
2562 5479 2779 5527 maneat
2803 5471 2930 5525 dum
2961 5469 3146 5540 regula
3180 5483 3428 5533 morum;

324 5578 395 5636 Ut
421 5580 560 5636 sciat
591 5579 693 5634 hoc
721 5583 985 5651 Superum
1009 5597 1138 5638 cura
1166 5586 1403 5640 secunda
1434 5561 1670 5651 valens;

1449 5561 1634 5641 igneus
1651 5561 1670 5651 ’ς
2023 5565 2196 5622 Ludat
2227 5564 2504 5637 permistis
2530 5563 2710 5620 sobria
2735 5561 2880 5618 Musa
2903 5561 3061 5631 jocis.

249 5671 436 5737 Cmde,
471 5671 618 5741 fuga,
647 5673 885 5728 flammis
907 5685 1111 5730 stratos
1136 5677 1362 5746 periisse
1386 5681 1622 5734 Suevos:

1566 5695 1622 5734 s:
2305 5680 2376 5737 Χ.
2410 5680 2477 5735 1η
2508 5679 2824 5752 Ettmpinam
2855 5673 3174 5732 adulteram.

249 5764 362 5822 Nec
384 5763 631 5823 Rhenum
659 5764 832 5824 Gallis
857 5767 1042 5828 limitis
1068 5785 1190 5829 esse
1215 5772 1357 5830 loco.
1951 5773 2156 5831 Toxica
2179 5775 2430 5849 zelotypo
2453 5774 2607 5833 dedit
2627 5787 2767 5831 uxor
2795 5767 3006 5827 moecha
3036 5769 3272 5838 marito;
