4082 6188
542 269 648 329 827

615 384 724 441 Nec
749 386 883 441 satis
906 386 975 441 ad
1009 393 1245 442 mortem
1271 382 1510 441 credidit
1534 397 1660 441 esse
1678 382 1890 439 datum.

541 480 987 553 Miscuitargenti
1017 481 1238 537 Iethalia
1262 480 1506 552 pondera
1538 479 1676 539 vivi:

614 578 851 648 Cngeret
882 587 941 632 ιιι
969 578 1211 634 celerem
1246 577 1328 632 vis
1350 576 1624 647 geminata
1657 589 1870 631 necem.

548 669 763 725 Dividat
787 671 901 726 lure
932 671 977 725 si
1007 672 1153 742 quis,
1188 670 1391 725 faciunt
1416 668 1657 724 discreta
1698 681 1993 723 venenum.

614 760 1129 818 Antidounnsnmet
1149 762 1240 831 qui
1268 760 1474 816 sociata
1503 760 1672 815 bibet.

549 850 698 923 Ergo
721 853 867 907 inter
897 868 1020 908 sese
1048 853 1173 908 dum
1204 853 1363 907 noxia
1391 851 1586 923 pocula
1616 859 1855 919 certant,

616 941 792 998 Cessit
831 942 1049 998 lethaiis
1077 958 1217 998 noxa
1247 942 1567 999 salutiferae.

542 1035 802 1091 Protinus
832 1045 890 1092 et
916 1051 1119 1093 vacuos
1140 1037 1247 1092 alvi
1278 1037 1488 1107 petiere
1518 1049 1793 1105 recessus,

615 1129 841 1185 Lubrica
873 1130 1106 1202 dejectis
1137 1146 1242 1199 qua
1278 1131 1367 1185 via
1398 1138 1525 1185 nota
1552 1129 1708 1184 cibis.

542 1222 713 1290 Quam
746 1226 829 1293 pia
852 1238 982 1280 cura
1003 1225 1199 1280 deum!
1228 1224 1453 1292 prodest
1493 1222 1774 1278 crudelior
1800 1238 1956 1279 uxor.

625 1318 685 1371 Et
720 1332 843 1373 cum
868 1317 976 1373 fata
999 1319 1210 1383 volunt,
1246 1317 1374 1373 bina
1404 1332 1612 1374 venena
1638 1317 1848 1388 juvant.

1014 1432 1104 1486 XI.
1140 1431 1281 1487 Echo
1312 1431 1381 1485 ad
1404 1433 1674 1503 pictorem.
1765 1486 1773 1493 ,

555 1542 727 1611 Vane,
760 1543 890 1615 quid
915 1543 1139 1601 affecms
1168 1545 1360 1607 faciem
1400 1544 1530 1615 mihi
1561 1560 1789 1623 ponere,
1826 1545 2025 1623 pictor,

625 1640 977 1711 Ignotamque
999 1641 1174 1696 oculis
1203 1641 1495 1701 sollicitare
1510 1640 1701 1699 deam?

548 1732 710 1787 Aeris
733 1745 787 1787 et
812 1731 1007 1803 lingua:
1049 1749 1167 1788 sum
1198 1732 1329 1799 filia,
1366 1744 1542 1797 mater
1573 1733 1751 1791 inanis

621 1823 829 1888 lndicii,
861 1839 1049 1893 vocem
1068 1840 1191 1897 qua:
1223 1827 1343 1880 sine
1374 1835 1558 1880 mente
1590 1839 1745 1896 gero.

545 1912 833 1975 Extremas
866 1925 1127 1984 pereunte
1158 1916 1351 1970 modos
1374 1931 1399 1967 a
1426 1914 1532 1970 [ine
1557 1916 1846 1986 reducens,

627 2009 930 2066 Ludiﬁcata
951 2027 1151 2083 sequor
1172 2012 1334 2067 verba
1360 2013 1536 2068 aliena
1564 2014 1724 2069 meis.

546 2100 783 2158 Auribus
808 2104 860 2158 in
882 2105 1081 2160 vestris
1112 2104 1298 2160 habito
1322 2105 1669 2175 penetrabilis
1703 2105 1855 2161 Eclio
1879 2124 1891 2158 :

620 2194 687 2250 Et
715 2193 762 2250 si
791 2195 870 2249 vis
901 2195 1133 2251 similem
1158 2196 1402 2267 pingere,
1441 2196 1597 2266 pinge
1634 2211 1848 2252 sonum.

650 2306 768 2362 XII.
802 2306 869 2362 In
897 2308 1239 2363 simulacrum
1259 2307 1562 2362 Occasiom’s
1600 2317 1647 2364 et
1680 2308 2030 2366 Paenitentiw.

545 2421 713 2492 Cujus
741 2422 912 2493 opus?
950 2421 1178 2490 Phidiae,
1212 2423 1303 2493 qui
1333 2424 1547 2493 signum
1583 2423 1861 2491 Pallados,
1882 2424 2001 2496 ejus

616 2514 828 2586 Quique
853 2515 1044 2571 Jovem
1081 2514 1233 2582 fecit,
1264 2518 1422 2571 tertia
1458 2516 1635 2586 palma
1658 2532 1759 2587 ego
1782 2533 1924 2573 sum.

548 2606 679 2662 Sum
711 2602 810 2664 dea
834 2623 955 2680 quae
984 2625 1128 2676 rara,
1158 2618 1213 2665 et
1242 2609 1427 2679 paucis
1456 2607 1750 2667 OCCASIO
1776 2619 1926 2666 nota.

617 2698 756 2766 Quid
785 2700 979 2754 rotula:
1002 2699 1248 2755 insistis?
1274 2701 1434 2757 Stare
1457 2703 1577 2758 loco
1600 2717 1835 2773 nequeo.

549 2789 688 2855 Quid
716 2790 911 2845 talaria
945 2792 1154 2846 babes?
1184 2791 1431 2849 Volueris
1454 2807 1596 2848 sum.
1624 2792 1923 2852 Mercurius
1952 2811 2073 2868 quae

621 2881 924 2939 Fortunare
952 2884 1111 2953 solet,
1154 2884 1312 2940 tardo
1339 2901 1461 2956 ego,
1497 2900 1622 2943 cum
1651 2888 1820 2942 volui.

545 2972 710 3030 Crine
734 2977 869 3048 tegis
894 2976 1111 3033 faciem.
1132 2976 1411 3047 ,Cognosci
1442 2977 1601 3039 nolo;
1635 2980 1732 3035 sed
1759 2980 1896 3036 heus
1919 2989 1976 3036 tu

621 3067 851 3137 Occipiti
884 3070 1041 3125 calvo
1064 3085 1143 3125 es.
1161 3070 1239 3125 Nc
1263 3079 1453 3126 tenear
1476 3071 1706 3140 fugiens.

549 3159 684 3225 Quae
711 3161 804 3215 tibi
834 3163 1022 3228 juncta
1054 3163 1274 3216 comes?
1307 3163 1458 3217 Dicat
1478 3163 1595 3219 tibi.
1618 3166 1711 3220 Dic
1742 3181 1878 3235 rogo
1900 3182 2022 3237 qua:
2045 3167 2139 3221 sis.

623 3251 754 3306 Sum
784 3252 886 3306 dea
924 3253 1013 3307 cui
1039 3267 1237 3315 nomen
1270 3268 1371 3309 nec
1390 3254 1584 3310 Cicero
1612 3258 1728 3326 ipse
1753 3257 1924 3313 dedit.

548 3341 678 3397 Sum
705 3343 805 3399 dea
829 3360 949 3414 qua:
976 3344 1103 3401 facti
1132 3359 1239 3401 non
1267 3344 1506 3417 factique
1535 3347 1693 3418 exigo
1726 3363 1939 3419 ptenas.

622 3434 827 3505 Nempe
859 3445 917 3493 ut
948 3437 1236 3507 pteniteat,
1273 3439 1353 3494 sic
1378 3438 1747 3503 ΜΕΤΑΜΕΑ
1779 3456 1961 3503 vocor.

550 3528 630 3584 'I‘u
662 3529 822 3585 modo
848 3530 933 3585 dic
955 3530 1082 3599 quid
1112 3542 1237 3602 agat
1263 3531 1476 3587 tecum?
1503 3531 1560 3589 Si
1588 3534 1806 3605 quando
1833 3536 2033 3606 volavi,

626 3622 751 3678 llaec
780 3632 984 3686 manet,
1013 3623 1153 3678 banc
1177 3625 1410 3687 retinent
1431 3639 1572 3694 quos
1594 3640 1699 3695 ego
1728 3623 1996 3696 pra-terii.

547 3712 626 3767 Tn
655 3728 894 3785 quoque,
918 3714 1045 3770 dum
1077 3714 1305 3788 rogitas,
1331 3714 1460 3770 dum
1487 3719 1861 3787 percontando
1887 3720 2143 3795 moraris,

620 3803 871 3876 Elapsatn
897 3807 1046 3862 dices
1075 3824 1160 3863 me
1183 3810 1278 3863 tibi
1301 3808 1370 3863 de
1397 3809 1673 3864 manibus.

806 3919 941 3975 XIII.
976 3920 1057 3976 De
1076 3921 1252 3993 lepore
1272 3931 1423 3994 capto
1453 3938 1484 3975 a
1505 3937 1634 3977 cane
1663 3924 1890 3981 marino.

550 4032 817 4088 Trinacrii
850 4034 1123 4105 quondam
1163 4046 1474 4092 currentem
1507 4034 1562 4091 in
1608 4036 1810 4093 littoris
1831 4052 1929 4111 ora

617 4127 761 4181 Ante
791 4142 957 4183 canes
983 4128 1223 4199 leporem
1253 4127 1523 4185 caeruleus
1543 4131 1747 4199 rapuit.

550 4216 620 4270 At
639 4217 791 4288 lepus
820 4237 832 4271 :
871 4218 927 4273 In
950 4234 1036 4274 me
1066 4223 1247 4276 omnis
1270 4228 1435 4276 terra:
1457 4221 1745 4294 pelagique
1779 4223 1970 4294 rapina
1998 4234 2106 4291 est,

620 4310 872 4366 Forsitan
895 4323 947 4368 et
977 4312 1125 4382 caeli,
1149 4314 1196 4368 si
1223 4314 1375 4369 cauis
1398 4325 1546 4370 astra
1573 4323 1747 4371 tenet.

550 4421 692 4478 XIV.
722 4421 800 4477 De
825 4420 1345 4496 Pergamoscriplore
1365 4428 1711 4500 fugitivo,qui
1739 4440 1923 4502 captus
1950 4431 2142 4503 fuerat.

1941 267 2123 326 DECII
2162 266 2440 329 AUSONII
3722 262 3819 323 838

2156 382 2204 445 Α
2303 378 2514 449 Conqu
2548 380 2602 436 in
2652 387 2849 436 nostro
2879 378 3123 434 carmine
3148 392 3275 437 cum
3303 377 3538 449 legeret,

2242 472 2455 529 Ludere
2479 488 2568 529 me
2595 472 2757 543 dixit,
2795 472 3042 542 falsoque
3069 470 3123 526 in
3154 485 3340 526 amore
3363 469 3542 539 jocari
3573 486 3584 522 :

2315 568 2485 624 Tanta
2511 566 2588 622 ilii
2614 577 2799 623 nostra
2830 573 2918 620 est
2945 564 3016 621 de
3043 562 3319 634 probitate
3350 561 3508 619 fides.

2672 678 2834 736 XVII.
2866 677 2948 732 Ad
2991 693 3210 734 uxorem
3236 693 3407 732 suam.

2246 800 2416 867 Uxor,
2450 798 2724 863 vivamus,
2753 794 2902 866 quod
2923 794 3175 858 viximus,
3202 804 3257 848 et
3280 800 3566 849 teneamus

2313 891 2540 948 Nomina
2561 905 2682 962 quae
2712 886 2889 960 primo
2920 886 3255 965 sumpsimus
3279 886 3336 941 in
3360 885 3600 942 thalamo
3618 906 3629 951 λ

2242 984 2357 1041 Nec
2385 981 2526 1039 ferat
2556 982 2662 1038 ulla
2681 981 2821 1046 dies,
2850 990 2905 1035 ut
2930 980 3407 1037 commutemurin
3435 993 3581 1039 aevo;

2314 1073 2455 1143 Quin
2486 1073 2581 1131 tibi
2610 1073 2712 1129 sim
2730 1072 2976 1143 juvenis,
3010 1078 3176 1141 tuque
3207 1069 3383 1141 puella
3407 1070 3562 1125 mihi.

2242 1169 2472 1227 Nestore
2501 1167 2603 1223 sim
2632 1165 2883 1239 quamvis
2917 1164 3252 1236 provectior,
3277 1164 3580 1235 aemulaque
3608 1164 3761 1219 annis

2316 1262 2516 1318 Vincas
2538 1261 2835 1315 Cumanam
2860 1269 2915 1313 tu
2942 1272 3159 1328 quoque
3187 1256 3507 1326 Deiplioben
3532 1272 3547 1322 ;

2242 1355 2355 1412 Nos
2389 1355 2704 1425 ignoremus
2730 1351 2857 1422 quid
2887 1351 2959 1406 sit
2986 1359 3196 1405 matura
3228 1358 3511 1406 senectus.

2314 1446 2471 1504 Scire
2498 1446 2607 1502 aevi
2628 1446 2917 1510 incertum,
2947 1458 3051 1498 non
3090 1457 3381 1499 numerare
3405 1441 3585 1498 decet.

2536 1559 2724 1617 XVIII.
2756 1558 2822 1614 In
2851 1557 3061 1614 Meroen
3089 1574 3249 1613 anum
3274 1558 3553 1612 ebriosum.

2243 1680 2344 1749 Qui
2373 1676 2608 1751 primus,
2633 1672 2894 1743 MEROE,
2936 1688 3131 1728 nomen
3159 1671 3255 1729 tibi
3283 1672 3554 1741 condidit,
3590 1672 3681 1727 ille

2171 1772 2218 1832 B
2315 1770 2569 1829 Thesidae
2601 1782 2801 1827 nomen
2828 1765 3077 1823 condidit
3102 1766 3424 1838 Hippolyto.

2244 1864 2375 1921 Nam
2401 1863 2650 1919 divinare
2673 1869 2779 1930 esst,
2809 1874 3007 1916 nomen
3035 1874 3388 1932 componere,
3414 1857 3558 1931 quod
3587 1858 3664 1919 sit

2318 1955 2596 2021 Fortunas,
2629 1967 2866 2019 morum,
2892 1952 2980 2008 vel
3008 1954 3164 2007 necis
3195 1951 3480 2007 indicium.

2166 2036 2173 2039 ’
2247 2047 2560 2117 Protesilae,
2589 2045 2901 2109 tibinomen
2927 2043 3008 2099 sic
3028 2042 3135 2098 fata
3163 2044 3434 2100 dederunt
3461 2060 3473 2094 :

2321 2141 2548 2197 Victima
2577 2138 2721 2209 quod
2753 2137 2932 2207 Trojae
2957 2138 3129 2207 prima
3161 2137 3379 2194 futurus
3406 2154 3552 2205 eras.

2247 2235 2466 2291 Idmona
2499 2233 2641 2303 quod
2670 2242 2870 2297 vatem,
2892 2231 3163 2286 medicum
3188 2231 3331 2302 quod
3360 2231 3544 2304 Iapida
3568 2232 3780 2301 dicunt,

2321 2326 2617 2382 Diseendas
2644 2334 2792 2381 artes
2817 2324 3038 2381 nomina
3070 2326 3425 2394 przeveniunt.

2250 2421 2314 2475 Et
2341 2427 2395 2474 tu
2418 2419 2520 2486 sic,
2555 2420 2739 2474 Meroe
2765 2436 2776 2471 :
2802 2434 2911 2473 non
2937 2418 3079 2489 quod
3103 2419 3179 2475 sis
3201 2428 3319 2475 atra
3343 2420 3555 2487 colore,

2323 2511 2389 2568 Ut
2418 2527 2541 2581 quae
2569 2510 2770 2567 Niliaca
2794 2511 3039 2566 nascitur
3068 2512 3119 2566 in
3145 2511 3356 2579 Ileroe;

2251 2603 2488 2662 Infusum
2511 2604 2606 2659 sed
2628 2603 2771 2675 quod
2802 2604 2988 2659 vinum
3021 2617 3130 2660 non
3157 2603 3323 2660 diluis
3346 2606 3527 2673 undis,

2318 2696 2516 2751 Potare
2540 2694 2851 2751 immixtum
2872 2705 3030 2752 sueta
3049 2710 3369 2767 uterumque
3390 2711 3599 2754 merum
3614 2740 3632 2752 .

2690 2806 2834 2863 XIX.
2880 2806 3120 2863 Nemesis
3147 2824 3175 2862 e
3203 2805 3406 2864 Graeco.

2244 2920 2333 2978 Me
2358 2921 2593 2995 lapidem
2622 2921 2896 2997 quondam
2921 2922 3105 2978 Persa:
3129 2920 3425 2989 advexere,
3469 2930 3735 2991 trepmutn

2321 3017 2396 3075 Ut
2423 3016 2609 3073 fierem
2642 3015 2818 3084 bello;
2848 3030 2991 3070 nunc
3018 3028 3122 3084 ego
3146 3029 3266 3068 sum
3306 3012 3635 3069 NEMESIS.

2253 3114 2321 3166 At
2345 3111 2483 3166 sicut
2513 3108 2717 3165 Grmcis
2742 3106 3045 3163 victoribus
3075 3108 3230 3161 adeto
3265 3113 3556 3177 tropaum,

2322 3202 2497 3257 Puuio
2526 3201 2607 3257 sic
2629 3200 2822 3255 Persas
2853 3201 3174 3269 vaniloquos
3209 3198 3476 3254 Nemesis.

2522 3314 2642 3387 XX.
2676 3312 2755 3367 De
2780 3314 3027 3368 varietate
3049 3314 3295 3386 formum,
3328 3329 3355 3367 ε
3380 3310 3592 3367 Gra'co.

2247 3427 2530 3484 Thesauro
2561 3429 2808 3495 invento,
2842 3428 2934 3497 qui
2965 3427 3156 3493 limina
3184 3427 3376 3495 inertis
3396 3425 3597 3493 inibat,

2320 3520 2505 3591 Liquit
2530 3535 2697 3581 ovans
2720 3520 2977 3590 laqueum
3002 3534 3109 3587 quo
3134 3522 3404 3589 periturus
3421 3530 3565 3575 erat.

2247 3615 2317 3670 At
2337 3614 2454 3686 qui,
2476 3613 2624 3685 quod
2653 3620 2815 3671 terra:
2835 3610 3142 3680 abdiderat,
3177 3626 3289 3668 non
3339 3615 3592 3684 repperit
3630 3627 3825 3677 autum,

2317 3706 2492 3774 Quem
2517 3704 2769 3777 laqueum
2800 3705 3032 3776 invenit,
3060 3706 3272 3775 nexuit,
3306 3719 3359 3765 et
3390 3707 3577 3779 periit.

2783 3794 2925 3880 XXI.
2959 3823 3111 3879 Idem
3140 3825 3316 3881 aliter.

2247 3945 2347 4012 Qui
2375 3942 2631 4014 laqueum
2659 3942 2802 3998 collo
2819 3941 3090 4007 nectebat,
3113 3942 3357 4012 repperit
3376 3957 3595 4009 aurum,

2318 4034 2696 4105 Tbcsaurique
2726 4035 2846 4091 loco
2873 4034 3126 4105 deposuit
3150 4035 3425 4106 laqueum.

2246 4128 2319 4182 At
2340 4127 2431 4197 qui
2456 4125 2802 4192 condiderat,
2822 4137 3110 4197 ptiStquam
3142 4143 3247 4182 non
3279 4130 3525 4199 repperit
3551 4142 3765 4197 aurum,

2320 4220 2540 4290 Aptavit
2561 4220 2706 4277 collo
2729 4236 2890 4292 quem
2921 4221 3129 4292 reperit
3155 4222 3430 4293 laqueum.

2500 4333 2667 4390 XXII.
2702 4332 2782 4390 De
2800 4322 3593 4406 Thrasybulo'Laccdamtonio.

2257 4450 2471 4522 Excipis
2497 4450 2729 4506 adverso
2758 4450 2901 4521 quod
2936 4460 3156 4520 pectore
3194 4451 3421 4505 vulnera
3449 4459 3663 4520 septem
3687 4466 3702 4514 ;

545 4539 679 4596 Tam
702 4544 888 4611 segnis
914 4543 1148 4614 scriptor
1175 4558 1336 4615 quam
1361 4544 1567 4615 lentus,
1600 4544 1895 4619 Pergame,
1918 4562 2137 4627 cursor,
2170 4535 2223 4598 Ι)
2318 4545 2481 4599 Arma
2511 4543 2900 4614 supervelteris
2928 4543 3099 4618 quod,
3128 4542 3491 4615 Tttrasybule,
3526 4554 3615 4598 tua
3652 4562 3665 4596 :

614 4630 842 4702 Fugisti,
869 4643 924 4688 et
957 4634 1130 4703 primo
1154 4646 1347 4706 captus
1368 4650 1426 4690 es
1454 4635 1507 4690 in
1539 4630 1739 4691 stadio.

550 4721 691 4791 Ergo
719 4732 874 4780 notas
899 4727 1105 4799 scripto
1137 4724 1403 4797 tolerasti,
1440 4728 1722 4799 Pergame,
1756 4730 1930 4809 vultu,

619 4815 690 4872 Et
716 4833 847 4889 quas
873 4821 1119 4891 neglexit
1140 4821 1388 4888 dextera,
1413 4821 1566 4878 frons
1592 4825 1821 4896 patitur.

948 4935 1064 4992 XV.
1088 4934 1158 4992 In
1176 4936 1413 4994 eumdem
1436 4935 1770 5012 Pergamum.

547 5052 833 5124 Pergame,
869 5066 977 5106 non
999 5061 1152 5108 recte
1175 5051 1393 5122 punitus
1420 5069 1435 5108 :
1468 5053 1644 5123 fronte
1669 5054 1864 5115 subisti

619 5144 957 5217 Supplicium
987 5145 1147 5202 lentae
1174 5146 1321 5218 quod
1342 5163 1598 5217 meruere
1639 5162 1855 5219 manus.

547 5239 621 5294 At
648 5247 726 5309 tn,
755 5239 843 5309 qui
871 5237 1146 5306 dominus,
1178 5241 1455 5308 peccantia
1498 5241 1744 5313 membra
1774 5256 1993 5311 coerce.

619 5329 885 5407 Iujustum
921 5330 1084 5387 falsos
1109 5332 1426 5389 excruciare
1450 5347 1596 5391 reos.

546 5422 655 5476 Aut
676 5423 917 5493 ipseribe
951 5424 1132 5491 istam,
1160 5437 1411 5495 quameo
1439 5425 1552 5499 vult
1580 5425 1844 5494 scribere,
1867 5426 2140 5507 dentiam,

617 5518 723 5580 Aut
751 5517 1011 5590 profugos
1037 5517 1162 5581 ferri
1197 5516 1440 5593 pondere
1462 5527 1618 5593 pecte
1641 5517 1832 5594 pedes.

1036 5630 1178 5708 XVI.
1214 5630 1289 5707 υς
1314 5647 1366 5707 ὃς
1388 5639 1433 5697 et
1468 5647 1649 5704 more.

548 5740 743 5806 Laidos
772 5755 827 5805 ct
850 5742 1131 5826 Glycerae,
1172 5746 1389 5805 lasciva!
1418 5748 1641 5807 nomine
1673 5748 1856 5817 fama,

2247 4636 2361 4693 Non
2386 4638 2544 4691 dolor
2573 4637 2661 4691 hic
2683 4640 2875 4706 patris,
2905 4635 3110 4691 Pnana:
3134 4637 3229 4692 sed
3253 4637 3425 4708 gloria
3460 4637 3662 4707 major.

2319 4730 2517 4786 Rarum
2549 4741 2659 4788 tam
2690 4730 2921 4819 pulchro
2953 4731 3148 4787 funere
3177 4748 3340 4803 posse
3363 4733 3487 4788 frui.

2245 4824 2416 4894 Quem
2451 4834 2736 4898 postquam
2756 4832 2950 4882 mmsto
2978 4825 3115 4881 socii
3146 4842 3380 4896 posuere
3410 4827 3635 4891 feretro,

2318 4918 2467 4974 Talia
2498 4918 2875 4989 magnanimus
2904 4918 3077 4975 edidit
3099 4934 3223 4975 orsa
3252 4930 3411 4992 pater
3439 4937 3454 4975 :

2248 5009 2404 5066 Flete
2430 5011 2590 5073 alios,
2644 5024 2804 5066 natus
2827 5011 3083 5082 lacrymis
3107 5026 3213 5067 non
3245 5013 3446 5083 indiget
3480 5011 3628 5080 ullis,

2321 5102 2389 5158 Et
2410 5118 2586 5171 tuens,
2615 5115 2669 5159 et
2694 5103 2838 5169 talis,
2870 5114 2925 5160 et
2950 5103 3424 5161 Lacedamonius.

2670 5216 2862 5274 XXIII.
2889 5216 2964 5274 De
2986 5217 3210 5276 Leaena
3236 5230 3423 5276 matre.

2248 5333 2420 5390 Mater
2444 5333 2666 5389 Laczrna
2694 5335 2888 5407 clypeo
2916 5336 3210 5393 obarmatis
3250 5335 3440 5404 filium,

2317 5424 2451 5481 Cum
2483 5426 2609 5503 hoc,
2639 5427 2832 5511 inquit,
2856 5439 2947 5507 aut
2982 5427 3038 5505 in
3066 5427 3169 5484 hoc
3199 5430 3336 5485 redi.

2639 5537 2831 5609 XXIV.
2856 5539 2924 5617 lg
2950 5540 3156 5605 divitem
3181 5542 3478 5631 quemdam.

2247 5651 2479 5720 Quidam
2501 5656 2768 5724 superbus
2794 5655 2990 5726 apibus
3017 5665 3073 5713 et
3099 5655 3253 5713 fastu,
3279 5668 3516 5723 tumens.

2328 5744 2673 5818 Tantumque
2697 5747 2882 5814 verbis
2912 5747 3133 5814 nobilis,
