4082 6188
555 238 655 302 831

628 362 722 417 Dic
747 359 878 418 mihi
897 404 912 430 ,
937 358 1096 416 Rufe.
1125 359 1319 415 Taces.
1350 356 1436 414 Nil
1467 357 1562 415 tibi
1593 366 1699 414 tam
1731 358 1908 415 simile
1937 369 2043 415 est.

1015 473 1177 532 XLII.
1213 474 1286 530 De
1311 475 1489 529 cadent
1511 473 1708 533 tabula.

557 591 722 653 HAEC
745 593 864 650 Rufi
895 592 1074 649 tabula
1103 601 1207 648 est.
1236 591 1324 648 Nil
1350 593 1550 649 verius.
1577 591 1699 664 Ipse
1729 590 1818 647 ubi
1845 589 2053 647 Rufus?

626 689 682 746 In
708 686 988 746 cathedra.
1021 685 1162 756 Quid
1191 687 1340 758 agit?
1372 687 1510 752 Ifoc,
1541 685 1684 759 quod
1715 695 1771 743 et
1800 685 1855 743 in
1888 685 2094 742 tabula.

1007 802 1195 860 XLIII.
1231 804 1310 860 De
1335 804 1510 861 eodem
1541 803 1705 877 Rufo.

559 918 934 979 REMINISCO
961 916 1136 974 Rufus
1164 917 1302 973 dixit
1331 917 1386 972 in
1417 932 1576 973 versu
1605 931 1745 972 suo:

555 1013 694 1071 COR
723 1029 855 1086 ergo
885 1027 1100 1081 versus,
1127 1013 1235 1067 imo
1262 1010 1435 1067 Rufus
1466 1025 1575 1068 non
1603 1011 1784 1067 habet.

1160 1127 1348 1184 XLIV.
1382 1126 1549 1183 Idem.

558 1249 663 1321 Qui
693 1247 1062 1306 REMINISCO
1091 1254 1247 1317 putat
1272 1261 1332 1302 se
1357 1245 1537 1301 dicere
1560 1258 1720 1314 posse
1749 1243 1970 1300 Latine:

562 1345 693 1414 llic,
739 1344 830 1400 ubi
879 1343 970 1400 C0
1006 1343 1268 1413 scriptum
1316 1351 1430 1407 est,
1486 1339 1693 1410 legeret
1736 1338 1907 1407 COR,
1965 1340 2009 1394 si
2067 1353 2163 1396 cor

1786 1434 2050 1510 [haberct.

1033 1533 1195 1592 XLV.
1231 1532 1309 1590 De
1333 1533 1512 1588 eodem
1537 1533 1696 1603 Rufo.

565 1653 740 1709 Rufus
766 1658 990 1708 vocatus
1018 1649 1207 1706 rhetor
1235 1649 1366 1705 olim
1396 1647 1462 1704 ad
1491 1647 1728 1718 nuptias,

635 1741 848 1800 Celebri
879 1743 963 1815 (ut
992 1741 1072 1813 fit)
1106 1741 1378 1805 convivio.

567 1835 950 1890 Grammatice:
977 1841 1034 1889 ut
1062 1835 1195 1889 artis
1220 1849 1280 1889 se
1311 1834 1544 1904 peritum
1577 1831 1926 1900 ostenderet,

641 1927 768 1981 Hmc
791 1934 912 1980 vota
937 1926 1074 1981 dixit
1101 1925 1303 1994 nuptiis
1327 1943 1342 1981 :

570 2019 638 2075 Et
661 2017 980 2084 masculini,
1014 2028 1069 2073 et
1100 2016 1342 2072 feminini
1370 2016 1596 2087 gignite,

641 2109 977 2180 Generisque
1004 2109 1182 2164 neutri
1217 2107 1377 2165 filios.

954 2221 1141 2278 XLVI.
1171 2220 1351 2294 Imago
1387 2221 1507 2291 Rufi
1535 2221 1776 2278 rhetoris.

569 2337 709 2393 ORE
737 2335 984 2407 pulchro,
1018 2343 1074 2391 et
1094 2349 1190 2390 ore
1213 2342 1384 2389 muto.
1416 2333 1568 2390 Scire
1598 2333 1680 2389 vis
1704 2348 1824 2404 qua:
1845 2331 1984 2388 sim?
2012 2331 2168 2390 Volo.

643 2429 826 2500 Imago
855 2426 978 2483 Rufi
1010 2426 1248 2483 rhetoris
1274 2425 1552 2482 Pictavici.

573 2522 789 2577 Diceret
811 2520 908 2576 sed
931 2521 1068 2591 ipse,
1097 2519 1292 2576 vellem
1311 2564 1327 2590 ,
1353 2519 1562 2575 Rhetor
1587 2517 1692 2576 hoc
1713 2518 1806 2576 mi.
1834 2519 1950 2576 Non
1973 2528 2168 2592 potest.

641 2613 790 2670 Cur?
818 2613 937 2684 Ipse
967 2613 1158 2668 rhetor
1183 2622 1266 2667 est
1297 2610 1476 2681 imago
1505 2611 1774 2683 imaginis.

836 2769 840 2773 ι
906 2725 1113 2782 XLVII.
1152 2725 1228 2780 De
1253 2725 1436 2779 eadem
1466 2725 1591 2795 Ruﬁ
1621 2732 1815 2779 statua.

575 2841 832 2896 Rhetoris
860 2839 978 2896 haec
1005 2839 1126 2894 Rufi
1153 2847 1328 2895 statua
1363 2849 1466 2894 est.
1503 2837 1559 2895 Si
1591 2853 1780 2909 saxea,
1812 2836 1958 2894 Rufi.

643 2935 753 2991 Cur
781 2933 834 2990 id
861 2932 973 2989 ais?
995 2946 1220 3003 semper
1245 2947 1444 2988 saxeus
1474 2932 1590 3003 ipse
1612 2932 1732 2987 fuit.

789 3047 1019 3104 XLVIII.
1050 3045 1128 3103 De
1153 3046 1383 3119 Diogene
1405 3045 1599 3116 Cynico
1625 3046 1958 3117 philosopho.

573 3161 710 3219 Pera
733 3201 748 3226 ,
793 3160 1012 3230 polenta
1033 3201 1047 3225 ,
1083 3159 1293 3227 tribon,
1330 3159 1577 3228 baculus,
1605 3159 1870 3231 scyphus,
1905 3166 2053 3212 arcta
2083 3172 2173 3213 su-

1856 3249 1991 3304 ellcx

1856 3265 1885 3304 e

649 3342 751 3397 Ista
778 3342 876 3397 f'uit
905 3340 1091 3414 Cynici
1117 3358 1130 3396 :
1158 3341 1252 3396 sed
1287 3348 1436 3410 l'rutat
1468 3339 1608 3396 hanc.
1639 3250 1885 3404 ηἰιιιίἑιῗι.

576 3435 820 3506 Namque
845 3439 993 3491 cavis
1023 3433 1273 3490 manibus
1301 3449 1535 3490 cernens
1559 3445 1747 3506 potare
1776 3434 2066 3489 bubulcum
2085 3479 2100 3506 ,

649 3528 778 3599 Cur,
809 3529 1037 3601 scyphe,
1072 3539 1144 3593 te,
1178 3527 1352 3596 dixit,
1383 3539 1535 3598 gesto
1565 3529 1998 3600 supervacuum?

827 3639 1018 3698 XLIX.
1053 3639 1127 3696 De
1157 3639 1356 3709 Crwso,
1387 3651 1436 3696 et
1461 3641 1636 3696 eodem
1664 3639 1917 3714 Diogene.

578 3755 858 3827 Effigiem,
892 3769 989 3810 rex
1018 3754 1226 3820 Crasse,
1259 3763 1405 3809 tamn
1428 3795 1443 3822 ,
1471 3753 1740 3810 ditissime
1771 3769 1958 3825 regum
1981 3795 1997 3821 ,

648 3849 795 3905 Vid.t
823 3848 966 3920 apud
1001 3862 1188 3903 manes
1218 3847 1491 3918 Diogenes
1521 3845 1780 3918 Cynicus.

579 3943 840 4000 Constitit
869 3951 1034 4014 utque
1062 3940 1286 4014 procul,
1312 3941 1477 3996 solito
1504 3942 1709 4009 majore
1735 3939 1998 3996 cachinno

649 4033 981 4102 Coticussus,
1013 4033 1151 4090 dixit
1177 4051 1190 4088 :
1220 4033 1357 4101 Quid
1389 4034 1480 4089 tibi
1509 4032 1713 4088 divitiae

574 4128 729 4184 Nune
755 4138 1020 4199 prosunt,
1047 4144 1234 4200 regum
1263 4145 1355 4184 rex
1390 4144 1421 4182 ο
1452 4128 1736 4195 ditissimc,
1767 4143 1887 4184 cum
1915 4129 1989 4184 sis

647 4227 801 4281 Sicut
830 4241 933 4298 ego
958 4227 1126 4291 solus.
1157 4242 1244 4283 me
1270 4242 1488 4298 quoque
1519 4227 1838 4298 pauperior?

1944 242 2129 301 DECII
2169 242 2446 303 AUSONII
3759 251 3851 308 833

2181 360 2232 420 Α
2330 359 2541 417 Taurus
2566 374 2779 417 amans.
2812 359 3006 418 Pastor
3033 375 3157 418 cum
3187 377 3354 433 grege
3383 364 3560 422 mittet
3587 380 3775 437 agens.

2589 475 2721 533 LIV.
2757 476 2835 532 De
2861 479 3046 533 eadem
3077 477 3316 550 Myronis
3345 479 3554 536 bucula.

2261 592 2430 650 Erea
2457 595 2718 665 mugitum
2743 603 2960 666 poterat
2988 595 3120 652 dare
3147 612 3309 653 vacca
3339 598 3574 670 Myronis
3600 618 3614 656 :

2334 686 2441 743 Sed
2472 686 2626 742 timet
2652 687 2875 744 artiﬁcis
2904 686 3153 744 deterere
3177 689 3473 760 ingenium.

2263 778 2493 850 Fingere
2518 793 2642 834 nam
2671 777 2900 835 similem
2933 780 3090 847 vivae,
3120 796 3284 850 quam
3315 783 3522 849 vivere,
3556 781 3674 855 plus
3704 793 3812 851 est;

2331 868 2442 928 Nec
2462 878 2590 926 sunt
2611 869 2749 926 facta
2775 870 2862 927 dei
2893 871 3030 926 mira
3049 913 3063 936 ,
3093 873 3192 930 sed
3214 873 3463 932 artificis.

2688 983 2799 1040 LV.
2830 982 3034 1039 Eadem
3061 986 3249 1040 bucula
3275 986 3336 1040 de
3357 1003 3432 1042 se.

2263 1098 2430 1155 lErea
2457 1097 2558 1154 bos
2584 1107 2840 1155 steteram
2865 1140 2882 1166 ,
2914 1107 3151 1155 mactata
3175 1110 3258 1156 est
3284 1114 3446 1157 vacca
3475 1100 3753 1168 Minervzc,

2337 1191 2443 1248 Sed
2466 1191 2564 1248 dea
2596 1191 2882 1263 proflatam
2911 1193 3186 1248 transtulit
3216 1192 3326 1248 huc
3354 1194 3614 1250 animam.

2266 1283 2329 1339 Et
2357 1282 2521 1339 modo
2549 1299 2669 1339 sum
2697 1282 2898 1356 duplex
2929 1303 2940 1336 :
2974 1299 3099 1356 pars
3127 1300 3270 1340 aerea
3289 1327 3304 1352 ,
3341 1300 3468 1356 pars
3494 1284 3751 1343 animata.

2335 1375 2464 1433 Haec
2493 1391 2684 1432 manus
2714 1377 2937 1433 artificis
2965 1377 3183 1447 dicitur,
3218 1379 3310 1434 illa
3339 1379 3484 1435 Dea).

2592 1491 2730 1548 LVI.
2763 1491 2843 1548 De
2871 1494 3050 1550 eadem
3080 1493 3320 1567 Myronis
3347 1496 3555 1553 bucula.

2266 1606 2504 1664 Necdum
2535 1606 2743 1665 caduco
2771 1607 2907 1676 sole,
2938 1608 3051 1679 jam
3081 1609 3186 1665 sub
3211 1624 3459 1681 vespere,

2193 1743 2242 1805 Β
2269 1703 2468 1774 Ageret
2493 1702 2756 1771 juvencas
2784 1719 2906 1758 cum
2929 1703 3155 1760 'demum
3185 1715 3368 1776 pastor
3394 1719 3543 1771 suas,

2269 1795 2434 1852 Suam
2461 1796 2794 1866 relinqttens,
2828 1811 2916 1852 me
2946 1798 3218 1865 minabat,
3251 1806 3308 1853 ut
3335 1812 3507 1853 suam.

2711 1908 2873 1966 LVII.
2908 1909 2989 1967 De
3008 1911 3183 1967 eadem
3208 1912 3417 1966 bucula.

2268 2021 2441 2080 Unam
2465 2022 2755 2092 juvencam
2785 2033 2974 2094 pastor
3001 2023 3142 2080 forte
3170 2025 3448 2091 amiserat,

2341 2112 2749 2185 Numerumque
2773 2113 2956 2184 jussus
2985 2113 3238 2182 reddere,

2271 2207 2356 2263 Me
2386 2207 2622 2264 defuisse
2650 2209 3106 2279 conquerebatur,
3136 2209 3290 2281 sequi

2347 2303 2479 2370 Quae
2514 2302 2810 2359 noluissem
2839 2311 3088 2360 caeteras.

2639 2414 2818 2472 LVIII.
2856 2416 2989 2486 Quae
3015 2433 3196 2473 sexum
3227 2418 3496 2472 mutarint.

2274 2528 2586 2587 Vallebana:
2622 2531 2785 2602 (nova
2814 2544 2922 2600 res,
2947 2541 3000 2586 et
3028 2532 3118 2586 vix
3141 2531 3409 2588 credenda
3442 2531 3621 2604 poetis
3645 2551 3658 2585 :

2347 2621 2454 2677 Sed
2486 2637 2607 2692 qua:
2634 2621 2701 2678 de
2728 2637 2858 2678 vera
2889 2623 3159 2693 promitur
3185 2623 3436 2694 historia)

2275 2712 2589 2770 Femineam
2617 2714 2670 2769 in
2700 2714 2937 2785 speciem
2969 2716 3242 2771 convertit
3272 2715 3549 2771 masculus
3579 2715 3694 2771 ales
3722 2733 3733 2768 :

2349 2805 2601 2878 Pavaque
2627 2807 2695 2863 de
2720 2822 2862 2878 pavo
2890 2809 3136 2864 constitit
3159 2817 3287 2864 ante
3316 2808 3526 2863 oculos.

2274 2898 2466 2955 Cuncti
2497 2899 2838 2955 admirantur
2869 2911 3168 2956 monstrum
3197 2921 3208 2954 :
3243 2900 3339 2956 sed
3365 2901 3580 2956 mollior
3609 2916 3743 2969 agna

2348 2992 2579 3064 Adstitit
2599 2993 2655 3048 in
2683 3002 2930 3050 tenerum
2957 2994 3024 3050 de
3049 3010 3211 3066 grege
3241 3010 3395 3051 versa
3426 3010 3658 3049 marem.

2201 3121 2247 3184 Ο
2277 3085 2416 3154 Quid
2445 3086 2625 3141 stolidi
2654 3087 2719 3140 ad
2750 3087 2984 3158 speciem
3014 3096 3154 3143 nota:
3185 3088 3440 3142 novitatis
3468 3086 3710 3141 hebetis?

2347 3178 2431 3232 Au
2461 3193 2559 3233 vos
2590 3178 2819 3234 Nasonis
2851 3180 3089 3235 carmina
3118 3196 3222 3234 non
3252 3180 3467 3251 legitis?

2276 3269 2498 3326 Crenida
2526 3273 2796 3328 convertit
2829 3274 3010 3343 proles
3037 3275 3288 3329 Saturnia
3321 3275 3571 3330 Consus:

2347 3362 2728 3434 An‘tbiguoquc
2757 3365 2853 3420 fuit
2877 3381 3105 3437 corpore
3135 3366 3394 3422 Tiresias.

2280 3454 2428 3510 Vidit
2452 3455 2769 3511 semivirum
2805 3456 2925 3512 fons
2948 3460 3213 3514 Salmacis
3240 3459 3768 3529 Hermaphroditum.

2348 3547 2497 3603 Vidit
2525 3549 2815 3606 nubentem
2849 3549 3056 3605 Plinius
3087 3552 3496 3623 Androgynum.

2277 3638 2386 3695 Nec
2410 3642 2541 3696 satis
2565 3643 2845 3713 antiquum
2867 3685 2883 3711 ,
2917 3644 3060 3714 quod
3093 3645 3366 3715 Campana
3394 3644 3447 3700 in
3474 3645 3780 3700 Benevento

2352 3732 2502 3787 Unus
2529 3733 2862 3803 epheborum
2889 3735 3046 3804 virgo
3071 3745 3297 3805 repente
3323 3735 3444 3792 fuit.

2277 3821 2414 3878 Nolo
2443 3832 2621 3880 tamen
2653 3827 2856 3882 veteris
2879 3827 3206 3884 documenta
3235 3845 3515 3904 arcessere
3550 3829 3726 3886 famar.

2354 3918 2494 3974 Ecce
2520 3934 2620 3990 ego
2649 3936 2771 3976 sum
2801 3921 2975 3977 factus
3003 3922 3197 3980 femina
3233 3923 3299 3980 de
3325 3939 3516 3994 puero.

2451 4034 2588 4090 LIX.
2621 4035 2701 4090 De
2729 4036 2962 4104 Achilla,
2987 4039 3076 4110 qui
3109 4038 3355 4094 dissecuit
3393 4038 3698 4093 calvariam.

2279 4152 2507 4222 Abjecta
2531 4152 2586 4208 in
2611 4152 2784 4211 triviis
2815 4154 3078 4210 inhumati
3107 4155 3294 4226 glabra
3321 4153 3539 4226 jacebat

2353 4245 2518 4301 Testa
2545 4245 2804 4314 hominis,
2833 4247 3036 4303 nudum
3068 4247 3180 4318 jam
3213 4257 3335 4304 cute
3357 4248 3655 4303 calvitium.

573 4317 706 4374 Nam
730 4332 1085 4390 quaecumque
1107 4317 1520 4385 habui,mecum
1543 4318 1695 4374 fero:
1730 4333 1854 4373 cum
1893 4315 2026 4373 nihil
2061 4317 2178 4390 ipse
2281 4336 2574 4394 novel-um
2599 4339 2690 4393 alii
2719 4357 2729 4391 ;
2763 4337 2893 4394 ne“,
2925 4354 3030 4394 ηοη
3066 4315 3247 4395 imm”
3280 4341 3548 4405 Αειηηηε,

652 4413 728 4468 Ex
763 4412 928 4467 tantis
955 4418 1172 4478 tecum,
1202 4411 1412 4480 Crtese,
1450 4411 1596 4468 feras
1621 4412 1834 4483 opibus.

842 4525 903 4581 L.
940 4525 1023 4579 Ad
1051 4524 1325 4580 Dwdalnm
1353 4527 1414 4580 de
1442 4524 1629 4580 bucula
1666 4524 1923 4596 Myronis.

580 4641 822 4709 Dardale,
853 4657 950 4696 cur
983 4653 1118 4694 vana
1146 4639 1427 4695 consumis
1452 4639 1506 4694 in
1531 4648 1651 4694 arte
1683 4639 1966 4693 laborem?

647 4732 730 4787 Me
759 4733 940 4804 potius
965 4731 1167 4788 clausa:
1193 4729 1402 4800 subjice
1435 4730 1738 4800 Pasiphaae.

583 4824 869 4881 Illecebras
899 4840 1042 4881 verm
1072 4828 1115 4880 si
1142 4825 1221 4882 vis
1248 4825 1404 4890 dare,
1432 4823 1670 4890 Daedale,
1701 4837 1903 4892 vaccae,

655 4918 788 4976 Viva
816 4917 909 4974 tibi
943 4917 1154 4988 species
1182 4933 1342 4973 vacca
1377 4916 1615 4989 Myronis
1638 4918 1761 4972 erit.

1129 5033 1215 5090 LI.
1245 5033 1448 5091 Eadem
1465 5035 1532 5089 de
1559 5051 1634 5090 se.

579 5155 826 5219 Errasti,
856 5149 1148 5208 attendens
1179 5150 1298 5206 haec
1325 5150 1414 5206 ilia
1448 5161 1632 5206 nostra
1653 5191 1670 5217 ,
1701 5149 1950 5221 juvence.

653 5244 771 5302 Non
799 5258 992 5301 manus
1018 5242 1241 5298 artiﬁcis
1269 5241 1351 5298 lac
1380 5241 1530 5298 dedit
1557 5241 1834 5299 uberibus.

1202 5357 1309 5414 LII.
1343 5357 1561 5412 Eadem.

580 5454 747 5510 Pasce
764 5469 953 5524 greges
965 5454 1153 5526 procul
1169 5453 1316 5522 hinc,
1335 5468 1422 5522 ne,
1441 5466 1646 5525 quazso,
1663 5451 2178 5525 lntlmlee,‘;llfyronis

653 5547 769 5616 Ais,
803 5548 972 5604 veluti
1000 5548 1237 5620 spirans,
1268 5562 1391 5603 cum
1421 5545 1598 5602 bubus
1624 5546 1889 5618 exagites.

1185 5661 1318 5718 LIII.
1355 5662 1573 5719 Eadem.

583 5749 669 5807 Me
695 5752 894 5811 vitulus
925 5767 1180 5824 cernens,
1211 5755 1508 5827 immugiet.
1543 5754 1716 5812 lrruct
1748 5753 1800 5810 in
1831 5769 1917 5812 me
2005 5824 2013 5830 ι

2351 4429 2577 4499 Insuper
2603 4440 2656 4485 et
2676 4430 2846 4486 silicis
2869 4432 3099 4488 verbere
3129 4431 3411 4488 dissecuit.

2205 4513 2258 4574 Ι)
2285 4520 2508 4575 Eminus
2538 4536 2669 4590 ergo
2696 4523 2804 4577 icto
2829 4521 2992 4577 rediit
3025 4523 3164 4594 lapis
3193 4525 3336 4579 ultor
3362 4523 3431 4578 ab
3459 4537 3585 4578 osse
3614 4540 3628 4575 :

2352 4611 2714 4683 Auctorisque
2741 4613 2822 4668 sui
2856 4614 3089 4670 frontem
3119 4616 3417 4684 oculosque
3447 4615 3602 4686 petit.

2278 4705 2369 4760 Sic
2396 4706 2600 4759 utinam
2629 4714 2810 4762 certos
2830 4721 3020 4762 manus
3048 4707 3211 4778 impia
3232 4707 3430 4778 dirigat
3455 4708 3619 4773 ictus,

2354 4799 2649 4854 Auctorem
2679 4809 2737 4854 ut
2763 4799 2960 4855 feriant
2992 4800 3094 4856 tela
3127 4810 3336 4857 retorta
3358 4818 3536 4856 suum.

2391 4910 2503 4967 LX.
2541 4911 2616 4968 De
2642 4912 2837 4968 Alcone
2863 4916 3084 4985 medico,
3119 4925 3166 4970 et
3208 4915 3440 4991 Diodoro
3471 4916 3767 4987 Imruspire.

2280 5025 2581 5099 Languenti
2611 5027 2792 5084 Marco
2818 5029 2954 5084 dixit
2989 5029 3258 5085 Diodorus
3291 5030 3587 5101 haruspex,

2353 5122 2433 5178 Ad
2458 5124 2619 5177 vitam
2651 5140 2754 5177 non
2787 5123 2907 5194 plus
2928 5138 3025 5179 sex
3056 5139 3346 5194 superesse
3371 5125 3508 5180 dies.

2278 5216 2383 5272 Sed
2409 5215 2649 5272 medicus
2678 5215 2820 5272 divis
2845 5219 3072 5288 fatisque
3097 5217 3374 5288 potentior
3404 5217 3576 5272 Alcon
3614 5234 3626 5268 :

2281 5345 2288 5352 -
2355 5307 2570 5363 Falsum
2601 5309 2839 5364 convicit
2860 5309 3004 5364 illico
3033 5309 3428 5380 haruspicium,

2288 5399 2677 5478 Tractavitque
2705 5415 2923 5455 manum
2953 5400 3168 5467 victuri,
3196 5401 3246 5456 ni
3280 5397 3569 5472 tetigisset.

2358 5493 2505 5549 Illico
2534 5507 2656 5548 nam
2681 5493 2859 5549 Marco
2883 5507 2979 5550 sex
3006 5494 3218 5565 periere
3239 5494 3378 5549 dies.

2488 5627 2626 5686 LXI.
2662 5629 2739 5686 De
2760 5631 2908 5703 signa
2935 5629 3102 5700 lovis,
3133 5642 3181 5687 et
3216 5631 3410 5688 Alcone
3438 5631 3656 5687 medico.

2285 5750 2451 5807 Alcon
2485 5747 2744 5807 hesterno
2790 5749 3000 5822 signum
3033 5749 3180 5808 Iovi-1
3213 5751 3409 5822 attigit.
3446 5750 3560 5818 Ille,
