4082 6188
244 240 362 299 833

323 352 583 422 Quamvis
609 364 975 422 marmoreus,
1006 355 1113 410 vim
1147 356 1346 427 patitur
1377 359 1593 416 medici.

244 447 390 503 Ecce
414 447 578 505 hodie
598 450 785 520 jussus
815 450 1093 507 transferri
1124 468 1190 508 ex
1214 452 1569 511 :rde'rctttsta

317 538 552 596 Effertur
581 558 594 594 :
620 542 870 613 quamvis
889 543 961 599 sit
991 543 1155 613 Deus,
1186 553 1353 616 atque
1389 545 1547 618 lapis.

608 657 770 714 LXII.
799 658 867 713 In
890 659 1186 716 Eunomnm
1206 662 1485 718 medicum.

236 770 611 842 Languentem
644 773 833 830 Caium
861 776 1182 832 moriturum
1210 775 1429 833 dixerat
1454 777 1586 833 olim

315 865 598 924 Eunomus
620 868 827 924 :evasit
848 868 943 924 fati
970 884 1097 939 ope,
1122 885 1231 926 non
1260 871 1484 928 medici.

240 957 416 1015 Paulo
442 968 569 1030 post
593 959 769 1032 ipsum
797 961 965 1031 videt,
995 972 1091 1017 aut
1119 962 1323 1019 vidisse
1352 964 1560 1033 putavit

313 1052 648 1122 Pallentcm,
672 1064 728 1111 et
750 1055 915 1113 multa
947 1057 1138 1113 mortis
1168 1056 1223 1113 in
1256 1056 1454 1130 efﬁgie.

237 1146 374 1216 Quis
395 1154 451 1202 tu
474 1147 498 1201 2
524 1146 707 1212 Caius,
734 1150 829 1203 ait.
869 1147 1134 1205 Vivisne?
1165 1147 1264 1205 llic
1292 1150 1503 1206 abnuit.
1535 1149 1606 1206 At
1642 1150 1771 1223 quid

309 1237 467 1295 Nunc
497 1239 611 1312 agis
643 1239 774 1296 hic?
806 1240 973 1296 Missu
1003 1241 1162 1310 Ditis,
1194 1243 1291 1313 ait,
1333 1244 1512 1299 venio.

239 1329 333 1401 Ut,
359 1331 489 1403 quia
513 1331 762 1387 notitiam
788 1347 1079 1404 rerumque
1112 1334 1503 1407 hominumque
1535 1344 1800 1405 tenerem,

307 1422 561 1480 Acciretn
590 1424 859 1481 medicos.
894 1425 1175 1481 Eunomus
1201 1426 1460 1497 obriguit.

232 1515 381 1573 Tum
427 1516 634 1574 Caius:
687 1517 904 1574 Metuas
954 1517 1112 1586 nihil,
1157 1518 1405 1575 Eunomo
1433 1536 1449 1586 ;
1480 1518 1603 1576 dico
1648 1535 1752 1592 ego
1783 1528 1842 1578 et

1598 1612 1837 1685 fomites,

306 1699 527 1758 Nullum
552 1701 643 1773 qui
671 1710 913 1773 saperet,
944 1701 1128 1758 dicere
1158 1712 1210 1759 te
1236 1701 1530 1759 medicum.

562 1812 746 1871 LXIII.
776 1814 845 1869 In
875 1815 1137 1872 hominem
1175 1817 1311 1872 vocis
1354 1817 1585 1872 absonos.

236 1928 502 1988 Latratus
536 1933 866 2001 catulorum,
900 1932 1147 1990 hinnitus
1178 1935 1336 2006 ﬁngis
1378 1950 1671 2007 equorum,

304 2024 788 2097 Caprigenumque
821 2041 1014 2097 pet-us,
1057 2025 1440 2099 lanigerosque
1467 2044 1660 2098 greges

235 2115 431 2174 Balatu
452 2116 734 2175 adsitnilas
758 2136 771 2175 :
795 2122 981 2176 asinos
1006 2135 1221 2191 quoque
1255 2121 1453 2177 rudere
1483 2121 1657 2190 dicas,

302 2208 446 2264 Cum
473 2209 556 2266 vis
586 2209 908 2267 Arcadicum
942 2211 1165 2283 ﬁngere,
1200 2212 1403 2281 Marce,
1433 2228 1618 2283 pecus.

234 2283 519 2357 Gallorum
551 2309 767 2369 cantus,
801 2312 858 2358 et
878 2314 1104 2359 ovantes
1130 2311 1348 2372 gutture
1377 2319 1593 2373 corvos,

303 2394 382 2450 Et
409 2395 677 2467 quidquid
707 2411 904 2452 vocum
937 2397 1113 2453 bellua
1141 2407 1199 2454 et
1222 2398 1336 2455 ales
1361 2399 1551 2455 habet.

231 2487 434 2543 Omnia
453 2502 580 2543 cum
609 2488 834 2545 simules
856 2489 930 2544 ita
959 2505 1111 2556 vere,
1143 2499 1204 2545 ut
1232 2490 1358 2546 ﬁcta
1388 2498 1651 2562 negentur
1676 2509 1691 2545 :

300 2579 429 2636 Non
454 2587 611 2651 potes
639 2579 892 2637 humana:
918 2583 1069 2638 vocis
1092 2582 1294 2639 habere
1327 2598 1549 2639 sonum.

416 2693 604 2750 LXIV.
632 2694 716 2750 Ex
744 2694 951 2764 Grtvco,
986 2698 1134 2774 ἀρχή
1159 2698 1217 2754 τὸ
1254 2699 1415 2770 ἥμισυ
1444 2699 1657 2760 παντὸς.

232 2807 445 2879 Incipc.
474 2809 772 2865 Dimidium
803 2809 933 2866 facti
953 2819 1060 2877 est,
1084 2814 1340 2882 empisse.
1372 2812 1623 2884 Supersit

301 2899 624 2957 Dimidium.
656 2900 894 2957 Rursum
925 2902 1029 2957 hoc
1051 2901 1230 2971 incipe
1268 2921 1281 2956 :
1316 2912 1369 2958 et
1399 2902 1624 2959 efﬁcies.

774 3014 935 3071 LXV.
971 3014 1055 3071 Ea:
1098 3015 1305 3073 (ἕν-(τοο.

495 3138 551 3188 ’Δ
576 3132 739 3209 χάρις
766 3130 800 3187 ἁ
824 3130 1131 3209 βραδύπους
1159 3129 1359 3211 ἄχαρις
1390 3135 1571 3211 χάρις.

237 3222 461 3291 Gratia,
485 3239 609 3294 quae
639 3222 790 3279 tarda
832 3233 938 3293 est,
972 3224 1181 3296 ingrata
1210 3235 1317 3282 est.
1353 3224 1543 3281 Gratia
1572 3239 1805 3298 namque

308 3316 451 3373 Cum
476 3317 595 3375 ﬁeri
622 3327 906 3391 properat,
929 3319 1115 3390 gratia
1146 3327 1297 3391 grata
1321 3319 1515 3393 magis.

845 3432 1032 3490 LXVI.
1055 3432 1231 3490 Idem.

233 3553 288 3610 Si
318 3552 462 3609 bene
488 3549 617 3623 quid
639 3549 828 3619 facias,
856 3549 1027 3607 facias
1053 3550 1164 3607 cito
1196 3566 1211 3616 ;
1246 3564 1372 3606 nam
1392 3549 1503 3607 cito
1527 3549 1732 3607 factum

231 3642 468 3702 Gratum
498 3641 926 3713 erit:ingratum
954 3640 1128 3714 gratia
1152 3639 1302 3698 tarda
1331 3641 1478 3698 facit.

484 3760 496 3797 ’
568 3756 780 3815 LXVII.
808 3756 876 3814 In
900 3757 1220 3816 Saltatorem
1243 3758 1499 3829 ineptum.

232 3877 489 3950 Decepta:
516 3875 640 3934 felix
667 3891 829 3935 casus
849 3891 911 3933 se
937 3876 1162 3933 miscuit
1183 3875 1312 3932 arti.

305 3967 538 4038 Histria,
570 3967 789 4026 saltavit
810 3969 902 4040 qui
927 3968 1205 4039 Capanea,
1234 3966 1370 4024 ruit.

236 4060 411 4130 Idem,
443 4061 535 4133 qui
566 4060 774 4118 Nioben
800 4061 1027 4116 saltavit
1044 4074 1268 4129 saxeus,
1291 4069 1352 4116 ut
1370 4068 1483 4117 tum
1556 4052 1561 4055 ’

307 4153 603 4224 Spectator
642 4168 826 4210 veram
848 4150 1153 4210 crediderit
1177 4150 1410 4210 Nioben.

241 4242 301 4302 In
333 4242 574 4314 Canace,
595 4244 744 4301 visus
776 4244 948 4302 multo
979 4244 1187 4302 felicior
1215 4244 1332 4314 ipsa
1362 4263 1373 4295 :

309 4336 471 4405 Quod
500 4351 607 4393 non
633 4336 721 4394 hic
746 4335 930 4408 gladio
956 4338 1169 4395 viscera
1203 4335 1483 4393 dissecuit.

749 4449 980 4507 LXVIII.
1029 4448 1112 4505 De
1141 4449 1340 4506 eodem.

240 4564 507 4638 Daphnen
523 4573 580 4623 et
602 4565 813 4623 Nioben
844 4565 1063 4622 saltavit
1084 4565 1275 4622 simius
1305 4564 1475 4632 idem,

315 4657 556 4731 Ligneus
583 4669 642 4715 ut
672 4658 919 4730 Daphne,
951 4673 1149 4717 saxeus
1173 4668 1232 4716 ut
1257 4657 1451 4717 Niobe.

707 4793 897 4853 LXIX.
938 4794 1185 4853 Dodralis
1212 4797 1373 4867 potio.

244 4904 428 4966 Dodra
455 4923 523 4967 ex
546 4908 815 4968 dodrante
843 4919 944 4968 est.
966 4911 1058 4968 Sic
1086 4910 1308 4984 collige:
1320 4910 1433 4982 jus,
1453 4910 1842 4982 aqua,vinum,

319 5004 437 5072 Sal,
462 5003 666 5075 oleum,
697 5005 873 5076 panis,
907 5004 1044 5073 mel,
1092 5005 1269 5077 piper,
1295 5003 1485 5074 herba,
1514 5017 1736 5061 novem.

797 5134 961 5195 LXX.
991 5138 1067 5194 De
1093 5138 1290 5194 eadem.

248 5252 434 5313 Dodra
461 5267 649 5314 vocor.
673 5254 809 5323 Quae
834 5254 1039 5311 causa?
1084 5252 1289 5311 Novem
1312 5254 1525 5326 species
1548 5266 1697 5326 gero.

1518 5346 1673 5421 [Quae
1683 5352 1808 5402 sunt
1823 5344 1848 5401 ‘!

246 5442 369 5515 Ius,
389 5459 552 5518 aqua,
568 5446 701 5513 mel,
715 5443 921 5511 vinum,
937 5441 1300 5514 panis,piper,
1320 5439 1512 5509 herba,
1527 5442 1729 5507 oleum,
1749 5437 1847 5496 sal.

579 5536 772 5595 LXXI.
795 5536 872 5594 De
885 5536 1067 5593 eadem
1093 5535 1264 5592 dodra
1289 5534 1514 5608 potione.

255 5649 425 5730 Δὸδρα
446 5652 604 5715 πότος
633 5656 721 5710 καὶ
746 5652 961 5727 ἀριθμός
987 5649 1124 5723 ἔχω,
1150 5651 1283 5724 μέλι,
1307 5644 1453 5720 οἶνον,
1478 5647 1675 5718 ἔλαιον,

250 5740 458 5823 Ἄρτον,
488 5744 640 5813 ἅλας,
669 5744 903 5819 βοτάνην,
934 5744 1124 5816 ζωμὸν,
1147 5739 1308 5819 ὕδωρ,
1330 5742 1537 5818 πέπερι.

1632 245 2136 308 ΕιδιοιιΑιιιιΑτΑ
2150 291 2164 306 .

1872 368 1922 427 Δ

1866 3137 1913 3201 C

1865 4501 1924 4565 D

3448 259 3556 320 834

2257 365 2468 423 LXXII.
2507 367 2795 425 Pulchrum
2820 372 2905 428 dei
2926 387 3252 443 responsum.

1953 476 2154 536 Doctus
2184 479 2352 554 Ilylas
2374 490 2563 552 caestu,
2595 484 2843 556 Phegeus
2869 496 3022 544 catus
3044 497 3165 545 arte
3191 488 3483 561 palaestrae,

2022 569 2213 628 Clarus
2233 573 2569 646 Olympiacis
2593 586 2650 637 et
2676 575 2854 650 Lycus
2875 578 2930 635 in
2959 578 3174 647 stadiis,

1949 662 2033 719 An
2062 675 2288 734 possent
2328 683 2522 725 omnes
2550 678 2783 728 venturo
2809 672 3028 730 vincere
3065 688 3261 745 agone,

2022 756 2382 815 llammonem
2413 759 2594 834 Libya:
2623 763 2957 822 consuluere
2978 766 3159 822 deum.
3200 772 3235 813 α

1947 846 2055 906 Sed
2084 850 2239 917 deus,
2270 864 2327 908 ut
2353 853 2609 925 sapiens:
2633 856 2855 913 dabitur
2881 859 3109 917 victoria
3137 859 3295 917 vobis

2022 941 2333 999 Iudubitata
2360 946 2603 1018 quidem,
2639 949 2684 1004 si
2714 950 2976 1019 caveatis,
3021 950 3120 1017 ait,

1946 1031 2029 1089 Ne
2051 1034 2174 1104 quis
2204 1035 2396 1108 Ilylam
2426 1049 2596 1095 caestu
2616 1083 2631 1108 ,
2665 1057 2735 1097 ne
2762 1042 2883 1113 quis
2912 1045 3215 1103 certamine
3245 1045 3408 1102 lucta:

2018 1125 2258 1199 Phegea,
2284 1144 2353 1186 ne
2377 1145 2542 1188 cursu
2574 1142 2650 1203 te,
2681 1133 2853 1207 Lyce,
2881 1146 3188 1207 prmtereat.

1946 1237 2182 1296 LXXIII.
2213 1239 2293 1297 De
2313 1242 2589 1313 Narcisso,
2612 1247 2700 1317 qui
2720 1249 2802 1303 sui
2823 1248 2987 1320 ipsius
3013 1267 3194 1309 amore
3214 1262 3399 1326 captus
3419 1268 3549 1313 erat.

1947 1351 2006 1409 Si
2031 1368 2266 1427 cuperes
2291 1356 2482 1424 alium,
2509 1372 2722 1429 posses,
2752 1359 3030 1429 Narcisse,
3074 1364 3253 1435 potiri.

2018 1446 2173 1504 Nunc
2200 1448 2294 1506 tibi
2323 1450 2529 1507 amoris
2549 1450 2708 1509 adest
2733 1452 2888 1525 copia
2913 1472 2927 1508 :
2952 1454 3161 1513 fructus
3184 1458 3366 1515 abest.

2456 1565 2693 1623 LXXIV.
2714 1566 2792 1623 De
2812 1571 3013 1626 eodem.

1942 1675 2082 1747 Quid
2110 1691 2216 1733 non
2248 1692 2317 1733 ex
2343 1676 2507 1750 hujus
2534 1678 2707 1736 forma
2750 1690 3028 1752 pateretur
3057 1691 3291 1751 amator,

1872 1757 1926 1820 Β
2020 1770 2138 1840 Ipse
2164 1786 2316 1826 suam
2340 1771 2430 1841 qui
2457 1771 2538 1827 sic
2562 1772 2775 1843 deperit
2797 1773 3032 1845 efﬁgiem
3049 1777 3075 1829 ἲ

1978 1884 2187 1941 LXXV.
2223 1884 2291 1941 In
2315 1883 2462 1940 Eclio
2488 1885 2744 1943 dolentem
2765 1899 2977 1960 propter
3000 1899 3211 1945 mortem
3243 1887 3502 1945 Narcissi.

1942 2001 2336 2068 Commoritur,
2365 2000 2642 2070 Narcisse,
2672 2002 2768 2059 tibi
2800 2002 3133 2060 resonabilis
3158 2003 3332 2075 Echo,

2014 2093 2175 2151 Vocis
2198 2094 2267 2150 ad
2295 2103 2575 2151 extremos
2608 2095 2918 2151 exanimata
2964 2095 3182 2153 modos.

1943 2186 2010 2243 Et
2031 2186 2311 2258 pereuntis
2340 2185 2523 2243 adhuc
2549 2188 2810 2259 gemitum
2840 2199 3089 2244 resecuta
3118 2189 3380 2261 querelis,

2012 2278 2211 2336 Ultima
2240 2293 2343 2335 nec
2363 2280 2530 2336 etiam
2560 2279 2725 2335 verba
2751 2278 3026 2351 loquentis
3054 2289 3219 2337 amat.

2011 2411 2251 2470 LXXVI.
2277 2413 2358 2468 Ad
2378 2412 2677 2485 Apollinem
2690 2413 2756 2469 de
2780 2415 3003 2487 Daphne
3025 2416 3203 2485 puella
3228 2419 3475 2489 fugiente.

1944 2529 2092 2588 Pone
2110 2544 2323 2599 arcum,
2357 2530 2541 2596 Paaan,
2568 2531 2888 2604 celeresque
2904 2532 3143 2590 reconde
3171 2535 3396 2604 sagittas
3426 2552 3440 2589 :

2014 2620 2134 2678 Non
2160 2631 2211 2676 te
2227 2615 2387 2693 'virgo
2414 2620 2573 2693 fugit,
2598 2621 2693 2678 sed
2721 2631 2809 2678 ttta
2840 2622 2947 2679 tela
2974 2623 3147 2680 timet.

2048 2739 2310 2798 LXXVII.
2338 2741 2419 2796 Ad
2451 2743 2718 2809 corticem,
2751 2760 2855 2815 quo
2896 2741 3116 2817 Daplme
3145 2742 3434 2816 tegebatur.

1942 2855 2150 2925 Invide,
2179 2871 2279 2913 cur
2306 2870 2593 2940 properas,
2624 2866 2833 2928 cortex,
2861 2859 3080 2929 operire
3108 2859 3397 2932 puellam?

2015 2948 2229 3008 Laurea
2251 2949 2485 3008 debetur
2510 2948 2741 3021 Phoebo,
2774 2951 2820 3007 si
2850 2951 3005 3025 virgo
3043 2962 3294 3023 negatur.

2051 3088 2334 3147 LXXVIII.
2369 3089 2437 3145 In
2466 3088 2599 3145 duas
2625 3105 2830 3146 sorores
2869 3090 3192 3147 diversorum
3213 3107 3437 3152 morum.

1947 3205 2122 3272 Delia.
2152 3220 2250 3263 vos
2280 3206 2583 3263 miramur:
2620 3216 2673 3263 et
2707 3214 2794 3264 est
2815 3206 3087 3277 mirabile,
3118 3207 3264 3279 quod
3296 3215 3405 3265 tam

2015 3298 2317 3356 Dissimiles
2337 3299 2491 3366 estis,
2525 3308 2693 3371 tuque
2716 3313 2987 3372 sororque
3015 3310 3123 3355 tua.

1942 3388 2069 3446 Ilaec
2097 3390 2286 3448 habitu
2312 3398 2627 3458 casto,cum
2652 3405 2760 3447 non
2788 3386 3058 3458 sit,casta'
3075 3391 3331 3459 videtur;

2012 3481 2094 3539 Tu
2124 3493 2327 3555 prteter
2355 3483 2563 3539 cultum
2592 3482 2667 3538 nil
2693 3482 3004 3539 meretricis
3030 3482 3223 3541 babes.

1944 3575 2082 3632 Cum
2130 3577 2267 3631 casti
2317 3590 2499 3632 mores
2537 3574 2632 3631 tibi
2661 3574 2794 3643 sint,
2827 3574 2955 3631 huic
2980 3575 3163 3631 cultus
3193 3575 3459 3633 honestus
3492 3594 3509 3635 :

2012 3669 2093 3728 Te
2120 3678 2299 3726 tamen
2328 3678 2385 3726 et
2410 3668 2593 3725 cultus
2629 3668 2876 3738 damnat,
2906 3677 2966 3726 et
3005 3676 3160 3726 actus
3183 3685 3324 3727 eam.

2204 3804 2447 3862 LXXIX.
2481 3803 2550 3860 In
2577 3804 2831 3861 Venerem
2854 3806 3268 3878 anadyomenen.

1946 3922 2228 3980 Emersam
2257 3921 2431 3994 pelagi
2462 3936 2633 3994 nuper
2658 3921 2995 3993 genitalibus
3023 3920 3186 3978 undis

2012 4016 2224 4089 Cyprio
2255 4015 2464 4087 Apellei
2496 4030 2665 4073 cerne
2695 4014 2899 4071 laboris
2931 4029 3067 4087 opus
3100 4034 3112 4069 :

1946 4109 2016 4167 Ut
2050 4109 2338 4182 complexa
2371 4124 2533 4166 manu
2567 4109 2817 4167 madidos
2846 4109 2979 4166 salis
3008 4124 3231 4182 :equore
3258 4109 3440 4167 crines

2016 4203 2327 4259 Ilumidulis
2354 4217 2578 4275 spumas
2607 4204 2828 4277 stringit
2869 4213 3097 4277 utraque
3130 4206 3324 4262 contis.

1942 4297 2061 4354 Jam
2102 4294 2199 4353 tibi
2232 4309 2361 4363 nos,
2396 4295 2589 4368 Cypri,
2622 4296 2765 4352 Juno
2793 4296 2968 4369 inquit
3001 4305 3059 4354 et
3086 4297 3290 4355 innuba
3321 4294 3543 4365 Pallas,

2015 4386 2293 4457 Cedimus,
2321 4396 2379 4445 et
2400 4387 2591 4445 forma:
2620 4388 2843 4460 prtemia
2869 4388 3189 4447 deferimus.

2306 4519 2525 4579 LXXX.
2549 4519 2615 4576 In
2641 4536 2864 4593 puerum
2883 4522 3187 4592 formosum.

1950 4639 2087 4694 Dum
2133 4636 2349 4695 dubitat
2393 4645 2609 4704 natura,
2657 4651 2904 4704 marem,
2937 4635 3217 4694 faceretne
3258 4634 3495 4708 puellam
3529 4649 3549 4694 :

2023 4730 2220 4787 Factus
2248 4745 2369 4798 es,o
2396 4729 2648 4803 pulcher,
2684 4743 2825 4802 pene
2845 4728 3051 4801 puella,
3079 4744 3238 4801 puer.

2022 4840 2260 4901 LXXXI.
2286 4841 2364 4899 De
2382 4843 2609 4915 quodam
2641 4842 2808 4899 Silvio
2834 4840 3013 4910 Bono,
3040 4843 3269 4914 quierat
3302 4842 3474 4900 Brito.

1948 4957 2160 5016 Silvius
2189 4958 2285 5015 ille
2312 4958 2523 5027 Bonus,
2548 4957 2641 5030 qui
2661 4956 2904 5015 carmina
2933 4966 3121 5015 nostra
3154 4957 3400 5027 lacessit,

2019 5049 2215 5107 Nostra
2242 5050 2414 5122 magis
2439 5049 2639 5108 meruit
2657 5049 2888 5108 disticha
2917 5049 3075 5107 Brito
3100 5049 3307 5107 Bonus.

2452 5183 2718 5243 LXXXII.
2747 5185 2825 5242 De
2852 5185 3055 5243 eodem.

1949 5301 2152 5362 Silvius
2180 5299 2270 5360 hic
2296 5300 2481 5358 Bonus
2505 5309 2613 5359 est.
2648 5300 2785 5370 Quis
2817 5300 3021 5359 Silvius
3048 5299 3074 5356 7
3099 5298 3207 5357 Iste
3230 5296 3548 5357 Britannus.

2028 5396 2136 5454 Aut
2163 5395 2309 5453 Brito
2340 5394 2431 5452 hic
2453 5408 2565 5452 non
2589 5404 2674 5453 est
2701 5392 2926 5463 Silvius,
2956 5400 3056 5451 aut
3089 5391 3265 5449 malus
3287 5400 3393 5451 est.

2461 5529 2749 5589 LXXXIII.
2777 5529 2861 5586 De
2888 5529 3090 5588 eodem.

1959 5646 2159 5707 Silvius
2187 5647 2290 5704 iste
2319 5645 2505 5703 Bonus
2533 5643 2729 5713 fertur,
2762 5643 3047 5716 ferturque
3075 5641 3414 5701 Britannus:

2031 5737 2165 5808 Quis
2187 5736 2377 5797 credat
2402 5735 2582 5795 civem
2612 5734 2981 5808 degenerasse
3006 5733 3209 5794 bonum
3236 5735 3263 5792 τ
