4082 6188
577 260 682 339 sas
1980 245 2159 304 oscu

2276 237 2476 300 ISONII
3762 227 3858 288 836

1036 367 1326 426 LXXXIV,
1362 367 1438 423 De
1463 368 1659 422 eodem,
2207 372 2247 426 Α
2279 358 2634 410 Cunctantem
2665 352 2796 406 satis
2815 357 2899 404 cst
2927 365 2941 415 ;
2968 360 3090 403 nam
3119 345 3279 417 digna
3311 350 3397 402 est
3420 342 3678 415 sanguine
3700 353 3861 400 mater

579 485 750 541 Nemo
778 483 951 539 bonus
978 482 1128 537 Brito
1150 482 1326 538 cstzsi
1357 481 1587 552 simplex
1619 479 1817 536 Silvius
1839 491 1960 535 esse
2354 449 2611 504 Ν·¹¹⁰¹”¹¹¹¹¹
2644 463 2656 510 ³
2688 454 2775 500 ma
2808 459 2914 499 "0"
2946 444 3192 506 demra’
3224 439 3601 496 Timomacm'

652 578 901 650 Incipiat,
927 577 1159 649 simplex
1186 579 1402 634 desinat
1430 591 1554 634 esse
1583 575 1788 631 Bonus.
2808 554 2990 611 ΧΟΙΙΙο
3026 553 3092 608 In
3119 557 3369 608 eamdem.

1067 693 1332 751 LXXXV.
1369 691 1448 748 De
1478 693 1676 748 eodem.
2283 677 2416 746 Quis
2441 686 2491 733 te
2523 675 2788 746 pictorum
2818 670 3110 734 simulavit,
3148 671 3380 742 pessima
3413 669 3656 734 Colchis,

2353 771 2413 826 In
2444 779 2602 826 natos
2623 768 2852 824 crudum
2885 766 3108 822 volvere
3135 777 3317 820 meme
3347 763 3504 819 nefas
3533 761 3556 815 Τ

2280 863 2466 934 Usque
2496 863 2702 918 adeone
2725 861 2846 916 sitis
2873 873 3166 930 puerorum
3198 857 3418 912 haurire
3445 871 3730 922 cruorem,

2355 958 2424 1014 Ut
2447 973 2516 1013 ne
2549 958 2692 1028 picta
2718 953 2939 1026 quidem
2969 967 3195 1025 parcere
3222 949 3376 1006 caule
3407 949 3540 1006 velis
3571 949 3594 1002 ?

2278 1051 2548 1108 Numnam
2577 1060 2629 1108 te
2659 1051 2836 1121 pellex
2867 1047 3111 1104 stimulat
3141 1047 3164 1100 ?
3193 1059 3396 1100 numne
3420 1043 3560 1099 alter
3585 1043 3761 1110 lason,

583 803 788 862 Silvius
821 804 910 860 hic
949 804 1129 860 Bonus
1158 815 1258 860 est.
1292 805 1397 861 Sed
1432 804 1586 860 Brito
1629 812 1715 860 est
1763 802 1964 860 Silvius
2007 801 2173 858 idem.

655 895 970 966 Simplicior
995 911 1084 951 res
1111 907 1188 950 est
1206 938 1220 964 ,
1253 896 1485 962 credite,
1509 896 1659 951 Brito
1681 895 1876 950 malus.

1047 1012 1337 1068 LXXXVI.
1377 1013 1450 1068 De
1473 1013 1672 1068 eodem.

578 1127 716 1184 Silvi
736 1172 750 1196 ,
783 1127 953 1196 Brito,
991 1127 1178 1183 Bonus
1209 1145 1222 1194 ;
1258 1130 1509 1198 qnzunvis
1531 1129 1696 1184 homo
1726 1143 1832 1183 non
1866 1128 2035 1183 bonus
2054 1141 2178 1184 esse
2351 1145 2537 1200 Αιιεη
2559 1144 2648 1200 νει
2669 1143 2899 1210 Glauce,
2931 1149 3061 1197 sum
3091 1139 3188 1195 ubi
3217 1153 3382 1194 causa
3413 1137 3605 1192 necis?

651 1223 836 1281 Ferris
861 1242 872 1278 :
905 1239 1008 1280 nec
1034 1239 1094 1281 se
1117 1225 1236 1295 quit
1259 1223 1490 1295 jungere
1517 1223 1666 1280 Brito
1692 1223 1866 1280 Bono.

2279 1239 2423 1307 Quin
2449 1254 2518 1294 ne
2544 1239 2684 1309 picta
2715 1237 2937 1308 quidem
2981 1236 3058 1290 sis
3085 1233 3316 1290 barbara
3342 1232 3366 1286 'i
3396 1244 3629 1301 namque
3655 1230 3732 1285 tui
3767 1229 3853 1283 vim

987 1337 1296 1395 LXXXVII.
1326 1337 1395 1393 In
1423 1336 1744 1411 Furippum.
2353 1333 2494 1389 Cera
2525 1342 2686 1390 tenax
2717 1331 2820 1387 zeli
2853 1329 3094 1400 concipit
3115 1326 3483 1382 immodicam.

2277 1430 2466 1486 Laudo
2509 1430 2922 1486 'I‘imomaclium
2950 1468 2966 1494 ,
3001 1433 3233 1482 matrem
3276 1421 3418 1493 quod
3450 1419 3625 1492 pinxit
3661 1420 3716 1474 in
3742 1433 3856 1474 ense

499 1443 519 1460 '
575 1450 712 1507 Pars
743 1459 796 1507 te
827 1449 1126 1522 Furippum
1160 1451 1385 1517 vecitat,
1416 1466 1543 1520 pars
1574 1467 1704 1506 vero
1736 1448 2063 1521 Forippum,

2346 1521 2730 1588 Cunctantem,
2763 1520 2934 1592 prolis
2964 1518 3231 1591 sanguine
3263 1532 3332 1572 ne
3361 1513 3622 1572 maculet.

653 1543 840 1600 Altera
875 1543 1213 1614 producens.
1249 1545 1421 1600 altera
1448 1543 1776 1614 corripiens.
1814 1612 1834 1628 .

582 1634 736 1706 Elige
773 1645 954 1691 utrum
988 1637 1143 1692 malis
1173 1654 1185 1690 :
1227 1647 1320 1691 aut
1348 1637 1544 1703 tende,
1585 1646 1681 1692 aut
1708 1634 1922 1708 corripe
1950 1650 2171 1693 nomen.
2636 1659 2818 1717 XC”.
2857 1659 2923 1713 ιη
2953 1673 3146 1713 meum
3172 1665 3218 1710 ει
3245 1655 3514 1709 claudum.

647 1727 947 1784 conveniet
973 1728 1334 1798 quadv's’mr
1367 1727 1587 1793 furiose”
1621 1727 1737 1782 "DL
2205 1755 2249 1818 Β
2278 1777 2523 1834 Insidens
2552 1790 2702 1831 casco
2733 1774 2981 1844 graditur
3003 1770 3141 1843 pede
3167 1769 3397 1826 claudus
3428 1777 3686 1837 utroque.

969 1864 1304 1920 LXXXVIII.
1345 1864 1558 1936 Epicuri
1579 1866 1776 1936 opinio.

2347 1871 2469 1940 Quo
2496 1877 2646 1924 caret
2677 1868 2961 1932 alteruter,
2992 1863 3159 1920 sumit
3188 1864 3257 1918 ab
3289 1862 3573 1917 alterutro.

2276 1962 2468 2020 Caecus
2511 1975 2742 2030 namque
2767 1956 2932 2030 pedes
2956 1955 3150 2012 claudo
3177 1967 3533 2026 gressumque
3557 1950 3815 2007 ministrat
3840 1966 3850 2003 :

2351 2056 2416 2112 At
2441 2054 2673 2112 claudus
2701 2067 2850 2109 careo
2881 2049 3082 2107 lumina
3109 2065 3208 2121 pro
3231 2047 3478 2121 pedibus.

2886 2163 3046 2222 XCV.
3078 2162 3249 2219 Idem.

2277 2284 2314 2336 Α
2327 2280 2533 2337 mbulat
2563 2279 2808 2336 insidens
2835 2293 3003 2345 caeco,
3041 2276 3177 2348 pede
3199 2285 3392 2346 captus
3419 2284 3657 2345 utroque
3682 2290 3693 2326 :

2347 2373 2520 2442 Atque
2549 2370 2759 2426 alterna
2783 2370 2928 2425 subit
2956 2367 3138 2423 munia
3165 2366 3439 2422 debilitas.

2275 2463 2407 2518 Nam
2437 2477 2617 2520 caacus
2645 2462 2838 2519 claudo
2860 2460 3003 2532 pede
3029 2459 3344 2518 commodat
3372 2475 3384 2510 :
3411 2457 3502 2514 ille
3523 2457 3760 2514 vicissim

577 1979 733 2046 Quod
765 1988 848 2037 est
874 1979 1112 2044 beatum,
1143 1989 1317 2034 morte
1338 1989 1391 2034 et
1415 1989 1676 2034 aeternum
1706 1993 1916 2044 carens,

575 2072 684 2129 Nec
712 2074 814 2129 sibi
842 2074 980 2144 parit
1012 2074 1310 2144 negotium,
1338 2087 1438 2129 nec
1455 2073 1632 2128 alteri.

948 2208 1242 2265 LXXXIX.
1281 2209 1355 2264 De
1371 2207 1580 2263 homine
1604 2208 1773 2280 pigro.

573 2326 752 2384 Sanus
786 2325 939 2396 piger
971 2323 1234 2379 febriente
1259 2323 1429 2378 multo
1451 2333 1535 2378 est
1563 2321 1812 2392 nequior.

575 2417 735 2474 Potat
763 2416 1010 2488 duplum,
1046 2416 1322 2487 dapesque
1355 2414 1600 2486 duplices
1629 2413 1874 2470 devorat.

993 2555 1104 2613 XC.
1141 2554 1208 2612 In
1232 2554 1402 2612 Didas
1424 2555 1725 2628 imaginem.
2348 2556 2528 2612 Mutua
2559 2555 2653 2611 dat
2680 2568 2828 2610 caeco
2855 2553 3057 2609 lumina
3091 2566 3190 2623 pro
3223 2550 3472 2623 pedibus.

568 2693 668 2749 Illo
694 2707 794 2764 ego
817 2708 935 2748 sum
965 2692 1100 2749 Dido
1121 2693 1293 2762 vultu,
1325 2709 1488 2764 quem
1511 2692 1807 2765 conspicis,
1833 2691 2059 2763 boSpes,
2670 2696 2855 2754 XCVI.
2888 2696 2966 2752 De
2987 2696 3144 2751 divite
3164 2705 3209 2750 et
3241 2711 3485 2768 paupere.

645 2783 958 2841 Assimilata
991 2785 1168 2840 modis
1193 2784 1531 2856 pulchraque
1562 2784 1832 2847 miriﬁcis,

2276 2813 2388 2871 Non
2416 2823 2499 2870 est
2525 2813 2681 2869 dives
2710 2828 2872 2884 opum
2899 2813 3055 2868 dives
3087 2829 3102 2868 :
3135 2825 3234 2867 nec
3266 2826 3469 2882 pauper
3491 2811 3756 2880 inopsque

569 2875 718 2932 Talis
742 2891 890 2932 cram
927 2893 941 2930 :
975 2877 1070 2932 sed
1104 2892 1209 2932 non
1236 2918 1250 2944 ,
1278 2877 1429 2933 Maro
1463 2893 1624 2948 quam
1659 2876 1790 2932 mihi
1822 2876 1980 2932 tinxit
2004 2917 2018 2943 ,
2049 2885 2168 2930 erat
2341 2905 2534 2962 Infelix
2567 2923 2578 2959 ε
2611 2905 2719 2960 an"
2746 2875 2851 2960 λῦε
2879 2903 3048 2974 magis
3079 2904 3219 2958 an“.
3248 2875 3392 2974 έεθιξ

692 3064 756 3084 ξιξ
794 3081 803 3084 Α
837 3078 889 3084 ,Δ
1172 3066 1284 3084 ΙΨ.-
1942 2968 2120 3041 [mens
2149 2984 2163 3022 ³
2273 3000 2432 3056 Dives
2459 3010 2584 3071 eget
2607 3001 2862 3071 gemmis,
2893 2999 3097 3056 cereali
3129 3013 3357 3055 munere
3386 3013 3614 3068 pauper.

643 3062 762 3118 vn“
792 3078 894 3120 "ec
922 3065 1143 3170 δ’δῗῗδιίθ
1172 3064 1689 3170 ¹³⁹ξίξέ¹¹βί⁴¹ξξ¹ί¹ξ¹¹⁵⁶
2193 3147 2236 3170 η
2340 3093 2448 3149 Sed
2480 3062 2827 3166 cvumvegeant
2851 3062 3052 3158 ambo,
3087 3107 3292 3163 pauper
3319 3062 3509 3160 egena
3537 3091 3716 3145 minus
3755 3097 3840 3144 est.

570 3155 815 3227 Namque
839 3172 940 3212 nec
969 3157 1178 3212 Encas
1209 3157 1339 3212 vidit
1374 3173 1460 3212 me
1486 3159 1680 3214 Troius
1707 3175 1981 3230 umquam,
2192 3147 2238 3208 C

643 3225 754 3305 Nec
784 3249 1008 3319 Libyam
1043 3250 1270 3306 advenit
1295 3225 1785 3307 classibuslliacis.‘
1816 3225 1830 3229 '
1969 3225 1976 3230 ’
2738 3227 2945 3284 xm)"-
2978 3227 3054 3283 θε
3089 3226 3368 3297 Penelope-

573 3340 682 3398 Sed
712 3340 880 3396 furias
903 3341 1116 3412 fugiens
1144 3352 1308 3414 atque
1336 3357 1486 3398 arma
1520 3345 1764 3414 procacis
1796 3346 1986 3410 Iarba,
2277 3343 2597 3399 lntemerata
2625 3343 2830 3414 procis,
2863 3352 2917 3398 et
2949 3351 3027 3397 tot
3052 3349 3272 3397 servata
3307 3355 3405 3411 per
3435 3354 3636 3407 annos,

645 3431 890 3500 Servavi,
925 3435 1119 3502 fateor,
1148 3443 1327 3491 morte
1359 3435 1700 3504 pudicitiam,
2381 3437 2578 3492 Oscula
2610 3437 2696 3491 vix
2725 3435 2825 3507 ipsi
2853 3436 3068 3506 cognita
3097 3432 3456 3490 Telemacho.

572 3523 803 3582 Pectore
839 3525 1103 3582 transfixo
1140 3543 1153 3581 :
1183 3536 1366 3582 castus
1392 3527 1535 3597 quod
1563 3528 1795 3597 perculit
1818 3528 1984 3593 ensis,
2276 3529 2412 3583 llinc
2444 3543 2566 3583 mea
2597 3528 2884 3599 virginitas
2915 3525 3130 3582 facibus
3163 3524 3258 3582 tibi
3283 3523 3416 3580 luxit
3445 3523 3644 3580 adultis
3677 3541 3688 3576 :

643 3613 760 3671 Non
787 3615 957 3683 furor,
983 3625 1076 3672 aut
1097 3617 1231 3672 l:eso
1256 3617 1458 3674 crudus
1484 3634 1671 3672 amore
1700 3618 1881 3675 dolor.
2346 3621 2498 3676 Arsit
2525 3631 2578 3676 et
2599 3621 2801 3676 invidia
2831 3621 3080 3692 principe
3103 3632 3262 3675 verus
3283 3632 3462 3675 amor.

572 3708 664 3764 Sic
685 3707 949 3763 cecidisse
975 3707 1128 3778 juvat
1151 3724 1164 3761 :
1186 3708 1294 3763 vixi
1327 3707 1445 3763 sine
1474 3709 1706 3764 vulnere
1737 3709 1914 3764 famae.
2269 3713 2428 3784 Saepe
2454 3728 2555 3783 ego
2584 3713 2825 3770 mentitis
2855 3711 3050 3768 tremui
3073 3727 3210 3768 nova
3240 3710 3439 3768 femina
3474 3710 3718 3765 somnis:

644 3801 764 3856 Ulta
795 3801 994 3867 virum,
1031 3801 1224 3871 positis
1252 3801 1804 3872 omnibus,.oppetii.
2345 3805 2630 3877 Lapsaque
2657 3821 2767 3862 non
2799 3807 2995 3861 merito
3025 3813 3145 3859 sunt
3181 3803 3314 3858 mihi
3336 3802 3501 3860 verba
3533 3818 3671 3858 sono
3697 3819 3712 3854 :

571 3895 783 3960 Invida,
817 3911 918 3951 cur
947 3894 1000 3950 in
1031 3911 1117 3950 me
1146 3895 1458 3962 stimulasti,
1490 3895 1660 3964 Musa,
1695 3895 1993 3962 Maronem,
2275 3896 2340 3951 Et
2369 3907 2548 3952 tamen
2576 3900 2788 3968 ignotos
2818 3898 2962 3953 sensi
2994 3905 3314 3968 experrecta
3344 3895 3592 3960 dolores,

645 3987 906 4057 Fingeret
937 3995 994 4042 ut
1023 3995 1222 4042 nostra:
1244 3985 1444 4041 damna
1475 3985 1754 4056 pudicitia:
1785 3987 1809 4040 ?
2344 3988 2632 4057 Strataque
2657 3989 2856 4045 tentavi
2888 3989 3031 4044 sicca
3054 3997 3288 4058 pavente
3317 4001 3500 4041 manu.

571 4080 683 4136 Vos
713 4080 886 4151 magis
919 4078 1220 4147 historicis,
1256 4078 1509 4144 lectores,
1539 4078 1750 4134 credite
1780 4079 1850 4134 de
1877 4095 1989 4144 me,
2273 4083 2404 4139 Nam
2437 4082 2534 4138 tibi
2561 4082 2866 4152 anhelanti,
2893 4095 3263 4152 supremaque
3285 4079 3422 4135 bella
3456 4077 3716 4140 moventi,

641 4173 813 4241 Quam
843 4173 934 4243 qui
964 4171 1109 4228 furta
1130 4174 1296 4229 deum
1325 4171 1758 4243 cancubitusque
1782 4181 1986 4228 canunt
2347 4177 2530 4232 Paruit
2556 4176 2846 4248 indulgens
2867 4186 2921 4231 et
2948 4174 3065 4231 sine
3088 4189 3224 4229 voce
3244 4172 3430 4239 dolor,

568 4264 830 4323 Falsidici
857 4273 1008 4321 vates
1043 4281 1058 4319 :
1092 4273 1366 4322 temerant
1393 4265 1484 4336 qui
1510 4266 1754 4322 carmine
1777 4281 2008 4323 verum:
2279 4271 2449 4328 Dente
2479 4270 2617 4325 nibil
2643 4270 2850 4325 violare
2881 4272 3017 4337 fero,
3048 4268 3182 4324 nihil
3215 4267 3484 4338 unguibus
3513 4277 3660 4320 ausa
3689 4280 3701 4316 :

642 4359 1014 4430 I-Iumanisque
1033 4358 1168 4415 deos
1186 4359 1498 4416 assimilant
1528 4360 1697 4417 vitiis.
2345 4361 2572 4418 Fmdera
2604 4378 2728 4418 nam
2761 4363 2919 4418 tacita
2955 4376 3088 4432 pace
3117 4361 3324 4432 peregit
3347 4374 3522 4414 amor.

2276 4456 2516 4526 Denique
2545 4470 2653 4510 non
2683 4455 2858 4510 aviam
2885 4454 3116 4510 tremulo
3139 4453 3380 4509 clamore
3409 4452 3600 4507 vocavi
3637 4468 3653 4504 :

2192 4535 2243 4597 Ῑ)
2339 4549 2450 4606 Nec
2476 4550 2624 4620 prior
2649 4548 2914 4620 obsequio
2937 4563 3094 4604 serva
3117 4547 3357 4603 cucurrit
3374 4559 3531 4602 anus.

569 4630 860 4688 Faustulus
907 4633 1150 4689 insidens
1207 4633 1449 4690 formica
1473 4675 1489 4702 ,
1527 4644 1587 4691 ut
1617 4651 1811 4707 magno
1843 4637 2160 4709 elephanto,
2273 4643 2394 4713 Ipsa
2422 4641 2733 4699 verecundo
2765 4641 2916 4712 tetigi
2948 4641 3155 4711 pallore
3186 4639 3431 4710 puellas,

647 4724 878 4792 Decidit,
910 4735 966 4781 et
997 4735 1158 4782 terrm
1183 4736 1331 4798 terga
1362 4727 1556 4796 supina
1597 4727 1766 4783 dedit.
2345 4737 2661 4810 Impositum
2691 4736 2864 4793 teneri
2885 4734 3027 4792 lassa
3057 4733 3285 4806 pudoris
3313 4744 3470 4804 opus.

573 4819 973 4927 quqneidem
991 4821 1057 4876 ad
1083 4830 1316 4927 mortem
1338 4821 1742 4927 est-mucltatus
1765 4823 2008 4882 calcibus
2021 4825 2160 4897 ejus,
2652 4869 2886 4927 XCVI“.
2910 4867 2977 4924 In
3001 4867 3428 4925 Grammamum.

643 4909 897 4968 Perditus
927 4925 982 4966 ut
1013 4924 1196 4983 posset
1225 4914 1310 4969 vix
1341 4914 1576 4970 retinere
1609 4913 1868 4972 animam.

571 5005 674 5062 Vix
707 5015 885 5063 tamen
923 4977 1182 5064 est‘fatus
1217 5025 1226 5060 :
1261 5007 1402 5078 Quid
1432 5007 1573 5065 rides
1602 5051 1616 5077 ,
1662 5011 1910 5083 improbe
1955 5012 2120 5070 Livor
2145 5053 2160 5082 ,
2275 4985 2424 5083 Fcﬁ‘
2451 4985 2836 5083 ε¹³¹ξ¹¹η²ίί⁰υ⁸
2867 4989 3085 5083 minue“
3127 4979 3264 5083 δεεξδ
3289 4993 3391 5036 “ec
3435 4977 3536 5034 ίυίί
3565 4984 3838 5080 υξπαυυηί

2343 5076 2452 5133 Nec
2491 5077 2776 5147 quisquam
2803 5084 2887 5130 est
2917 5073 3050 5129 felix
3077 5072 3298 5129 nomine
3328 5069 3732 5142 grammaticus.

644 5100 800 5169 Quod
827 5101 1001 5158 cecidi
1027 5101 1268 5157 ?cecidit
1299 5119 1406 5158 non
1436 5103 1597 5160 aliter
1624 5103 1890 5162 Phaeton.

2273 5170 2344 5226 At
2369 5169 2412 5222 si
2435 5167 2555 5239 quis
2581 5166 2714 5223 felix
2741 5174 2944 5237 praeter
2969 5163 3139 5220 fatum
3169 5163 3388 5220 exstitit
3411 5176 3667 5232 umquam
3696 5179 3709 5217 :

2342 5261 2394 5318 Is
2414 5260 2632 5318 demum
2663 5260 2902 5316 excessit
2933 5258 3322 5331 grammaticos
3346 5270 3608 5313 canona.

566 4498 703 4556 XCI.
753 4499 820 4554 In
871 4496 1187 4555 Faustulum
1230 4507 1448 4555 natura:
1494 4499 1662 4555 brevis
1704 4499 1878 4555 Anicii
1921 4498 2163 4554 Probim’.

941 5221 1094 5280 XCII.
1127 5222 1194 5279 In
1225 5223 1440 5282 Medeae
1461 5226 1766 5298 imaginem.

567 5315 827 5376 Medmam
861 5316 1026 5373 vellet
1047 5332 1174 5373 cum
1215 5316 1438 5390 pingere
1459 5319 1798 5377 Timomachi
1826 5335 1980 5378 mens
2004 5368 2017 5390 ,

647 5410 963 5467 γοινεηιθηι
994 5410 1048 5466 in
1075 5421 1232 5467 nalos
1258 5389 1486 5466 “Indum
1516 5413 1697 5467 animo
1721 5415 1948 5480 facinus,
2006 5389 2010 5390 ν
2335 5393 2338 5396 ’
2424 5392 2610 5450 XCIX.
2643 5393 2718 5448 De
2741 5395 2970 5463 infausto
2998 5392 3332 5447 matrimonio
3362 5389 3717 5447 Grammatici.

568 5503 866 5562 Immanem
897 5505 1150 5563 exhausit
1180 5521 1359 5563 rerum
1390 5505 1442 5562 in
1473 5507 1686 5563 diversa
1717 5507 1986 5575 laborem,
2277 5511 2446 5566 Arma
2474 5511 2762 5580 virumque
2789 5506 3014 5575 docens,
3047 5515 3209 5578 atque
3233 5519 3384 5562 arma
3416 5503 3700 5573 virumque
3719 5493 3838 5570 peri-

643 5598 900 5670 Fingcret
928 5598 1180 5655 affectum
1213 5599 1403 5656 matris
1432 5609 1491 5655 ut
1518 5600 1854 5671 ambiguum.
3747 5591 3835 5661 ῐ⁸¹¹⁵

573 5689 654 5748 Ira
685 5695 878 5750 subest
907 5694 1186 5767 lacrymis,
1215 5695 1494 5753 miseratio
1523 5711 1634 5752 non
1659 5707 1813 5754 caret
1840 5696 1944 5753 ira.
2342 5691 2460 5748 Non
2485 5691 2624 5748 duxi
2652 5707 2897 5759 uxorem,
2931 5692 3029 5748 sed
3062 5691 3233 5764 magis
3253 5706 3404 5747 arma
3432 5688 3679 5745 domum.

643 5782 979 5840 Alterutrum
1011 5783 1217 5851 videas,
1250 5793 1308 5839 ut
1329 5783 1399 5841 sit
1427 5784 1480 5840 in
1505 5784 1787 5843 alterutro.
2269 5783 2514 5857 Namque
2534 5782 2650 5844 dies
2674 5793 2838 5856 tates,
2870 5794 3120 5858 totasque
3141 5800 3208 5843 ex
3237 5781 3436 5841 ordine
3461 5787 3654 5838 nocte:
