4082 6188
284 199 388 260 83'!

355 318 568 375 Litibus
601 333 872 393 oppugnat
905 340 1122 398 meque,
1156 345 1444 402 meumque
1478 333 1646 390 larem
1685 357 1695 390 :
1909 359 1957 416 Α

282 416 460 484 Atque
483 426 538 469 ut
565 421 842 487 perpetuis
869 423 1052 479 dotata
1085 441 1114 480 a
1138 426 1306 484 Marte
1335 431 1553 500 duellis,

357 509 393 559 Α
408 523 518 562 rma
553 509 603 562 iu
633 528 718 564 utc
749 515 910 578 tollit.
946 533 1046 574 uec
1070 518 1230 574 datur
1263 521 1374 577 ulla
1395 523 1566 593 quies.

282 597 513 668 Jamque
546 606 862 672 repugnanti
889 607 1083 664 dedam
1111 626 1226 677 me;
1261 621 1318 669 ut
1343 614 1582 690 denique
1607 621 1805 675 victum

353 689 542 760 .lurget
573 693 643 746 ob
666 694 768 749 hoc
793 697 991 768 solum,
1024 700 1204 773 iurgia
1232 705 1376 776 quod
1408 689 1634 778 fugiant.

682 810 743 864 C.
779 811 854 868 De
875 814 1089 872 Auxilio
1120 811 1496 879 Grammatice.

281 921 577 979 Emendata
625 937 803 997 potest
829 945 1079 1002 quaenam
1101 951 1202 991 vox
1235 952 1359 996 esse
1390 941 1665 1012 magistri,

350 1013 562 1072 Nomen
587 1019 675 1089 qui
707 1020 986 1092 proprium
1019 1040 1142 1082 cum
1171 1029 1306 1085 vitio
1330 1030 1608 1102 loquitur?

281 1107 556 1165 Auxilium
583 1121 634 1167 te
655 1127 852 1184 nempe
875 1131 1060 1186 vocas,
1089 1119 1278 1178 inscite
1307 1124 1586 1195 magister,

355 1198 430 1253 Da
456 1209 666 1258 rectum
693 1217 878 1262 casum
902 1225 915 1262 :
938 1207 1053 1279 jam
1081 1210 1402 1270 Solicismus
1422 1217 1552 1273 eris.

702 1319 786 1375 CI.
817 1320 893 1376 De
918 1323 1170 1394 fratribus
1201 1325 1478 1389 Thebanis.

278 1430 390 1489 Nec
414 1432 619 1507 Stygiis
645 1435 780 1495 lucis
812 1439 1003 1498 ineunt
1029 1459 1130 1500 sua
1158 1445 1363 1504 fcedera
1395 1449 1593 1509 fratres

351 1527 831 1602 (Edipodionidaa,
857 1534 928 1592 de
948 1537 1149 1595 misero
1173 1541 1241 1596 ab
1275 1542 1480 1598 miseri.

277 1616 524 1689 Namque
551 1623 714 1678 etiam
745 1639 810 1680 ex
843 1640 952 1683 uno
981 1641 1266 1701 surgentes
1288 1648 1488 1706 aggere
1515 1636 1750 1698 ﬂamma:

350 1709 409 1766 In
432 1710 650 1769 diversa
681 1717 765 1772 sui
790 1716 1067 1776 dissiliunt
1094 1724 1319 1780 cineris.

279 1803 536 1864 Infandos
559 1809 822 1878 juvenes!
857 1827 994 1885 quos
1025 1832 1124 1874 nec
1148 1819 1420 1877 discordia
1441 1838 1628 1881 cassos

351 1897 518 1965 Luce,
548 1917 648 1957 nec
675 1905 727 1983 in
748 1917 922 1962 semet
952 1908 1148 1981 linquit
1167 1922 1324 1969 atrox
1349 1915 1585 1972 animus.

277 1991 457 2060 Atque
484 1993 686 2050 utinam
718 2005 773 2052 et
802 1997 1016 2057 Thebas
1043 2003 1285 2072 quissent
1308 2010 1564 2076 partirier
1591 2004 1760 2083 ipsas,

351 2083 661 2156 Regnorum
692 2101 746 2147 et
774 2104 968 2164 metas,
997 2103 1057 2152 ut
1081 2099 1328 2157 cinerum
1355 2103 1618 2162 nebulas!

627 2204 737 2262 CII.
764 2207 843 2263 De
869 2210 1092 2282 ingratis
1118 2230 1181 2269 ex
1206 2214 1524 2276 Menandro.

273 2309 364 2366 Nil
397 2313 615 2372 homine
648 2326 788 2376 terra
819 2323 978 2394 pejus
1006 2325 1222 2398 ingrato
1241 2341 1409 2388 creat.

276 2402 526 2475 Vicinus,
559 2409 776 2483 hospes,
809 2426 990 2484 notus,
1018 2419 1262 2491 ignotus,
1286 2425 1480 2494 cliens,

276 2495 346 2552 Et
375 2499 424 2553 si
451 2515 559 2571 qua
588 2518 793 2574 genera
817 2507 1019 2566 civium
1050 2524 1177 2569 sunt
1206 2515 1258 2571 id
1290 2531 1482 2591 genus,

277 2588 339 2683 Si
370 2593 499 2662 quid
525 2597 728 2666 petenti
757 2612 1037 2672 promptus
1075 2607 1199 2677 opis
1231 2588 1540 2683 impertias,

280 2680 352 2738 Ut
370 2683 691 2760 misereare,
710 2693 886 2764 gratia
909 2706 1148 2755 actutum
1172 2703 1336 2772 perit.

757 2804 887 2862 CIII.
915 2806 1000 2886 .De
1030 2809 1393 2874 Demosthene.

279 2909 505 2971 Discere
525 2918 569 2972 si
597 2921 771 2989 cupis,
799 2937 826 2974 a
855 2921 1035 2981 doctis
1065 2942 1226 2996 quam
1251 2931 1418 2986 multa
1450 2931 1655 2991 licebit.

278 3003 412 3072 Qua:
434 3009 603 3074 nosti,
629 3013 942 3071 meditando
971 3019 1104 3073 velis
1133 3020 1438 3079 inolescere
1468 3025 1657 3081 menti.

278 3096 413 3166 Quae
439 3100 678 3159 didicisti
701 3103 996 3176 hauddum,
1031 3111 1292 3170 discendo
1322 3131 1606 3174 assumere
1654 3121 1868 3179 tcndas.

677 3221 809 3277 CIV.
841 3223 918 3278 De
943 3227 1171 3295 fortuna
1199 3231 1468 3288 varietate.

279 3325 524 3386 Fortuna
548 3346 841 3402 numquam
866 3336 1014 3394 siStit
1038 3339 1090 3394 in
1123 3342 1316 3398 eodem
1345 3352 1510 3402 statu.

279 3421 512 3494 Semper
536 3439 782 3482 movetur
816 3445 829 3482 :
865 3433 1060 3498 variat,
1091 3442 1147 3490 et
1175 3446 1350 3493 mutat
1373 3440 1555 3507 vices,

278 3515 349 3572 Et
373 3531 580 3574 summa
611 3521 663 3577 in
696 3521 861 3580 imum
893 3527 1078 3595 vertit,
1104 3543 1166 3584 ac
1189 3546 1346 3588 versa
1376 3535 1560 3606 erigit.

832 3636 943 3693 CV.
980 3637 1046 3695 In
1070 3641 1314 3699 Stellam.

283 3740 453 3800 Stella
483 3747 635 3815 prius
660 3749 875 3820 superis
899 3753 1166 3826 lulgebas,
1205 3758 1401 3816 lucifer
1431 3779 1444 3816 :
1479 3772 1533 3818 at
1557 3781 1702 3822 nunc

353 3835 688 3912 Exstinctus,
718 3845 887 3900 cassis
918 3845 1123 3904 lumine
1152 3865 1346 3921 vesper
1375 3854 1504 3909 eris.

759 3959 894 4018 CVI.
932 3962 1016 4019 Ea:
1046 3965 1360 4024 Menandro.

276 4067 358 4124 Re
380 4068 579 4139 fruere,
611 4082 669 4128 ut
697 4085 855 4132 natus
886 4081 1164 4149 mortalis;
1195 4084 1363 4157 dilige
1391 4085 1486 4143 sed
1515 4103 1652 4158 rem,

275 4161 576 4234 Tamquam
606 4166 961 4238 immortalis,
996 4188 1118 4230 sors
1140 4188 1222 4231 est
1256 4175 1310 4232 in
1346 4188 1581 4251 utroque
1606 4185 1866 4242 verenda.

443 4294 600 4356 CVII.
627 4302 708 4356 Ad
731 4309 990 4361 notarium
1014 4309 1329 4366 velocissime
1361 4315 1722 4388 excipientem.

563 4417 724 4485 Puer,
752 4430 1003 4477 notarunt
1038 4433 1340 4495 praepetum

560 4509 746 4566 Solers
771 4513 1044 4582 minister,
1074 4516 1292 4574 advola.

559 4600 810 4671 Bipatcns
839 4608 1074 4677 pugillar
1095 4611 1314 4680 expedi,

557 4692 655 4748 Cui
679 4697 845 4753 multa
871 4699 1014 4755 fandi
1040 4701 1219 4772 copia,

555 4785 776 4843 Punctis
803 4801 1018 4858 peracta
1039 4793 1290 4864 singulis,

561 4877 628 4934 Ut
653 4896 755 4934 una
785 4896 891 4938 vox
920 4883 1247 4940 absolvitur.

559 4965 761 5023 Evolvo
787 4969 955 5026 libros
980 4973 1204 5041 uberes,

559 5057 836 5131 lnstarque
861 5062 1045 5118 densa:
1075 5065 1362 5136 grandinis

557 5149 765 5208 Torren
777 5162 830 5210 te
860 5148 1042 5224 lingua
1075 5165 1387 5240 perstrepo.

553 5244 669 5302 Tibi
704 5263 804 5304 nec
841 5265 1005 5306 aures
1031 5250 1332 5324 ambigunt.

550 5339 662 5397 Nec
698 5354 999 5415 occupatur
1025 5347 1240 5417 pagina.

553 5433 620 5490 Et
647 5443 789 5490 mota
822 5452 984 5507 parce
1012 5437 1239 5496 dextera

1668 219 2197 285 EPIGRAMMA'I'A.
2565 285 2576 292 ,
3475 239 3578 299 858

2273 345 2428 400 Volat
2455 364 2550 416 per
2582 363 2766 417 a-qunr
2793 363 3038 406 cereum.

2269 435 2400 492 Cum
2431 441 2665 495 maxime
2690 456 2830 496 nunc
2863 443 3156 514 proloquor

2271 527 2766 603 Circuniloquentis
2791 533 3017 601 ambitu,

2268 619 2348 675 Tu
2381 637 2538 678 sensa
2568 624 2737 680 nostri
2768 627 3006 695 pectoris

2274 713 2343 770 Ut
2372 715 2519 772 dicta
2537 717 2650 787 jam
2679 719 2823 776 ceris
2857 730 3033 777 tenes.

2275 805 2492 862 Sentire
2521 818 2627 863 tam
2656 811 2814 865 velox
2847 812 2977 866 mihi

2280 897 2486 955 Vellem
2515 900 2756 959 dedisset
2778 919 2933 960 mens
2960 921 3103 973 mea,

2267 991 2437 1058 Quam
2474 996 2727 1066 przrpctis
2755 997 2966 1053 dextra:
2996 999 3118 1068 luga

2268 1084 2345 1137 Tu
2375 1101 2462 1140 me
2491 1087 2807 1157 loquentem
2843 1093 3135 1158 praevenis.

2262 1176 2417 1246 Quis,
2441 1195 2648 1250 quaeso,
2679 1185 2799 1252 quis
2822 1199 2910 1238 me
2943 1184 3220 1254 prodidit?

2271 1267 2404 1336 Quis
2433 1269 2535 1325 ista
2561 1271 2675 1342 jam
2702 1273 2842 1330 dixit
2870 1276 2988 1342 tibi,

2265 1360 2398 1428 Quae
2428 1363 2728 1434 cogitabam
2757 1365 2987 1424 dicere?

2268 1453 2399 1522 Quae
2431 1455 2571 1510 furta
2603 1457 2771 1514 corde
2799 1459 2852 1514 in
2885 1460 3080 1517 intimo

2275 1543 2509 1601 Exercet
2531 1548 2644 1604 ales
2666 1549 2931 1607 dextera?

2263 1636 2365 1705 Qui
2387 1641 2524 1695 ordo
2551 1657 2734 1700 rerum
2765 1654 2869 1700 tam
2904 1663 3096 1714 novus,

1904 1753 1952 1813 Β
2270 1733 2464 1791 Veniat
2494 1737 2548 1792 in
2578 1755 2738 1796 aures
2761 1752 2819 1796 ut
2849 1752 2988 1812 tuas,

2265 1824 2422 1893 Quod
2451 1828 2631 1900 lingua
2662 1833 2900 1889 nondum
2957 1837 3295 1894 absolverit?

2269 1918 2522 1974 Doctrina
2550 1938 2658 1978 non
2689 1923 2806 1980 haec
2830 1929 3111 1997 praestitit:

2263 2009 2372 2065 Nec
2406 2012 2510 2067 ulla
2541 2023 2648 2069 tant
2680 2016 2842 2072 velox
2875 2034 3069 2075 manus

2258 2099 2600 2174 Celeripedis
2622 2109 2953 2178 compendii.

2260 2191 2464 2249 Natura
2492 2211 2687 2252 munus
2712 2198 2818 2256 hoc
2843 2201 2959 2270 tibi,

2269 2284 2520 2358 Deusque
2545 2289 2745 2347 donum
2783 2294 3038 2352 tradidit:

2265 2379 2398 2446 Quae
2425 2382 2703 2453 loquerer,
2730 2393 2789 2441 ut
2818 2387 2986 2443 scires
3013 2392 3190 2460 prius:

2265 2472 2522 2546 Idemque
2545 2477 2734 2546 velles,
2763 2480 2910 2550 quod
2940 2482 3083 2538 volo.

2190 2585 2373 2644 CVIal.
2405 2591 2673 2648 Ausonius
2700 2592 2959 2666 Hesperio
2981 2597 3095 2666 ﬁlio
3122 2597 3362 2655 salutem.

1977 2701 2168 2776 Ignota
2191 2713 2414 2761 aeternae
2440 2721 2508 2762 ne
2535 2707 2647 2762 sint
2672 2709 2772 2764 tibi
2807 2719 3049 2782 tempora
3080 2713 3292 2784 Ronnm,

2052 2796 2313 2869 Regibus,
2346 2811 2398 2854 et
2421 2809 2632 2871 patrum
2663 2802 2826 2858 ducta
2855 2805 2961 2860 sub
2992 2807 3254 2877 imperiis,

1979 2889 2188 2961 Digessi
2220 2890 2435 2958 Fastus,
2463 2903 2518 2948 et
2549 2895 2768 2950 nomina
2802 2898 3044 2968 perpetis
3076 2901 3176 2955 aevi
3205 2918 3216 2952 :

2050 2984 2249 3056 Sparsa
2269 2987 2453 3056 jacent
2476 2987 2686 3044 Latiam
2720 2991 2763 3046 si
2799 3006 2902 3064 qua
2935 3009 3031 3064 per
3056 2994 3363 3053 historiam.

1979 3077 2061 3135 Sit
2085 3089 2206 3135 tuus
2237 3079 2322 3136 hic
2343 3079 2573 3144 fructus.
2604 3083 2854 3154 vigilatas
2883 3087 3070 3156 accipe
3101 3100 3311 3144 noetes.

1899 3139 1947 3202 Ο
2053 3170 2380 3243 Obsequitur
2402 3175 2586 3230 studio
2617 3186 2801 3231 nostra
2829 3177 3054 3234 lucerna
3082 3190 3196 3234 tuo.

1982 3262 2061 3317 Tu
2092 3279 2306 3335 quoque
2335 3274 2597 3322 venturos
2626 3282 2724 3338 per
2750 3268 2967 3340 longum
3001 3285 3228 3328 consere
3247 3270 3438 3329 Janos.

2054 3354 2124 3412 Ut
2153 3373 2271 3414 mea
2305 3362 2580 3430 congessit
2609 3363 2801 3434 pagina
2827 3367 3156 3435 prreteritos.

1979 3450 2302 3521 Exemplum
2331 3453 2443 3522 jam
2478 3456 2652 3524 patris
2683 3457 2881 3512 habes:
2915 3471 2972 3513 ut
3014 3460 3265 3527 protinus
3293 3472 3344 3517 et
3367 3472 3420 3518 te

2050 3541 2321 3613 Aggreget
2353 3545 2610 3601 Austiniis
2652 3563 2894 3616 purpura
2927 3550 3266 3608 consulibus.

1977 3656 2115 3714 CIX.
2130 3658 2446 3731 Supputatio
2466 3663 2529 3716 ab
2549 3662 2671 3717 urbe
2683 3664 2892 3718 condita
2911 3665 2963 3719 in
2977 3667 3307 3720 consulatum
3325 3677 3576 3725 nostrum.

1979 3770 2147 3826 Annis
2181 3770 2440 3828 undecies
2462 3784 2681 3830 centum
2706 3775 2976 3848 conjuuge
3002 3786 3325 3848 quaternos,

1978 3861 2245 3920 Undecies
2274 3881 2549 3938 unumque
2576 3883 2741 3938 super
2767 3869 3045 3926 trieterida
3075 3881 3236 3928 uectc
3265 3889 3278 3927 :

1900 4023 1907 4030 .
1978 3953 2104 4012 Ilaec
2125 3955 2227 4011 erit
2255 3966 2474 4014 aeterna:
2499 3961 2668 4016 series
2687 3961 2754 4016 ab
2781 3962 2991 4032 origine
3009 3962 3218 4020 Romae.

2324 4073 2326 4076 ’
2365 4071 2477 4127 CX.
2503 4071 2582 4128 De
2607 4073 2785 4128 eodem
2805 4073 2876 4128 ad
2907 4073 3216 4131 Proculum.

1975 4183 2138 4241 Urbis
2167 4186 2236 4240 ab
2265 4195 2484 4243 interna:
2516 4188 2807 4245 deductam
2831 4205 2958 4261 rege
2985 4191 3218 4259 Quirino

2046 4277 2324 4333 Annorum
2352 4279 2550 4334 seriem
2576 4295 2722 4347 cum,
2749 4281 3004 4346 Procule.
3037 4283 3303 4354 accipies:

1975 4369 2122 4426 Mille
2149 4385 2322 4426 annos
2340 4383 2689 4444 centumque,
2719 4383 2776 4430 et
2795 4375 2876 4430 bis
2899 4375 3122 4432 ﬂuxisse
3153 4392 3400 4433 novenos

2046 4461 2296 4518 Consulis
2327 4463 2554 4518 Ausonii
2585 4479 2783 4520 nomen
2812 4465 3055 4538 adusque
3081 4467 3250 4538 leges.

1891 4523 1947 4585 D
1970 4550 2109 4608 Fors
2131 4553 2262 4621 erit,
2285 4562 2345 4610 ut
2367 4555 2598 4610 lustrum
2623 4571 2745 4612 cum
2771 4573 2830 4614 se
2856 4559 3218 4616 cumulaverit
3247 4560 3387 4627 istis,

2041 4643 2360 4702 Confectam
2390 4647 2656 4704 Proculus
2683 4649 2865 4721 signet.
2887 4649 3291 4722 Olympiadem.

2255 4759 2393 4819 CXI.
2445 4759 2512 4817 In
2534 4763 2636 4831 ﬁne
2665 4764 2897 4834 ejusdem
2924 4763 3042 4818 libri
3069 4765 3258 4822 additi.

1969 4874 2246 4930 Hactenus
2273 4876 2501 4946 ascripsi
2521 4875 2738 4931 Fastos.
2768 4875 2828 4933 Si
2850 4891 2971 4931 sors
2993 4877 3160 4947 volet,
3189 4878 3326 4934 ultra

2041 4966 2328 5038 Adjiciam.
2363 4969 2419 5024 Si
2452 4983 2585 5038 non,
2613 4970 2704 5040 qui
2736 4970 2893 5043 legis,
2921 4969 3169 5042 adjicies.

1964 5059 2117 5117 Scire
2147 5060 2324 5131 cupis,
2350 5061 2440 5132 qui
2466 5061 2567 5117 sim
2591 5061 2614 5116 ?
2637 5063 2854 5118 titulum
2885 5065 2975 5134 qui
3007 5075 3238 5134 quartus
3267 5064 3336 5120 ab
3359 5064 3465 5118 imo
3493 5072 3575 5120 cst

2036 5153 2260 5221 Quaere;
2293 5152 2440 5224 leges
2468 5167 2666 5209 nomen
2693 5156 2945 5210 Consulis
2968 5155 3220 5212 Ausonii.

2037 5264 2208 5321 Non.
2252 5264 2321 5321 In
2353 5265 2498 5322 hisce
2535 5269 2808 5340 postremis
2845 5277 3067 5337 quatuor
3112 5269 3571 5343 cpigrammatibus

1965 5357 2309 5414 animadverti
2337 5369 2499 5430 potest
2530 5372 2790 5419 auctorem
2827 5355 3086 5433 fastorum
3108 5381 3139 5417 a
3160 5381 3212 5419 se
3249 5364 3570 5436 digestarum

1966 5451 2283 5508 meminisse.
2309 5451 2461 5520 Quod
2484 5463 2662 5509 autem
2687 5456 2998 5528 apuscutum
3028 5454 3354 5524 deperditum
3377 5464 3474 5510 est.
