4082 6188
519 237 626 298 859

1915 221 2098 282 DECII
2138 218 2413 281 AUSONII
2862 239 2868 246 -
3717 197 3831 258 8&0

530 332 3021 372 __________________________________.______————

1761 454 1988 536 EPH
2005 449 2441 534 EMERIS
2461 499 2486 541 9

1467 729 1881 803 TOTIUS

522 935 678 991 Mane
699 932 811 1004 jam
841 931 1046 988 clarum
1073 940 1283 986 reserat
1308 931 1617 998 fenestras;

520 1025 644 1082 Jam
673 1024 866 1094 strepit
889 1024 1032 1079 nidis
1061 1023 1259 1094 vigilax
1293 1021 1550 1076 hirundo.

520 1119 603 1177 Tu
626 1119 779 1176 velut
807 1119 1061 1189 primam,
1097 1117 1439 1188 mediamque
1463 1127 1698 1183 noctem,

737 1209 1026 1274 Parmeno,
1061 1208 1287 1264 dormis.

523 1301 811 1358 Dormiunt
833 1301 998 1372 glires
1031 1300 1266 1354 hiemem
1292 1312 1610 1368 perennem,

523 1393 628 1451 Sed
649 1395 770 1450 cibo
802 1403 1046 1464 parcunt.
1077 1392 1196 1447 Tibi
1226 1407 1384 1445 causa
1417 1391 1615 1455 somni,

520 1487 684 1544 Multa
706 1487 851 1559 quod
883 1496 1069 1559 potas,
1105 1485 1382 1555 nimiaque
1413 1484 1589 1538 tendis

743 1581 884 1638 Mole
914 1581 1189 1652 saginam.

521 1675 653 1732 lude
683 1690 785 1732 nec
812 1674 988 1731 flexas
1019 1688 1194 1728 sonus
1226 1670 1389 1725 intrat
1421 1685 1615 1724 aures:

525 1768 595 1822 Et
622 1767 803 1822 locum
827 1765 1026 1820 mentis
1057 1778 1222 1832 sopor
1251 1762 1392 1815 altus
1425 1767 1601 1830 urget,

519 1857 634 1916 Nec
661 1857 1001 1915 coruscantis
1032 1855 1220 1910 oculos
1252 1853 1529 1908 lacessunt

737 1949 976 2019 Fulgura
997 1947 1159 2003 lucis.

522 2043 774 2099 Annuam
798 2039 1070 2110 quondam
1095 2037 1283 2107 juveni
1311 2035 1573 2106 quietem,

522 2134 711 2191 Noctis
742 2143 799 2189 et
823 2131 961 2186 lueis
993 2129 1202 2184 vit-ibus
1234 2135 1567 2194 manentem,

524 2224 748 2283 Fabula:
777 2226 1006 2295 fingunt,
1040 2223 1128 2278 cui
1161 2221 1311 2277 Luna
1334 2236 1556 2275 sunmus

739 2309 1104 2374 Continuarit.

525 2413 725 2485 Surge,
758 2419 1008 2483 nugator,
1040 2406 1329 2464 laccrande
1351 2405 1541 2475 virgis.

450 2558 455 2565 .
522 2507 735 2578 Surge:
763 2518 831 2560 ne
857 2503 1052 2572 longus
1081 2499 1180 2555 tibi
1209 2513 1457 2563 somnus,
1488 2495 1632 2551 unde

524 2596 642 2654 Non
670 2596 854 2662 times,
881 2593 1060 2650 detur.
1090 2592 1240 2662 Rape
1269 2590 1512 2647 membra
1541 2588 1712 2652 molli,

743 2687 1035 2753 Parmeno,
1073 2685 1234 2740 lecto.

526 2781 664 2838 Fors
685 2790 736 2837 et
771 2782 892 2837 haec
918 2795 1171 2836 somnum
1197 2777 1293 2832 tibi
1322 2775 1593 2832 cantilena

526 2873 802 2947 Sapphico
831 2873 1026 2929 suadet
1046 2871 1326 2928 modulata
1347 2885 1527 2924 versu.

533 2966 747 3026 Lesbia:
769 2967 980 3039 depelle
1013 2966 1231 3022 modum
1264 2963 1484 3036 quietis,

740 3062 883 3121 Acer
908 3061 1111 3118 lambe.

1091 3170 1224 3224 Item
1253 3169 1578 3223 Parerbasis.

823 3283 987 3348 Puer,
1015 3280 1122 3348 eia,
1157 3296 1351 3352 surge:
1379 3289 1433 3334 et
1453 3279 1690 3347 calceos,

825 3377 892 3433 Et
916 3376 1140 3431 linteam
1167 3373 1237 3430 da
1267 3373 1575 3448 sindoncm.

826 3469 924 3536 Da,
953 3465 1220 3539 quidquid
1253 3473 1362 3535 est,
1391 3463 1637 3530 amictui,

821 3561 976 3631 Quod
997 3561 1108 3632 jam
1141 3559 1368 3632 parasti,
1395 3566 1453 3614 ut
1486 3557 1765 3628 prodeam.

818 3655 896 3710 Da
923 3667 1050 3711 rore
1076 3652 1299 3708 fontano
1321 3650 1535 3708 abluam

822 3748 1031 3814 Manus,
1061 3754 1117 3802 et
1144 3761 1229 3813 os,
1257 3753 1311 3802 et
1340 3744 1563 3800 lumina.

818 3842 1137 3911 Patcatque,
1171 3839 1276 3902 fac,
1304 3837 1626 3904 sacrarium,

824 3933 984 3990 Nullo
1015 3939 1203 4004 paratu
1230 3928 1588 3986 extrinsecus.

821 4027 916 4084 Pia
943 4024 1129 4090 verba,
1163 4031 1286 4079 vota
1316 4022 1556 4090 innoxia,

820 4121 920 4177 Rei
944 4119 1144 4176 divina:
1166 4117 1324 4188 copia
1353 4127 1454 4173 est.

826 4211 938 4269 Nec
974 4212 1097 4267 thus
1122 4208 1477 4266 cremandum
1511 4205 1750 4277 postulo,

822 4304 933 4361 Nec
961 4305 1070 4361 liba
1095 4302 1264 4360 crusti
1293 4302 1506 4358 mellei:

829 4396 1200 4468 Foculumquc
1227 4395 1336 4452 vivi
1360 4392 1583 4465 cespitis

819 4489 990 4548 Vanis
1021 4489 1274 4562 relinquo
1305 4489 1588 4546 altaribus.

826 4587 970 4644 Deus
990 4585 1295 4658 precandus
1317 4593 1404 4640 est
1430 4581 1586 4648 mihi,

827 4681 906 4735 Ae
924 4675 1097 4733 Filius
1124 4674 1322 4732 summi
1349 4674 1443 4731 Dei

821 4769 1072 4840 Majestas
1101 4765 1436 4833 uniusmodi,

823 4860 1039 4918 Sociata
1067 4876 1227 4917 sacro
1254 4857 1482 4930 Spiritu.

821 4954 890 5010 Et
909 4968 1038 5010 ecce
1059 4953 1171 5024 jam
1192 4960 1317 5007 vota
1340 4949 1558 5006 ordior:

821 5045 892 5102 Et
916 5043 1174 5116 cogitatio
1208 5041 1458 5099 Numinis

820 5137 1174 5195 Praesentiam
1205 5133 1373 5193 sentit
1403 5150 1624 5205 pavens.

817 5231 1055 5289 Pavetne
1083 5229 1378 5302 quidquam
1411 5243 1569 5300 spes,
1600 5227 1770 5285 fides?

1219 5345 1426 5402 Oratio.

531 5465 915 5538 Omnipotens,
949 5442 1069 5521 solo
1094 5461 1295 5520 mentis
1319 5460 1452 5518 mihi
1472 5459 1690 5532 cognite
1719 5459 1887 5526 cultu,

484 5610 492 5618 .
533 5559 784 5633 lgnorate
805 5559 988 5628 malis,
1017 5569 1071 5616 et
1102 5559 1235 5616 nulli
1266 5559 1448 5631 ignote
1475 5557 1712 5629 piorum,

535 5653 836 5726 Principio,
861 5662 1220 5725 extremoque
1240 5666 1464 5709 carens:
1488 5651 1762 5723 antiquior
1790 5665 1930 5716 arvo,

534 5747 690 5820 Quod
717 5748 856 5816 fuit,
885 5755 979 5803 aut
1009 5748 1225 5804 veniet:
1260 5747 1416 5819 cujus
1435 5746 1774 5816 formamque
1801 5741 2128 5814 modumque

2077 610 2129 650 ID
2152 609 2250 649 EST

1968 728 2081 797 υἱ
2094 725 2197 797 ΕΙ
2273 723 2341 796 Ν
2355 718 2878 794 EGOTIUM.

2151 931 2201 990 A
2230 927 2342 983 Nec
2373 937 2525 980 mens
2550 917 2834 990 compltcti
2871 911 3087 986 poterit,
3118 924 3216 965 nec
3246 908 3427 977 lingua
3452 905 3685 976 profari:

2229 1021 2470 1076 Cernere
2491 1028 2651 1085 quem
2682 1010 2832 1067 solus
2855 1018 3153 1074 coramque
3185 1000 3374 1056 audire
3396 998 3708 1068 jubentem,

2229 1111 2335 1166 Fas
2360 1109 2538 1175 habet,
2567 1113 2621 1161 et
2649 1101 2880 1174 patriam
2906 1107 3131 1170 propter
3159 1093 3450 1148 considere
3476 1090 3759 1146 dextram:

2229 1204 2352 1276 Ipse
2377 1204 2566 1274 opifex
2597 1215 2809 1261 rerum,
2844 1196 3008 1252 rebus
3033 1206 3195 1249 causa
3223 1191 3335 1260 ipsa
3363 1185 3641 1250 creandis,

2229 1299 2350 1367 Ipse
2383 1297 2477 1352 Dei
2502 1293 2765 1356 Verbum,
2791 1287 3031 1346 Verbum
3055 1285 3224 1351 Deus,
3253 1279 3578 1367 anticipator

2232 1366 2441 1455 Mundi,
2488 1401 2648 1456 quem
2683 1385 2924 1437 facturus
2951 1387 3070 1434 erat
3101 1395 3111 1428 :
3143 1381 3436 1446 generatus
3467 1369 3522 1425 in
3553 1366 3647 1422 illo

2229 1481 2526 1550 Tempore,
2555 1491 2663 1546 quo
2687 1485 2904 1543 tempus
2933 1467 3171 1525 nondum
3196 1465 3327 1519 fuit:
3359 1462 3539 1518 editus
3561 1467 3714 1527 ante,

2230 1574 2401 1642 Quam
2423 1572 2608 1642 jubar,
2635 1580 2689 1624 et
2707 1567 2905 1624 rutilus
2932 1565 3134 1621 coelum
3168 1561 3455 1616 illustraret
3487 1557 3661 1611 Eous:

2228 1666 2348 1734 Qun
2370 1665 2490 1719 sine
2520 1663 2593 1717 nil
2631 1670 2842 1718 actum:
2869 1673 2966 1729 per
2993 1671 3156 1727 quem
3188 1656 3325 1708 facta
3357 1649 3571 1706 omnia:
3605 1645 3765 1717 cujus

2229 1758 2285 1814 ln
2308 1757 2447 1814 crelo
2469 1757 2664 1812 solium
2687 1773 2697 1807 :
2727 1754 2814 1810 cui
2835 1751 3046 1808 subdita
3080 1758 3220 1805 terra
3240 1744 3472 1813 sedenti,

2232 1849 2490 1916 Etmare,
2528 1857 2581 1903 et
2604 1847 2851 1902 obscurae
2876 1845 3043 1900 chaos
3068 1839 3440 1911 insuperabile
3479 1836 3689 1893 noctis:

2231 1943 2524 2013 lrrcquies,
2552 1951 2749 1996 cuneta
2775 1940 2892 2010 ipse
2920 1952 3168 2002 movens,
3198 1941 3480 2004 vegetatur
3508 1932 3747 1985 inertum
3770 1943 3787 1960 °

2230 2037 2346 2092 Non
2372 2035 2555 2107 genito
2584 2035 2834 2105 genitore
2857 2033 3020 2097 Deus,
3055 2029 3145 2100 qui
3179 2025 3370 2082 fraude
3395 2022 3620 2095 superbi

2231 2130 2489 2186 Offensus
2519 2127 2725 2197 populi,
2751 2132 2943 2196 gentes
2964 2125 3017 2179 in
3041 2136 3206 2192 regna
3236 2118 3470 2184 vocavit,

2234 2223 2428 2293 Stirpis
2464 2219 2736 2290 adoptivze
2765 2217 2992 2272 meliore
3019 2227 3259 2284 prepage
3287 2209 3577 2267 colendus:

2163 2309 2209 2369 B
2235 2315 2473 2372 Cernere
2495 2329 2654 2385 quem
2689 2311 2844 2367 licuit
2871 2309 3122 2379 proavis:
3149 2322 3255 2377 quo
3283 2302 3508 2360 numine
3535 2302 3674 2368 viso,

2236 2411 2303 2466 Et
2328 2421 2537 2481 patrem
2565 2405 2765 2462 vidisse
2781 2405 2965 2459 datum
2989 2421 3003 2457 :
3033 2401 3283 2470 contagia
3308 2405 3492 2454 nostra

2233 2504 2336 2571 Qui
2363 2503 2511 2557 tulit:
2547 2509 2603 2557 et
2634 2499 2735 2555 diri
2771 2511 2966 2569 passus
2992 2493 3226 2550 ludibria
3259 2492 3388 2547 lethi
3410 2532 3426 2556 ,

2239 2597 2370 2653 Esse
2400 2597 2503 2652 iter
2530 2605 2753 2651 aeterna:
2777 2591 2965 2648 decuit
2997 2587 3294 2644 remeabile
3322 2586 3473 2639 vitm:

2237 2691 2345 2746 Nec
2376 2690 2548 2745 solam
2579 2702 2830 2745 remeare
2853 2686 3112 2750 animam,
3141 2681 3238 2739 sed
3270 2693 3502 2751 corpore
3530 2686 3646 2734 toto

2233 2783 2501 2841 leestes
2529 2781 2732 2837 intrare
2754 2779 2959 2849 plagas,
2996 2786 3053 2832 et
3077 2775 3241 2830 inane
3263 2771 3498 2844 sepulcri

2236 2880 2507 2932 Arcanum
2536 2873 2717 2928 vacuis
2742 2870 3064 2939 adapertum
3114 2865 3360 2937 linquere
3400 2861 3580 2918 terris.
3657 2909 3664 2914 _

2306 2969 2443 3024 Nate
2474 2965 2650 3038 patris
2679 2960 2899 3028 summi,
2926 2969 3227 3028 nostroque
3251 2955 3496 3012 salutifer
3527 2968 3665 3020 :evo,

2242 3061 2482 3117 Virtutes
2510 3057 2712 3129 patrias
2738 3054 2954 3126 genitor
2976 3052 3060 3108 cui
3082 3048 3305 3105 tradidit
3335 3061 3547 3113 omnes,

2237 3154 2318 3210 Nil
2345 3169 2413 3210 ex
2454 3151 2656 3207 invidia
2689 3150 2949 3214 retinens,
2981 3146 3283 3218 plenusque
3315 3141 3587 3204 datorum,

2238 3247 2420 3301 Pande
2443 3244 2584 3300 viam
2605 3241 2882 3314 precibus,
2901 3239 3207 3310 patriasque
3223 3234 3339 3290 haec
3362 3231 3543 3303 perfer
3565 3230 3633 3287 ad
3655 3246 3824 3286 aures.

2313 3339 2411 3402 Da,
2437 3337 2620 3403 Pater,
2644 3333 2900 3388 invictam
2919 3337 3109 3386 contra
3133 3329 3313 3382 omnia
3328 3323 3557 3380 crimina
3577 3332 3828 3392 mentem,

2243 3429 2642 3500 Vipereumque
2668 3423 2821 3480 nefas
2853 3420 3090 3478 nocituri
3115 3427 3302 3474 averte
3332 3415 3550 3472 veneni.

2239 3524 2324 3578 Sit
2350 3522 2504 3587 satis,
2534 3519 2812 3590 antiquam
2845 3529 3074 3585 serpens
3102 3511 3246 3584 quod
3280 3507 3518 3580 perdidit
3539 3506 3730 3574 Evam,

2241 3617 2645 3687 Deceptumquc
2673 3611 2920 3681 adjunxit
2948 3607 3154 3664 Adam:
3185 3619 3287 3661 nos
3313 3619 3436 3661 sera
3464 3608 3723 3673 nepotum

2161 3699 2206 3761 C
2240 3707 2485 3777 Semina,
2521 3703 2778 3761 veridicis
2806 3712 2937 3758 aetas
2965 3699 3221 3769 pra-dicta
3254 3695 3558 3768 praphetis,

2240 3801 2483 3856 Vitetnus
2514 3797 2770 3868 laqueos,
2799 3808 2934 3866 quos
2963 3790 3183 3848 letltifcr
3212 3789 3459 3860 implicat
3488 3785 3691 3856 anguis.

2236 3891 2422 3948 Pande
2443 3891 2613 3955 viam,
2647 3902 2768 3960 qua:
2798 3901 2884 3942 me
2909 3893 3032 3957 post
3052 3881 3268 3938 vincula
3290 3879 3540 3951 corporis
3567 3874 3693 3948 aegri

2237 3986 2292 4042 In
2317 3984 2551 4041 sublime
2582 3984 2748 4037 ferat:
2783 3981 2900 4050 puri
2917 3993 3018 4049 qua
3050 3978 3222 4032 lactea
3244 3973 3370 4029 (teli

2236 4077 2440 4135 Semita
2464 4083 2712 4131 ventosae
2735 4082 2960 4142 superat
2986 4084 3120 4140 vaga
3145 4065 3328 4134 nubila
3356 4065 3542 4120 Luam.

2235 4173 2354 4239 Qua
2379 4183 2632 4241 proceres
2662 4166 2850 4222 abiere
2875 4163 2970 4236 pii,
3001 4177 3216 4235 quaque
3238 4159 3450 4229 integer
3471 4158 3601 4212 olim

2238 4265 2450 4335 liaptus
2471 4260 2793 4334 quadriiugo
2827 4264 3075 4331 penetrat
3095 4269 3258 4326 super
3283 4253 3488 4308 aethera
3520 4264 3678 4306 curru

2239 4355 2445 4424 Helias,
2478 4365 2530 4410 et
2561 4353 2738 4409 solido
2759 4367 2885 4407 cum
2912 4364 3142 4420 corpore
3174 4347 3408 4419 praevius
3438 4342 3642 4400 Euoch.

2240 4449 2338 4517 Da,
2362 4448 2547 4514 Pater,
2577 4445 2764 4502 :eterni
2799 4453 3074 4515 speratam
3107 4439 3326 4496 luminis
3351 4452 3571 4493 auram:

2236 4542 2294 4599 Si
2329 4539 2535 4611 lapides
2551 4552 2658 4594 non
2684 4538 2812 4609 juro
2838 4537 2989 4604 deos,
3025 4548 3300 4605 unumque
3325 4528 3550 4587 verendi

2237 4629 2555 4702 Suspiciens
2578 4631 2748 4684 altare
2769 4627 2933 4692 sacri,
2967 4626 3225 4681 libamina
3249 4624 3372 4679 vita:

2239 4725 2569 4780 lntemerata
2599 4723 2742 4776 fero:
2786 4722 2830 4775 si
2862 4731 2914 4775 te
2938 4719 3288 4788 Dominique,
3322 4715 3549 4786 Deique.

2241 4815 2500 4887 Unigenae
2529 4827 2806 4884 cognosco
2836 4812 3075 4876 Patrem,
3104 4809 3441 4880 niissumque
3464 4806 3705 4874 Duobus,

2237 4912 2339 4980 Qui
2365 4925 2531 4982 super
2561 4923 2845 4981 aequoreas
2877 4904 3400 4976 volitabatSpiritus
3426 4901 3618 4959 undas.

2239 5003 2334 5070 Da,
2367 5002 2613 5069 Genitor,
2648 5002 2884 5067 veniam,
2910 4999 3258 5069 cruciataque
3285 5007 3509 5068 pectora
3538 5007 3702 5065 purga
3735 5007 3750 5046 :

2159 5082 2211 5144 D
2234 5092 2294 5150 Si
2327 5101 2380 5150 te
2403 5107 2511 5172 non
2540 5091 2808 5163 pecudum
2839 5091 3012 5157 fibris,
3042 5105 3147 5145 non
3178 5087 3444 5160 sanguine
3477 5085 3596 5141 fuso

2233 5185 2436 5254 Quaero
2465 5202 2479 5240 :
2513 5199 2616 5242 nec
2647 5184 2865 5241 arcanis
2894 5197 3092 5240 numen
3122 5181 3376 5252 conjecto
3409 5179 3510 5237 sub
3539 5177 3680 5236 extis
3712 5192 3723 5228 :

2231 5280 2290 5337 Si
2319 5279 2532 5336 scelere
2553 5278 2825 5346 abstineo,
2857 5277 3036 5334 errori
3061 5275 3337 5334 obnoxius
3369 5293 3381 5328 :
3409 5281 3470 5330 et
3499 5271 3546 5328 si

2232 5373 2372 5446 Opto
2399 5373 2597 5445 magis,
2624 5387 2786 5443 quam
2816 5371 2948 5441 fido,
2974 5371 3152 5427 bonus
3178 5383 3460 5442 purusque
3485 5363 3716 5439 probari.

2231 5466 2552 5524 Confessam
2580 5466 2806 5537 dignare
2831 5466 3068 5520 animam
3103 5482 3116 5519 :
3148 5465 3190 5518 si
3225 5461 3475 5520 membra
3503 5459 3697 5516 caduca

2236 5558 2532 5626 Exsecror,
2565 5566 2621 5614 et
2648 5558 2870 5613 tacitum
2909 5561 2952 5612 si
2986 5557 3252 5628 pmnitet:
3287 5555 3508 5625 altaque
3535 5561 3720 5607 sensus

2235 5652 2500 5714 Formido
2526 5654 2828 5719 excruciat,
2865 5661 3245 5722 tormentaque
3272 5664 3393 5707 sera
3424 5646 3693 5720 gehenna:

2236 5744 2536 5818 Auticipat,
2571 5746 2887 5818 patiturque
2917 5758 3049 5802 suos
3079 5757 3238 5802 mens
3260 5741 3448 5799 saucia
3481 5750 3685 5798 manes.
