4082 6188
296 245 392 300 841

290 359 390 424 Da,
423 357 605 423 Pater,
639 356 757 416 haec
788 367 980 417 nostro
1011 361 1137 418 ﬁeri
1165 368 1286 418 rata
1314 370 1440 418 vola
1482 369 1728 432 precatu.

286 447 376 503 Nil
398 456 666 516 metuam,
697 450 1028 523 copiamque
1058 453 1212 520 nihil,
1247 453 1382 510 satis
1408 452 1514 510 hoc
1540 469 1663 510 rear
1693 468 1835 522 esse,

285 543 440 611 Quod
467 543 602 600 satis
627 553 733 601 est.
765 545 855 602 Nil
885 555 1042 618 turpe
1070 549 1257 616 velim,
1289 565 1389 606 nec
1409 565 1576 606 causa
1610 550 1836 622 pudoris

287 637 401 695 Sim
430 639 587 696 mihi.
609 639 731 696 Non
759 641 953 698 faciam
976 644 1399 724 cuiquam,tqum
1424 653 1668 718 tempore
1689 645 1884 702 eodem

284 728 496 785 Nollem
527 730 668 786 facta
699 731 855 788 mihi.
881 733 994 790 Nec
1025 749 1158 791 vero
1191 734 1425 793 crimine
1452 736 1640 805 laedar,

285 820 396 878 Nec
423 823 670 880 maculer
695 823 886 881 dubio.
917 825 1150 883 Paulum
1177 827 1383 885 distare
1413 827 1635 886 videtur

287 913 611 984 Suspectus,
641 931 878 987 vereque
906 933 1057 975 reus.
1091 919 1230 976 Male
1258 933 1426 990 posse
1453 920 1686 977 facultas

286 1005 448 1062 Nulla
492 1007 564 1063 sit
594 1024 610 1062 :
643 1017 700 1063 at
742 1009 884 1066 bene
913 1025 1073 1081 posse
1115 1012 1261 1069 adsit
1292 1014 1584 1086 tranquilla
1615 1023 1879 1087 potestas.
1945 1020 1947 1022 ’

283 1096 398 1153 Sim
431 1099 580 1154 tenui
611 1100 782 1170 victu,
814 1110 979 1173 atque
1008 1103 1217 1160 habitu.
1249 1107 1362 1162 Sim
1388 1108 1588 1162 charus
1614 1107 1828 1163 amicis.

285 1189 358 1246 Et
383 1207 603 1264 semper
621 1195 856 1265 genitor,
887 1196 1008 1253 sine
1035 1198 1264 1256 vulnere
1292 1201 1532 1256 nominis
1564 1200 1750 1272 hujus,

281 1286 403 1343 Non
433 1289 618 1344 animo
647 1289 886 1363 doleam,
912 1307 1018 1348 non
1044 1307 1275 1364 corpore
1307 1311 1320 1347 :
1351 1304 1548 1350 cuncta
1573 1295 1777 1365 quietis

285 1378 606 1461 Fungautur
633 1383 882 1440 membra
908 1383 1106 1440 ofﬁciis
1140 1403 1154 1438 :
1185 1401 1288 1442 nec
1315 1386 1536 1444 saucius
1560 1387 1688 1443 ullis

286 1471 539 1529 Partibus
559 1473 824 1530 amissum
854 1475 1151 1546 quidquam
1178 1477 1461 1534 desideret
1485 1493 1636 1546 usus.

285 1566 427 1623 Pace
456 1569 622 1624 fruar.
659 1567 903 1625 Securus
932 1584 1110 1640 agam.
1144 1570 1405 1627 Miracula
1437 1579 1600 1627 terrae

283 1657 441 1714 Nulla
473 1661 975 1734 putem..Suprema
1005 1663 1140 1717 mihi
1171 1679 1296 1717 cum
1329 1663 1539 1720 venerit
1566 1664 1724 1731 hora,

284 1748 396 1805 Nec
429 1751 616 1807 timeat
648 1763 880 1810 mortem
907 1752 1049 1809 bene
1069 1754 1289 1810 conscia
1320 1755 1449 1822 vita,
1479 1769 1581 1812 nec
1610 1764 1786 1827 eptet.

285 1841 462 1900 Purus
489 1843 558 1898 ab
582 1845 814 1901 occultis
840 1860 966 1901 cum
990 1855 1043 1902 te
1073 1845 1390 1918 indulgente
1416 1847 1671 1917 videbor,

281 1933 479 1992 Omnia
499 1936 821 2009 despiciam,
854 1939 1019 1995 fuerit
1039 1955 1163 1996 cum
1195 1942 1311 1997 sola
1344 1941 1594 2010 voluptas

279 2029 558 2086 Iudicium
581 2045 808 2100 sperare
842 2040 1012 2087 tuum.
1046 2033 1203 2100 Quod
1233 2034 1362 2088 dum
1393 2047 1490 2090 sua
1519 2033 1706 2091 differt

282 2117 582 2191 Tempora,
607 2129 1004 2193 cunctaturque
1023 2122 1164 2192 dies,
1196 2123 1387 2194 procul
1416 2124 1573 2196 exige
1597 2140 1801 2181 stnvum

280 2211 664 2270 lnsidiatorem
687 2214 903 2270 blandis
922 2217 1208 2274 erroribus
1233 2232 1492 2288 anguem.

281 2306 415 2363 llzce
445 2306 553 2378 pia,
586 2309 682 2365 sed
714 2319 910 2366 moesto
936 2311 1261 2382 trepidantia
1289 2321 1414 2370 vota
1443 2324 1624 2382 reatu,

279 2397 526 2475 Christe,
555 2402 698 2472 apud
726 2411 991 2459 aeternum
1025 2404 1308 2475 placabilis
1339 2421 1525 2463 assere
1569 2407 1808 2464 Patrem.

281 2472 561 2559 Salvator,
591 2492 757 2564 Deus,
781 2509 847 2550 ac
879 2472 1163 2566 Dominus,
1197 2511 1376 2574 mens,
1409 2498 1604 2568 gloria,
1630 2500 1883 2569 verbum,

279 2579 480 2650 Filius,
507 2599 575 2639 ex
603 2598 737 2640 vero
767 2600 955 2653 verus,
985 2587 1055 2643 de
1080 2587 1288 2645 lumine
1315 2590 1520 2659 lumen,

279 2675 520 2733 Eterno
545 2691 666 2734 cum
699 2678 858 2736 Patre
879 2695 1128 2749 manens,
1156 2681 1213 2737 in
1249 2683 1452 2739 smcula
1479 2698 1738 2757 regnans.

276 2766 536 2826 Consona
570 2786 731 2843 quem
762 2773 1051 2829 celebrant
1080 2774 1343 2831 modulati
1390 2777 1640 2833 carmina
1666 2775 1836 2833 David
1867 2792 1882 2830 :

281 2861 357 2918 Et
382 2866 731 2935 responsuris
755 2865 883 2923 ferit
905 2882 1032 2924 aera
1053 2869 1302 2938 vocibus,
1335 2870 1534 2927 Amen.

955 3005 1218 3078 Egressio.

502 3116 647 3174 Satis
673 3133 898 3189 precum
926 3121 1112 3176 datum
1137 3109 1275 3192 Deo,

501 3211 761 3279 Quamvis
793 3213 927 3270 satis
951 3231 1252 3286 numquam
1276 3217 1387 3274 reis

502 3305 623 3362 Fiat
645 3319 869 3378 precatu
899 3311 1157 3367 numinis.

501 3398 757 3455 Habitum
783 3400 1061 3458 forensem
1092 3403 1184 3471 da,
1211 3419 1378 3474 puer:

503 3489 803 3547 Dicendum
835 3494 1027 3550 amicis
1055 3505 1139 3551 est
1166 3497 1307 3564 Ave,

502 3580 746 3654 Valeque
772 3585 915 3655 quod
946 3586 1008 3641 ﬁt
1036 3595 1310 3645 mutuum.

499 3673 654 3744 Quod
683 3691 806 3732 cum
844 3692 944 3747 per
970 3677 1137 3734 horas
1163 3691 1520 3750 quatuor.....

503 3771 732 3830 lnclinet
757 3773 825 3830 ad
855 3776 1173 3844 meridiem,

503 3863 805 3923 Monendus
833 3877 922 3924 est
941 3868 1055 3939 jam
1077 3870 1283 3928 Sosias.

771 4055 779 4061 .
812 4000 983 4058 Locus
1017 4003 1356 4061 invitationis.

283 4113 526 4184 Tempus
547 4115 808 4173 vocandis
836 4133 1073 4191 namque
1104 4121 1294 4178 amicis
1324 4125 1566 4195 appetit;

282 4206 368 4264 Ne
397 4221 518 4276 nos,
548 4208 764 4276 vel‘illi,
796 4209 1147 4269 demoremur
1173 4216 1463 4286 prandium
1490 4235 1502 4270 :

283 4299 529 4372 Propere
548 4317 648 4373 per
672 4302 820 4361 aedes
851 4320 1012 4363 curre
1038 4308 1270 4377 vicinas,
1301 4325 1453 4380 puer.

282 4393 408 4449 Scis
436 4393 578 4465 ipse,
608 4397 700 4467 qui
726 4397 855 4453 sint.
885 4397 1140 4470 Jamque,
1171 4400 1300 4456 dum
1333 4402 1548 4474 loquor,
1572 4403 1713 4461 'redi.

283 4485 545 4556 Quinque
572 4487 854 4544 advocavi.
879 4489 987 4548 Sex
1010 4491 1156 4547 enim
1188 4493 1502 4550 convivium

281 4576 425 4633 Cum
451 4579 800 4652 regejustum
826 4600 837 4635 :
869 4582 917 4639 si
946 4598 1134 4654 super,
1167 4587 1473 4644 convicium
1495 4597 1601 4645 est.

286 4670 458 4741 Abiit,
485 4673 662 4730 relicti
691 4691 792 4733 nos
820 4691 1011 4734 sumus
1039 4693 1162 4736 cum
1193 4681 1373 4738 Sosia.

750 4789 918 4847 Locus
947 4787 1227 4848 ordinandi
1251 4797 1402 4866 coqui
1407 4816 1422 4850 ε

1692 243 2159 303 PARENTALIA.

1913 377 1966 437 Α
2064 360 2160 418 Sol
2190 361 2370 418 calet:
2400 362 2470 418 ad
2497 363 2743 434 quintam
2773 363 3011 422 flectitur
3037 365 3230 424 umbra
3268 375 3475 426 notam.

3477 257 3584 316 842

1987 452 2072 510 An
2097 462 2287 524 vegeto
2311 453 2566 510 madeant
2594 456 2812 512 condita
2844 445 3066 514 obsonia
3094 472 3281 530 gustu,

2061 545 2300 617 (Fallere
2322 563 2558 618 namque
2587 551 2816 621 solent),
2843 551 3184 622 experiundo
3213 555 3398 624 proba.

1986 637 2228 696 Concute
2255 639 2530 697 ferventes
2561 643 2756 712 palmis
2783 645 3130 701 volventibus
3160 647 3317 715 ollas,

2062 731 2234 802 Tinge
2262 733 2410 789 celer
2437 733 2636 804 digitos
2658 736 2784 805 jure
2812 738 3025 793 calente
3056 747 3176 794 tuos
3207 758 3218 791 :

1992 823 2240 909 Vibrauti
2262 825 2468 882 lambat
2490 843 2628 898 quos
2658 828 2877 884 humida
2910 830 3093 901 lingua
3125 847 3367 888 recursu.

2546 941 2772 1012 (Desunt
2803 943 3014 1014 multa.)

1985 1029 2438 1101 Quadrupedum,
2460 1041 2516 1087 et
2537 1034 2844 1100 volucrum,
2863 1037 2950 1091 vel
2975 1050 3096 1090 cum
3121 1047 3337 1093 terrena
3363 1041 3590 1098 marinis

1989 1122 2230 1178 Monstra
2253 1123 2628 1201 admiscentur
2659 1146 2670 1178 :
2697 1127 2875 1183 donec
2905 1131 3260 1201 purgantibus
3284 1133 3446 1191 Euris

1987 1209 2217 1268 Dimaue
2251 1199 2847 1282 liquidum‘tenuentur
2869 1219 2924 1273 in
2961 1199 3087 1276 aera
3119 1224 3309 1279 nubes.

1985 1301 2138 1358 Nunc
2165 1286 2304 1370 fora,
2335 1321 2483 1362 nunc
2516 1307 2661 1374 lites,
2695 1309 2804 1365 Ιωιὶ
2839 1313 3001 1367 modo
3033 1329 3229 1385 pompa
3261 1320 3458 1373 theatri

1988 1394 2211 1451 Visitur.
2240 1397 2308 1452 Et
2333 1408 2540 1456 turmas
2566 1402 2832 1472 equitum,
2868 1406 3156 1476 credeSque
3185 1408 3458 1468 latronum

1985 1487 2271 1560 Perpetior
2305 1507 2319 1544 :
2354 1492 2558 1548 lacerat
2583 1506 2803 1551 nostros
2834 1496 2946 1553 fera
2978 1499 3152 1554 bellua
3181 1501 3364 1559 vultus
3393 1522 3404 1555 ε

1985 1580 2094 1636 Aut
2124 1583 2176 1637 in
2209 1584 2504 1654 sanguinea
2543 1585 2726 1656 gladio
2757 1604 3074 1659 grassamur
3101 1607 3289 1649 arena.

1986 1675 2090 1732 Per
2130 1694 2283 1735 mare
2305 1681 2641 1752 navifragum
2680 1683 2902 1753 gradior
2934 1686 3097 1754 pedes
3129 1705 3139 1740 :
3167 1698 3223 1744 et
3255 1689 3392 1745 freta
3421 1706 3588 1748 cursu

1906 1772 1955 1833 B
1982 1766 2279 1835 Transilio,
2309 1779 2365 1827 et
2393 1773 2593 1827 subitis
2628 1776 2806 1830 volito
2842 1792 3010 1847 super
3038 1794 3167 1834 aera
3199 1781 3401 1851 pinnis.

1985 1857 2238 1914 lnfandas
2267 1860 2429 1916 etiam
2465 1877 2718 1933 veneres,
2752 1867 3066 1936 iuccstaque
3095 1871 3274 1924 noctis

1991 1948 2292 2016 Dedecora,
2326 1959 2382 2006 et
2413 1953 2646 2023 tragicos
2686 1955 2921 2024 patimur
2953 1973 3048 2026 per
3074 1962 3285 2015 somnia
3313 1970 3507 2019 coetus.

1991 2037 2303 2110 Perfugium
2338 2053 2517 2098 tamen
2550 2054 2655 2111 est,
2682 2047 2936 2116 quotiens
2965 2059 3219 2117 portenta
3251 2067 3512 2123 superqu

1984 2131 2160 2186 Solvit
2188 2143 2349 2204 rupta
2376 2135 2586 2205 pudore
2611 2137 2789 2208 quies,
2819 2148 2874 2194 et
2902 2140 3139 2212 imagine
3160 2143 3301 2200 [ωδε

1985 2223 2183 2282 Libera
2211 2241 2369 2282 mens
2396 2229 2583 2300 vigilat
2618 2249 2630 2282 :
2661 2241 2830 2286 totum
2860 2234 3002 2289 bene
3031 2237 3255 2292 conscia
3290 2239 3493 2296 lectum

1985 2319 2288 2378 Pertraetat
2312 2337 2504 2380 secura
2542 2341 2752 2383 manus.
2784 2328 3055 2387 Probrosa
3086 2333 3294 2388 recedit

1985 2411 2157 2482 Culpa
2190 2414 2321 2479 tori,
2345 2423 2402 2470 et
2433 2416 2644 2487 profugi
2677 2419 3011 2476 minuiscunt
3041 2423 3269 2478 crimina
3297 2427 3475 2481 somni
3501 2445 3514 2480 :

1985 2501 2183 2571 Cerno,
2217 2506 2620 2579 triumphantes
2650 2515 2815 2578 inter,
2845 2529 2934 2569 me
2957 2515 3218 2584 plaudere
3243 2532 3258 2572 :
3289 2533 3504 2573 rursum

1988 2595 2140 2652 lnter
2167 2600 2418 2670 captivos
2451 2602 2640 2659 trahor
2660 2617 2975 2663 exarmatus
2998 2608 3226 2666 Alanos.

1989 2687 2214 2760 Templa
2241 2692 2402 2748 deum
2424 2738 2438 2762 ,
2465 2705 2794 2766 sanctasque
2823 2699 2988 2765 fores,
3023 2703 3332 2775 palatiaque
3360 2721 3524 2762 aurea

1987 2783 2213 2855 Specto,
2243 2797 2297 2844 et
2325 2789 2564 2847 Sarrano
2589 2795 2777 2851 videor
2803 2797 3150 2856 discumbere
3183 2803 3234 2857 in
3267 2813 3452 2861 ostro:

1989 2877 2054 2932 Et
2087 2893 2213 2934 mox
2244 2880 2471 2940 fumosis
2495 2886 2728 2943 conviva
2756 2890 3022 2947 accumbe
3046 2895 3283 2963 popinis.

2062 2972 2313 3029 Divinum
2336 2975 2868 3048 perhibentvatem,
2902 2984 3007 3038 sub
3034 2985 3319 3043 frondibus
3351 2989 3484 3046 ulmi

1993 3061 2138 3117 Vana
2172 3064 2487 3137 ignavorum
2516 3070 2814 3129 simulacra
2845 3075 3057 3133 locasse
3095 3093 3381 3149 saporum,

1911 3147 1957 3210 C
1989 3154 2059 3210 Et
2085 3159 2334 3227 geminas
2363 3175 2596 3218 numero
2617 3175 2805 3234 portas
2834 3185 2846 3219 :
2877 3184 2999 3239 quae
3023 3147 3233 3228 fornice
3262 3147 3478 3233 eburno

1987 3248 2220 3321 Semper
2249 3252 2478 3311 fallaces
2507 3256 2779 3326 glomerat
2799 3273 2967 3332 super
2991 3278 3125 3319 aera
3157 3265 3366 3324 formas
3393 3287 3406 3323 :

1984 3341 2196 3408 Altera,
2229 3359 2351 3414 quae
2378 3362 2541 3404 veros
2566 3353 2766 3406 emittit
2790 3367 2991 3409 cornea
3023 3355 3190 3412 visus.

1985 3436 2138 3505 Quod
2165 3439 2211 3494 si
2238 3439 2307 3496 de
2338 3440 2522 3498 dubiis
2542 3445 2870 3501 conceditur
2898 3449 3052 3517 optio
3074 3451 3236 3508 nobis
3263 3471 3274 3504 :

1988 3530 2190 3585 Deesse
2220 3530 2382 3586 ﬁdem
2412 3532 2548 3588 Iaitis
2579 3535 2803 3603 melius,
2835 3554 3001 3607 quam
3027 3556 3162 3596 vana
3201 3545 3400 3602 timeri.

1986 3617 2130 3674 Ecce
2153 3635 2254 3690 ego
2277 3619 2390 3689 jam
2421 3625 2609 3680 malim
2642 3625 2758 3680 falli
2791 3646 2802 3679 :
2834 3643 2982 3696 nam,
3013 3631 3314 3692 dummodo
3339 3653 3561 3711 semper

1905 3722 1910 3726 ·
1986 3707 2191 3765 Tristia
2216 3725 2534 3781 vanescant,
2569 3717 2750 3786 potius
2788 3721 3031 3777 caruisse
3060 3723 3329 3794 fruendis,

1985 3800 2160 3869 Quam
2184 3803 2460 3874 trepidare
2483 3807 2662 3864 malis.
2685 3809 2831 3866 Satis
2851 3821 2935 3867 est
2954 3812 3118 3884 bene,
3149 3818 3197 3872 si
3220 3827 3400 3878 metus
3416 3822 3583 3882 absit.

1986 3891 2129 3948 Sunt
2157 3903 2214 3951 et
2239 3895 2328 3966 qui
2359 3895 2545 3964 fletus,
2578 3908 2634 3955 et
2660 3901 2860 3972 gaudia
2901 3914 3257 3966 controversa

1984 3985 2313 4058 Conjectent
2342 4007 2354 4043 :
2385 3992 2650 4065 varioque
2682 3996 2901 4053 trahant
2920 4009 3112 4056 eventa
3134 4004 3330 4059 relatu.

1988 4077 2067 4136 lte
2088 4095 2187 4151 per
2209 4080 2463 4155 obliquos
2495 4085 2642 4152 celi,
2670 4089 2812 4143 mala
2841 4092 3072 4160 somnia,
3110 4095 3361 4166 mundos,

1989 4169 2289 4242 Irrequieta
2315 4175 2436 4246 vagi
2464 4192 2570 4246 qua
2595 4177 2810 4234 difﬁant
2831 4181 3010 4239 nubila
3032 4186 3221 4242 nimbi.

1987 4259 2237 4354 Lunares
2267 4264 2507 4323 babitate
2533 4269 2707 4338 polos.
2743 4272 2881 4339 Quid
2912 4285 3097 4331 nostra
3126 4279 3323 4336 subitis
3418 4285 3437 4354 ς

1987 4353 2223 4425 Limina,
2256 4367 2314 4414 et
2341 4361 2558 4430 angusti
2584 4365 2877 4421 tenebrosa
2909 4369 3108 4424 cubilia
3141 4372 3300 4428 tecti?

1931 4460 1961 4530 '_
1987 4449 2070 4506 Me
2097 4450 2258 4508 sinite
2281 4451 2507 4523 ignavas
2535 4455 2804 4524 placidum
2831 4459 3119 4516 traducere
3149 4475 3360 4530 noctes,

1909 4512 1965 4576 Ῑ)
1988 4541 2126 4598 Dum
2157 4543 2347 4600 redeat
2373 4558 2533 4601 roseo
2563 4547 2696 4602 mihi
2726 4547 2944 4605 Lucifer
2983 4565 3181 4607 aureus
3210 4565 3380 4612 ortu..

1987 4635 2144 4704 Quod
2173 4637 2219 4693 si
2241 4652 2331 4694 me
2361 4637 2523 4694 nullis
2550 4651 2806 4698 vexatum
2835 4653 2999 4700 nocte
3033 4644 3219 4714 ﬁguris

1992 4729 2168 4785 Mollis
2197 4730 2496 4802 tranquillo
2526 4735 2871 4803 permulserit
2897 4752 3024 4793 aere
3054 4753 3308 4807 somnus;

1992 4820 2152 4876 Hune
2178 4823 2380 4889 lucum,
2410 4833 2602 4881 nostro
2625 4825 2815 4882 viridis
2841 4829 2934 4898 qui
2959 4827 3175 4885 frondet
3203 4832 3257 4887 in
3289 4847 3424 4905 agro

286 4896 470 4966 Sosia,
501 4899 878 4971 prandendum
906 4912 1010 4960 est.
1029 4906 1290 4975 Quartam
1305 4905 1418 4978 jam
1445 4914 1589 4963 totus
1611 4906 1666 4964 in
1693 4907 1883 4966 horam
1994 4911 2243 4983 Ulmeus,
2264 4916 2511 4972 excubiis
2546 4896 2898 4977 habitandum
2921 4921 3116 4980 dedico
3145 4896 3363 4982 vestris.
3525 4944 3540 4978 ι

289 5040 3565 5086 ————-——__._.__.______________._________________

1548 5139 2328 5232 PARENTALIA.
2409 5219 2416 5227 .

681 5277 946 5352 Prwfatio
974 5283 1208 5340 versibus
1237 5293 1506 5341 annotata.

294 5367 528 5426 Nomina
551 5370 843 5428 charorum
863 5373 976 5444 jam
1005 5376 1225 5432 condita
1257 5377 1448 5434 funere
1465 5377 1642 5450 justo,

365 5463 520 5521 Fleta
549 5465 702 5536 prius
729 5467 1010 5540 lacrymis,
1048 5485 1192 5525 nunc
1223 5471 1538 5527 memorabo
1567 5471 1766 5538 modis,

292 5554 469 5626 Nuda,
495 5557 616 5614 sine
645 5569 866 5628 ornatu,
897 5562 1153 5634 fandique
1179 5565 1427 5620 carentia
1452 5565 1622 5622 cultu.

363 5649 580 5706 Sufﬁcit
609 5650 821 5708 inferiis
850 5655 1181 5727 exsequialis
1203 5654 1399 5712 honos.

291 5740 482 5822 Nagnia
503 5741 748 5801 funereis
776 5747 913 5802 salis
935 5746 1179 5804 ofﬁciosa
1203 5748 1466 5820 querelis,

626 5837 903 5904 Parnon.
957 5839 1139 5902 XIX:

2071 5289 2264 5361 Annua
2291 5303 2359 5344 nc
2388 5289 2583 5345 tacitus
2606 5306 2829 5348 munera
2860 5304 3155 5365 praetereas
3181 5315 3195 5354 :

1998 5381 2133 5448 Quae
2159 5379 2330 5436 Numa
2356 5384 2602 5452 cognatis
2629 5384 2897 5441 solemnia
2927 5387 3147 5444 dedicat
3174 5391 3383 5448 umbris
3417 5412 3426 5445 :

2075 5472 2142 5528 Ut
2170 5473 2371 5544 gradus
2397 5484 2491 5529 aut
2521 5476 2718 5531 mortis
2740 5479 3004 5546 postulat,
3035 5490 3129 5536 aut
3161 5486 3395 5553 generis.

1999 5566 2116 5623 Hoc
2138 5568 2273 5624 satis
2300 5577 2352 5624 et
2387 5567 2637 5637 tumulis,
2672 5569 2808 5624 satis
2843 5579 2900 5627 et
2932 5572 3144 5630 telluris
3171 5577 3376 5646 egenis.

2071 5658 2220 5717 Voce
2245 5660 2392 5717 ciere
2421 5661 2632 5716 animas
2658 5659 2871 5718 funeris
2898 5663 3071 5721 instar
3101 5667 3282 5725 habet.

1996 5753 2247 5813 Gaudent
2272 5753 2560 5826 compositi
2596 5753 2809 5812 cineres
2837 5769 2932 5813 sua
2955 5759 3175 5818 nomina
3218 5761 3346 5819 dici.

3041 5809 3175 5916 ΞΓ
3458 5809 3464 5816 ’
