4082 6188
515 247 625 308 847

668 361 940 419 Germane
958 355 1140 416 carnis
1167 357 1289 430 lege
1312 366 1367 415 et
1391 366 1513 414 ortu
1540 354 1844 428 sanguinis,

738 455 938 509 Amore
969 466 1107 523 pene
1130 450 1295 508 filius.
1353 458 1366 517 ξ

737 562 878 620 XIV.
927 563 1052 619 Val.
1086 562 1306 618 Latinus
1334 561 1634 633 Euronius,
1667 577 1840 634 gener.

521 682 566 738 0
589 681 807 752 generis
833 680 964 737 clari
993 680 1181 747 decus,
1211 695 1244 738 o
1273 680 1406 736 mihi
1440 680 1602 736 funus
1631 678 1908 745 acerbum,

595 773 822 845 Euroni,
855 790 887 832 e
913 775 1184 846 iuvenum
1216 775 1352 831 lecte
1377 774 1604 830 cohorte
1633 788 1824 844 gener,

519 867 738 923 Occidis
766 867 818 922 in
849 868 1038 938 prima:
1069 877 1257 938 raptus
1287 866 1421 922 mihi
1452 867 1590 923 flore
1617 866 1880 936 iuventte,

591 959 872 1016 Lactantis
901 959 1012 1016 nati
1038 961 1127 1016 vix
1159 961 1295 1016 bene
1326 969 1456 1017 note
1488 971 1661 1031 pater.

519 1050 602 1106 Tu
625 1065 911 1122 procerum
939 1051 1008 1107 de
1031 1052 1205 1122 stirpe
1234 1061 1407 1120 satus,
1439 1065 1774 1124 prmgressus
1798 1058 1854 1108 et
1874 1051 2043 1120 ipsos,

596 1141 754 1200 Unde
782 1158 952 1215 genus
977 1144 1140 1199 clarte
1171 1144 1469 1199 nobilitatis
1491 1153 1628 1199 erat.

519 1237 630 1294 Ore
655 1235 878 1302 decens,
911 1237 1087 1293 bonus
1116 1236 1360 1308 ingenio,
1390 1235 1680 1302 facundus,
1712 1241 1768 1290 et
1788 1234 1937 1290 omnii

591 1329 928 1385 Dexteritate
953 1328 1162 1400 vigens,
1195 1328 1611 1399 praecipuosque
1642 1326 1772 1383 fide.

517 1421 634 1478 Hoc
655 1423 995 1492 praefectura:
1026 1422 1208 1488 sedes,
1238 1422 1341 1477 hoc
1371 1422 1546 1493 Illyris
1578 1437 1672 1478 ora

544 1547 548 1551 ›
587 1514 831 1570 Pratside
861 1524 911 1570 te
939 1523 1162 1585 experta
1194 1524 1297 1580 est,
1332 1515 1496 1570 fiscus
1518 1522 1574 1569 et
1596 1514 1714 1586 ipse
1738 1514 1931 1569 cliens.

514 1605 600 1662 Nil
627 1606 732 1663 aevi
765 1605 1031 1662 brevitate
1054 1614 1236 1662 tamen
1270 1605 1365 1662 tibi
1397 1606 1572 1662 laudis
1599 1606 1936 1677 ademptum.

586 1701 774 1757 Indole
802 1709 1067 1768 maturus,
1098 1700 1290 1756 funere
1319 1699 1550 1754 acerbus
1580 1697 1719 1753 obis.

795 1811 908 1866 XV.
953 1810 1279 1880 Pomponius
1313 1810 1612 1878 Maximus,
1647 1811 1850 1881 affinis.

515 1927 586 1984 Et
612 1935 665 1983 te
690 1939 1036 1996 germanum,
1067 1940 1174 1979 non
1209 1925 1499 1994 sanguine,
1532 1924 1628 1980 sed
1658 1926 1778 1980 vice
1810 1923 2017 1990 fratris,

585 2017 839 2083 Maxime,
872 2015 1186 2095 devinctum
1220 2016 1394 2070 tnenia
1426 2025 1610 2071 nostra
1643 2023 1824 2072 canet.

512 2110 726 2180 Coniux
753 2123 988 2179 namque
1010 2123 1145 2163 mea:
1175 2117 1227 2162 tu
1254 2109 1575 2164 consociato
1603 2109 1778 2164 sorori

587 2200 714 2258 divi
744 2200 896 2271 fruge
927 2200 1006 2255 tui
1027 2199 1283 2256 destituis
1315 2199 1554 2265 viduam.

519 2293 638 2351 Non
665 2292 861 2350 domus
889 2293 992 2349 hoc
1024 2301 1232 2348 tantum
1264 2294 1438 2348 sensit
1469 2303 1584 2358 tua;
1619 2293 1796 2349 sensit
1822 2293 2079 2350 acerbum

593 2386 818 2470 Saucia!
855 2387 1016 2457 proh,
1047 2402 1233 2442 casum
1265 2388 1412 2443 curia
1441 2387 1766 2458 Burdigalae,

515 2485 598 2542 Te
629 2485 868 2556 primore
891 2485 1105 2554 vigens,
1137 2491 1188 2539 te
1215 2482 1513 2539 deﬁciente
1543 2484 1836 2540 relabens:

592 2577 762 2649 Inque
788 2576 1135 2632 Valentinum
1165 2585 1220 2630 te
1247 2575 1516 2631 moriente
1541 2574 1766 2632 cadens.

512 2668 666 2725 Heu!
698 2684 866 2740 quare
893 2679 1044 2735 nato,
1075 2684 1172 2724 cur
1198 2668 1347 2740 fruge
1375 2677 1430 2724 et
1454 2667 1592 2725 flore
1623 2679 1882 2738 nepotum

586 2762 822 2832 Ereptus
849 2762 1028 2826 nobis,
1057 2761 1306 2829 Maxime,
1343 2777 1450 2816 non
1480 2762 1718 2819 frueris?

519 2852 628 2911 Sed
657 2843 892 2909 frueris:
927 2853 1107 2908 divina
1142 2852 1350 2908 habitat
1380 2854 1426 2908 si
1458 2854 1638 2924 portio
1666 2854 1883 2910 Manes:

589 2946 830 3016 Quaeque
858 2946 1042 3000 futura
1071 2945 1202 3000 olim
1233 2945 1645 3016 gaudia,'nosse
1671 2946 1853 3002 datur.

517 3041 759 3112 Longior
787 3040 875 3096 hic
903 3041 1068 3096 etiam
1098 3040 1346 3096 laetorum
1379 3039 1586 3096 fructus
1611 3041 1866 3109 habetur,

586 3132 934 3201 Anticipasse
963 3131 1079 3198 diu,
1111 3146 1234 3200 quae
1264 3131 1429 3186 modo
1452 3117 1766 3202 participas.

622 3243 712 3301 XV
724 3244 766 3300 Ι.
819 3242 972 3296 Veria
1002 3240 1233 3311 Liceria,
1268 3258 1403 3296 uxor
1430 3243 1642 3298 Arborii
1667 3247 1861 3300 sororis
1888 3245 2008 3315 ﬁlii.

515 3361 598 3417 Tu
620 3375 836 3432 quoque
862 3358 951 3415 vel
982 3359 1173 3415 nuruis
1204 3358 1333 3414 mihi
1365 3360 1613 3425 nomine,
1643 3361 1732 3417 vel
1760 3363 1879 3418 vice
1908 3369 2048 3418 natae

590 3451 749 3508 Veria
781 3450 1024 3522 supremi
1055 3467 1277 3519 carmen
1309 3451 1535 3508 honoris
1564 3453 1724 3510 habe.

517 3545 686 3616 Cujus
713 3545 757 3600 si
787 3544 1054 3616 probitas,
1089 3546 1132 3602 si
1164 3546 1334 3602 forma
1365 3556 1422 3604 et
1452 3547 1616 3616 fama,
1653 3549 1897 3622 fidesque

587 3636 873 3708 Morigerae
905 3638 1113 3704 uxoris,
1147 3637 1490 3709 lanificaaque
1518 3656 1730 3712 manus,

518 3729 676 3785 Nunc
697 3728 971 3785 laudanda
1003 3729 1181 3786 forent
1209 3748 1220 3782 :
1259 3731 1443 3798 procul
1471 3740 1525 3787 et
1548 3732 1619 3788 de
1645 3733 1896 3790 manibus
1928 3735 2050 3792 imis

590 3820 931 3876 Arcessenda
963 3828 1113 3876 esset
1141 3836 1242 3876 vox
1276 3823 1464 3892 proavi
1493 3823 1738 3880 Eusebii.

519 3912 623 3981 Qui
649 3912 912 3984 quoniam
939 3911 1126 3968 functo
1152 3913 1263 3982 iam
1295 3914 1506 3984 pridem
1539 3916 1792 3974 conditus
1813 3933 1952 3989 :evo,

595 4006 960 4077 Transcripsit
991 4015 1174 4076 partes
1208 4007 1262 4061 in
1294 4022 1413 4062 mea
1444 4008 1612 4063 verba
1641 4024 1768 4065 suas
1794 4028 1806 4063 :

523 4099 733 4170 Accipe
759 4098 1011 4156 funereas
1038 4099 1216 4170 neptis
1233 4089 1446 4155 defleta
1477 4102 1764 4171 querelas;

596 4191 810 4263 Coniux
837 4191 1056 4249 Arborii
1083 4195 1570 4251 commemoranda
1601 4195 1730 4253 mei.

519 4282 622 4340 Cui
649 4299 811 4356 parva
836 4284 1074 4356 ingentis
1107 4286 1287 4343 luctus
1317 4287 1513 4343 solatia
1541 4289 1796 4360 linquens

599 4375 862 4435 Destituis
884 4384 1068 4434 natum
1096 4396 1107 4432 :
1141 4395 1250 4449 quo
1279 4383 1451 4453 magis
1476 4385 1781 4440 excrucias.

527 4470 599 4525 At
623 4467 719 4524 tibi
739 4467 925 4526 dilecti
956 4484 1026 4526 ne
1055 4469 1196 4526 desit
1221 4486 1350 4528 cura
1377 4474 1584 4539 mariti,

601 4563 798 4620 Iuncta
823 4562 961 4619 colis
990 4563 1231 4620 thalamo
1257 4579 1403 4621 nunc
1429 4578 1786 4626 monumenta
1813 4581 1926 4627 tuo.

530 4653 654 4720 llic,
679 4655 771 4712 ubi
799 4655 1007 4726 primus
1037 4655 1261 4727 hymen,
1288 4657 1448 4712 sedes
1474 4659 1547 4714 ibi
1577 4672 1770 4719 mmsta
1796 4665 2056 4736 sepulcri.

601 4747 777 4818 Nupta
802 4748 975 4820 magis
1002 4746 1131 4815 dici,
1163 4763 1323 4820 quam
1354 4751 1616 4808 tumulata
1645 4763 1822 4824 potes.

711 4859 877 4917 XVII.
919 4859 1244 4931 Pomponius
1273 4865 1542 4923 Maximus
1573 4868 1930 4944 Herculanus,

1136 4958 1331 5012 sororis
1363 4958 1524 5028 ﬁlius.
1913 4977 1915 4980 ‘

740 5066 855 5125 Nec
880 5068 1244 5128 llerculanum
1268 5076 1507 5146 genitum
1534 5095 1791 5153 germana
1823 5101 1943 5145 mea
1985 5044 2022 5065 I.

745 5159 1114 5221 Modulamine
1141 5167 1318 5222 nzenia
1340 5170 1481 5227 tristi

743 5252 996 5310 Tacitum
1025 5255 1145 5315 sine
1173 5257 1382 5341 honore
1409 5263 1719 5338 relinquat;

742 5345 920 5418 Super
949 5347 1132 5407 indole
1163 5352 1320 5424 cuius
1350 5356 1521 5413 adulti

743 5439 950 5510 Magnae
981 5440 1126 5498 bona
1153 5445 1313 5518 copia
1343 5446 1542 5507 laudis.

743 5530 946 5589 Verum
979 5549 1284 5595 memorare
1311 5543 1502 5614 magis,
1534 5560 1693 5618 quam

746 5622 1014 5680 Functum
1041 5628 1267 5688 laudare
1296 5633 1532 5692 decebit.

741 5714 919 5774 Decus
945 5717 1050 5777 hoc
1077 5724 1400 5797 matrisque,
1433 5745 1725 5804 meumque
1751 5779 1765 5804 ,

1917 208 2098 299 θεαί
2133 233 2408 299 ΑυδΟΝιι

2141 354 2197 415 Α
2433 352 2492 410 1η
2517 364 2765 424 tempore
2792 351 3013 426 puberis
3040 353 3148 408 aevi

3711 232 3812 292 848

2439 444 2535 500 Vis
2560 444 2794 516 perculit
2816 443 2998 500 invida
3025 442 3142 499 fati.

2434 537 2584 594 IIehe
2615 551 2796 608 quem,
2828 536 3088 604 Maxime,
3114 535 3348 591 fructum
3373 536 3400 594 ?.

2435 629 2712 695 Facundo,
2743 637 2797 684 et
2819 630 3046 697 musice,
3074 636 3130 685 et
3155 643 3304 696 acer,

2440 724 2678 780 Mentem
2705 724 2904 791 bonus,
2939 723 3155 794 ingenio
3183 724 3394 794 ingens,

2443 817 2678 874 Volucer
2700 818 2859 888 pede,
2885 832 3117 888 corpore
3148 816 3394 888 pulcher,

2435 908 2639 980 Lingua
2666 920 2846 978 catus,
2880 924 2978 964 ore
3005 923 3259 973 canorus,

2438 1001 2586 1072 Cape
2613 1017 2814 1058 munus
2842 1001 2996 1058 triste
3026 1009 3354 1072 parentum,

2436 1095 2834 1168 Lacrymabilis
2862 1111 2984 1152 orsa
3013 1095 3273 1167 querelae,

2441 1187 2572 1254 Qua:
2599 1187 2880 1244 funereum
2909 1187 3217 1242 modulatus

2437 1279 2558 1336 Tibi
2585 1288 2813 1336 moestus
2839 1279 3138 1335 avunculus
3166 1278 3346 1336 offert.

2222 1390 2411 1448 XVIII.
2455 1391 2504 1445 Ε
2506 1391 2547 1448 ι.
2583 1391 2808 1449 Sanctus
2828 1433 2857 1464 ,γ
2885 1392 3114 1447 Maritus
3144 1391 3466 1448 Pudentilla:
3487 1437 3500 1460 ,
3529 1410 3646 1464 quae
3671 1409 3810 1449 soror

2688 1484 2690 1486 ·
2742 1469 2750 1474 '
2792 1514 2794 1516 ,
2825 1463 3038 1519 Sabinw
3068 1480 3215 1519 meaz.

2219 1579 2321 1648 Qui
2343 1579 2463 1651 ioca
2494 1579 2848 1650 laetitiamque
2868 1578 3028 1647 colis,
3054 1578 3147 1650 qui
3174 1577 3349 1634 tristia
3377 1577 3606 1634 damnas
3623 1619 3639 1641 .

2291 1671 2402 1727 Nec
2429 1671 2628 1726 metuis
2655 1685 3007 1742 quemquam,
3038 1685 3140 1726 nec
3168 1670 3497 1726 metuendus
3526 1671 3642 1742 agis
3669 1689 3681 1724 ε

2145 1741 2196 1802 Β
2219 1763 2322 1832 Qui
2351 1765 2558 1819 nullum
2587 1763 2803 1820 insidiis
2831 1773 3040 1835 captas,
3070 1779 3173 1820 nec
3200 1764 3294 1820 lite
3317 1765 3564 1832 lacessis,

2287 1854 2392 1912 Sed
2416 1854 2616 1925 iustam
2644 1865 2699 1912 et
2727 1856 2968 1912 clemens
2995 1856 3162 1912 vitam
3189 1856 3329 1928 agis,
3357 1866 3418 1912 et
3444 1856 3664 1927 sapiens
3690 1876 3703 1910 :

2219 1946 2572 2018 Tranquillos
2598 1949 2807 2018 Manes,
2839 1963 3204 2020 supremaque
3229 1950 3382 2004 mitia
3413 1949 3601 2006 Sancti

2286 2041 2394 2096 Ore
2423 2042 2533 2111 pio,
2561 2050 2618 2097 et
2644 2027 2830 2099 verbis
2855 2042 3197 2100 advenerare
3219 2043 3380 2099 bonis
3406 2063 3419 2097 :

2215 2134 2464 2191 Militiam
2490 2136 2642 2192 nullo
2667 2137 2762 2208 'qui
2791 2137 3010 2194 turbine
3035 2137 3255 2194 sedulus
3281 2138 3394 2210 egit
3418 2157 3431 2191 :

2289 2229 2528 2286 Praeside
2552 2230 2766 2286 laetatus
2789 2245 2898 2301 quo
2925 2229 3236 2301 Rutupinus
3259 2247 3408 2302 ager.

2217 2322 2708 2395 Octogintaaunos
2731 2323 2887 2393 cujus
2915 2323 3209 2395 tranquilla
3239 2330 3495 2381 senectus

2290 2417 2451 2473 Nullo
2476 2416 2709 2473 mutavit
2736 2417 3012 2474 deteriore
3040 2416 3151 2472 die.

2174 2588 2176 2590 ν
2217 2511 2360 2583 Ergo
2390 2526 2614 2582 precare
2640 2509 2828 2566 favens
2858 2527 2870 2563 :
2902 2517 2985 2579 ut,
3013 2510 3196 2580 qualia
3219 2517 3470 2583 tempora
3504 2510 3633 2567 vita:
3655 2550 3671 2577 ,

2289 2603 2440 2660 Talia
2469 2611 2525 2659 et
2553 2603 2623 2660 ad
2650 2618 2840 2660 manes
2870 2590 2981 2660 otia
3007 2603 3241 2661 Sanctus
3273 2614 3420 2676 agat.

2525 2737 2669 2793 XIX.
2712 2737 2910 2793 Narnia
2942 2737 3270 2807 Pudentilla,
3301 2739 3505 2811 afﬁnis.

2221 2850 2410 2921 Tuque
2432 2849 2805 2906 Pudentillam
2836 2850 3023 2906 verbis
3053 2850 3220 2907 effare
3249 2851 3518 2926 supremis
3543 2893 3559 2918 ,

2291 2943 2424 3012 Qua:
2449 2945 2607 2999 fama:
2631 2959 2842 3010 curam,
2870 2959 2992 3014 quae
3025 2943 3315 3012 probitatis
3343 2943 3534 3000 habes.

2222 3037 2431 3094 Nobilis
2459 3037 2597 3106 haec,
2631 3037 2796 3110 frugi,
2831 3037 3022 3107 proba,
3049 3037 3200 3106 laeta,
3235 3036 3450 3107 pudica,
3473 3035 3690 3102 decora,

2141 3119 2192 3184 C
2290 3131 2618 3203 Coniugium
2643 3130 2832 3187 Sancti
2857 3123 3063 3203 iugiter
3083 3131 3202 3194 haec
3227 3131 3438 3188 habuit.

2220 3223 2482 3279 Inviolata
2517 3231 2677 3280 tuens
2700 3232 2865 3280 castae
2893 3227 3168 3294 prteconia
3199 3225 3348 3291 vitae,

2291 3315 2456 3371 Rexit
2487 3329 2621 3386 opes
2648 3316 2918 3386 proprias,
2955 3315 3067 3371 otia
3090 3324 3289 3388 agente
3315 3317 3452 3372 viro.

2221 3405 2346 3464 Non
2373 3405 2496 3463 ideo
2517 3407 2882 3477 exprobrans,
2914 3416 3009 3463 aut
3035 3409 3216 3463 fronte
3243 3407 3501 3472 obducta,
3529 3409 3742 3475 marito,

2293 3499 2452 3568 Quod
2479 3509 2695 3570 gereret
2723 3510 2894 3557 totam
2923 3500 3124 3556 femina
3145 3501 3263 3557 sola
3287 3501 3537 3558 domum.

2223 3588 2374 3646 Heu!
2408 3590 2634 3646 nimium
2658 3591 2903 3662 iuvenis,
2941 3593 3039 3649 sed
3071 3592 3194 3647 laeta
3223 3594 3518 3663 superstite
3548 3601 3673 3650 nato
3695 3635 3710 3660 ,

2297 3682 2474 3754 Atque
2501 3683 2646 3753 viro,
2679 3684 2892 3754 patiens
2919 3685 3029 3740 fata
3061 3700 3316 3757 suprema
3345 3685 3502 3742 obiit.

2227 3773 2514 3831 Unanimis
2544 3783 2747 3832 nostrae
2775 3785 2831 3832 et
2859 3777 3135 3848 quondam
3161 3794 3420 3850 germana
3448 3779 3688 3846 Sabinae,

2300 3867 2370 3922 Et
2399 3867 2534 3923 mihi
2562 3867 2834 3925 inoffenso
2861 3871 3086 3927 nomine
3111 3871 3257 3927 dicta
3286 3887 3468 3930 soror.

2225 3959 2381 4015 Nunc
2407 3960 2571 4016 etiam
2596 3961 2782 4018 Manes
2812 3962 3052 4033 placidos
3081 3965 3166 4035 pia
3189 3980 3320 4022 cura
3345 3974 3608 4024 retractat
3633 3982 3648 4024 :

2300 4055 2476 4125 Atque
2495 4052 2861 4110 Pudentillam
2887 4054 3054 4113 fantis
3075 4056 3284 4116 honore
3309 4059 3463 4116 colit.

2460 4190 2581 4248 XX.
2623 4190 2866 4248 Lucanus
2895 4192 3122 4252 Talisius
3258 4195 3450 4252 Curam
3472 4199 3589 4268 ﬁlii.

2230 4303 2342 4360 Nec
2366 4312 2576 4360 tantum
2606 4304 2794 4362 matris
2823 4321 2948 4377 spes
2981 4308 3167 4377 unica,
3201 4309 3413 4382 ephebe
3439 4311 3624 4379 Talisi,

2300 4395 2665 4466 Consobrine,
2699 4399 2834 4455 meis
2864 4400 3272 4458 immemoratus
3297 4404 3432 4460 eris.

2152 4507 2206 4568 ι)
2233 4487 2468 4560 Ereptus
2494 4489 2684 4560 primis
2711 4493 2816 4548 mvi
2853 4492 3103 4552 florentis
3140 4496 3194 4552 in
3227 4497 3390 4554 annis
3415 4515 3436 4564 ;

2301 4579 2420 4636 Jam
2450 4589 2630 4638 tamen
2661 4591 2718 4640 et
2741 4584 3002 4656 coniunx,
3016 4587 3130 4658 iam
3160 4602 3478 4661 properate,
3505 4600 3673 4660 pater.

2231 4674 2547 4733 Festinasse
2573 4685 2730 4748 putes
2758 4676 2926 4734 fatum
2953 4698 2964 4733 :
3000 4695 3068 4736 ne
3093 4679 3256 4738 funus
3281 4683 3541 4738 acerbum

2304 4769 2542 4827 Duceret
2571 4769 2675 4828 hoc
2701 4771 2934 4842 genitor,
2969 4781 3076 4829 tam
3107 4774 3217 4831 cito
3242 4775 3416 4833 factus
3433 4791 3589 4834 avus.

2233 4907 2378 4964 XXI.
2419 4909 2628 4967 Attusia
2669 4911 2886 4967 Lucana
2922 4910 3150 5055 Τιῆἰὶδξα.
3189 4913 3536 4973 Erntinisciu
3570 4915 3819 4989 Regulus,

2938 5001 2969 5037 a
3037 5002 3139 5040 ms.

2938 5001 3139 5040 amnts.

2233 5097 2435 5156 Notitia
2464 5101 2624 5158 exilis
2653 5102 2836 5171 nobis,
2863 5102 3099 5170 Attusia,
3133 5110 3337 5173 tecum,

2263 5217 2270 5221 -
2305 5194 2549 5266 Cumque
2577 5202 2671 5252 tuo
2700 5196 2861 5266 plane
2886 5196 3118 5268 coniuge
3151 5197 3300 5253 nulla
3334 5196 3457 5253 fuit.

2234 5283 2438 5342 Verum
2470 5293 2526 5341 tu
2554 5295 2756 5342 nostra:
2781 5300 2940 5344 soror
2962 5301 3024 5344 es
3052 5301 3315 5359 germana
3340 5287 3585 5346 Sabinae.

2307 5378 2502 5435 Afﬁnis
2531 5395 2749 5452 quoque
2777 5388 2838 5437 tu
2859 5423 2874 5449 ,
2906 5380 3114 5453 Regule
3132 5423 3149 5451 ,
3181 5396 3382 5439 nomen
3410 5381 3607 5439 habes.

2233 5471 2468 5528 Sortitos
2500 5471 2668 5544 igitur
2695 5483 2804 5530 tam
2833 5471 2997 5530 chara
3024 5474 3291 5532 vocabula
3319 5475 3507 5544 nobis,

2305 5564 2650 5636 Stringamus
2677 5566 2857 5622 Incesti
2887 5567 3150 5624 carminis
3177 5568 3466 5639 obsequio.

2231 5652 2495 5721 Quamvis
2520 5642 2814 5714 Santonica
2848 5658 3039 5729 procul
3069 5660 3123 5714 in
3157 5660 3354 5718 tellure
3375 5660 3628 5730 iacentes

2304 5749 2568 5809 Pervenit
2597 5752 2669 5809 ad
2698 5751 2880 5810 Manes
2905 5753 3240 5826 exsequialis
3264 5753 3462 5813 honos.
3527 5828 3532 5833 ξ
