  <div class='ocr_page' id='page_1' title='image "/cluster/home/n/w/nwhite01/storage/ocr_20150623/19/hvd.32044096580451/432.png"; bbox 0 0 4082 6188; ppageno 0'>
   <div class='ocr_carea' id='block_1_1' title="bbox 313 249 3615 329">
    <p class='ocr_par' dir='ltr' id='par_1_1' title="bbox 313 249 3615 329">
     <span class='ocr_line' id='line_1_1' title="bbox 313 249 3615 329; baseline 0.002 -23"><span class='ocrx_word' id='word_1_1' title='bbox 313 249 424 307; x_wconf 73' lang='lat'><strong>349</strong></span> <span class='ocrx_word' id='word_1_2' title='bbox 713 313 721 329; x_wconf 58' lang='grc'><em>,</em></span> <span class='ocrx_word' id='word_1_3' title='bbox 1005 281 1013 287; x_wconf 90' lang='grc'><strong>-</strong></span> <span class='ocrx_word' id='word_1_4' title='bbox 1741 249 2206 310; x_wconf 78' lang='lat' dir='ltr'><strong>PARENTALIA.</strong></span> <span class='ocrx_word' id='word_1_5' title='bbox 3509 254 3615 312; x_wconf 77' lang='lat'><strong>350</strong></span> 
     </span>
    </p>
   </div>
   <div class='ocr_carea' id='block_1_2' title="bbox 461 367 1761 439">
    <p class='ocr_par' dir='ltr' id='par_1_2' title="bbox 461 367 1761 439">
     <span class='ocr_line' id='line_1_2' title="bbox 461 367 1761 439; baseline 0.002 -16"><span class='ocrx_word' id='word_1_6' title='bbox 461 367 630 425; x_wconf 86' lang='lat' dir='ltr'><strong>XXII.</strong></span> <span class='ocrx_word' id='word_1_7' title='bbox 679 369 899 425; x_wconf 83' lang='lat' dir='ltr'><strong>Severus</strong></span> <span class='ocrx_word' id='word_1_8' title='bbox 941 369 1135 426; x_wconf 75' lang='lat' dir='ltr'><strong>Censor</strong></span> <span class='ocrx_word' id='word_1_9' title='bbox 1164 369 1446 439; x_wconf 77' lang='lat' dir='ltr'><strong>Julianus,</strong></span> <span class='ocrx_word' id='word_1_10' title='bbox 1490 385 1761 426; x_wconf 82' lang='lat' dir='ltr'><strong>consocer.</strong></span> 
     </span>
    </p>
   </div>
   <div class='ocr_carea' id='block_1_3' title="bbox 314 461 1762 536">
    <p class='ocr_par' dir='ltr' id='par_1_3' title="bbox 314 461 1762 536">
     <span class='ocr_line' id='line_1_3' title="bbox 314 461 1762 536; baseline -0.001 -17"><span class='ocrx_word' id='word_1_11' title='bbox 314 461 585 531; x_wconf 76' lang='lat' dir='ltr'><strong>Desinite,</strong></span> <span class='ocrx_word' id='word_1_12' title='bbox 616 478 650 517; x_wconf 83' lang='grc' dir='ltr'><strong>ο</strong></span> <span class='ocrx_word' id='word_1_13' title='bbox 682 471 921 530; x_wconf 90' lang='lat' dir='ltr'><strong>veteres,</strong></span> <span class='ocrx_word' id='word_1_14' title='bbox 950 462 1244 536; x_wconf 86' lang='lat' dir='ltr'><strong>Calpurnia</strong></span> <span class='ocrx_word' id='word_1_15' title='bbox 1277 465 1522 532; x_wconf 91' lang='lat' dir='ltr'><strong>nomina,</strong></span> <span class='ocrx_word' id='word_1_16' title='bbox 1558 463 1762 534; x_wconf 93' lang='lat' dir='ltr'><strong>Frugi,</strong></span> 
     </span>
    </p>
   </div>
   <div class='ocr_carea' id='block_1_4' title="bbox 384 553 1791 628">
    <p class='ocr_par' dir='ltr' id='par_1_4' title="bbox 384 553 1791 628">
     <span class='ocr_line' id='line_1_4' title="bbox 384 553 1791 628; baseline 0 -17"><span class='ocrx_word' id='word_1_17' title='bbox 384 553 457 611; x_wconf 87' lang='lat' dir='ltr'><strong>Ut</strong></span> <span class='ocrx_word' id='word_1_18' title='bbox 487 555 769 626; x_wconf 85' lang='lat' dir='ltr'><strong>proprium</strong></span> <span class='ocrx_word' id='word_1_19' title='bbox 802 555 906 611; x_wconf 89' lang='lat' dir='ltr'><strong>hoc</strong></span> <span class='ocrx_word' id='word_1_20' title='bbox 937 567 1131 612; x_wconf 69' lang='lat' dir='ltr'><strong>vestrae</strong></span> <span class='ocrx_word' id='word_1_21' title='bbox 1159 557 1336 628; x_wconf 88' lang='lat' dir='ltr'><strong>gentis</strong></span> <span class='ocrx_word' id='word_1_22' title='bbox 1367 556 1572 612; x_wconf 90' lang='lat' dir='ltr'><strong>habere</strong></span> <span class='ocrx_word' id='word_1_23' title='bbox 1599 555 1791 612; x_wconf 84' lang='lat' dir='ltr'><strong>decus.</strong></span> 
     </span>
    </p>
   </div>
   <div class='ocr_carea' id='block_1_5' title="bbox 309 645 1762 719">
    <p class='ocr_par' dir='ltr' id='par_1_5' title="bbox 309 645 1762 719">
     <span class='ocr_line' id='line_1_5' title="bbox 309 645 1762 719; baseline -0.001 -15"><span class='ocrx_word' id='word_1_24' title='bbox 309 647 422 704; x_wconf 85' lang='lat' dir='ltr'><strong>Nec</strong></span> <span class='ocrx_word' id='word_1_25' title='bbox 449 647 602 705; x_wconf 88' lang='lat' dir='ltr'><strong>solus</strong></span> <span class='ocrx_word' id='word_1_26' title='bbox 624 662 846 719; x_wconf 86' lang='lat' dir='ltr'><strong>semper</strong></span> <span class='ocrx_word' id='word_1_27' title='bbox 864 645 1070 704; x_wconf 85' lang='lat' dir='ltr'><strong>Censor</strong></span> <span class='ocrx_word' id='word_1_28' title='bbox 1092 649 1248 716; x_wconf 89' lang='lat' dir='ltr'><strong>Cato,</strong></span> <span class='ocrx_word' id='word_1_29' title='bbox 1279 663 1380 705; x_wconf 90' lang='lat' dir='ltr'><strong>nec</strong></span> <span class='ocrx_word' id='word_1_30' title='bbox 1408 647 1517 704; x_wconf 85' lang='lat' dir='ltr'><strong>sibi</strong></span> <span class='ocrx_word' id='word_1_31' title='bbox 1545 647 1694 703; x_wconf 87' lang='lat' dir='ltr'><strong>solus</strong></span> <span class='ocrx_word' id='word_1_32' title='bbox 1759 714 1762 716; x_wconf 14' lang='grc' dir='ltr'>γ</span> 
     </span>
    </p>
   </div>
   <div class='ocr_carea' id='block_1_6' title="bbox 378 738 1476 811">
    <p class='ocr_par' dir='ltr' id='par_1_6' title="bbox 378 738 1476 811">
     <span class='ocr_line' id='line_1_6' title="bbox 378 738 1476 811; baseline -0.001 -15"><span class='ocrx_word' id='word_1_33' title='bbox 378 738 570 796; x_wconf 78' lang='lat' dir='ltr'><strong>Justus</strong></span> <span class='ocrx_word' id='word_1_34' title='bbox 600 739 868 796; x_wconf 74' lang='lat' dir='ltr'><strong>Aristides</strong></span> <span class='ocrx_word' id='word_1_35' title='bbox 896 739 980 795; x_wconf 88' lang='lat' dir='ltr'><strong>his</strong></span> <span class='ocrx_word' id='word_1_36' title='bbox 1008 740 1259 811; x_wconf 75' lang='lat' dir='ltr'><strong>placeant</strong></span> <span class='ocrx_word' id='word_1_37' title='bbox 1283 739 1476 796; x_wconf 86' lang='lat' dir='ltr'><strong>titulis.</strong></span> 
     </span>
    </p>
   </div>
   <div class='ocr_carea' id='block_1_7' title="bbox 307 833 1836 907">
    <p class='ocr_par' dir='ltr' id='par_1_7' title="bbox 307 833 1836 907">
     <span class='ocr_line' id='line_1_7' title="bbox 307 833 1836 907; baseline 0 -17"><span class='ocrx_word' id='word_1_38' title='bbox 307 833 444 891; x_wconf 83' lang='lat' dir='ltr'><strong>Nam</strong></span> <span class='ocrx_word' id='word_1_39' title='bbox 476 835 694 906; x_wconf 85' lang='lat' dir='ltr'><strong>sapiens</strong></span> <span class='ocrx_word' id='word_1_40' title='bbox 716 834 1041 906; x_wconf 88' lang='lat' dir='ltr'><strong>quicumque</strong></span> <span class='ocrx_word' id='word_1_41' title='bbox 1072 835 1203 902; x_wconf 88' lang='lat' dir='ltr'><strong>fuit,</strong></span> <span class='ocrx_word' id='word_1_42' title='bbox 1236 849 1535 907; x_wconf 85' lang='lat' dir='ltr'><strong>verumque</strong></span> <span class='ocrx_word' id='word_1_43' title='bbox 1559 833 1836 905; x_wconf 83' lang='lat' dir='ltr'><strong>ﬁdemque</strong></span> 
     </span>
    </p>
   </div>
   <div class='ocr_carea' id='block_1_8' title="bbox 378 921 1664 999">
    <p class='ocr_par' dir='ltr' id='par_1_8' title="bbox 378 921 1664 999">
     <span class='ocr_line' id='line_1_8' title="bbox 378 921 1664 999; baseline 0.001 -16"><span class='ocrx_word' id='word_1_44' title='bbox 378 928 483 996; x_wconf 92' lang='lat' dir='ltr'><strong>Qui</strong></span> <span class='ocrx_word' id='word_1_45' title='bbox 508 927 701 994; x_wconf 90' lang='lat' dir='ltr'><strong>coluit,</strong></span> <span class='ocrx_word' id='word_1_46' title='bbox 732 928 990 985; x_wconf 88' lang='lat' dir='ltr'><strong>comitem</strong></span> <span class='ocrx_word' id='word_1_47' title='bbox 1015 943 1077 985; x_wconf 90' lang='lat' dir='ltr'><strong>se</strong></span> <span class='ocrx_word' id='word_1_48' title='bbox 1107 929 1226 997; x_wconf 84' lang='lat' dir='ltr'><strong>tibi,</strong></span> <span class='ocrx_word' id='word_1_49' title='bbox 1255 929 1489 996; x_wconf 84' lang='lat' dir='ltr'><strong>Censor,</strong></span> <span class='ocrx_word' id='word_1_50' title='bbox 1517 921 1664 999; x_wconf 85' lang='lat' dir='ltr'><strong>agat.</strong></span> 
     </span>
    </p>
   </div>
   <div class='ocr_carea' id='block_1_9' title="bbox 306 1019 1734 1095">
    <p class='ocr_par' dir='ltr' id='par_1_9' title="bbox 306 1019 1734 1095">
     <span class='ocr_line' id='line_1_9' title="bbox 306 1019 1734 1095; baseline 0.001 -18"><span class='ocrx_word' id='word_1_51' title='bbox 306 1019 389 1077; x_wconf 89' lang='lat' dir='ltr'><strong>Tu</strong></span> <span class='ocrx_word' id='word_1_52' title='bbox 417 1021 603 1092; x_wconf 88' lang='lat' dir='ltr'><strong>gravis</strong></span> <span class='ocrx_word' id='word_1_53' title='bbox 627 1031 682 1077; x_wconf 93' lang='lat' dir='ltr'><strong>et</strong></span> <span class='ocrx_word' id='word_1_54' title='bbox 713 1021 908 1090; x_wconf 91' lang='lat' dir='ltr'><strong>comis,</strong></span> <span class='ocrx_word' id='word_1_55' title='bbox 937 1037 1060 1078; x_wconf 93' lang='lat' dir='ltr'><strong>cum</strong></span> <span class='ocrx_word' id='word_1_56' title='bbox 1086 1023 1412 1095; x_wconf 75' lang='lat' dir='ltr'><strong>iustitiaque</strong></span> <span class='ocrx_word' id='word_1_57' title='bbox 1446 1023 1734 1092; x_wconf 88' lang='lat' dir='ltr'><strong>remissus,</strong></span> 
     </span>
    </p>
   </div>
   <div class='ocr_carea' id='block_1_10' title="bbox 377 1112 1490 1187">
    <p class='ocr_par' dir='ltr' id='par_1_10' title="bbox 377 1112 1490 1187">
     <span class='ocr_line' id='line_1_10' title="bbox 377 1112 1490 1187; baseline 0.003 -19"><span class='ocrx_word' id='word_1_58' title='bbox 377 1113 630 1169; x_wconf 87' lang='lat' dir='ltr'><strong>Austeris</strong></span> <span class='ocrx_word' id='word_1_59' title='bbox 660 1112 859 1168; x_wconf 88' lang='lat' dir='ltr'><strong>doctus</strong></span> <span class='ocrx_word' id='word_1_60' title='bbox 881 1113 1115 1187; x_wconf 90' lang='lat' dir='ltr'><strong>jungere</strong></span> <span class='ocrx_word' id='word_1_61' title='bbox 1144 1117 1490 1187; x_wconf 79' lang='lat' dir='ltr'><strong>temperiem.</strong></span> 
     </span>
    </p>
   </div>
   <div class='ocr_carea' id='block_1_11' title="bbox 302 1202 1696 1279">
    <p class='ocr_par' dir='ltr' id='par_1_11' title="bbox 302 1202 1696 1279">
     <span class='ocr_line' id='line_1_11' title="bbox 302 1202 1696 1279; baseline 0.001 -19"><span class='ocrx_word' id='word_1_62' title='bbox 302 1202 386 1261; x_wconf 91' lang='lat' dir='ltr'><strong>Tu</strong></span> <span class='ocrx_word' id='word_1_63' title='bbox 418 1217 529 1259; x_wconf 93' lang='lat' dir='ltr'><strong>non</strong></span> <span class='ocrx_word' id='word_1_64' title='bbox 557 1202 772 1258; x_wconf 84' lang='lat' dir='ltr'><strong>adscito</strong></span> <span class='ocrx_word' id='word_1_65' title='bbox 797 1203 894 1260; x_wconf 90' lang='lat' dir='ltr'><strong>tibi</strong></span> <span class='ocrx_word' id='word_1_66' title='bbox 917 1220 1027 1273; x_wconf 91' lang='lat' dir='ltr'><strong>me,</strong></span> <span class='ocrx_word' id='word_1_67' title='bbox 1059 1220 1162 1261; x_wconf 89' lang='lat' dir='ltr'><strong>nec</strong></span> <span class='ocrx_word' id='word_1_68' title='bbox 1187 1205 1452 1279; x_wconf 80' lang='lat' dir='ltr'><strong>sanguine</strong></span> <span class='ocrx_word' id='word_1_69' title='bbox 1475 1206 1696 1278; x_wconf 89' lang='lat' dir='ltr'><strong>juncto,</strong></span> 
     </span>
    </p>
   </div>
   <div class='ocr_carea' id='block_1_12' title="bbox 373 1294 1428 1366">
    <p class='ocr_par' dir='ltr' id='par_1_12' title="bbox 373 1294 1428 1366">
     <span class='ocr_line' id='line_1_12' title="bbox 373 1294 1428 1366; baseline 0.003 -16"><span class='ocrx_word' id='word_1_70' title='bbox 373 1294 588 1366; x_wconf 88' lang='lat' dir='ltr'><strong>Optasti</strong></span> <span class='ocrx_word' id='word_1_71' title='bbox 618 1305 838 1352; x_wconf 90' lang='lat' dir='ltr'><strong>nostras</strong></span> <span class='ocrx_word' id='word_1_72' title='bbox 869 1297 1192 1355; x_wconf 85' lang='lat' dir='ltr'><strong>consociare</strong></span> <span class='ocrx_word' id='word_1_73' title='bbox 1213 1298 1428 1355; x_wconf 88' lang='lat' dir='ltr'><strong>domos.</strong></span> 
     </span>
    </p>
   </div>
   <div class='ocr_carea' id='block_1_13' title="bbox 308 1385 1817 1460">
    <p class='ocr_par' dir='ltr' id='par_1_13' title="bbox 308 1385 1817 1460">
     <span class='ocr_line' id='line_1_13' title="bbox 308 1385 1817 1460; baseline 0.002 -18"><span class='ocrx_word' id='word_1_74' title='bbox 308 1385 520 1458; x_wconf 84' lang='lat' dir='ltr'><strong>Nempe</strong></span> <span class='ocrx_word' id='word_1_75' title='bbox 546 1387 729 1460; x_wconf 89' lang='lat' dir='ltr'><strong>aliqua</strong></span> <span class='ocrx_word' id='word_1_76' title='bbox 761 1389 815 1443; x_wconf 92' lang='lat' dir='ltr'><strong>in</strong></span> <span class='ocrx_word' id='word_1_77' title='bbox 841 1388 1000 1444; x_wconf 90' lang='lat' dir='ltr'><strong>nobis</strong></span> <span class='ocrx_word' id='word_1_78' title='bbox 1031 1404 1243 1446; x_wconf 88' lang='lat' dir='ltr'><strong>morum</strong></span> <span class='ocrx_word' id='word_1_79' title='bbox 1276 1391 1571 1448; x_wconf 87' lang='lat' dir='ltr'><strong>simulacra</strong></span> <span class='ocrx_word' id='word_1_80' title='bbox 1601 1400 1817 1448; x_wconf 91' lang='lat' dir='ltr'><strong>tuorum</strong></span> 
     </span>
    </p>
   </div>
   <div class='ocr_carea' id='block_1_14' title="bbox 375 1480 1322 1555">
    <p class='ocr_par' dir='ltr' id='par_1_14' title="bbox 375 1480 1322 1555">
     <span class='ocr_line' id='line_1_14' title="bbox 375 1480 1322 1555; baseline 0.003 -19"><span class='ocrx_word' id='word_1_81' title='bbox 375 1480 597 1553; x_wconf 77' lang='lat' dir='ltr'><strong>Effigies</strong></span> <span class='ocrx_word' id='word_1_82' title='bbox 625 1481 802 1536; x_wconf 86' lang='lat' dir='ltr'><strong>nostri</strong></span> <span class='ocrx_word' id='word_1_83' title='bbox 835 1481 1068 1552; x_wconf 77' lang='lat' dir='ltr'><strong>praebuit</strong></span> <span class='ocrx_word' id='word_1_84' title='bbox 1095 1483 1322 1555; x_wconf 85' lang='lat' dir='ltr'><strong>ingenii.</strong></span> 
     </span>
    </p>
   </div>
   <div class='ocr_carea' id='block_1_15' title="bbox 303 1571 1515 1646">
    <p class='ocr_par' dir='ltr' id='par_1_15' title="bbox 303 1571 1515 1646">
     <span class='ocr_line' id='line_1_15' title="bbox 303 1571 1515 1646; baseline 0.002 -18"><span class='ocrx_word' id='word_1_85' title='bbox 303 1574 413 1628; x_wconf 80' lang='lat' dir='ltr'><strong>Aut</strong></span> <span class='ocrx_word' id='word_1_86' title='bbox 435 1573 551 1642; x_wconf 87' lang='lat' dir='ltr'><strong>jam</strong></span> <span class='ocrx_word' id='word_1_87' title='bbox 585 1571 818 1629; x_wconf 64' lang='lat' dir='ltr'><strong>fortuna:</strong></span> <span class='ocrx_word' id='word_1_88' title='bbox 845 1574 925 1629; x_wconf 90' lang='lat' dir='ltr'><strong>sic</strong></span> <span class='ocrx_word' id='word_1_89' title='bbox 953 1589 1017 1631; x_wconf 90' lang='lat' dir='ltr'><strong>se</strong></span> <span class='ocrx_word' id='word_1_90' title='bbox 1046 1577 1257 1646; x_wconf 84' lang='lat' dir='ltr'><strong>vertigo</strong></span> <span class='ocrx_word' id='word_1_91' title='bbox 1281 1576 1515 1644; x_wconf 88' lang='lat' dir='ltr'><strong>rotabat,</strong></span> 
     </span>
    </p>
   </div>
   <div class='ocr_carea' id='block_1_16' title="bbox 381 1665 1549 1737">
    <p class='ocr_par' dir='ltr' id='par_1_16' title="bbox 381 1665 1549 1737">
     <span class='ocr_line' id='line_1_16' title="bbox 381 1665 1549 1737; baseline 0.003 -14"><span class='ocrx_word' id='word_1_92' title='bbox 381 1665 452 1723; x_wconf 87' lang='lat' dir='ltr'><strong>Ut</strong></span> <span class='ocrx_word' id='word_1_93' title='bbox 478 1665 694 1737; x_wconf 88' lang='lat' dir='ltr'><strong>pondus</strong></span> <span class='ocrx_word' id='word_1_94' title='bbox 719 1667 845 1723; x_wconf 83' lang='lat' dir='ltr'><strong>fatis</strong></span> <span class='ocrx_word' id='word_1_95' title='bbox 878 1677 986 1724; x_wconf 91' lang='lat' dir='ltr'><strong>tam</strong></span> <span class='ocrx_word' id='word_1_96' title='bbox 1014 1668 1156 1725; x_wconf 91' lang='lat' dir='ltr'><strong>bona</strong></span> <span class='ocrx_word' id='word_1_97' title='bbox 1186 1679 1310 1726; x_wconf 86' lang='lat' dir='ltr'><strong>vota</strong></span> <span class='ocrx_word' id='word_1_98' title='bbox 1334 1671 1549 1727; x_wconf 86' lang='lat' dir='ltr'><strong>darent.</strong></span> 
     </span>
    </p>
   </div>
   <div class='ocr_carea' id='block_1_17' title="bbox 1936 368 2746 444">
    <p class='ocr_par' dir='ltr' id='par_1_17' title="bbox 1936 368 2746 444">
     <span class='ocr_line' id='line_1_17' title="bbox 1936 368 2746 444; baseline 0.014 -23"><span class='ocrx_word' id='word_1_99' title='bbox 1936 368 1986 429; x_wconf 78' lang='grc' dir='ltr'><strong>Α</strong></span> <span class='ocrx_word' id='word_1_100' title='bbox 2157 370 2460 430; x_wconf 87' lang='lat' dir='ltr'><strong>Flebilibus</strong></span> <span class='ocrx_word' id='word_1_101' title='bbox 2487 376 2746 444; x_wconf 85' lang='lat' dir='ltr'><strong>modulis,</strong></span> 
     </span>
    </p>
   </div>
   <div class='ocr_carea' id='block_1_18' title="bbox 2082 463 3036 544">
    <p class='ocr_par' dir='ltr' id='par_1_18' title="bbox 2082 463 3036 544">
     <span class='ocr_line' id='line_1_18' title="bbox 2082 463 3036 544; baseline 0.013 -27"><span class='ocrx_word' id='word_1_102' title='bbox 2082 463 2359 521; x_wconf 85' lang='lat' dir='ltr'><strong>Germana</strong></span> <span class='ocrx_word' id='word_1_103' title='bbox 2386 468 2624 538; x_wconf 87' lang='lat' dir='ltr'><strong>genitus,</strong></span> <span class='ocrx_word' id='word_1_104' title='bbox 2657 487 2827 544; x_wconf 87' lang='lat' dir='ltr'><strong>prope</strong></span> <span class='ocrx_word' id='word_1_105' title='bbox 2861 473 3000 529; x_wconf 86' lang='lat' dir='ltr'><strong>filius</strong></span> <span class='ocrx_word' id='word_1_106' title='bbox 3021 518 3036 543; x_wconf 91' lang='lat'><strong>,</strong></span> 
     </span>
    </p>
   </div>
   <div class='ocr_carea' id='block_1_19' title="bbox 2152 558 2667 632">
    <p class='ocr_par' dir='ltr' id='par_1_19' title="bbox 2152 558 2667 632">
     <span class='ocr_line' id='line_1_19' title="bbox 2152 558 2667 632; baseline 0.012 -18"><span class='ocrx_word' id='word_1_107' title='bbox 2152 558 2260 615; x_wconf 91' lang='lat' dir='ltr'><strong>Ore</strong></span> <span class='ocrx_word' id='word_1_108' title='bbox 2288 561 2378 632; x_wconf 93' lang='lat' dir='ltr'><strong>pio</strong></span> <span class='ocrx_word' id='word_1_109' title='bbox 2409 577 2667 620; x_wconf 88' lang='lat' dir='ltr'><strong>veneror.</strong></span> 
     </span>
    </p>
   </div>
   <div class='ocr_carea' id='block_1_20' title="bbox 2079 650 3154 731">
    <p class='ocr_par' dir='ltr' id='par_1_20' title="bbox 2079 650 3154 731">
     <span class='ocr_line' id='line_1_20' title="bbox 2079 650 3154 731; baseline 0.009 -26"><span class='ocrx_word' id='word_1_110' title='bbox 2079 650 2250 719; x_wconf 91' lang='lat' dir='ltr'><strong>Quam</strong></span> <span class='ocrx_word' id='word_1_111' title='bbox 2285 652 2548 723; x_wconf 83' lang='lat' dir='ltr'><strong>thalamo,</strong></span> <span class='ocrx_word' id='word_1_112' title='bbox 2584 656 2849 729; x_wconf 70' lang='lat' dir='ltr'><strong>tardisque</strong></span> <span class='ocrx_word' id='word_1_113' title='bbox 2872 658 3154 731; x_wconf 88' lang='lat' dir='ltr'><strong>jugalibus</strong></span> 
     </span>
    </p>
   </div>
   <div class='ocr_carea' id='block_1_21' title="bbox 2059 740 2778 818">
    <p class='ocr_par' dir='ltr' id='par_1_21' title="bbox 2059 740 2778 818">
     <span class='ocr_line' id='line_1_21' title="bbox 2059 740 2778 818; baseline 0.013 -25"><span class='ocrx_word' id='word_1_114' title='bbox 2059 759 2064 764; x_wconf 53' lang='grc'><strong><em>“</em></strong></span> <span class='ocrx_word' id='word_1_115' title='bbox 2151 740 2345 798; x_wconf 88' lang='lat' dir='ltr'><strong>Ittvida</strong></span> <span class='ocrx_word' id='word_1_116' title='bbox 2377 759 2527 801; x_wconf 89' lang='lat' dir='ltr'><strong>mors</strong></span> <span class='ocrx_word' id='word_1_117' title='bbox 2558 747 2778 818; x_wconf 87' lang='lat' dir='ltr'><strong>rapuit:</strong></span> 
     </span>
    </p>
   </div>
   <div class='ocr_carea' id='block_1_22' title="bbox 2079 833 3023 907">
    <p class='ocr_par' dir='ltr' id='par_1_22' title="bbox 2079 833 3023 907">
     <span class='ocr_line' id='line_1_22' title="bbox 2079 833 3023 907; baseline 0.012 -20"><span class='ocrx_word' id='word_1_118' title='bbox 2079 833 2413 907; x_wconf 78' lang='lat' dir='ltr'><strong>Mutavitque</strong></span> <span class='ocrx_word' id='word_1_119' title='bbox 2445 837 2663 894; x_wconf 89' lang='lat' dir='ltr'><strong>thorum</strong></span> <span class='ocrx_word' id='word_1_120' title='bbox 2687 839 2875 898; x_wconf 89' lang='lat' dir='ltr'><strong>feretri</strong></span> <span class='ocrx_word' id='word_1_121' title='bbox 2904 842 3023 898; x_wconf 83' lang='lat' dir='ltr'><strong>vice</strong></span> 
     </span>
    </p>
   </div>
   <div class='ocr_carea' id='block_1_23' title="bbox 2152 927 2726 1001">
    <p class='ocr_par' dir='ltr' id='par_1_23' title="bbox 2152 927 2726 1001">
     <span class='ocr_line' id='line_1_23' title="bbox 2152 927 2726 1001; baseline 0.005 -18"><span class='ocrx_word' id='word_1_122' title='bbox 2152 927 2499 1001; x_wconf 77' lang='lat' dir='ltr'><strong>Exsequialis</strong></span> <span class='ocrx_word' id='word_1_123' title='bbox 2526 931 2726 988; x_wconf 86' lang='lat' dir='ltr'><strong>honor.</strong></span> 
     </span>
    </p>
   </div>
   <div class='ocr_carea' id='block_1_24' title="bbox 2079 1019 2918 1094">
    <p class='ocr_par' dir='ltr' id='par_1_24' title="bbox 2079 1019 2918 1094">
     <span class='ocr_line' id='line_1_24' title="bbox 2079 1019 2918 1094; baseline 0.007 -19"><span class='ocrx_word' id='word_1_124' title='bbox 2079 1019 2341 1077; x_wconf 87' lang='lat' dir='ltr'><strong>Discebas</strong></span> <span class='ocrx_word' id='word_1_125' title='bbox 2365 1023 2418 1077; x_wconf 92' lang='lat' dir='ltr'><strong>in</strong></span> <span class='ocrx_word' id='word_1_126' title='bbox 2450 1039 2559 1093; x_wconf 89' lang='lat' dir='ltr'><strong>me,</strong></span> <span class='ocrx_word' id='word_1_127' title='bbox 2588 1035 2886 1083; x_wconf 88' lang='lat' dir='ltr'><strong>matertera</strong></span> <span class='ocrx_word' id='word_1_128' title='bbox 2903 1068 2918 1094; x_wconf 94' lang='lat'><strong>,</strong></span> 
     </span>
    </p>
   </div>
   <div class='ocr_carea' id='block_1_25' title="bbox 2146 1113 2641 1174">
    <p class='ocr_par' dir='ltr' id='par_1_25' title="bbox 2146 1113 2641 1174">
     <span class='ocr_line' id='line_1_25' title="bbox 2146 1113 2641 1174; baseline 0.002 -5"><span class='ocrx_word' id='word_1_129' title='bbox 2146 1113 2318 1170; x_wconf 80' lang='lat' dir='ltr'><strong>Mater</strong></span> <span class='ocrx_word' id='word_1_130' title='bbox 2347 1115 2424 1170; x_wconf 87' lang='lat' dir='ltr'><strong>uti</strong></span> <span class='ocrx_word' id='word_1_131' title='bbox 2453 1115 2641 1174; x_wconf 82' lang='lat' dir='ltr'><strong>ﬂeres.</strong></span> 
     </span>
    </p>
   </div>
   <div class='ocr_carea' id='block_1_26' title="bbox 2078 1205 3196 1276">
    <p class='ocr_par' dir='ltr' id='par_1_26' title="bbox 2078 1205 3196 1276">
     <span class='ocr_line' id='line_1_26' title="bbox 2078 1205 3196 1276; baseline 0.008 -14"><span class='ocrx_word' id='word_1_132' title='bbox 2078 1205 2234 1263; x_wconf 89' lang='lat' dir='ltr'><strong>Unde</strong></span> <span class='ocrx_word' id='word_1_133' title='bbox 2262 1208 2427 1276; x_wconf 89' lang='lat' dir='ltr'><strong>modo</strong></span> <span class='ocrx_word' id='word_1_134' title='bbox 2457 1209 2564 1266; x_wconf 90' lang='lat' dir='ltr'><strong>hoc</strong></span> <span class='ocrx_word' id='word_1_135' title='bbox 2593 1221 2849 1269; x_wconf 70' lang='lat' dir='ltr'><strong>maestum</strong></span> <span class='ocrx_word' id='word_1_136' title='bbox 2885 1211 2979 1269; x_wconf 92' lang='lat' dir='ltr'><strong>tibi</strong></span> <span class='ocrx_word' id='word_1_137' title='bbox 3003 1213 3196 1271; x_wconf 80' lang='lat' dir='ltr'><strong>defero</strong></span> 
     </span>
    </p>
   </div>
   <div class='ocr_carea' id='block_1_27' title="bbox 2150 1298 2618 1358">
    <p class='ocr_par' dir='ltr' id='par_1_27' title="bbox 2150 1298 2618 1358">
     <span class='ocr_line' id='line_1_27' title="bbox 2150 1298 2618 1358; baseline 0.009 -4"><span class='ocrx_word' id='word_1_138' title='bbox 2150 1298 2326 1356; x_wconf 87' lang='lat' dir='ltr'><strong>Filius</strong></span> <span class='ocrx_word' id='word_1_139' title='bbox 2352 1300 2618 1358; x_wconf 84' lang='lat' dir='ltr'><strong>officium.</strong></span> 
     </span>
    </p>
   </div>
   <div class='ocr_carea' id='block_1_28' title="bbox 2298 1416 3312 1494">
    <p class='ocr_par' dir='ltr' id='par_1_28' title="bbox 2298 1416 3312 1494">
     <span class='ocr_line' id='line_1_28' title="bbox 2298 1416 3312 1494; baseline 0.006 -22"><span class='ocrx_word' id='word_1_140' title='bbox 2298 1416 2488 1474; x_wconf 88' lang='lat' dir='ltr'><strong>XXVI.</strong></span> <span class='ocrx_word' id='word_1_141' title='bbox 2518 1419 2668 1475; x_wconf 85' lang='lat' dir='ltr'><strong>Julia</strong></span> <span class='ocrx_word' id='word_1_142' title='bbox 2694 1416 3056 1494; x_wconf 19' lang='lat' dir='ltr'><strong>Cataphro‘nia</strong></span> <span class='ocrx_word' id='word_1_143' title='bbox 3077 1465 3092 1490; x_wconf 92' lang='lat'><strong>,</strong></span> <span class='ocrx_word' id='word_1_144' title='bbox 3126 1423 3312 1478; x_wconf 81' lang='lat' dir='ltr'><strong>amita.</strong></span> 
     </span>
    </p>
   </div>
   <div class='ocr_carea' id='block_1_29' title="bbox 2001 1529 3336 1608">
    <p class='ocr_par' dir='ltr' id='par_1_29' title="bbox 2001 1529 3336 1608">
     <span class='ocr_line' id='line_1_29' title="bbox 2001 1529 3336 1608; baseline 0.007 -24"><span class='ocrx_word' id='word_1_145' title='bbox 2001 1529 2143 1597; x_wconf 89' lang='lat' dir='ltr'><strong>Quin</strong></span> <span class='ocrx_word' id='word_1_146' title='bbox 2169 1539 2222 1586; x_wconf 94' lang='lat' dir='ltr'><strong>et</strong></span> <span class='ocrx_word' id='word_1_147' title='bbox 2251 1530 2492 1588; x_wconf 90' lang='lat' dir='ltr'><strong>funereis</strong></span> <span class='ocrx_word' id='word_1_148' title='bbox 2521 1533 2743 1589; x_wconf 85' lang='lat' dir='ltr'><strong>amitam</strong></span> <span class='ocrx_word' id='word_1_149' title='bbox 2776 1534 3062 1606; x_wconf 87' lang='lat' dir='ltr'><strong>impartire</strong></span> <span class='ocrx_word' id='word_1_150' title='bbox 3091 1537 3336 1608; x_wconf 88' lang='lat' dir='ltr'><strong>querelis</strong></span> 
     </span>
    </p>
   </div>
   <div class='ocr_carea' id='block_1_30' title="bbox 2073 1624 2700 1697">
    <p class='ocr_par' dir='ltr' id='par_1_30' title="bbox 2073 1624 2700 1697">
     <span class='ocr_line' id='line_1_30' title="bbox 2073 1624 2700 1697; baseline 0.002 -17"><span class='ocrx_word' id='word_1_151' title='bbox 2073 1624 2222 1680; x_wconf 81' lang='lat' dir='ltr'><strong>Musa</strong></span> <span class='ocrx_word' id='word_1_152' title='bbox 2250 1625 2700 1697; x_wconf 87' lang='lat' dir='ltr'><strong>Cataphroniam.</strong></span> 
     </span>
    </p>
   </div>
   <div class='ocr_carea' id='block_1_31' title="bbox 307 1716 1966 1831">
    <p class='ocr_par' dir='ltr' id='par_1_31' title="bbox 307 1716 1966 1831">
     <span class='ocr_line' id='line_1_31' title="bbox 307 1716 1966 1831; baseline 0.001 -18"><span class='ocrx_word' id='word_1_153' title='bbox 307 1755 367 1814; x_wconf 88' lang='lat' dir='ltr'><strong>Si</strong></span> <span class='ocrx_word' id='word_1_154' title='bbox 387 1716 694 1829; x_wconf 45' lang='lat' dir='ltr'><strong>magis;</strong></span> <span class='ocrx_word' id='word_1_155' title='bbox 717 1716 1156 1828; x_wconf 50' lang='lat' dir='ltr'><strong>magis};</strong></span> <span class='ocrx_word' id='word_1_156' title='bbox 1179 1716 1589 1821; x_wconf 48' lang='lat' dir='ltr'><strong>aiataiat</strong></span> <span class='ocrx_word' id='word_1_157' title='bbox 1617 1771 1892 1831; x_wconf 90' lang='lat' dir='ltr'><strong>mentem;</strong></span> <span class='ocrx_word' id='word_1_158' title='bbox 1926 1752 1966 1814; x_wconf 72' lang='grc' dir='ltr'><strong>Β</strong></span> 
     </span>
    </p>
   </div>
   <div class='ocr_carea' id='block_1_32' title="bbox 2001 1716 3245 1831">
    <p class='ocr_par' dir='ltr' id='par_1_32' title="bbox 2001 1716 3245 1831">
     <span class='ocr_line' id='line_1_32' title="bbox 2001 1716 3245 1792; baseline 0.007 -20"><span class='ocrx_word' id='word_1_159' title='bbox 2001 1716 2208 1773; x_wconf 91' lang='lat' dir='ltr'><strong>Innuba</strong></span> <span class='ocrx_word' id='word_1_160' title='bbox 2235 1717 2451 1775; x_wconf 67' lang='lat' dir='ltr'><strong>devotae</strong></span> <span class='ocrx_word' id='word_1_161' title='bbox 2477 1735 2600 1790; x_wconf 77' lang='lat' dir='ltr'><strong>qum</strong></span> <span class='ocrx_word' id='word_1_162' title='bbox 2629 1721 2956 1792; x_wconf 84' lang='lat' dir='ltr'><strong>virginitatis</strong></span> <span class='ocrx_word' id='word_1_163' title='bbox 2979 1737 3245 1792; x_wconf 89' lang='lat' dir='ltr'><strong>amorem,</strong></span> 
     </span>
     <span class='ocr_line' id='line_1_33' title="bbox 2071 1809 2718 1831; baseline 0.002 -2"><span class='ocrx_word' id='word_1_164' title='bbox 2071 1809 2350 1831; x_wconf 31' lang='lat' dir='ltr'><strong>num-“</strong></span> <span class='ocrx_word' id='word_1_165' title='bbox 2385 1825 2516 1831; x_wconf 60' lang='grc' dir='ltr'><strong>---η</strong></span> 
     </span>
    </p>
   </div>
   <div class='ocr_carea' id='block_1_33' title="bbox 373 1849 1524 1921">
    <p class='ocr_par' dir='ltr' id='par_1_33' title="bbox 373 1849 1524 1921">
     <span class='ocr_line' id='line_1_34' title="bbox 373 1849 1524 1921; baseline 0.009 -17"><span class='ocrx_word' id='word_1_166' title='bbox 373 1849 530 1919; x_wconf 87' lang='lat' dir='ltr'><strong>Quod</strong></span> <span class='ocrx_word' id='word_1_167' title='bbox 554 1851 673 1907; x_wconf 83' lang='lat' dir='ltr'><strong>fieri</strong></span> <span class='ocrx_word' id='word_1_168' title='bbox 699 1860 941 1921; x_wconf 87' lang='lat' dir='ltr'><strong>optaras,</strong></span> <span class='ocrx_word' id='word_1_169' title='bbox 976 1852 1028 1909; x_wconf 92' lang='lat' dir='ltr'><strong>id</strong></span> <span class='ocrx_word' id='word_1_170' title='bbox 1061 1853 1303 1914; x_wconf 89' lang='lat' dir='ltr'><strong>voluisse</strong></span> <span class='ocrx_word' id='word_1_171' title='bbox 1327 1857 1524 1914; x_wconf 90' lang='lat' dir='ltr'><strong>Deum.</strong></span> 
     </span>
    </p>
   </div>
   <div class='ocr_carea' id='block_1_34' title="bbox 372 1965 1828 2048">
    <p class='ocr_par' dir='ltr' id='par_1_34' title="bbox 372 1965 1828 2048">
     <span class='ocr_line' id='line_1_35' title="bbox 372 1965 1828 2048; baseline 0.01 -27"><span class='ocrx_word' id='word_1_172' title='bbox 372 1965 561 2022; x_wconf 82' lang='lat' dir='ltr'><strong>XXIII.</strong></span> <span class='ocrx_word' id='word_1_173' title='bbox 607 1965 869 2048; x_wconf 59' lang='lat' dir='ltr'><strong>Paulinus</strong></span> <span class='ocrx_word' id='word_1_174' title='bbox 909 1969 1278 2048; x_wconf 77' lang='lat' dir='ltr'><strong>et_Dryadia,</strong></span> <span class='ocrx_word' id='word_1_175' title='bbox 1327 1977 1427 2046; x_wconf 83' lang='lat' dir='ltr'><strong>ﬁlii</strong></span> <span class='ocrx_word' id='word_1_176' title='bbox 1478 1977 1730 2048; x_wconf 79' lang='lat' dir='ltr'><strong>Paulini,</strong></span> <span class='ocrx_word' id='word_1_177' title='bbox 1777 1989 1828 2035; x_wconf 77' lang='lat' dir='ltr'><strong>et</strong></span> 
     </span>
    </p>
   </div>
   <div class='ocr_carea' id='block_1_35' title="bbox 753 2039 1452 2124">
    <p class='ocr_par' dir='ltr' id='par_1_35' title="bbox 753 2039 1452 2124">
     <span class='ocr_line' id='line_1_36' title="bbox 753 2039 1452 2124; baseline 0.013 -30"><span class='ocrx_word' id='word_1_178' title='bbox 753 2039 1062 2114; x_wconf 74' lang='lat' dir='ltr'><strong>Megentira:</strong></span> <span class='ocrx_word' id='word_1_179' title='bbox 1079 2039 1277 2101; x_wconf 62' lang='lat' dir='ltr'><strong>Sororis</strong></span> <span class='ocrx_word' id='word_1_180' title='bbox 1305 2039 1452 2124; x_wconf 66' lang='lat' dir='ltr'><strong>ﬁliae.</strong></span> 
     </span>
    </p>
   </div>
   <div class='ocr_carea' id='block_1_36' title="bbox 299 2154 1764 2241">
    <p class='ocr_par' dir='ltr' id='par_1_36' title="bbox 299 2154 1764 2241">
     <span class='ocr_line' id='line_1_37' title="bbox 299 2154 1764 2241; baseline 0.015 -34"><span class='ocrx_word' id='word_1_181' title='bbox 299 2154 400 2224; x_wconf 88' lang='lat' dir='ltr'><strong>Qui</strong></span> <span class='ocrx_word' id='word_1_182' title='bbox 433 2169 632 2212; x_wconf 87' lang='lat' dir='ltr'><strong>nomen</strong></span> <span class='ocrx_word' id='word_1_183' title='bbox 662 2158 984 2230; x_wconf 84' lang='lat' dir='ltr'><strong>vultumque</strong></span> <span class='ocrx_word' id='word_1_184' title='bbox 1012 2163 1202 2232; x_wconf 85' lang='lat' dir='ltr'><strong>patris,</strong></span> <span class='ocrx_word' id='word_1_185' title='bbox 1236 2164 1484 2237; x_wconf 85' lang='lat' dir='ltr'><strong>Pauline,</strong></span> <span class='ocrx_word' id='word_1_186' title='bbox 1510 2171 1764 2241; x_wconf 86' lang='lat' dir='ltr'><strong>gerebas,</strong></span> 
     </span>
    </p>
   </div>
   <div class='ocr_carea' id='block_1_37' title="bbox 373 2248 1494 2325">
    <p class='ocr_par' dir='ltr' id='par_1_37' title="bbox 373 2248 1494 2325">
     <span class='ocr_line' id='line_1_38' title="bbox 373 2248 1494 2325; baseline 0.012 -22"><span class='ocrx_word' id='word_1_187' title='bbox 373 2248 576 2306; x_wconf 81' lang='lat' dir='ltr'><strong>Amissi</strong></span> <span class='ocrx_word' id='word_1_188' title='bbox 603 2249 885 2321; x_wconf 88' lang='lat' dir='ltr'><strong>specimen</strong></span> <span class='ocrx_word' id='word_1_189' title='bbox 916 2254 1008 2323; x_wconf 91' lang='lat' dir='ltr'><strong>qui</strong></span> <span class='ocrx_word' id='word_1_190' title='bbox 1035 2256 1302 2325; x_wconf 83' lang='lat' dir='ltr'><strong>genitoris</strong></span> <span class='ocrx_word' id='word_1_191' title='bbox 1328 2274 1450 2314; x_wconf 90' lang='lat' dir='ltr'><strong>eras</strong></span> <span class='ocrx_word' id='word_1_192' title='bbox 1480 2278 1494 2317; x_wconf 90' lang='lat'><strong>:</strong></span> 
     </span>
    </p>
   </div>
   <div class='ocr_carea' id='block_1_38' title="bbox 298 2337 1686 2413">
    <p class='ocr_par' dir='ltr' id='par_1_38' title="bbox 298 2337 1686 2413">
     <span class='ocr_line' id='line_1_39' title="bbox 298 2337 1686 2413; baseline 0.012 -20"><span class='ocrx_word' id='word_1_193' title='bbox 298 2337 530 2410; x_wconf 83' lang='lat' dir='ltr'><strong>Propter</strong></span> <span class='ocrx_word' id='word_1_194' title='bbox 555 2356 716 2413; x_wconf 89' lang='lat' dir='ltr'><strong>quem</strong></span> <span class='ocrx_word' id='word_1_195' title='bbox 744 2344 921 2400; x_wconf 88' lang='lat' dir='ltr'><strong>luctus</strong></span> <span class='ocrx_word' id='word_1_196' title='bbox 953 2345 1170 2403; x_wconf 68' lang='lat' dir='ltr'><strong>misera:</strong></span> <span class='ocrx_word' id='word_1_197' title='bbox 1197 2348 1465 2408; x_wconf 89' lang='lat' dir='ltr'><strong>decedere</strong></span> <span class='ocrx_word' id='word_1_198' title='bbox 1493 2351 1686 2411; x_wconf 85' lang='lat' dir='ltr'><strong>matris</strong></span> 
     </span>
    </p>
   </div>
   <div class='ocr_carea' id='block_1_39' title="bbox 366 2431 1658 2515">
    <p class='ocr_par' dir='ltr' id='par_1_39' title="bbox 366 2431 1658 2515">
     <span class='ocr_line' id='line_1_40' title="bbox 366 2431 1658 2515; baseline 0.014 -29"><span class='ocrx_word' id='word_1_199' title='bbox 366 2431 646 2502; x_wconf 73' lang='lat' dir='ltr'><strong>(Imperat,</strong></span> <span class='ocrx_word' id='word_1_200' title='bbox 678 2434 903 2493; x_wconf 80' lang='lat' dir='ltr'><strong>offerret</strong></span> <span class='ocrx_word' id='word_1_201' title='bbox 925 2454 1046 2494; x_wconf 91' lang='lat' dir='ltr'><strong>cum</strong></span> <span class='ocrx_word' id='word_1_202' title='bbox 1078 2450 1166 2496; x_wconf 90' lang='lat' dir='ltr'><strong>tua</strong></span> <span class='ocrx_word' id='word_1_203' title='bbox 1197 2441 1373 2499; x_wconf 88' lang='lat' dir='ltr'><strong>forma</strong></span> <span class='ocrx_word' id='word_1_204' title='bbox 1405 2455 1617 2515; x_wconf 87' lang='lat' dir='ltr'><strong>patrem</strong></span> <span class='ocrx_word' id='word_1_205' title='bbox 1645 2467 1658 2504; x_wconf 91' lang='lat'>:</span> 
     </span>
    </p>
   </div>
   <div class='ocr_carea' id='block_1_40' title="bbox 297 2522 1684 2609">
    <p class='ocr_par' dir='ltr' id='par_1_40' title="bbox 297 2522 1684 2609">
     <span class='ocr_line' id='line_1_41' title="bbox 297 2522 1684 2609; baseline 0.014 -31"><span class='ocrx_word' id='word_1_206' title='bbox 297 2522 575 2581; x_wconf 75' lang='lat' dir='ltr'><strong>Redderet</strong></span> <span class='ocrx_word' id='word_1_207' title='bbox 605 2534 664 2582; x_wconf 87' lang='lat' dir='ltr'><strong>et</strong></span> <span class='ocrx_word' id='word_1_208' title='bbox 692 2543 894 2597; x_wconf 85' lang='lat' dir='ltr'><strong>mores,</strong></span> <span class='ocrx_word' id='word_1_209' title='bbox 923 2541 976 2587; x_wconf 91' lang='lat' dir='ltr'><strong>et</strong></span> <span class='ocrx_word' id='word_1_210' title='bbox 1007 2533 1250 2591; x_wconf 89' lang='lat' dir='ltr'><strong>moribus</strong></span> <span class='ocrx_word' id='word_1_211' title='bbox 1280 2536 1507 2595; x_wconf 85' lang='lat' dir='ltr'><strong>adderet</strong></span> <span class='ocrx_word' id='word_1_212' title='bbox 1533 2541 1684 2609; x_wconf 89' lang='lat' dir='ltr'><strong>illttd,</strong></span> 
     </span>
    </p>
   </div>
   <div class='ocr_carea' id='block_1_41' title="bbox 367 2617 1518 2701">
    <p class='ocr_par' dir='ltr' id='par_1_41' title="bbox 367 2617 1518 2701">
     <span class='ocr_line' id='line_1_42' title="bbox 367 2617 1518 2701; baseline 0.015 -29"><span class='ocrx_word' id='word_1_213' title='bbox 367 2617 627 2676; x_wconf 88' lang='lat' dir='ltr'><strong>Paulinus</strong></span> <span class='ocrx_word' id='word_1_214' title='bbox 657 2624 837 2678; x_wconf 83' lang='lat' dir='ltr'><strong>caruit</strong></span> <span class='ocrx_word' id='word_1_215' title='bbox 868 2640 976 2695; x_wconf 92' lang='lat' dir='ltr'><strong>quo</strong></span> <span class='ocrx_word' id='word_1_216' title='bbox 1005 2637 1180 2697; x_wconf 86' lang='lat' dir='ltr'><strong>pater,</strong></span> <span class='ocrx_word' id='word_1_217' title='bbox 1212 2631 1518 2701; x_wconf 89' lang='lat' dir='ltr'><strong>eloquium.</strong></span> 
     </span>
    </p>
   </div>
   <div class='ocr_carea' id='block_1_42' title="bbox 297 2713 1498 2790">
    <p class='ocr_par' dir='ltr' id='par_1_42' title="bbox 297 2713 1498 2790">
     <span class='ocr_line' id='line_1_43' title="bbox 297 2713 1498 2790; baseline 0.01 -20"><span class='ocrx_word' id='word_1_218' title='bbox 297 2713 542 2786; x_wconf 87' lang='lat' dir='ltr'><strong>Eriperis</strong></span> <span class='ocrx_word' id='word_1_219' title='bbox 569 2717 730 2786; x_wconf 69' lang='lat' dir='ltr'><strong>laetis,</strong></span> <span class='ocrx_word' id='word_1_220' title='bbox 763 2728 818 2775; x_wconf 89' lang='lat' dir='ltr'><strong>et</strong></span> <span class='ocrx_word' id='word_1_221' title='bbox 848 2722 1270 2790; x_wconf 85' lang='lat' dir='ltr'><strong>pubescentibus</strong></span> <span class='ocrx_word' id='word_1_222' title='bbox 1298 2728 1454 2784; x_wconf 86' lang='lat' dir='ltr'><strong>annis</strong></span> <span class='ocrx_word' id='word_1_223' title='bbox 1486 2745 1498 2782; x_wconf 83' lang='lat'>;</span> 
     </span>
    </p>
   </div>
   <div class='ocr_carea' id='block_1_43' title="bbox 365 2809 1652 2889">
    <p class='ocr_par' dir='ltr' id='par_1_43' title="bbox 365 2809 1652 2889">
     <span class='ocr_line' id='line_1_44' title="bbox 365 2809 1652 2889; baseline 0.013 -26"><span class='ocrx_word' id='word_1_224' title='bbox 365 2809 654 2882; x_wconf 90' lang='lat' dir='ltr'><strong>Crudaque</strong></span> <span class='ocrx_word' id='word_1_225' title='bbox 686 2811 865 2870; x_wconf 89' lang='lat' dir='ltr'><strong>adhuc</strong></span> <span class='ocrx_word' id='word_1_226' title='bbox 894 2816 1084 2872; x_wconf 89' lang='lat' dir='ltr'><strong>matris</strong></span> <span class='ocrx_word' id='word_1_227' title='bbox 1119 2827 1339 2889; x_wconf 87' lang='lat' dir='ltr'><strong>pectora</strong></span> <span class='ocrx_word' id='word_1_228' title='bbox 1369 2821 1652 2880; x_wconf 89' lang='lat' dir='ltr'><strong>sollicitas.</strong></span> 
     </span>
    </p>
   </div>
   <div class='ocr_carea' id='block_1_44' title="bbox 298 2900 1743 2989">
    <p class='ocr_par' dir='ltr' id='par_1_44' title="bbox 298 2900 1743 2989">
     <span class='ocr_line' id='line_1_45' title="bbox 298 2900 1743 2989; baseline 0.014 -32"><span class='ocrx_word' id='word_1_229' title='bbox 298 2900 518 2958; x_wconf 85' lang='lat' dir='ltr'><strong>Flemus</strong></span> <span class='ocrx_word' id='word_1_230' title='bbox 547 2904 692 2960; x_wconf 90' lang='lat' dir='ltr'><strong>enim</strong></span> <span class='ocrx_word' id='word_1_231' title='bbox 723 2917 936 2977; x_wconf 86' lang='lat' dir='ltr'><strong>raptam</strong></span> <span class='ocrx_word' id='word_1_232' title='bbox 969 2909 1190 2968; x_wconf 87' lang='lat' dir='ltr'><strong>thalami</strong></span> <span class='ocrx_word' id='word_1_233' title='bbox 1220 2914 1289 2970; x_wconf 88' lang='lat' dir='ltr'><strong>de</strong></span> <span class='ocrx_word' id='word_1_234' title='bbox 1318 2916 1450 2972; x_wconf 88' lang='lat' dir='ltr'><strong>sede</strong></span> <span class='ocrx_word' id='word_1_235' title='bbox 1472 2931 1743 2989; x_wconf 90' lang='lat' dir='ltr'><strong>sororem,</strong></span> 
     </span>
    </p>
   </div>
   <div class='ocr_carea' id='block_1_45' title="bbox 369 2994 1500 3077">
    <p class='ocr_par' dir='ltr' id='par_1_45' title="bbox 369 2994 1500 3077">
     <span class='ocr_line' id='line_1_46' title="bbox 369 2994 1500 3077; baseline 0.016 -29"><span class='ocrx_word' id='word_1_236' title='bbox 369 2994 485 3050; x_wconf 82' lang='lat' dir='ltr'><strong>Heu</strong></span> <span class='ocrx_word' id='word_1_237' title='bbox 511 2996 525 3050; x_wconf 76' lang='grc' dir='ltr'>ε</span> <span class='ocrx_word' id='word_1_238' title='bbox 556 3011 662 3053; x_wconf 90' lang='lat' dir='ltr'><strong>non</strong></span> <span class='ocrx_word' id='word_1_239' title='bbox 695 3008 909 3056; x_wconf 89' lang='lat' dir='ltr'><strong>maturo</strong></span> <span class='ocrx_word' id='word_1_240' title='bbox 933 3000 1150 3072; x_wconf 87' lang='lat' dir='ltr'><strong>funere,</strong></span> <span class='ocrx_word' id='word_1_241' title='bbox 1185 3006 1500 3077; x_wconf 86' lang='lat' dir='ltr'><strong>Dryadiam.</strong></span> 
     </span>
    </p>
   </div>
   <div class='ocr_carea' id='block_1_46' title="bbox 295 3085 1966 3196">
    <p class='ocr_par' dir='ltr' id='par_1_46' title="bbox 295 3085 1966 3196">
     <span class='ocr_line' id='line_1_47' title="bbox 295 3085 1966 3196; baseline 0.016 -56"><span class='ocrx_word' id='word_1_242' title='bbox 295 3085 516 3142; x_wconf 87' lang='lat' dir='ltr'><strong>Flemus</strong></span> <span class='ocrx_word' id='word_1_243' title='bbox 542 3107 554 3142; x_wconf 88' lang='lat'><strong>:</strong></span> <span class='ocrx_word' id='word_1_244' title='bbox 578 3104 683 3160; x_wconf 85' lang='lat' dir='ltr'><strong>ego</strong></span> <span class='ocrx_word' id='word_1_245' title='bbox 704 3090 758 3147; x_wconf 91' lang='lat' dir='ltr'><strong>in</strong></span> <span class='ocrx_word' id='word_1_246' title='bbox 782 3093 1000 3163; x_wconf 89' lang='lat' dir='ltr'><strong>primis,</strong></span> <span class='ocrx_word' id='word_1_247' title='bbox 1031 3097 1123 3166; x_wconf 92' lang='lat' dir='ltr'><strong>qui</strong></span> <span class='ocrx_word' id='word_1_248' title='bbox 1154 3100 1345 3156; x_wconf 87' lang='lat' dir='ltr'><strong>matris</strong></span> <span class='ocrx_word' id='word_1_249' title='bbox 1367 3104 1692 3175; x_wconf 87' lang='lat' dir='ltr'><strong>avunculus,</strong></span> <span class='ocrx_word' id='word_1_250' title='bbox 1717 3115 1772 3163; x_wconf 90' lang='lat' dir='ltr'><strong>et</strong></span> <span class='ocrx_word' id='word_1_251' title='bbox 1792 3121 1891 3165; x_wconf 86' lang='lat' dir='ltr'><strong>vos</strong></span> <span class='ocrx_word' id='word_1_252' title='bbox 1919 3131 1966 3196; x_wconf 71' lang='grc' dir='ltr'><strong>ρ</strong></span> 
     </span>
    </p>
   </div>
   <div class='ocr_carea' id='block_1_47' title="bbox 367 3178 1505 3266">
    <p class='ocr_par' dir='ltr' id='par_1_47' title="bbox 367 3178 1505 3266">
     <span class='ocr_line' id='line_1_48' title="bbox 367 3178 1505 3266; baseline 0.018 -32"><span class='ocrx_word' id='word_1_253' title='bbox 367 3178 630 3239; x_wconf 87' lang='lat' dir='ltr'><strong>Natorum</strong></span> <span class='ocrx_word' id='word_1_254' title='bbox 663 3193 935 3258; x_wconf 89' lang='lat' dir='ltr'><strong>tamquam</strong></span> <span class='ocrx_word' id='word_1_255' title='bbox 966 3189 1136 3263; x_wconf 88' lang='lat' dir='ltr'><strong>diligo</strong></span> <span class='ocrx_word' id='word_1_256' title='bbox 1167 3197 1505 3266; x_wconf 86' lang='lat' dir='ltr'><strong>progeniem.</strong></span> 
     </span>
    </p>
   </div>
   <div class='ocr_carea' id='block_1_48' title="bbox 297 3269 1616 3363">
    <p class='ocr_par' dir='ltr' id='par_1_48' title="bbox 297 3269 1616 3363">
     <span class='ocr_line' id='line_1_49' title="bbox 297 3269 1616 3363; baseline 0.017 -36"><span class='ocrx_word' id='word_1_257' title='bbox 297 3269 392 3329; x_wconf 91' lang='lat' dir='ltr'><strong>Illa</strong></span> <span class='ocrx_word' id='word_1_258' title='bbox 419 3290 610 3333; x_wconf 87' lang='lat' dir='ltr'><strong>manus</strong></span> <span class='ocrx_word' id='word_1_259' title='bbox 641 3278 784 3336; x_wconf 90' lang='lat' dir='ltr'><strong>inter</strong></span> <span class='ocrx_word' id='word_1_260' title='bbox 807 3283 1112 3354; x_wconf 85' lang='lat' dir='ltr'><strong>genitricis,</strong></span> <span class='ocrx_word' id='word_1_261' title='bbox 1143 3297 1199 3344; x_wconf 91' lang='lat' dir='ltr'><strong>et</strong></span> <span class='ocrx_word' id='word_1_262' title='bbox 1228 3291 1414 3346; x_wconf 88' lang='lat' dir='ltr'><strong>oscula</strong></span> <span class='ocrx_word' id='word_1_263' title='bbox 1443 3293 1616 3363; x_wconf 89' lang='lat' dir='ltr'><strong>patris</strong></span> 
     </span>
    </p>
   </div>
   <div class='ocr_carea' id='block_1_49' title="bbox 367 3367 1511 3455">
    <p class='ocr_par' dir='ltr' id='par_1_49' title="bbox 367 3367 1511 3455">
     <span class='ocr_line' id='line_1_50' title="bbox 367 3367 1511 3455; baseline 0.017 -32"><span class='ocrx_word' id='word_1_264' title='bbox 367 3367 600 3436; x_wconf 87' lang='lat' dir='ltr'><strong>Occidit,</strong></span> <span class='ocrx_word' id='word_1_265' title='bbox 631 3371 871 3445; x_wconf 84' lang='lat' dir='ltr'><strong>Hispana</strong></span> <span class='ocrx_word' id='word_1_266' title='bbox 902 3386 1014 3434; x_wconf 89' lang='lat' dir='ltr'><strong>tum</strong></span> <span class='ocrx_word' id='word_1_267' title='bbox 1043 3382 1268 3451; x_wconf 88' lang='lat' dir='ltr'><strong>regione</strong></span> <span class='ocrx_word' id='word_1_268' title='bbox 1297 3387 1511 3455; x_wconf 90' lang='lat' dir='ltr'><strong>procul.</strong></span> 
     </span>
    </p>
   </div>
   <div class='ocr_carea' id='block_1_50' title="bbox 293 3459 1822 3552">
    <p class='ocr_par' dir='ltr' id='par_1_50' title="bbox 293 3459 1822 3552">
     <span class='ocr_line' id='line_1_51' title="bbox 293 3459 1822 3552; baseline 0.018 -38"><span class='ocrx_word' id='word_1_269' title='bbox 293 3459 467 3529; x_wconf 89' lang='lat' dir='ltr'><strong>Quam</strong></span> <span class='ocrx_word' id='word_1_270' title='bbox 500 3471 678 3534; x_wconf 91' lang='lat' dir='ltr'><strong>tener,</strong></span> <span class='ocrx_word' id='word_1_271' title='bbox 707 3476 762 3523; x_wconf 92' lang='lat' dir='ltr'><strong>et</strong></span> <span class='ocrx_word' id='word_1_272' title='bbox 785 3469 983 3536; x_wconf 90' lang='lat' dir='ltr'><strong>primo,</strong></span> <span class='ocrx_word' id='word_1_273' title='bbox 1011 3486 1152 3530; x_wconf 86' lang='lat' dir='ltr'><strong>nove</strong></span> <span class='ocrx_word' id='word_1_274' title='bbox 1174 3476 1298 3544; x_wconf 82' lang='lat' dir='ltr'><strong>llos,</strong></span> <span class='ocrx_word' id='word_1_275' title='bbox 1329 3478 1647 3551; x_wconf 89' lang='lat' dir='ltr'><strong>decerperis</strong></span> <span class='ocrx_word' id='word_1_276' title='bbox 1674 3500 1822 3552; x_wconf 56' lang='lat' dir='ltr'><strong>arvo,</strong></span> 
     </span>
    </p>
   </div>
   <div class='ocr_carea' id='block_1_51' title="bbox 343 3555 1655 3646">
    <p class='ocr_par' dir='ltr' id='par_1_51' title="bbox 343 3555 1655 3646">
     <span class='ocr_line' id='line_1_52' title="bbox 343 3555 1655 3646; baseline 0.014 -33"><span class='ocrx_word' id='word_1_277' title='bbox 343 3555 618 3614; x_wconf 81' lang='lat' dir='ltr'><strong>.Nondum</strong></span> <span class='ocrx_word' id='word_1_278' title='bbox 647 3555 952 3634; x_wconf 82' lang='lat' dir='ltr'><strong>purpureas</strong></span> <span class='ocrx_word' id='word_1_279' title='bbox 981 3567 1193 3625; x_wconf 87' lang='lat' dir='ltr'><strong>cinctus</strong></span> <span class='ocrx_word' id='word_1_280' title='bbox 1214 3571 1424 3641; x_wconf 86' lang='lat' dir='ltr'><strong>ephebe</strong></span> <span class='ocrx_word' id='word_1_281' title='bbox 1448 3590 1616 3646; x_wconf 85' lang='lat' dir='ltr'><strong>genas</strong></span> <span class='ocrx_word' id='word_1_282' title='bbox 1642 3579 1655 3632; x_wconf 76' lang='grc' dir='ltr'><strong>ε</strong></span> 
     </span>
    </p>
   </div>
   <div class='ocr_carea' id='block_1_52' title="bbox 294 3645 1713 3736">
    <p class='ocr_par' dir='ltr' id='par_1_52' title="bbox 294 3645 1713 3736">
     <span class='ocr_line' id='line_1_53' title="bbox 294 3645 1713 3736; baseline 0.016 -35"><span class='ocrx_word' id='word_1_283' title='bbox 294 3645 542 3714; x_wconf 82' lang='lat' dir='ltr'><strong>Quatuor</strong></span> <span class='ocrx_word' id='word_1_284' title='bbox 567 3650 813 3709; x_wconf 90' lang='lat' dir='ltr'><strong>ediderat</strong></span> <span class='ocrx_word' id='word_1_285' title='bbox 834 3670 980 3711; x_wconf 88' lang='lat' dir='ltr'><strong>nunc</strong></span> <span class='ocrx_word' id='word_1_286' title='bbox 1007 3656 1151 3714; x_wconf 83' lang='lat' dir='ltr'><strong>facta</strong></span> <span class='ocrx_word' id='word_1_287' title='bbox 1182 3645 1671 3736; x_wconf 17' lang='lat' dir='ltr'><strong>puerperaipartus</strong></span> <span class='ocrx_word' id='word_1_288' title='bbox 1701 3689 1713 3723; x_wconf 89' lang='lat'><strong>:</strong></span> 
     </span>
    </p>
   </div>
   <div class='ocr_carea' id='block_1_53' title="bbox 367 3739 1600 3823">
    <p class='ocr_par' dir='ltr' id='par_1_53' title="bbox 367 3739 1600 3823">
     <span class='ocr_line' id='line_1_54' title="bbox 367 3739 1600 3823; baseline 0.018 -29"><span class='ocrx_word' id='word_1_289' title='bbox 367 3739 584 3796; x_wconf 89' lang='lat' dir='ltr'><strong>Funera</strong></span> <span class='ocrx_word' id='word_1_290' title='bbox 616 3743 712 3800; x_wconf 88' lang='lat' dir='ltr'><strong>sed</strong></span> <span class='ocrx_word' id='word_1_291' title='bbox 741 3747 964 3803; x_wconf 88' lang='lat' dir='ltr'><strong>tumulis</strong></span> <span class='ocrx_word' id='word_1_292' title='bbox 989 3749 1104 3820; x_wconf 86' lang='lat' dir='ltr'><strong>jam</strong></span> <span class='ocrx_word' id='word_1_293' title='bbox 1135 3755 1408 3823; x_wconf 89' lang='lat' dir='ltr'><strong>geminata</strong></span> <span class='ocrx_word' id='word_1_294' title='bbox 1431 3758 1600 3816; x_wconf 90' lang='lat' dir='ltr'><strong>dedit.</strong></span> 
     </span>
    </p>
   </div>
   <div class='ocr_carea' id='block_1_54' title="bbox 295 3829 1704 3915">
    <p class='ocr_par' dir='ltr' id='par_1_54' title="bbox 295 3829 1704 3915">
     <span class='ocr_line' id='line_1_55' title="bbox 295 3829 1704 3915; baseline 0.02 -31"><span class='ocrx_word' id='word_1_295' title='bbox 295 3829 379 3887; x_wconf 89' lang='lat' dir='ltr'><strong>Sit</strong></span> <span class='ocrx_word' id='word_1_296' title='bbox 408 3833 542 3889; x_wconf 88' lang='lat' dir='ltr'><strong>satis</strong></span> <span class='ocrx_word' id='word_1_297' title='bbox 572 3834 711 3907; x_wconf 90' lang='lat' dir='ltr'><strong>hoc,</strong></span> <span class='ocrx_word' id='word_1_298' title='bbox 738 3837 966 3899; x_wconf 90' lang='lat' dir='ltr'><strong>Pauline</strong></span> <span class='ocrx_word' id='word_1_299' title='bbox 994 3854 1170 3915; x_wconf 88' lang='lat' dir='ltr'><strong>pater,</strong></span> <span class='ocrx_word' id='word_1_300' title='bbox 1205 3848 1401 3908; x_wconf 84' lang='lat' dir='ltr'><strong>divisio</strong></span> <span class='ocrx_word' id='word_1_301' title='bbox 1429 3852 1569 3911; x_wconf 87' lang='lat' dir='ltr'><strong>facta</strong></span> <span class='ocrx_word' id='word_1_302' title='bbox 1599 3869 1704 3914; x_wconf 71' lang='grc' dir='ltr'><strong>εει.</strong></span> 
     </span>
    </p>
   </div>
   <div class='ocr_carea' id='block_1_55' title="bbox 371 3930 1367 4018">
    <p class='ocr_par' dir='ltr' id='par_1_55' title="bbox 371 3930 1367 4018">
     <span class='ocr_line' id='line_1_56' title="bbox 371 3930 1367 4018; baseline 0.02 -31"><span class='ocrx_word' id='word_1_303' title='bbox 371 3930 609 3990; x_wconf 89' lang='lat' dir='ltr'><strong>Debetur</strong></span> <span class='ocrx_word' id='word_1_304' title='bbox 635 3938 799 3994; x_wconf 83' lang='lat' dir='ltr'><strong>matri</strong></span> <span class='ocrx_word' id='word_1_305' title='bbox 825 3949 1026 3998; x_wconf 82' lang='lat' dir='ltr'><strong>caetera</strong></span> <span class='ocrx_word' id='word_1_306' title='bbox 1056 3950 1367 4018; x_wconf 90' lang='lat' dir='ltr'><strong>progenies.</strong></span> 
     </span>
    </p>
   </div>
   <div class='ocr_carea' id='block_1_56' title="bbox 607 4051 1581 4143">
    <p class='ocr_par' dir='ltr' id='par_1_56' title="bbox 607 4051 1581 4143">
     <span class='ocr_line' id='line_1_57' title="bbox 607 4051 1581 4143; baseline 0.017 -35"><span class='ocrx_word' id='word_1_307' title='bbox 607 4051 798 4110; x_wconf 88' lang='lat' dir='ltr'><strong>XXIV.</strong></span> <span class='ocrx_word' id='word_1_308' title='bbox 837 4056 1128 4127; x_wconf 82' lang='lat' dir='ltr'><strong>Paulinus,</strong></span> <span class='ocrx_word' id='word_1_309' title='bbox 1170 4067 1369 4121; x_wconf 84' lang='lat' dir='ltr'><strong>sororis</strong></span> <span class='ocrx_word' id='word_1_310' title='bbox 1405 4086 1581 4143; x_wconf 86' lang='lat' dir='ltr'><strong>gener.</strong></span> 
     </span>
    </p>
   </div>
   <div class='ocr_carea' id='block_1_57' title="bbox 302 4138 1718 4237">
    <p class='ocr_par' dir='ltr' id='par_1_57' title="bbox 302 4138 1718 4237">
     <span class='ocr_line' id='line_1_58' title="bbox 302 4138 1718 4237; baseline 0.02 -44"><span class='ocrx_word' id='word_1_311' title='bbox 302 4138 403 4237; x_wconf 74' lang='lat' dir='ltr'><strong>Qui</strong></span> <span class='ocrx_word' id='word_1_312' title='bbox 433 4142 615 4237; x_wconf 54' lang='lat' dir='ltr'><strong>laetum</strong></span> <span class='ocrx_word' id='word_1_313' title='bbox 639 4146 943 4217; x_wconf 90' lang='lat' dir='ltr'><strong>ingenium,</strong></span> <span class='ocrx_word' id='word_1_314' title='bbox 975 4167 1159 4210; x_wconf 91' lang='lat' dir='ltr'><strong>mores</strong></span> <span class='ocrx_word' id='word_1_315' title='bbox 1190 4157 1281 4227; x_wconf 88' lang='lat' dir='ltr'><strong>qui</strong></span> <span class='ocrx_word' id='word_1_316' title='bbox 1308 4138 1486 4232; x_wconf 78' lang='lat' dir='ltr'><strong>diligit</strong></span> <span class='ocrx_word' id='word_1_317' title='bbox 1509 4179 1718 4237; x_wconf 60' lang='lat' dir='ltr'><strong>arquos,</strong></span> 
     </span>
    </p>
   </div>
   <div class='ocr_carea' id='block_1_58' title="bbox 369 4233 1573 4319">
    <p class='ocr_par' dir='ltr' id='par_1_58' title="bbox 369 4233 1573 4319">
     <span class='ocr_line' id='line_1_59' title="bbox 369 4233 1573 4319; baseline 0.019 -31"><span class='ocrx_word' id='word_1_318' title='bbox 369 4233 587 4305; x_wconf 81' lang='lat' dir='ltr'><strong>Quique</strong></span> <span class='ocrx_word' id='word_1_319' title='bbox 612 4238 774 4297; x_wconf 82' lang='lat' dir='ltr'><strong>ﬁdem</strong></span> <span class='ocrx_word' id='word_1_320' title='bbox 806 4254 993 4300; x_wconf 87' lang='lat' dir='ltr'><strong>sancta</strong></span> <span class='ocrx_word' id='word_1_321' title='bbox 1022 4261 1144 4302; x_wconf 92' lang='lat' dir='ltr'><strong>cum</strong></span> <span class='ocrx_word' id='word_1_322' title='bbox 1175 4251 1376 4319; x_wconf 89' lang='lat' dir='ltr'><strong>pietate</strong></span> <span class='ocrx_word' id='word_1_323' title='bbox 1397 4255 1527 4310; x_wconf 91' lang='lat' dir='ltr'><strong>colit</strong></span> <span class='ocrx_word' id='word_1_324' title='bbox 1562 4277 1573 4310; x_wconf 88' lang='lat'>:</span> 
     </span>
    </p>
   </div>
   <div class='ocr_carea' id='block_1_59' title="bbox 303 4323 1540 4410">
    <p class='ocr_par' dir='ltr' id='par_1_59' title="bbox 303 4323 1540 4410">
     <span class='ocr_line' id='line_1_60' title="bbox 303 4323 1540 4410; baseline 0.018 -30"><span class='ocrx_word' id='word_1_325' title='bbox 303 4323 517 4382; x_wconf 86' lang='lat' dir='ltr'><strong>Paulini</strong></span> <span class='ocrx_word' id='word_1_326' title='bbox 545 4345 733 4388; x_wconf 87' lang='lat' dir='ltr'><strong>manes</strong></span> <span class='ocrx_word' id='word_1_327' title='bbox 763 4349 975 4392; x_wconf 91' lang='lat' dir='ltr'><strong>mecum</strong></span> <span class='ocrx_word' id='word_1_328' title='bbox 1006 4352 1322 4410; x_wconf 88' lang='lat' dir='ltr'><strong>veneratus,</strong></span> <span class='ocrx_word' id='word_1_329' title='bbox 1349 4346 1540 4402; x_wconf 90' lang='lat' dir='ltr'><strong>amicis</strong></span> 
     </span>
    </p>
   </div>
   <div class='ocr_carea' id='block_1_60' title="bbox 377 4420 1477 4497">
    <p class='ocr_par' dir='ltr' id='par_1_60' title="bbox 377 4420 1477 4497">
     <span class='ocr_line' id='line_1_61' title="bbox 377 4420 1477 4497; baseline 0.02 -24"><span class='ocrx_word' id='word_1_330' title='bbox 377 4420 590 4478; x_wconf 90' lang='lat' dir='ltr'><strong>lnroret</strong></span> <span class='ocrx_word' id='word_1_331' title='bbox 621 4424 899 4497; x_wconf 86' lang='lat' dir='ltr'><strong>laerymis,</strong></span> <span class='ocrx_word' id='word_1_332' title='bbox 933 4445 1110 4486; x_wconf 90' lang='lat' dir='ltr'><strong>annua</strong></span> <span class='ocrx_word' id='word_1_333' title='bbox 1143 4433 1247 4489; x_wconf 91' lang='lat' dir='ltr'><strong>liba</strong></span> <span class='ocrx_word' id='word_1_334' title='bbox 1277 4435 1477 4495; x_wconf 89' lang='lat' dir='ltr'><strong>ferens.</strong></span> 
     </span>
    </p>
   </div>
   <div class='ocr_carea' id='block_1_61' title="bbox 304 4508 1644 4599">
    <p class='ocr_par' dir='ltr' id='par_1_61' title="bbox 304 4508 1644 4599">
     <span class='ocr_line' id='line_1_62' title="bbox 304 4508 1644 4599; baseline 0.02 -36"><span class='ocrx_word' id='word_1_335' title='bbox 304 4508 621 4581; x_wconf 61' lang='lat' dir='ltr'><strong>lEquawus,</strong></span> <span class='ocrx_word' id='word_1_336' title='bbox 651 4515 896 4586; x_wconf 81' lang='lat' dir='ltr'><strong>Pauline,</strong></span> <span class='ocrx_word' id='word_1_337' title='bbox 931 4521 1086 4590; x_wconf 89' lang='lat' dir='ltr'><strong>mihi,</strong></span> <span class='ocrx_word' id='word_1_338' title='bbox 1114 4534 1407 4599; x_wconf 84' lang='lat' dir='ltr'><strong>natamque</strong></span> <span class='ocrx_word' id='word_1_339' title='bbox 1435 4534 1644 4589; x_wconf 88' lang='lat' dir='ltr'><strong>sororis</strong></span> 
     </span>
    </p>
   </div>
   <div class='ocr_carea' id='block_1_62' title="bbox 377 4606 1600 4696">
    <p class='ocr_par' dir='ltr' id='par_1_62' title="bbox 377 4606 1600 4696">
     <span class='ocr_line' id='line_1_63' title="bbox 377 4606 1600 4696; baseline 0.02 -36"><span class='ocrx_word' id='word_1_340' title='bbox 377 4606 632 4678; x_wconf 89' lang='lat' dir='ltr'><strong>lndeptus</strong></span> <span class='ocrx_word' id='word_1_341' title='bbox 665 4611 902 4668; x_wconf 79' lang='lat' dir='ltr'><strong>thalamo</strong></span> <span class='ocrx_word' id='word_1_342' title='bbox 936 4635 947 4669; x_wconf 94' lang='lat'>:</span> <span class='ocrx_word' id='word_1_343' title='bbox 976 4617 1057 4673; x_wconf 92' lang='lat' dir='ltr'><strong>sic</strong></span> <span class='ocrx_word' id='word_1_344' title='bbox 1081 4620 1214 4676; x_wconf 91' lang='lat' dir='ltr'><strong>mihi</strong></span> <span class='ocrx_word' id='word_1_345' title='bbox 1241 4637 1381 4692; x_wconf 90' lang='lat' dir='ltr'><strong>pene</strong></span> <span class='ocrx_word' id='word_1_346' title='bbox 1409 4641 1600 4696; x_wconf 91' lang='lat' dir='ltr'><strong>gener.</strong></span> 
     </span>
    </p>
   </div>
   <div class='ocr_carea' id='block_1_63' title="bbox 303 4698 1591 4786">
    <p class='ocr_par' dir='ltr' id='par_1_63' title="bbox 303 4698 1591 4786">
     <span class='ocr_line' id='line_1_64' title="bbox 303 4698 1591 4786; baseline 0.021 -36"><span class='ocrx_word' id='word_1_347' title='bbox 303 4698 502 4769; x_wconf 73' lang='lat' dir='ltr'><strong>Stirpis</strong></span> <span class='ocrx_word' id='word_1_348' title='bbox 531 4699 816 4768; x_wconf 80' lang='lat' dir='ltr'><strong>Aquitanae</strong></span> <span class='ocrx_word' id='word_1_349' title='bbox 845 4717 1019 4764; x_wconf 84' lang='lat' dir='ltr'><strong>mater</strong></span> <span class='ocrx_word' id='word_1_350' title='bbox 1049 4712 1167 4778; x_wconf 90' lang='lat' dir='ltr'><strong>tibi,</strong></span> <span class='ocrx_word' id='word_1_351' title='bbox 1199 4707 1322 4770; x_wconf 85' lang='lat' dir='ltr'><strong>nam</strong></span> <span class='ocrx_word' id='word_1_352' title='bbox 1354 4719 1591 4786; x_wconf 87' lang='lat' dir='ltr'><strong>genitori</strong></span> 
     </span>
    </p>
   </div>
   <div class='ocr_carea' id='block_1_64' title="bbox 375 4791 1464 4879">
    <p class='ocr_par' dir='ltr' id='par_1_64' title="bbox 375 4791 1464 4879">
     <span class='ocr_line' id='line_1_65' title="bbox 375 4791 1464 4879; baseline 0.02 -32"><span class='ocrx_word' id='word_1_353' title='bbox 375 4791 572 4850; x_wconf 79' lang='lat' dir='ltr'><strong>Cassio</strong></span> <span class='ocrx_word' id='word_1_354' title='bbox 601 4796 878 4867; x_wconf 85' lang='lat' dir='ltr'><strong>Vasatum,</strong></span> <span class='ocrx_word' id='word_1_355' title='bbox 913 4806 1242 4878; x_wconf 89' lang='lat' dir='ltr'><strong>municipale</strong></span> <span class='ocrx_word' id='word_1_356' title='bbox 1270 4824 1464 4879; x_wconf 89' lang='lat' dir='ltr'><strong>genus.</strong></span> 
     </span>
    </p>
   </div>
   <div class='ocr_carea' id='block_1_65' title="bbox 302 4883 1562 4965">
    <p class='ocr_par' dir='ltr' id='par_1_65' title="bbox 302 4883 1562 4965">
     <span class='ocr_line' id='line_1_66' title="bbox 302 4883 1562 4965; baseline 0.017 -27"><span class='ocrx_word' id='word_1_357' title='bbox 302 4883 515 4941; x_wconf 88' lang='lat' dir='ltr'><strong>Scrinia</strong></span> <span class='ocrx_word' id='word_1_358' title='bbox 547 4889 788 4957; x_wconf 75' lang='lat' dir='ltr'><strong>prmfecti</strong></span> <span class='ocrx_word' id='word_1_359' title='bbox 821 4896 1068 4965; x_wconf 89' lang='lat' dir='ltr'><strong>meritus,</strong></span> <span class='ocrx_word' id='word_1_360' title='bbox 1100 4899 1406 4957; x_wconf 88' lang='lat' dir='ltr'><strong>rationibus</strong></span> <span class='ocrx_word' id='word_1_361' title='bbox 1435 4905 1562 4961; x_wconf 88' lang='lat' dir='ltr'><strong>inde</strong></span> 
     </span>
    </p>
   </div>
   <div class='ocr_carea' id='block_1_66' title="bbox 381 4976 1642 5067">
    <p class='ocr_par' dir='ltr' id='par_1_66' title="bbox 381 4976 1642 5067">
     <span class='ocr_line' id='line_1_67' title="bbox 381 4976 1642 5067; baseline 0.017 -36"><span class='ocrx_word' id='word_1_362' title='bbox 381 4976 710 5050; x_wconf 64' lang='lat' dir='ltr'><strong>Prwposilus</strong></span> <span class='ocrx_word' id='word_1_363' title='bbox 737 4984 978 5058; x_wconf 87' lang='lat' dir='ltr'><strong>Libycis,</strong></span> <span class='ocrx_word' id='word_1_364' title='bbox 1013 4991 1238 5057; x_wconf 65' lang='lat' dir='ltr'><strong>praemia</strong></span> <span class='ocrx_word' id='word_1_365' title='bbox 1259 4994 1438 5062; x_wconf 82' lang='lat' dir='ltr'><strong>Opima</strong></span> <span class='ocrx_word' id='word_1_366' title='bbox 1471 4998 1642 5067; x_wconf 89' lang='lat' dir='ltr'><strong>capis.</strong></span> 
     </span>
    </p>
   </div>
   <div class='ocr_carea' id='block_1_67' title="bbox 307 5067 1719 5147">
    <p class='ocr_par' dir='ltr' id='par_1_67' title="bbox 307 5067 1719 5147">
     <span class='ocr_line' id='line_1_68' title="bbox 307 5067 1719 5147; baseline 0.016 -23"><span class='ocrx_word' id='word_1_367' title='bbox 307 5067 443 5126; x_wconf 82' lang='lat' dir='ltr'><strong>Nam</strong></span> <span class='ocrx_word' id='word_1_368' title='bbox 471 5070 814 5131; x_wconf 82' lang='lat' dir='ltr'><strong>Correcturae</strong></span> <span class='ocrx_word' id='word_1_369' title='bbox 845 5079 941 5134; x_wconf 87' lang='lat' dir='ltr'><strong>tibi</strong></span> <span class='ocrx_word' id='word_1_370' title='bbox 978 5080 1220 5140; x_wconf 88' lang='lat' dir='ltr'><strong>Tarraco</strong></span> <span class='ocrx_word' id='word_1_371' title='bbox 1253 5084 1448 5142; x_wconf 87' lang='lat' dir='ltr'><strong>llibera</strong></span> <span class='ocrx_word' id='word_1_372' title='bbox 1481 5089 1719 5147; x_wconf 90' lang='lat' dir='ltr'><strong>tribunal</strong></span> 
     </span>
    </p>
   </div>
   <div class='ocr_carea' id='block_1_68' title="bbox 384 5163 1493 5236">
    <p class='ocr_par' dir='ltr' id='par_1_68' title="bbox 384 5163 1493 5236">
     <span class='ocr_line' id='line_1_69' title="bbox 384 5163 1493 5236; baseline 0.015 -19"><span class='ocrx_word' id='word_1_373' title='bbox 384 5163 658 5236; x_wconf 67' lang='lat' dir='ltr'><strong>Praebuit,</strong></span> <span class='ocrx_word' id='word_1_374' title='bbox 689 5167 953 5226; x_wconf 68' lang='lat' dir='ltr'><strong>aﬂectans</strong></span> <span class='ocrx_word' id='word_1_375' title='bbox 985 5187 1110 5229; x_wconf 90' lang='lat' dir='ltr'><strong>esse</strong></span> <span class='ocrx_word' id='word_1_376' title='bbox 1138 5175 1339 5232; x_wconf 89' lang='lat' dir='ltr'><strong>clienta</strong></span> <span class='ocrx_word' id='word_1_377' title='bbox 1374 5180 1493 5235; x_wconf 92' lang='lat' dir='ltr'><strong>tibi.</strong></span> 
     </span>
    </p>
   </div>
   <div class='ocr_carea' id='block_1_69' title="bbox 309 5253 1643 5336">
    <p class='ocr_par' dir='ltr' id='par_1_69' title="bbox 309 5253 1643 5336">
     <span class='ocr_line' id='line_1_70' title="bbox 309 5253 1643 5336; baseline 0.016 -27"><span class='ocrx_word' id='word_1_378' title='bbox 309 5253 392 5310; x_wconf 92' lang='lat' dir='ltr'><strong>Tu</strong></span> <span class='ocrx_word' id='word_1_379' title='bbox 414 5270 634 5314; x_wconf 86' lang='lat' dir='ltr'><strong>socrum</strong></span> <span class='ocrx_word' id='word_1_380' title='bbox 665 5277 764 5330; x_wconf 89' lang='lat' dir='ltr'><strong>pro</strong></span> <span class='ocrx_word' id='word_1_381' title='bbox 787 5274 966 5320; x_wconf 87' lang='lat' dir='ltr'><strong>matre</strong></span> <span class='ocrx_word' id='word_1_382' title='bbox 995 5266 1180 5322; x_wconf 89' lang='lat' dir='ltr'><strong>colens</strong></span> <span class='ocrx_word' id='word_1_383' title='bbox 1199 5309 1215 5336; x_wconf 89' lang='lat'><strong>,</strong></span> <span class='ocrx_word' id='word_1_384' title='bbox 1246 5268 1425 5328; x_wconf 85' lang='lat' dir='ltr'><strong>affinis</strong></span> <span class='ocrx_word' id='word_1_385' title='bbox 1454 5271 1643 5330; x_wconf 88' lang='lat' dir='ltr'><strong>haberi</strong></span> 
     </span>
    </p>
   </div>
   <div class='ocr_carea' id='block_1_70' title="bbox 379 5348 1506 5422">
    <p class='ocr_par' dir='ltr' id='par_1_70' title="bbox 379 5348 1506 5422">
     <span class='ocr_line' id='line_1_71' title="bbox 379 5348 1506 5422; baseline 0.016 -18"><span class='ocrx_word' id='word_1_386' title='bbox 379 5348 497 5406; x_wconf 85' lang='lat' dir='ltr'><strong>Non</strong></span> <span class='ocrx_word' id='word_1_387' title='bbox 528 5364 769 5422; x_wconf 86' lang='lat' dir='ltr'><strong>poteras,</strong></span> <span class='ocrx_word' id='word_1_388' title='bbox 799 5359 909 5412; x_wconf 91' lang='lat' dir='ltr'><strong>nati</strong></span> <span class='ocrx_word' id='word_1_389' title='bbox 939 5374 1060 5415; x_wconf 90' lang='lat' dir='ltr'><strong>cum</strong></span> <span class='ocrx_word' id='word_1_390' title='bbox 1090 5360 1338 5419; x_wconf 89' lang='lat' dir='ltr'><strong>fruerere</strong></span> <span class='ocrx_word' id='word_1_391' title='bbox 1364 5365 1506 5422; x_wconf 91' lang='lat' dir='ltr'><strong>loco.</strong></span> 
     </span>
    </p>
   </div>
   <div class='ocr_carea' id='block_1_71' title="bbox 310 5438 1403 5523">
    <p class='ocr_par' dir='ltr' id='par_1_71' title="bbox 310 5438 1403 5523">
     <span class='ocr_line' id='line_1_72' title="bbox 310 5438 1403 5523; baseline 0.016 -29"><span class='ocrx_word' id='word_1_392' title='bbox 310 5438 459 5497; x_wconf 89' lang='lat' dir='ltr'><strong>Inter</strong></span> <span class='ocrx_word' id='word_1_393' title='bbox 481 5445 780 5504; x_wconf 89' lang='lat' dir='ltr'><strong>concordes</strong></span> <span class='ocrx_word' id='word_1_394' title='bbox 804 5449 986 5506; x_wconf 80' lang='lat' dir='ltr'><strong>vixisti</strong></span> <span class='ocrx_word' id='word_1_395' title='bbox 1014 5451 1154 5508; x_wconf 83' lang='lat' dir='ltr'><strong>fidus</strong></span> <span class='ocrx_word' id='word_1_396' title='bbox 1177 5455 1403 5523; x_wconf 89' lang='lat' dir='ltr'><strong>amicos,</strong></span> 
     </span>
    </p>
   </div>
   <div class='ocr_carea' id='block_1_72' title="bbox 388 5535 1416 5620">
    <p class='ocr_par' dir='ltr' id='par_1_72' title="bbox 388 5535 1416 5620">
     <span class='ocr_line' id='line_1_73' title="bbox 388 5535 1416 5620; baseline 0.016 -29"><span class='ocrx_word' id='word_1_397' title='bbox 388 5535 775 5611; x_wconf 86' lang='lat' dir='ltr'><strong>Duodeviginti</strong></span> <span class='ocrx_word' id='word_1_398' title='bbox 797 5541 1015 5600; x_wconf 90' lang='lat' dir='ltr'><strong>functus</strong></span> <span class='ocrx_word' id='word_1_399' title='bbox 1043 5547 1416 5620; x_wconf 87' lang='lat' dir='ltr'><strong>Olympiadas.</strong></span> 
     </span>
    </p>
   </div>
   <div class='ocr_carea' id='block_1_73' title="bbox 594 5655 1631 5742">
    <p class='ocr_par' dir='ltr' id='par_1_73' title="bbox 594 5655 1631 5742">
     <span class='ocr_line' id='line_1_74' title="bbox 594 5655 1631 5742; baseline 0.011 -30"><span class='ocrx_word' id='word_1_400' title='bbox 594 5655 1014 5742; x_wconf 75' lang='lat' dir='ltr'><strong>XXmilia</strong></span> <span class='ocrx_word' id='word_1_401' title='bbox 1049 5663 1311 5736; x_wconf 77' lang='lat' dir='ltr'><strong>Dryadia,</strong></span> <span class='ocrx_word' id='word_1_402' title='bbox 1337 5679 1631 5724; x_wconf 83' lang='lat' dir='ltr'><strong>matertera.</strong></span> 
     </span>
    </p>
   </div>
   <div class='ocr_carea' id='block_1_74' title="bbox 393 5739 1440 5826">
    <p class='ocr_par' dir='ltr' id='par_1_74' title="bbox 393 5739 1440 5826">
     <span class='ocr_line' id='line_1_75' title="bbox 393 5739 1440 5826; baseline 0.013 -28"><span class='ocrx_word' id='word_1_403' title='bbox 393 5739 472 5801; x_wconf 80' lang='lat' dir='ltr'><strong>Te</strong></span> <span class='ocrx_word' id='word_1_404' title='bbox 503 5759 718 5816; x_wconf 84' lang='lat' dir='ltr'><strong>quoque</strong></span> <span class='ocrx_word' id='word_1_405' title='bbox 747 5739 1035 5820; x_wconf 79' lang='lat' dir='ltr'><strong>Dryadiam</strong></span> <span class='ocrx_word' id='word_1_406' title='bbox 1069 5747 1440 5826; x_wconf 62' lang='lat' dir='ltr'><strong>materiarum;</strong></span> 
     </span>
    </p>
   </div>
   <div class='ocr_carea' id='block_1_75' title="bbox 2070 1809 2743 1880">
    <p class='ocr_par' dir='ltr' id='par_1_75' title="bbox 2070 1809 2743 1880">
     <span class='ocr_line' id='line_1_76' title="bbox 2070 1809 2743 1880; baseline -0.001 -15"><span class='ocrx_word' id='word_1_407' title='bbox 2070 1809 2354 1880; x_wconf 79' lang='lat' dir='ltr'><strong>Parcaque</strong></span> <span class='ocrx_word' id='word_1_408' title='bbox 2383 1825 2520 1866; x_wconf 90' lang='lat' dir='ltr'><strong>anus</strong></span> <span class='ocrx_word' id='word_1_409' title='bbox 2551 1811 2743 1866; x_wconf 91' lang='lat' dir='ltr'><strong>coluit.</strong></span> 
     </span>
    </p>
   </div>
   <div class='ocr_carea' id='block_1_76' title="bbox 2001 1902 3599 1979">
    <p class='ocr_par' dir='ltr' id='par_1_76' title="bbox 2001 1902 3599 1979">
     <span class='ocr_line' id='line_1_77' title="bbox 2001 1902 3599 1979; baseline 0.005 -21"><span class='ocrx_word' id='word_1_410' title='bbox 2001 1902 2072 1958; x_wconf 92' lang='lat' dir='ltr'><strong>Et</strong></span> <span class='ocrx_word' id='word_1_411' title='bbox 2102 1902 2236 1959; x_wconf 89' lang='lat' dir='ltr'><strong>mihi</strong></span> <span class='ocrx_word' id='word_1_412' title='bbox 2263 1903 2409 1974; x_wconf 91' lang='lat' dir='ltr'><strong>quod</strong></span> <span class='ocrx_word' id='word_1_413' title='bbox 2440 1905 2636 1974; x_wconf 91' lang='lat' dir='ltr'><strong>potuit,</strong></span> <span class='ocrx_word' id='word_1_414' title='bbox 2663 1904 2915 1976; x_wconf 87' lang='lat' dir='ltr'><strong>quamvis</strong></span> <span class='ocrx_word' id='word_1_415' title='bbox 2943 1905 3012 1961; x_wconf 90' lang='lat' dir='ltr'><strong>de</strong></span> <span class='ocrx_word' id='word_1_416' title='bbox 3042 1920 3282 1978; x_wconf 88' lang='lat' dir='ltr'><strong>paupere</strong></span> <span class='ocrx_word' id='word_1_417' title='bbox 3305 1921 3515 1966; x_wconf 89' lang='lat' dir='ltr'><strong>summa</strong></span> <span class='ocrx_word' id='word_1_418' title='bbox 3539 1954 3555 1979; x_wconf 92' lang='lat'><strong>,</strong></span> <span class='ocrx_word' id='word_1_419' title='bbox 3592 1912 3599 1928; x_wconf 88' lang='lat'>‘</span> 
     </span>
    </p>
   </div>
   <div class='ocr_carea' id='block_1_77' title="bbox 2071 1996 2675 2065">
    <p class='ocr_par' dir='ltr' id='par_1_77' title="bbox 2071 1996 2675 2065">
     <span class='ocr_line' id='line_1_78' title="bbox 2071 1996 2675 2065; baseline 0 -13"><span class='ocrx_word' id='word_1_420' title='bbox 2071 1997 2245 2053; x_wconf 82' lang='lat' dir='ltr'><strong>Mater</strong></span> <span class='ocrx_word' id='word_1_421' title='bbox 2269 1996 2370 2065; x_wconf 87' lang='lat' dir='ltr'><strong>uti,</strong></span> <span class='ocrx_word' id='word_1_422' title='bbox 2402 1998 2675 2054; x_wconf 88' lang='lat' dir='ltr'><strong>attribuit.</strong></span> 
     </span>
    </p>
   </div>
   <div class='ocr_carea' id='block_1_78' title="bbox 2001 2091 3462 2166">
    <p class='ocr_par' dir='ltr' id='par_1_78' title="bbox 2001 2091 3462 2166">
     <span class='ocr_line' id='line_1_79' title="bbox 2001 2091 3462 2166; baseline 0.003 -20"><span class='ocrx_word' id='word_1_423' title='bbox 2001 2091 2146 2162; x_wconf 89' lang='lat' dir='ltr'><strong>Ergo</strong></span> <span class='ocrx_word' id='word_1_424' title='bbox 2175 2100 2630 2162; x_wconf 88' lang='lat' dir='ltr'><strong>commemorata,</strong></span> <span class='ocrx_word' id='word_1_425' title='bbox 2662 2093 2778 2150; x_wconf 90' lang='lat' dir='ltr'><strong>Ave</strong></span> <span class='ocrx_word' id='word_1_426' title='bbox 2808 2112 2819 2147; x_wconf 91' lang='lat'><strong>:</strong></span> <span class='ocrx_word' id='word_1_427' title='bbox 2855 2101 3220 2166; x_wconf 77' lang='lat' dir='ltr'><strong>mmstumque</strong></span> <span class='ocrx_word' id='word_1_428' title='bbox 3249 2107 3462 2165; x_wconf 86' lang='lat' dir='ltr'><strong>vocata,</strong></span> 
     </span>
    </p>
   </div>
   <div class='ocr_carea' id='block_1_79' title="bbox 2071 2183 2682 2256">
    <p class='ocr_par' dir='ltr' id='par_1_79' title="bbox 2071 2183 2682 2256">
     <span class='ocr_line' id='line_1_80' title="bbox 2071 2183 2682 2256; baseline 0.002 -18"><span class='ocrx_word' id='word_1_429' title='bbox 2071 2183 2181 2241; x_wconf 90' lang='lat' dir='ltr'><strong>Pro</strong></span> <span class='ocrx_word' id='word_1_430' title='bbox 2207 2185 2496 2256; x_wconf 89' lang='lat' dir='ltr'><strong>genitrice,</strong></span> <span class='ocrx_word' id='word_1_431' title='bbox 2530 2184 2682 2242; x_wconf 88' lang='lat' dir='ltr'><strong>Vale.</strong></span> 
     </span>
    </p>
   </div>
   <div class='ocr_carea' id='block_1_80' title="bbox 2338 2302 3241 2376">
    <p class='ocr_par' dir='ltr' id='par_1_80' title="bbox 2338 2302 3241 2376">
     <span class='ocr_line' id='line_1_81' title="bbox 2338 2302 3241 2376; baseline 0.006 -18"><span class='ocrx_word' id='word_1_432' title='bbox 2338 2303 2556 2360; x_wconf 80' lang='lat' dir='ltr'><strong>XXVII.</strong></span> <span class='ocrx_word' id='word_1_433' title='bbox 2585 2302 2737 2360; x_wconf 79' lang='lat' dir='ltr'><strong>Julia</strong></span> <span class='ocrx_word' id='word_1_434' title='bbox 2774 2306 2997 2362; x_wconf 79' lang='lat' dir='ltr'><strong>Veneria</strong></span> <span class='ocrx_word' id='word_1_435' title='bbox 3017 2351 3032 2376; x_wconf 96' lang='lat'><strong>,</strong></span> <span class='ocrx_word' id='word_1_436' title='bbox 3059 2310 3241 2364; x_wconf 84' lang='lat' dir='ltr'><strong>amita.</strong></span> 
     </span>
    </p>
   </div>
   <div class='ocr_carea' id='block_1_81' title="bbox 2070 2414 3122 2487">
    <p class='ocr_par' dir='ltr' id='par_1_81' title="bbox 2070 2414 3122 2487">
     <span class='ocr_line' id='line_1_82' title="bbox 2070 2414 3122 2487; baseline 0.003 -17"><span class='ocrx_word' id='word_1_437' title='bbox 2070 2414 2140 2470; x_wconf 86' lang='lat' dir='ltr'><strong>At</strong></span> <span class='ocrx_word' id='word_1_438' title='bbox 2171 2414 2334 2469; x_wconf 89' lang='lat' dir='ltr'><strong>amita</strong></span> <span class='ocrx_word' id='word_1_439' title='bbox 2367 2414 2601 2471; x_wconf 87' lang='lat' dir='ltr'><strong>Veneria</strong></span> <span class='ocrx_word' id='word_1_440' title='bbox 2638 2417 2948 2487; x_wconf 86' lang='lat' dir='ltr'><strong>properiter</strong></span> <span class='ocrx_word' id='word_1_441' title='bbox 2967 2418 3122 2475; x_wconf 89' lang='lat' dir='ltr'><strong>obiit.</strong></span> 
     </span>
    </p>
   </div>
   <div class='ocr_carea' id='block_1_82' title="bbox 2068 2509 3070 2568">
    <p class='ocr_par' dir='ltr' id='par_1_82' title="bbox 2068 2509 3070 2568">
     <span class='ocr_line' id='line_1_83' title="bbox 2068 2509 3070 2568; baseline 0 -4"><span class='ocrx_word' id='word_1_442' title='bbox 2068 2509 2167 2564; x_wconf 85' lang='lat' dir='ltr'><strong>Cui</strong></span> <span class='ocrx_word' id='word_1_443' title='bbox 2194 2509 2377 2564; x_wconf 85' lang='lat' dir='ltr'><strong>brevia</strong></span> <span class='ocrx_word' id='word_1_444' title='bbox 2407 2510 2549 2565; x_wconf 89' lang='lat' dir='ltr'><strong>mela</strong></span> <span class='ocrx_word' id='word_1_445' title='bbox 2579 2509 2827 2565; x_wconf 85' lang='lat' dir='ltr'><strong>moditica</strong></span> <span class='ocrx_word' id='word_1_446' title='bbox 2859 2511 3070 2568; x_wconf 90' lang='lat' dir='ltr'><strong>recino.</strong></span> 
     </span>
    </p>
   </div>
   <div class='ocr_carea' id='block_1_83' title="bbox 2068 2601 3082 2675">
    <p class='ocr_par' dir='ltr' id='par_1_83' title="bbox 2068 2601 3082 2675">
     <span class='ocr_line' id='line_1_84' title="bbox 2068 2601 3082 2675; baseline 0.002 -18"><span class='ocrx_word' id='word_1_447' title='bbox 2068 2601 2222 2657; x_wconf 89' lang='lat' dir='ltr'><strong>Cinis</strong></span> <span class='ocrx_word' id='word_1_448' title='bbox 2249 2602 2326 2657; x_wconf 88' lang='lat' dir='ltr'><strong>uti</strong></span> <span class='ocrx_word' id='word_1_449' title='bbox 2357 2602 2629 2673; x_wconf 90' lang='lat' dir='ltr'><strong>placidula</strong></span> <span class='ocrx_word' id='word_1_450' title='bbox 2660 2618 2858 2674; x_wconf 84' lang='lat' dir='ltr'><strong>supera</strong></span> <span class='ocrx_word' id='word_1_451' title='bbox 2881 2605 3082 2675; x_wconf 87' lang='lat' dir='ltr'><strong>vigeat,</strong></span> 
     </span>
    </p>
   </div>
   <div class='ocr_carea' id='block_1_84' title="bbox 2065 2697 3164 2769">
    <p class='ocr_par' dir='ltr' id='par_1_84' title="bbox 2065 2697 3164 2769">
     <span class='ocr_line' id='line_1_85' title="bbox 2065 2697 3164 2769; baseline 0.001 -16"><span class='ocrx_word' id='word_1_452' title='bbox 2065 2697 2348 2769; x_wconf 88' lang='lat' dir='ltr'><strong>Celeripes</strong></span> <span class='ocrx_word' id='word_1_453' title='bbox 2376 2707 2432 2754; x_wconf 90' lang='lat' dir='ltr'><strong>et</strong></span> <span class='ocrx_word' id='word_1_454' title='bbox 2457 2698 2620 2754; x_wconf 89' lang='lat' dir='ltr'><strong>adeat</strong></span> <span class='ocrx_word' id='word_1_455' title='bbox 2643 2699 2762 2756; x_wconf 90' lang='lat' dir='ltr'><strong>loca</strong></span> <span class='ocrx_word' id='word_1_456' title='bbox 2785 2700 2946 2756; x_wconf 86' lang='lat' dir='ltr'><strong>tacita</strong></span> <span class='ocrx_word' id='word_1_457' title='bbox 2979 2700 3164 2756; x_wconf 82' lang='lat' dir='ltr'><strong>Erebi.</strong></span> 
     </span>
    </p>
   </div>
   <div class='ocr_carea' id='block_1_85' title="bbox 2263 2813 3296 2882">
    <p class='ocr_par' dir='ltr' id='par_1_85' title="bbox 2263 2813 3296 2882">
     <span class='ocr_line' id='line_1_86' title="bbox 2263 2813 3296 2882; baseline 0.001 -13"><span class='ocrx_word' id='word_1_458' title='bbox 2263 2813 2508 2870; x_wconf 84' lang='lat' dir='ltr'><strong>XXVIII.</strong></span> <span class='ocrx_word' id='word_1_459' title='bbox 2538 2813 2687 2870; x_wconf 86' lang='lat' dir='ltr'><strong>Julia</strong></span> <span class='ocrx_word' id='word_1_460' title='bbox 2712 2813 2926 2882; x_wconf 84' lang='lat' dir='ltr'><strong>Idalia,</strong></span> <span class='ocrx_word' id='word_1_461' title='bbox 2957 2816 3296 2871; x_wconf 82' lang='lat' dir='ltr'><strong>consobrina.</strong></span> 
     </span>
    </p>
   </div>
   <div class='ocr_carea' id='block_1_86' title="bbox 2215 2926 2922 2994">
    <p class='ocr_par' dir='ltr' id='par_1_86' title="bbox 2215 2926 2922 2994">
     <span class='ocr_line' id='line_1_87' title="bbox 2215 2926 2922 2994; baseline 0.003 -12"><span class='ocrx_word' id='word_1_462' title='bbox 2215 2926 2387 2983; x_wconf 87' lang='lat' dir='ltr'><strong>Parva</strong></span> <span class='ocrx_word' id='word_1_463' title='bbox 2414 2928 2576 2984; x_wconf 89' lang='lat' dir='ltr'><strong>etiam</strong></span> <span class='ocrx_word' id='word_1_464' title='bbox 2601 2927 2704 2984; x_wconf 88' lang='lat' dir='ltr'><strong>fuit</strong></span> <span class='ocrx_word' id='word_1_465' title='bbox 2731 2927 2922 2994; x_wconf 90' lang='lat' dir='ltr'><strong>Idalia,</strong></span> 
     </span>
    </p>
   </div>
   <div class='ocr_carea' id='block_1_87' title="bbox 2212 3019 3123 3092">
    <p class='ocr_par' dir='ltr' id='par_1_87' title="bbox 2212 3019 3123 3092">
     <span class='ocr_line' id='line_1_88' title="bbox 2212 3019 3123 3092; baseline 0 -16"><span class='ocrx_word' id='word_1_466' title='bbox 2212 3020 2441 3076; x_wconf 87' lang='lat' dir='ltr'><strong>Nomine</strong></span> <span class='ocrx_word' id='word_1_467' title='bbox 2472 3020 2698 3092; x_wconf 67' lang='lat' dir='ltr'><strong>praedita</strong></span> <span class='ocrx_word' id='word_1_468' title='bbox 2725 3035 2844 3090; x_wconf 82' lang='lat' dir='ltr'><strong>quae</strong></span> <span class='ocrx_word' id='word_1_469' title='bbox 2871 3019 3123 3090; x_wconf 65' lang='lat' dir='ltr'><strong>Paphiae,</strong></span> 
     </span>
    </p>
   </div>
   <div class='ocr_carea' id='block_1_88' title="bbox 2211 3113 3059 3185">
    <p class='ocr_par' dir='ltr' id='par_1_88' title="bbox 2211 3113 3059 3185">
     <span class='ocr_line' id='line_1_89' title="bbox 2211 3113 3059 3185; baseline -0.004 -16"><span class='ocrx_word' id='word_1_470' title='bbox 2211 3114 2277 3170; x_wconf 92' lang='lat' dir='ltr'><strong>Et</strong></span> <span class='ocrx_word' id='word_1_471' title='bbox 2301 3114 2541 3185; x_wconf 79' lang='lat' dir='ltr'><strong>Speciem</strong></span> <span class='ocrx_word' id='word_1_472' title='bbox 2575 3113 2777 3170; x_wconf 90' lang='lat' dir='ltr'><strong>meruit</strong></span> <span class='ocrx_word' id='word_1_473' title='bbox 2801 3113 3059 3170; x_wconf 86' lang='lat' dir='ltr'><strong>Veneris.</strong></span> 
     </span>
    </p>
   </div>
   <div class='ocr_carea' id='block_1_89' title="bbox 2213 3198 3210 3278">
    <p class='ocr_par' dir='ltr' id='par_1_89' title="bbox 2213 3198 3210 3278">
     <span class='ocr_line' id='line_1_90' title="bbox 2213 3198 3210 3278; baseline -0.002 -16"><span class='ocrx_word' id='word_1_474' title='bbox 2213 3198 2346 3276; x_wconf 73' lang='lat' dir='ltr'><strong>Qua:</strong></span> <span class='ocrx_word' id='word_1_475' title='bbox 2375 3207 2562 3278; x_wconf 89' lang='lat' dir='ltr'><strong>genita</strong></span> <span class='ocrx_word' id='word_1_476' title='bbox 2589 3215 2675 3263; x_wconf 89' lang='lat' dir='ltr'><strong>est</strong></span> <span class='ocrx_word' id='word_1_477' title='bbox 2699 3206 2834 3262; x_wconf 90' lang='lat' dir='ltr'><strong>mihi</strong></span> <span class='ocrx_word' id='word_1_478' title='bbox 2859 3222 3001 3278; x_wconf 89' lang='lat' dir='ltr'><strong>pene</strong></span> <span class='ocrx_word' id='word_1_479' title='bbox 3029 3221 3210 3264; x_wconf 91' lang='lat' dir='ltr'><strong>soror.</strong></span> 
     </span>
    </p>
   </div>
   <div class='ocr_carea' id='block_1_90' title="bbox 2207 3301 3006 3368">
    <p class='ocr_par' dir='ltr' id='par_1_90' title="bbox 2207 3301 3006 3368">
     <span class='ocr_line' id='line_1_91' title="bbox 2207 3301 3006 3368; baseline -0.003 -10"><span class='ocrx_word' id='word_1_480' title='bbox 2207 3302 2350 3359; x_wconf 90' lang='lat' dir='ltr'><strong>Filia</strong></span> <span class='ocrx_word' id='word_1_481' title='bbox 2380 3317 2501 3356; x_wconf 88' lang='lat' dir='ltr'><strong>nam</strong></span> <span class='ocrx_word' id='word_1_482' title='bbox 2532 3301 2635 3356; x_wconf 88' lang='lat' dir='ltr'><strong>fuit</strong></span> <span class='ocrx_word' id='word_1_483' title='bbox 2655 3301 2774 3357; x_wconf 60' lang='lat' dir='ltr'><strong>hac</strong></span> <span class='ocrx_word' id='word_1_484' title='bbox 2801 3301 3006 3368; x_wconf 68' lang='lat' dir='ltr'><strong>amitae,</strong></span> 
     </span>
    </p>
   </div>
   <div class='ocr_carea' id='block_1_91' title="bbox 2207 3397 3142 3465">
    <p class='ocr_par' dir='ltr' id='par_1_91' title="bbox 2207 3397 3142 3465">
     <span class='ocr_line' id='line_1_92' title="bbox 2207 3397 3142 3465; baseline -0.003 -13"><span class='ocrx_word' id='word_1_485' title='bbox 2207 3397 2380 3465; x_wconf 91' lang='lat' dir='ltr'><strong>Quam</strong></span> <span class='ocrx_word' id='word_1_486' title='bbox 2408 3397 2651 3453; x_wconf 90' lang='lat' dir='ltr'><strong>celebrat</strong></span> <span class='ocrx_word' id='word_1_487' title='bbox 2677 3397 2779 3453; x_wconf 90' lang='lat' dir='ltr'><strong>sub</strong></span> <span class='ocrx_word' id='word_1_488' title='bbox 2807 3398 3018 3452; x_wconf 92' lang='lat' dir='ltr'><strong>honore</strong></span> <span class='ocrx_word' id='word_1_489' title='bbox 3051 3397 3142 3465; x_wconf 92' lang='lat' dir='ltr'><strong>pio</strong></span> 
     </span>
    </p>
   </div>
   <div class='ocr_carea' id='block_1_92' title="bbox 2207 3487 2969 3557">
    <p class='ocr_par' dir='ltr' id='par_1_92' title="bbox 2207 3487 2969 3557">
     <span class='ocr_line' id='line_1_93' title="bbox 2207 3487 2969 3557; baseline -0.003 -12"><span class='ocrx_word' id='word_1_490' title='bbox 2207 3489 2415 3557; x_wconf 67' lang='lat' dir='ltr'><strong>Narnia,</strong></span> <span class='ocrx_word' id='word_1_491' title='bbox 2445 3489 2690 3544; x_wconf 85' lang='lat' dir='ltr'><strong>carmine</strong></span> <span class='ocrx_word' id='word_1_492' title='bbox 2717 3487 2969 3545; x_wconf 89' lang='lat' dir='ltr'><strong>funereo.</strong></span> 
     </span>
    </p>
   </div>
   <div class='ocr_carea' id='block_1_93' title="bbox 2299 3599 3249 3666">
    <p class='ocr_par' dir='ltr' id='par_1_93' title="bbox 2299 3599 3249 3666">
     <span class='ocr_line' id='line_1_94' title="bbox 2299 3599 3249 3666; baseline 0 -10"><span class='ocrx_word' id='word_1_493' title='bbox 2299 3600 2498 3656; x_wconf 82' lang='lat' dir='ltr'><strong>XXIX.</strong></span> <span class='ocrx_word' id='word_1_494' title='bbox 2530 3599 2757 3656; x_wconf 69' lang='grc' dir='ltr'><em>Δίηιὶιὶα</em></span> <span class='ocrx_word' id='word_1_495' title='bbox 2789 3601 3047 3666; x_wconf 86' lang='lat' dir='ltr'><strong>Melania,</strong></span> <span class='ocrx_word' id='word_1_496' title='bbox 3078 3617 3249 3656; x_wconf 76' lang='lat' dir='ltr'><strong>soror.</strong></span> 
     </span>
    </p>
   </div>
   <div class='ocr_carea' id='block_1_94' title="bbox 1993 3714 3506 3786">
    <p class='ocr_par' dir='ltr' id='par_1_94' title="bbox 1993 3714 3506 3786">
     <span class='ocr_line' id='line_1_95' title="bbox 1993 3714 3506 3786; baseline -0.006 -10"><span class='ocrx_word' id='word_1_497' title='bbox 1993 3717 2242 3784; x_wconf 63' lang='lat' dir='ltr'><strong>Emilia,</strong></span> <span class='ocrx_word' id='word_1_498' title='bbox 2268 3717 2392 3784; x_wconf 86' lang='lat' dir='ltr'><strong>hos,</strong></span> <span class='ocrx_word' id='word_1_499' title='bbox 2417 3715 2506 3772; x_wconf 83' lang='lat' dir='ltr'><strong>vix</strong></span> <span class='ocrx_word' id='word_1_500' title='bbox 2530 3726 2657 3772; x_wconf 89' lang='lat' dir='ltr'><strong>nota</strong></span> <span class='ocrx_word' id='word_1_501' title='bbox 2680 3714 2816 3771; x_wconf 89' lang='lat' dir='ltr'><strong>mihi</strong></span> <span class='ocrx_word' id='word_1_502' title='bbox 2846 3714 3026 3783; x_wconf 80' lang='lat' dir='ltr'><strong>soror,</strong></span> <span class='ocrx_word' id='word_1_503' title='bbox 3053 3715 3240 3785; x_wconf 86' lang='lat' dir='ltr'><strong>accipe</strong></span> <span class='ocrx_word' id='word_1_504' title='bbox 3261 3721 3506 3786; x_wconf 87' lang='lat' dir='ltr'><strong>questus,</strong></span> 
     </span>
    </p>
   </div>
   <div class='ocr_carea' id='block_1_95' title="bbox 2021 3809 3225 3885">
    <p class='ocr_par' dir='ltr' id='par_1_95' title="bbox 2021 3809 3225 3885">
     <span class='ocr_line' id='line_1_96' title="bbox 2021 3809 3225 3885; baseline -0.001 -17"><span class='ocrx_word' id='word_1_505' title='bbox 2021 3827 2026 3833; x_wconf 77' lang='lat'><strong><em>&#39;</em></strong></span> <span class='ocrx_word' id='word_1_506' title='bbox 2067 3812 2278 3869; x_wconf 88' lang='lat' dir='ltr'><strong>Debent</strong></span> <span class='ocrx_word' id='word_1_507' title='bbox 2303 3828 2440 3885; x_wconf 89' lang='lat' dir='ltr'><strong>quos</strong></span> <span class='ocrx_word' id='word_1_508' title='bbox 2468 3810 2636 3868; x_wconf 89' lang='lat' dir='ltr'><strong>cineri</strong></span> <span class='ocrx_word' id='word_1_509' title='bbox 2664 3821 2857 3867; x_wconf 75' lang='lat' dir='ltr'><strong>mmsta</strong></span> <span class='ocrx_word' id='word_1_510' title='bbox 2887 3809 3088 3883; x_wconf 87' lang='lat' dir='ltr'><strong>Elegea</strong></span> <span class='ocrx_word' id='word_1_511' title='bbox 3111 3820 3225 3867; x_wconf 91' lang='lat' dir='ltr'><strong>tuo.</strong></span> 
     </span>
    </p>
   </div>
   <div class='ocr_carea' id='block_1_96' title="bbox 1992 3903 3279 3976">
    <p class='ocr_par' dir='ltr' id='par_1_96' title="bbox 1992 3903 3279 3976">
     <span class='ocr_line' id='line_1_97' title="bbox 1992 3903 3279 3976; baseline -0.002 -14"><span class='ocrx_word' id='word_1_512' title='bbox 1992 3904 2287 3976; x_wconf 74' lang='lat' dir='ltr'><strong>Coniunxit</strong></span> <span class='ocrx_word' id='word_1_513' title='bbox 2313 3913 2528 3960; x_wconf 89' lang='lat' dir='ltr'><strong>nostras</strong></span> <span class='ocrx_word' id='word_1_514' title='bbox 2548 3919 2785 3971; x_wconf 72' lang='lat' dir='ltr'><strong>aequmva</strong></span> <span class='ocrx_word' id='word_1_515' title='bbox 2814 3903 3037 3960; x_wconf 88' lang='lat' dir='ltr'><strong>infantia</strong></span> <span class='ocrx_word' id='word_1_516' title='bbox 3067 3919 3236 3960; x_wconf 87' lang='lat' dir='ltr'><strong>cunas</strong></span> <span class='ocrx_word' id='word_1_517' title='bbox 3265 3921 3279 3959; x_wconf 90' lang='lat'>:</span> 
     </span>
    </p>
   </div>
   <div class='ocr_carea' id='block_1_97' title="bbox 2067 3996 3188 4067">
    <p class='ocr_par' dir='ltr' id='par_1_97' title="bbox 2067 3996 3188 4067">
     <span class='ocr_line' id='line_1_98' title="bbox 2067 3996 3188 4067; baseline 0 -15"><span class='ocrx_word' id='word_1_518' title='bbox 2067 3996 2188 4053; x_wconf 91' lang='lat' dir='ltr'><strong>Uno</strong></span> <span class='ocrx_word' id='word_1_519' title='bbox 2217 3997 2468 4067; x_wconf 90' lang='lat' dir='ltr'><strong>quamvis</strong></span> <span class='ocrx_word' id='word_1_520' title='bbox 2499 4005 2552 4051; x_wconf 89' lang='lat' dir='ltr'><strong>tn</strong></span> <span class='ocrx_word' id='word_1_521' title='bbox 2585 3997 2811 4052; x_wconf 90' lang='lat' dir='ltr'><strong>consule</strong></span> <span class='ocrx_word' id='word_1_522' title='bbox 2837 3997 3013 4066; x_wconf 88' lang='lat' dir='ltr'><strong>major</strong></span> <span class='ocrx_word' id='word_1_523' title='bbox 3043 4011 3188 4052; x_wconf 85' lang='lat' dir='ltr'><strong>eras.</strong></span> 
     </span>
    </p>
   </div>
   <div class='ocr_carea' id='block_1_98' title="bbox 1995 4087 3407 4159">
    <p class='ocr_par' dir='ltr' id='par_1_98' title="bbox 1995 4087 3407 4159">
     <span class='ocr_line' id='line_1_99' title="bbox 1995 4087 3407 4159; baseline -0.001 -15"><span class='ocrx_word' id='word_1_524' title='bbox 1995 4088 2178 4144; x_wconf 88' lang='lat' dir='ltr'><strong>Invida</strong></span> <span class='ocrx_word' id='word_1_525' title='bbox 2207 4088 2304 4144; x_wconf 91' lang='lat' dir='ltr'><strong>sed</strong></span> <span class='ocrx_word' id='word_1_526' title='bbox 2336 4088 2560 4144; x_wconf 92' lang='lat' dir='ltr'><strong>nimium</strong></span> <span class='ocrx_word' id='word_1_527' title='bbox 2589 4087 2848 4144; x_wconf 87' lang='lat' dir='ltr'><strong>Lachesis</strong></span> <span class='ocrx_word' id='word_1_528' title='bbox 2879 4096 3169 4159; x_wconf 88' lang='lat' dir='ltr'><strong>properata</strong></span> <span class='ocrx_word' id='word_1_529' title='bbox 3198 4088 3407 4159; x_wconf 88' lang='lat' dir='ltr'><strong>peregit</strong></span> 
     </span>
    </p>
   </div>
   <div class='ocr_carea' id='block_1_99' title="bbox 2065 4165 3405 4250">
    <p class='ocr_par' dir='ltr' id='par_1_99' title="bbox 2065 4165 3405 4250">
     <span class='ocr_line' id='line_1_100' title="bbox 2065 4165 3405 4250; baseline -0.001 -16"><span class='ocrx_word' id='word_1_530' title='bbox 2065 4180 2334 4250; x_wconf 86' lang='lat' dir='ltr'><strong>Tempora</strong></span> <span class='ocrx_word' id='word_1_531' title='bbox 2362 4197 2376 4234; x_wconf 89' lang='lat'><strong>:</strong></span> <span class='ocrx_word' id='word_1_532' title='bbox 2403 4187 2460 4235; x_wconf 91' lang='lat' dir='ltr'><strong>et</strong></span> <span class='ocrx_word' id='word_1_533' title='bbox 2485 4179 2552 4234; x_wconf 91' lang='lat' dir='ltr'><strong>ad</strong></span> <span class='ocrx_word' id='word_1_534' title='bbox 2584 4165 2770 4235; x_wconf 88' lang='lat' dir='ltr'><strong>Manes</strong></span> <span class='ocrx_word' id='word_1_535' title='bbox 2796 4178 2985 4234; x_wconf 90' lang='lat' dir='ltr'><strong>funera</strong></span> <span class='ocrx_word' id='word_1_536' title='bbox 3011 4181 3206 4235; x_wconf 90' lang='lat' dir='ltr'><strong>acerba</strong></span> <span class='ocrx_word' id='word_1_537' title='bbox 3235 4178 3405 4235; x_wconf 90' lang='lat' dir='ltr'><strong>dedit.</strong></span> 
     </span>
    </p>
   </div>
   <div class='ocr_carea' id='block_1_100' title="bbox 1999 4274 3520 4346">
    <p class='ocr_par' dir='ltr' id='par_1_100' title="bbox 1999 4274 3520 4346">
     <span class='ocr_line' id='line_1_101' title="bbox 1999 4274 3520 4346; baseline 0 -16"><span class='ocrx_word' id='word_1_538' title='bbox 1999 4275 2284 4332; x_wconf 61' lang='lat' dir='ltr'><strong>Praemissa</strong></span> <span class='ocrx_word' id='word_1_539' title='bbox 2314 4290 2446 4346; x_wconf 88' lang='lat' dir='ltr'><strong>ergo</strong></span> <span class='ocrx_word' id='word_1_540' title='bbox 2472 4274 2594 4331; x_wconf 90' lang='lat' dir='ltr'><strong>vale</strong></span> <span class='ocrx_word' id='word_1_541' title='bbox 2622 4292 2634 4327; x_wconf 89' lang='lat'><strong>:</strong></span> <span class='ocrx_word' id='word_1_542' title='bbox 2667 4275 2960 4344; x_wconf 86' lang='lat' dir='ltr'><strong>Manesque</strong></span> <span class='ocrx_word' id='word_1_543' title='bbox 2988 4289 3181 4330; x_wconf 90' lang='lat' dir='ltr'><strong>verere</strong></span> <span class='ocrx_word' id='word_1_544' title='bbox 3212 4283 3520 4345; x_wconf 88' lang='lat' dir='ltr'><strong>parentum,</strong></span> 
     </span>
    </p>
   </div>
   <div class='ocr_carea' id='block_1_101' title="bbox 2068 4363 3243 4437">
    <p class='ocr_par' dir='ltr' id='par_1_101' title="bbox 2068 4363 3243 4437">
     <span class='ocr_line' id='line_1_102' title="bbox 2068 4363 3243 4437; baseline -0.003 -17"><span class='ocrx_word' id='word_1_545' title='bbox 2068 4365 2170 4434; x_wconf 88' lang='lat' dir='ltr'><strong>Qui</strong></span> <span class='ocrx_word' id='word_1_546' title='bbox 2203 4365 2410 4437; x_wconf 90' lang='lat' dir='ltr'><strong>majore</strong></span> <span class='ocrx_word' id='word_1_547' title='bbox 2436 4380 2573 4433; x_wconf 61' lang='lat' dir='ltr'><strong>aevo,</strong></span> <span class='ocrx_word' id='word_1_548' title='bbox 2603 4365 2805 4436; x_wconf 88' lang='lat' dir='ltr'><strong>quique</strong></span> <span class='ocrx_word' id='word_1_549' title='bbox 2835 4363 3044 4420; x_wconf 87' lang='lat' dir='ltr'><strong>minore</strong></span> <span class='ocrx_word' id='word_1_550' title='bbox 3075 4365 3243 4420; x_wconf 88' lang='lat' dir='ltr'><strong>venit.</strong></span> 
     </span>
    </p>
   </div>
   <div class='ocr_carea' id='block_1_102' title="bbox 2036 4474 3553 4552">
    <p class='ocr_par' dir='ltr' id='par_1_102' title="bbox 2036 4474 3553 4552">
     <span class='ocr_line' id='line_1_103' title="bbox 2036 4474 3553 4552; baseline -0.004 -16"><span class='ocrx_word' id='word_1_551' title='bbox 2036 4479 2206 4536; x_wconf 85' lang='lat' dir='ltr'><strong>XXX.</strong></span> <span class='ocrx_word' id='word_1_552' title='bbox 2243 4479 2535 4552; x_wconf 83' lang='lat' dir='ltr'><strong>Pomponia</strong></span> <span class='ocrx_word' id='word_1_553' title='bbox 2577 4479 2804 4552; x_wconf 72' lang='lat' dir='ltr'><strong>Urbica.</strong></span> <span class='ocrx_word' id='word_1_554' title='bbox 2841 4495 3153 4552; x_wconf 79' lang='lat' dir='ltr'><strong>consocrus,</strong></span> <span class='ocrx_word' id='word_1_555' title='bbox 3184 4493 3318 4532; x_wconf 74' lang='lat' dir='ltr'><strong>uxor</strong></span> <span class='ocrx_word' id='word_1_556' title='bbox 3344 4474 3553 4530; x_wconf 82' lang='lat' dir='ltr'><strong>Juliani</strong></span> 
     </span>
    </p>
   </div>
   <div class='ocr_carea' id='block_1_103' title="bbox 1921 4525 2929 4605">
    <p class='ocr_par' dir='ltr' id='par_1_103' title="bbox 1921 4525 2929 4605">
     <span class='ocr_line' id='line_1_104' title="bbox 1921 4525 2929 4605; baseline 0.002 -4"><span class='ocrx_word' id='word_1_557' title='bbox 1921 4525 1978 4588; x_wconf 69' lang='grc' dir='ltr'><strong>Β</strong></span> <span class='ocrx_word' id='word_1_558' title='bbox 2039 4525 2158 4536; x_wconf 52' lang='lat' dir='ltr'><strong><em>mu</em></strong></span> <span class='ocrx_word' id='word_1_559' title='bbox 2380 4525 2411 4552; x_wconf 51' lang='grc' dir='ltr'><strong>Γ</strong></span> <span class='ocrx_word' id='word_1_560' title='bbox 2670 4549 2929 4605; x_wconf 75' lang='lat' dir='ltr'><strong>Censoris.</strong></span> 
     </span>
    </p>
   </div>
   <div class='ocr_carea' id='block_1_104' title="bbox 2003 4643 3334 4719">
    <p class='ocr_par' dir='ltr' id='par_1_104' title="bbox 2003 4643 3334 4719">
     <span class='ocr_line' id='line_1_105' title="bbox 2003 4643 3334 4719; baseline -0.01 -14"><span class='ocrx_word' id='word_1_561' title='bbox 2003 4645 2071 4705; x_wconf 88' lang='lat' dir='ltr'><strong>Ut</strong></span> <span class='ocrx_word' id='word_1_562' title='bbox 2093 4646 2310 4719; x_wconf 88' lang='lat' dir='ltr'><strong>generis</strong></span> <span class='ocrx_word' id='word_1_563' title='bbox 2333 4646 2485 4713; x_wconf 83' lang='lat' dir='ltr'><strong>clari,</strong></span> <span class='ocrx_word' id='word_1_564' title='bbox 2519 4652 2764 4701; x_wconf 90' lang='lat' dir='ltr'><strong>veterum</strong></span> <span class='ocrx_word' id='word_1_565' title='bbox 2791 4644 2869 4700; x_wconf 88' lang='lat' dir='ltr'><strong>sic</strong></span> <span class='ocrx_word' id='word_1_566' title='bbox 2898 4643 3096 4699; x_wconf 88' lang='lat' dir='ltr'><strong>femina</strong></span> <span class='ocrx_word' id='word_1_567' title='bbox 3118 4656 3334 4696; x_wconf 88' lang='lat' dir='ltr'><strong>morum</strong></span> 
     </span>
    </p>
   </div>
   <div class='ocr_carea' id='block_1_105' title="bbox 2077 4735 3109 4806">
    <p class='ocr_par' dir='ltr' id='par_1_105' title="bbox 2077 4735 3109 4806">
     <span class='ocr_line' id='line_1_106' title="bbox 2077 4735 3109 4806; baseline -0.007 -10"><span class='ocrx_word' id='word_1_568' title='bbox 2077 4739 2300 4806; x_wconf 88' lang='lat' dir='ltr'><strong>Urbica,</strong></span> <span class='ocrx_word' id='word_1_569' title='bbox 2331 4737 2589 4795; x_wconf 88' lang='lat' dir='ltr'><strong>Censoris</strong></span> <span class='ocrx_word' id='word_1_570' title='bbox 2618 4735 2899 4793; x_wconf 90' lang='lat' dir='ltr'><strong>nobilitata</strong></span> <span class='ocrx_word' id='word_1_571' title='bbox 2930 4736 3109 4800; x_wconf 90' lang='lat' dir='ltr'><strong>thoro,</strong></span> 
     </span>
    </p>
   </div>
   <div class='ocr_carea' id='block_1_106' title="bbox 2002 4826 3384 4902">
    <p class='ocr_par' dir='ltr' id='par_1_106' title="bbox 2002 4826 3384 4902">
     <span class='ocr_line' id='line_1_107' title="bbox 2002 4826 3384 4902; baseline -0.002 -17"><span class='ocrx_word' id='word_1_572' title='bbox 2002 4829 2262 4902; x_wconf 88' lang='lat' dir='ltr'><strong>Ingenitis</strong></span> <span class='ocrx_word' id='word_1_573' title='bbox 2291 4831 2498 4901; x_wconf 88' lang='lat' dir='ltr'><strong>pollens</strong></span> <span class='ocrx_word' id='word_1_574' title='bbox 2526 4829 2840 4896; x_wconf 88' lang='lat' dir='ltr'><strong>virtutibus,</strong></span> <span class='ocrx_word' id='word_1_575' title='bbox 2876 4837 3148 4898; x_wconf 88' lang='lat' dir='ltr'><strong>auctaque</strong></span> <span class='ocrx_word' id='word_1_576' title='bbox 3166 4834 3230 4882; x_wconf 70' lang='lat' dir='ltr'><strong>et</strong></span> <span class='ocrx_word' id='word_1_577' title='bbox 3252 4826 3384 4893; x_wconf 88' lang='lat' dir='ltr'><strong>illis,</strong></span> 
     </span>
    </p>
   </div>
   <div class='ocr_carea' id='block_1_107' title="bbox 2076 4921 3445 4995">
    <p class='ocr_par' dir='ltr' id='par_1_107' title="bbox 2076 4921 3445 4995">
     <span class='ocr_line' id='line_1_108' title="bbox 2076 4921 3445 4995; baseline -0.002 -19"><span class='ocrx_word' id='word_1_578' title='bbox 2076 4924 2222 4992; x_wconf 88' lang='lat' dir='ltr'><strong>Quas</strong></span> <span class='ocrx_word' id='word_1_579' title='bbox 2248 4924 2434 4980; x_wconf 89' lang='lat' dir='ltr'><strong>docuit</strong></span> <span class='ocrx_word' id='word_1_580' title='bbox 2461 4925 2684 4994; x_wconf 78' lang='lat' dir='ltr'><strong>canjux,</strong></span> <span class='ocrx_word' id='word_1_581' title='bbox 2715 4940 2848 4995; x_wconf 89' lang='lat' dir='ltr'><strong>quas</strong></span> <span class='ocrx_word' id='word_1_582' title='bbox 2875 4933 3050 4994; x_wconf 87' lang='lat' dir='ltr'><strong>pater,</strong></span> <span class='ocrx_word' id='word_1_583' title='bbox 3079 4934 3137 4978; x_wconf 89' lang='lat' dir='ltr'><strong>et</strong></span> <span class='ocrx_word' id='word_1_584' title='bbox 3160 4921 3396 4994; x_wconf 76' lang='lat' dir='ltr'><strong>genitrix</strong></span> <span class='ocrx_word' id='word_1_585' title='bbox 3431 4939 3445 4973; x_wconf 86' lang='lat'><strong>:</strong></span> 
     </span>
    </p>
   </div>
   <div class='ocr_carea' id='block_1_108' title="bbox 1992 5012 3506 5086">
    <p class='ocr_par' dir='ltr' id='par_1_108' title="bbox 1992 5012 3506 5086">
     <span class='ocr_line' id='line_1_109' title="bbox 1992 5012 3506 5086; baseline -0.003 -15"><span class='ocrx_word' id='word_1_586' title='bbox 1992 5027 1996 5031; x_wconf 85' lang='lat'>&#39;</span> <span class='ocrx_word' id='word_1_587' title='bbox 2023 5016 2170 5084; x_wconf 86' lang='lat' dir='ltr'><strong>Quas</strong></span> <span class='ocrx_word' id='word_1_588' title='bbox 2201 5016 2389 5071; x_wconf 86' lang='lat' dir='ltr'><strong>habuit</strong></span> <span class='ocrx_word' id='word_1_589' title='bbox 2416 5014 2704 5086; x_wconf 88' lang='lat' dir='ltr'><strong>Tanaquil,</strong></span> <span class='ocrx_word' id='word_1_590' title='bbox 2737 5030 2873 5086; x_wconf 86' lang='lat' dir='ltr'><strong>quas</strong></span> <span class='ocrx_word' id='word_1_591' title='bbox 2899 5015 3234 5086; x_wconf 86' lang='lat' dir='ltr'><strong>Pythagorea</strong></span> <span class='ocrx_word' id='word_1_592' title='bbox 3261 5012 3506 5078; x_wconf 75' lang='lat' dir='ltr'><strong>Theano,</strong></span> 
     </span>
    </p>
   </div>
   <div class='ocr_carea' id='block_1_109' title="bbox 2079 5103 3471 5178">
    <p class='ocr_par' dir='ltr' id='par_1_109' title="bbox 2079 5103 3471 5178">
     <span class='ocr_line' id='line_1_110' title="bbox 2079 5103 3471 5178; baseline -0.004 -15"><span class='ocrx_word' id='word_1_593' title='bbox 2079 5108 2322 5178; x_wconf 61' lang='lat' dir='ltr'><strong>Quasque</strong></span> <span class='ocrx_word' id='word_1_594' title='bbox 2351 5108 2469 5162; x_wconf 90' lang='lat' dir='ltr'><strong>sine</strong></span> <span class='ocrx_word' id='word_1_595' title='bbox 2497 5109 2750 5177; x_wconf 78' lang='lat' dir='ltr'><strong>exemplo</strong></span> <span class='ocrx_word' id='word_1_596' title='bbox 2777 5116 2860 5162; x_wconf 89' lang='lat' dir='ltr'><strong>est</strong></span> <span class='ocrx_word' id='word_1_597' title='bbox 2892 5108 2944 5161; x_wconf 89' lang='lat' dir='ltr'><strong>in</strong></span> <span class='ocrx_word' id='word_1_598' title='bbox 2977 5122 3108 5162; x_wconf 90' lang='lat' dir='ltr'><strong>nece</strong></span> <span class='ocrx_word' id='word_1_599' title='bbox 3134 5104 3320 5160; x_wconf 88' lang='lat' dir='ltr'><strong>functa</strong></span> <span class='ocrx_word' id='word_1_600' title='bbox 3348 5103 3471 5159; x_wconf 90' lang='lat' dir='ltr'><strong>viri.</strong></span> 
     </span>
    </p>
   </div>
   <div class='ocr_carea' id='block_1_110' title="bbox 2010 5196 3197 5268">
    <p class='ocr_par' dir='ltr' id='par_1_110' title="bbox 2010 5196 3197 5268">
     <span class='ocr_line' id='line_1_111' title="bbox 2010 5196 3197 5268; baseline -0.003 -14"><span class='ocrx_word' id='word_1_601' title='bbox 2010 5199 2076 5254; x_wconf 90' lang='lat' dir='ltr'><strong>Et</strong></span> <span class='ocrx_word' id='word_1_602' title='bbox 2105 5200 2199 5255; x_wconf 90' lang='lat' dir='ltr'><strong>tibi</strong></span> <span class='ocrx_word' id='word_1_603' title='bbox 2223 5197 2268 5254; x_wconf 89' lang='lat' dir='ltr'><strong>si</strong></span> <span class='ocrx_word' id='word_1_604' title='bbox 2292 5196 2460 5253; x_wconf 83' lang='lat' dir='ltr'><strong>fatum</strong></span> <span class='ocrx_word' id='word_1_605' title='bbox 2489 5197 2568 5253; x_wconf 88' lang='lat' dir='ltr'><strong>sic</strong></span> <span class='ocrx_word' id='word_1_606' title='bbox 2597 5206 2904 5268; x_wconf 80' lang='lat' dir='ltr'><strong>permutare</strong></span> <span class='ocrx_word' id='word_1_607' title='bbox 2933 5196 3197 5262; x_wconf 89' lang='lat' dir='ltr'><strong>dedisset,</strong></span> 
     </span>
    </p>
   </div>
   <div class='ocr_carea' id='block_1_111' title="bbox 2087 5287 3392 5362">
    <p class='ocr_par' dir='ltr' id='par_1_111' title="bbox 2087 5287 3392 5362">
     <span class='ocr_line' id='line_1_112' title="bbox 2087 5287 3392 5362; baseline -0.008 -12"><span class='ocrx_word' id='word_1_608' title='bbox 2087 5293 2302 5350; x_wconf 88' lang='lat' dir='ltr'><strong>Viveret</strong></span> <span class='ocrx_word' id='word_1_609' title='bbox 2330 5292 2437 5349; x_wconf 90' lang='lat' dir='ltr'><strong>hoc</strong></span> <span class='ocrx_word' id='word_1_610' title='bbox 2464 5301 2654 5348; x_wconf 89' lang='lat' dir='ltr'><strong>nostro</strong></span> <span class='ocrx_word' id='word_1_611' title='bbox 2686 5303 2935 5362; x_wconf 86' lang='lat' dir='ltr'><strong>tempore</strong></span> <span class='ocrx_word' id='word_1_612' title='bbox 2959 5291 3172 5347; x_wconf 89' lang='lat' dir='ltr'><strong>Censor</strong></span> <span class='ocrx_word' id='word_1_613' title='bbox 3196 5287 3392 5342; x_wconf 89' lang='lat' dir='ltr'><strong>adhuc.</strong></span> 
     </span>
    </p>
   </div>
   <div class='ocr_carea' id='block_1_112' title="bbox 2012 5381 3407 5459">
    <p class='ocr_par' dir='ltr' id='par_1_112' title="bbox 2012 5381 3407 5459">
     <span class='ocr_line' id='line_1_113' title="bbox 2012 5381 3407 5459; baseline -0.009 -13"><span class='ocrx_word' id='word_1_614' title='bbox 2012 5388 2123 5447; x_wconf 89' lang='lat' dir='ltr'><strong>Sed</strong></span> <span class='ocrx_word' id='word_1_615' title='bbox 2149 5401 2324 5459; x_wconf 88' lang='lat' dir='ltr'><strong>neque</strong></span> <span class='ocrx_word' id='word_1_616' title='bbox 2354 5395 2408 5442; x_wconf 91' lang='lat' dir='ltr'><strong>tu</strong></span> <span class='ocrx_word' id='word_1_617' title='bbox 2441 5385 2600 5441; x_wconf 87' lang='lat' dir='ltr'><strong>viduo</strong></span> <span class='ocrx_word' id='word_1_618' title='bbox 2626 5386 2845 5456; x_wconf 88' lang='lat' dir='ltr'><strong>longum</strong></span> <span class='ocrx_word' id='word_1_619' title='bbox 2878 5385 3113 5440; x_wconf 88' lang='lat' dir='ltr'><strong>cruciata</strong></span> <span class='ocrx_word' id='word_1_620' title='bbox 3137 5381 3238 5439; x_wconf 89' lang='lat' dir='ltr'><strong>sub</strong></span> <span class='ocrx_word' id='word_1_621' title='bbox 3269 5394 3407 5449; x_wconf 75' lang='lat' dir='ltr'><strong>aevo,</strong></span> 
     </span>
    </p>
   </div>
   <div class='ocr_carea' id='block_1_113' title="bbox 2087 5477 3138 5551">
    <p class='ocr_par' dir='ltr' id='par_1_113' title="bbox 2087 5477 3138 5551">
     <span class='ocr_line' id='line_1_114' title="bbox 2087 5477 3138 5551; baseline -0.007 -13"><span class='ocrx_word' id='word_1_622' title='bbox 2087 5483 2345 5538; x_wconf 89' lang='lat' dir='ltr'><strong>Protinus</strong></span> <span class='ocrx_word' id='word_1_623' title='bbox 2376 5488 2564 5551; x_wconf 89' lang='lat' dir='ltr'><strong>optato</strong></span> <span class='ocrx_word' id='word_1_624' title='bbox 2589 5479 2696 5534; x_wconf 81' lang='lat' dir='ltr'><strong>line</strong></span> <span class='ocrx_word' id='word_1_625' title='bbox 2722 5486 2910 5533; x_wconf 89' lang='lat' dir='ltr'><strong>secuta</strong></span> <span class='ocrx_word' id='word_1_626' title='bbox 2939 5477 3138 5531; x_wconf 87' lang='lat' dir='ltr'><strong>virum.</strong></span> 
     </span>
    </p>
   </div>
   <div class='ocr_carea' id='block_1_114' title="bbox 2016 5567 3466 5638">
    <p class='ocr_par' dir='ltr' id='par_1_114' title="bbox 2016 5567 3466 5638">
     <span class='ocr_line' id='line_1_115' title="bbox 2016 5567 3466 5638; baseline -0.007 -6"><span class='ocrx_word' id='word_1_627' title='bbox 2016 5576 2209 5632; x_wconf 84' lang='lat' dir='ltr'><strong>Annua</strong></span> <span class='ocrx_word' id='word_1_628' title='bbox 2241 5589 2388 5630; x_wconf 91' lang='lat' dir='ltr'><strong>nunc</strong></span> <span class='ocrx_word' id='word_1_629' title='bbox 2413 5573 2624 5630; x_wconf 70' lang='lat' dir='ltr'><strong>maestis</strong></span> <span class='ocrx_word' id='word_1_630' title='bbox 2657 5570 2884 5627; x_wconf 92' lang='lat' dir='ltr'><strong>ferimus</strong></span> <span class='ocrx_word' id='word_1_631' title='bbox 2911 5568 3007 5624; x_wconf 90' lang='lat' dir='ltr'><strong>tibi</strong></span> <span class='ocrx_word' id='word_1_632' title='bbox 3033 5568 3178 5638; x_wconf 86' lang='lat' dir='ltr'><strong>justa</strong></span> <span class='ocrx_word' id='word_1_633' title='bbox 3205 5567 3466 5638; x_wconf 90' lang='lat' dir='ltr'><strong>querelis,</strong></span> 
     </span>
    </p>
   </div>
   <div class='ocr_carea' id='block_1_115' title="bbox 2087 5660 3326 5740">
    <p class='ocr_par' dir='ltr' id='par_1_115' title="bbox 2087 5660 3326 5740">
     <span class='ocr_line' id='line_1_116' title="bbox 2087 5660 3326 5740; baseline -0.006 -16"><span class='ocrx_word' id='word_1_634' title='bbox 2087 5667 2219 5724; x_wconf 91' lang='lat' dir='ltr'><strong>Cum</strong></span> <span class='ocrx_word' id='word_1_635' title='bbox 2250 5682 2452 5740; x_wconf 90' lang='lat' dir='ltr'><strong>genero</strong></span> <span class='ocrx_word' id='word_1_636' title='bbox 2478 5676 2531 5721; x_wconf 88' lang='lat' dir='ltr'><strong>ct</strong></span> <span class='ocrx_word' id='word_1_637' title='bbox 2561 5665 2704 5722; x_wconf 86' lang='lat' dir='ltr'><strong>natis</strong></span> <span class='ocrx_word' id='word_1_638' title='bbox 2734 5675 2998 5723; x_wconf 84' lang='lat' dir='ltr'><strong>consocer</strong></span> <span class='ocrx_word' id='word_1_639' title='bbox 3033 5660 3326 5722; x_wconf 79' lang='lat' dir='ltr'><strong>Ausonius.</strong></span> 
     </span>
    </p>
   </div>
  </div>
