4082 6188
487 272 593 331 855

632 387 735 444 Istc
762 382 1101 443 LASCIVUS
1129 381 1344 454 patiens
1367 382 1553 439 vocari
1571 424 1585 445 ,

582 546 587 552 _
633 478 843 533 Nomen
880 476 1160 547 indignum
1193 476 1470 547 probitate
1497 476 1622 531 vitae

635 568 835 626 Abnuit
860 583 1154 638 numquam
1181 586 1195 622 :
1219 569 1344 637 quia
1376 575 1587 638 gratum
1618 566 1686 624 ad
1715 581 1873 624 aures

922 660 1078 716 Esset
1109 658 1334 716 amicas.

635 754 858 811 Litteris
889 761 1098 810 tantum
1123 753 1337 810 titulum
1367 761 1674 823 assecutus,

563 919 566 923 _
634 844 881 916 Quantus
901 846 1029 902 exili
1058 845 1192 902 satis
1222 854 1308 902 est
1336 845 1616 923 cathedra;
1643 864 1655 898 :

634 943 833 1000 Posset
859 943 1097 998 insertus
1126 956 1358 999 numero
1384 948 1444 996 ut
1467 942 1643 998 videri

919 1033 1441 1091 Grammaticorum.

630 1126 715 1185 'l‘u
739 1142 877 1184 meae
899 1140 1119 1197 semper
1147 1126 1332 1182 socius
1354 1126 1622 1197 juventae,

633 1221 895 1278 Pluribus
917 1220 1164 1292 quamvis
1186 1219 1501 1295 cumulatus
1525 1220 1709 1287 annis,

634 1316 789 1372 Nunc
810 1329 1027 1388 quoque
1058 1314 1111 1370 in
1143 1314 1350 1371 nostris
1378 1314 1589 1371 rccales
1618 1314 1909 1384 medullis,

753 1392 760 1398 ’
923 1412 1135 1467 Blande
1169 1410 1364 1466 Leonti
1403 1428 1414 1464 :

634 1506 702 1561 Et
723 1506 879 1577 juvat
908 1504 1050 1560 tristi
1073 1503 1363 1560 celebrare
1391 1517 1522 1559 cura

636 1597 899 1653 Flebilem
924 1608 1141 1652 cantum
1174 1597 1434 1652 memeris
1460 1595 1698 1667 querela:
1730 1613 1741 1649 :

630 1692 826 1749 Munus
854 1692 1147 1761 ingratum,
1185 1691 1280 1746 tibi
1309 1690 1664 1762 debitumque

922 1783 1181 1861 Carmine
1220 1792 1431 1840 nostro.

628 1894 765 1952 Vill.
799 1894 1169 1950 Grammaticis
1215 1894 1410 1951 Grtccis
1451 1895 1942 1969 Burdigalensibus.

632 2003 927 2066 Romulum
954 2016 1081 2079 post
1125 2008 1248 2079 hos,
1276 2010 1446 2080 prius,
1475 2025 1542 2066 an
1572 2009 1861 2080 Corinthi,

632 2103 716 2157 An
749 2118 819 2158 ne
850 2101 1112 2174 Sperchei
1136 2144 1151 2168 ,
1187 2103 1499 2174 pariterque
1529 2105 1641 2159 nati

631 2197 842 2253 Atticas
871 2198 1052 2253 Musas
1084 2211 1382 2275 memorem
1401 2196 1705 2254 Menesthei

917 2290 1416 2346 Grammaticorum
1441 2292 1465 2343 ’ἒ

631 2386 901 2442 Sedulum
948 2384 1160 2440 cunctis
1186 2384 1425 2440 studium
1458 2372 1690 2442 docendi
1719 2402 1734 2450 ;

632 2482 867 2551 Fructus
895 2482 1080 2549 exilis,
1110 2483 1401 2553 tenuisque
1441 2496 1663 2539 sermo:
1748 2510 1756 2519 ο

630 2574 764 2641 Sed,
792 2574 916 2645 quia
942 2582 1133 2629 nostro
1157 2573 1404 2630 docuere
1435 2575 1488 2631 in
1512 2590 1654 2645 navo,

913 2665 1419 2723 Commemorandi.
1482 2670 1487 2673 ’

632 2760 853 2815 Tertius
881 2761 1074 2815 horum
1109 2761 1239 2816 mihi
1269 2777 1378 2816 non
1412 2763 1676 2834 magister
1704 2781 1719 2831 ;

632 2851 828 2909 Caneri
854 2852 1046 2923 primis
1068 2852 1307 2908 docuere
1329 2853 1388 2908 in
1411 2853 1590 2922 annis,

632 2944 708 3000 Ne
733 2944 906 3001 forem
929 2959 1121 3001 vocum
1146 2945 1321 3012 rudis,
1351 2957 1449 3002 aut
1474 2947 1733 3019 loquendi
1758 2965 1774 3004 :

917 3038 1025 3097 Sed
1057 3039 1176 3095 sine
1206 3039 1375 3096 cultu.

632 3129 856 3185 Obstitit
883 3139 1091 3183 nostra:
1115 3130 1265 3207 quia,
1287 3131 1480 3198 credo,
1505 3133 1713 3189 mentis

631 3220 864 3274 Tardior
894 3232 1086 3274 sensus
1111 3235 1125 3271 :
1157 3234 1336 3289 neque
1366 3221 1672 3292 disciplinis

634 3309 857 3382 Appulit
883 3308 1090 3366 Graecis
1120 3311 1346 3380 puerilis
1366 3311 1471 3367 aevi

918 3400 1127 3461 Noxius
1150 3416 1327 3460 error.

632 3493 741 3550 Vos
771 3492 910 3551 levis
938 3508 1133 3565 cespes
1164 3487 1332 3567 tegat,
1354 3504 1413 3553 et
1439 3497 1678 3568 sepulcri

629 3587 795 3645 Tecta
836 3585 1133 3644 defendant
1157 3588 1372 3645 cineres
1392 3600 1616 3660 opertos
1648 3610 1660 3645 :

628 3682 699 3736 At
726 3672 865 3736 meai
893 3679 1049 3735 vocis
1080 3679 1267 3735 titulus
1293 3696 1610 3751 supremum

868 3792 871 3795 ·
918 3771 1131 3829 Reddat
1160 3773 1447 3829 honorem.

485 3887 577 3945 IX.
604 3886 877 3955 Iucunda,
897 3888 1243 3959 grammatico.
1258 3886 1653 3959 Burdigalensi,
1675 3893 1833 3964 fratri
1857 3892 2081 3950 Leontii.

487 4001 556 4058 Et
583 4008 658 4068 te,
688 4016 849 4072 quem
873 4000 1194 4057 cathedram
1214 4009 1422 4059 temere
1447 4012 1741 4075 usurpasSe
1761 4005 2079 4079 loquuntur,

558 4094 766 4151 Nomen
786 4094 1138 4160 Grammatici
1170 4109 1269 4151 nec
1296 4095 1564 4154 meruisse
1587 4106 1784 4169 putant
1814 4116 1829 4155 :

482 4184 631 4241 Voce
659 4186 818 4243 ciebo
847 4195 1049 4253 tamen,
1099 4185 1358 4254 simplex,
1392 4187 1534 4245 bone
1555 4230 1571 4255 ,
1602 4191 1797 4257 amice,
1829 4189 2077 4259 sodalis;

558 4276 824 4345 Jucunde,
853 4276 953 4333 hoc
973 4277 1093 4348 ipso
1117 4277 1285 4335 chare
1305 4278 1480 4351 magis
1509 4281 1720 4349 studio,

484 4366 640 4435 Quod
664 4367 913 4438 quamvis
944 4368 1119 4438 impar
1158 4384 1378 4438 nomen.
1393 4380 1501 4434 tam
1535 4372 1718 4429 nobile
1742 4376 1968 4443 amasti,

556 4458 628 4514 Es
653 4460 883 4514 meritos
914 4458 1056 4515 inter
1080 4462 1565 4518 commemorande
1591 4464 1756 4547 viros.

485 4569 958 4649 X.__Grat_nnmtjqis
980 4572 1196 4649 inlini!
1245 4573 1711 4649 Burdigalensibus
1744 4557 2031 4649 philologis
2054 4622 2070 4646 ,

554 4642 815 4698 Macrino.
845 4643 1119 4711 Phoebitio,
1145 4642 1460 4706 Concordia,
1486 4642 1774 4712 Sucuroni',
1803 4642 2079 4706 Ammonio

552 4713 835 4769 Anastasio
859 4714 1201 4786 grammatico
1235 4712 1609 4770 Pictavioram.

836 4829 990 4885 Nunc
1018 4837 1078 4885 ut
1104 4845 1377 4902 quemque
1406 4830 1541 4887 mihi

842 4920 1064 4977 Flebilis
1092 4921 1259 4978 officii

835 5014 1164 5088 Relligiosus
1184 5020 1355 5074 honor

837 5110 1133 5183 Suggeret,
1180 5112 1491 5183 expediam.

837 5203 965 5273 Qui,
991 5205 1240 5276 quamvis
1273 5205 1462 5262 humili

830 5297 1039 5370 Stirpe,
1066 5297 1210 5365 loco,
1233 5312 1298 5354 ac
1319 5296 1538 5364 merito,

826 5391 1155 5449 lntrotulere
1177 5400 1357 5463 tamen

827 5486 1230 5547 Grammatices
1257 5485 1499 5543 studium

824 5584 1063 5655 lngeniis
1098 5582 1383 5640 hominum

816 5674 1126 5746 Burdigala:
1170 5674 1418 5731 rudibus.

817 5766 1146 5825 Permaueat
1174 5761 1369 5826 series.

1872 261 2052 322 DECII
2091 260 2367 323 AUSONII

2111 383 2162 442 Α

2109 4512 2159 4574 D

2436 416 2443 419 -
2545 376 2629 435 Sit
2653 375 2928 432 Macrinus
2957 374 3013 432 in
3057 374 3166 440 his,

2548 469 2780 543 Sobrius
2802 469 2855 525 in
2887 468 3078 540 pueris
3093 509 3109 538 ,

2547 564 2615 620 Et
2636 576 2933 634 puerorum
2952 561 2986 598 “

2547 655 2710 713 Utilis
2738 654 2997 726 ingeniis.

2544 749 2682 805 Huic
2703 762 2827 805 mea
2858 747 3131 819 principio

2546 840 2768 897 Credita
2800 841 2949 912 pueri
2959 840 3083 897 ties.

2550 935 2663 993 Nec
2687 934 2930 993 reticebo
2950 949 3138 991 senem

2550 1028 2781 1086 Nomine
2809 1027 3152 1087 thbicinm
3181 1047 3195 1082 :

2550 1121 2656 1191 Qui
2679 1120 2866 1177 Beleni
2895 1120 3126 1178 mdituus

2554 1212 2644 1268 Nil
2671 1214 2794 1284 opis
2815 1211 2942 1269 inde
2970 1213 3113 1270 tulit.

2553 1307 2663 1364 Sed
2697 1303 2902 1373 tamen,
2934 1314 2995 1383 ut
3019 1307 3306 1376 placitum,

2552 1399 2739 1469 Stirpe
2761 1405 2915 1455 satus
2945 1397 3234 1467 Druidum,

2553 1492 2745 1549 Gentis
2770 1491 3104 1548 Aremorica:

2560 1583 2867 1656 Burdigalre
2896 1584 3213 1640 cathedram

2557 1676 2679 1734 Nati
2707 1692 2873 1747 Opera
2904 1676 3166 1733 obtinuit.

2561 1770 2629 1826 Et
2655 1780 2711 1825 tu
2738 1769 3007 1825 Concordi

2550 1862 2653 1931 Qui
2678 1862 2941 1934 profugus
2978 1864 3182 1933 patria,

2552 1953 2774 2011 Mutasti
2805 1953 3049 2010 sterilem

2570 2046 2715 2103 Urbe
2738 2046 2846 2101 alia
2866 2045 3186 2103 cathedram
3214 2086 3229 2112 ,

2559 2137 2630 2194 Et
2657 2134 2913 2192 libertina

2552 2229 2764 2286 Sucuro
2797 2227 3113 2299 progenies,

2551 2321 2656 2390 Qui
2684 2320 2914 2377 rudibus
2935 2321 3123 2392 pueris

2556 2416 2740 2473 Prima
2762 2417 3035 2474 elementa
3063 2418 3256 2486 dabas,

2552 2508 2737 2580 Pange
2766 2520 2821 2566 et
2850 2511 3149 2568 Anastasio

2545 2602 2790 2677 “Flebile,
2820 2604 2995 2671 Musa,
3028 2604 3231 2661 melum
3257 2622 3270 2657 :

2556 2694 2628 2751 Et
2648 2709 2892 2751 memora
2930 2703 3150 2752 tenuem

2553 2784 2742 2842 Na‘nia
2763 2786 3238 2862 Grammaticum."

2553 2878 2860 2950 Burdigala:
2886 2880 3032 2938 hunc
3059 2883 3307 2953 genitum
3330 2927 3346 2951 ,

2550 2971 2858 3028 Transtulit
2880 2973 3112 3031 ambitio
3134 3016 3152 3043 ,

2553 3064 2960 3136 Pictonicaeque
2984 3067 3156 3123 dedit.

2550 3155 2769 3227 Pauper
2796 3157 2923 3225 ubi,
2947 3168 3006 3215 et
3033 3169 3251 3216 tenuem

2557 3248 2769 3305 Victum
2801 3250 3156 3325 habitumque
3185 3254 3402 3321 colens,

2550 3342 2850 3400 Gloriolam
2880 3345 3083 3403 exilem

2548 3435 2621 3492 Et
2647 3437 2861 3507 patriai,
2879 3449 2936 3495 et
2966 3440 3244 3499 cathedras

2549 3526 2795 3585 Perdidit
2819 3530 2874 3586 in
2902 3533 3061 3591 senio
3091 3549 3109 3591 :

2550 3622 2806 3680 Doctrina
2837 3626 3068 3697 exiguus
3091 3669 3108 3696 ,

2547 3714 2789 3773 Moribus
2813 3717 3123 3789 implacidis
3138 3760 3157 3788 ,

2548 3806 2790 3865 Proinde
2810 3852 2826 3876 ,
2857 3818 2917 3865 ut
2941 3813 3065 3867 erat
3092 3811 3348 3868 meritum
3367 3854 3385 3880 ,

2548 3897 2773 3954 Famam
2806 3898 2996 3956 habuit
3027 3910 3262 3958 tenuem.

2543 3990 2651 4047 Sed
2682 4000 2862 4049 tamen
2891 3992 3040 4050 hunc
3071 4005 3261 4052 noster

2542 4083 3003 4141 Commemoravit
3033 4084 3227 4143 honos.

2430 4214 2435 4218 .
2543 4174 2903 4246 Relligiosnm
2928 4179 3134 4235 etenim

2539 4266 2990 4327 Commemorare
3018 4285 3157 4327 mea:

2539 4356 2963 4415 Grammaticum
2989 4361 3179 4431 patriae
3198 4403 3217 4430 ,

2543 4448 2624 4505 Ne
2654 4450 2861 4521 pariter
2889 4453 3127 4510 tumulus

2541 4539 2748 4598 Nomen
2775 4551 2830 4599 et
2849 4559 2971 4600 ossa
3001 4553 3165 4616 tegat.

2181 4673 2271 4731 XI.
2294 4674 2613 4745 Herculani),
2632 4677 2847 4734 Soror-is
2869 4680 3003 4751 ﬁlio,
3019 4681 3357 4752 grammatico
3382 4680 3778 4755 Burdigalam“.

2182 4789 2510 4859 llerculane,
2539 4792 2630 4864 qui
2655 4793 2934 4864 profectus
2961 4793 3171 4864 gremio
3190 4794 3261 4851 de
3291 4802 3487 4852 nostro
3505 4806 3563 4852 et
3589 4796 3784 4854 schola

2178 4882 2345 4953 Spem
2367 4885 2535 4957 magis
2557 4901 2718 4956 quant
2738 4901 2852 4942 rem
2873 4886 3157 4945 fruendam
3176 4890 3460 4960 praebuisti
3475 4892 3778 4960 avunculo,

2179 4976 2458 5046 Particeps
2481 4977 2686 5035 scholae
2707 5021 2722 5044 ,
2748 4989 2803 5036 et
2833 4979 3110 5038 cathedra:
3137 4997 3276 5054 pene
3305 4997 3594 5041 successor
3617 5000 3773 5057 me,

2064 5113 2071 5121 .
2177 5068 2426 5126 Lubrica:
2453 5071 2557 5127 nisi
2570 5068 2630 5128 'te
2646 5072 2890 5144 juventa:
2919 5075 3249 5147 prmcipitem
3277 5077 3457 5135 flexus
3475 5078 3665 5143 daret,

2177 5161 2499 5235 Pythagorei
2531 5179 2639 5220 nou
2667 5176 2944 5221 tenentem
2976 5167 3212 5225 tramitis
3256 5179 3463 5226 rectam
3494 5169 3637 5226 viam
3663 5188 3679 5226 :

2179 5253 2312 5311 Esto
2338 5255 2605 5325 placidus,
2634 5268 2690 5313 et
2717 5259 2920 5329 quietis
2943 5259 3191 5316 Manibus
3211 5260 3399 5318 sedem
3428 5261 3556 5318 fove
3585 5279 3600 5328 ;

2088 5406 2107 5414 _
2173 5345 2294 5403 Jam
2322 5346 2453 5402 mihi
2485 5356 2715 5420 cognata
2739 5347 2942 5406 dudum
2972 5349 3116 5421 inter
3150 5360 3486 5409 memoratus
3524 5353 3767 5410 nomina.

2250 5458 2364 5516 XII.
2392 5458 2672 5530 Thalasso,
2691 5464 3033 5536 grammatico
3055 5464 3268 5533 Latino,
3298 5465 3693 5542 Burdigalensi.

2172 5574 2449 5645 Officium,
2473 5591 2783 5649 nomenque
2808 5587 2981 5647 tuum,
3011 5579 3275 5650 primaeva
3318 5579 3586 5639 Thalasse
3606 5626 3622 5651 ,

2245 5669 2510 5727 Parvulas
2531 5672 2709 5727 audivi
2736 5689 2752 5728 :
2790 5673 2887 5729 vix
2915 5674 3080 5730 etiam
3122 5676 3369 5743 memini,

2171 5762 2290 5832 Qua
2316 5761 2522 5836 forma,
2548 5772 2643 5822 aut
2670 5766 2868 5835 merito
2888 5765 3056 5825 fueris
3074 5808 3090 5838 ,
3115 5781 3222 5839 qua
3247 5766 3419 5840 stirpe
3448 5781 3751 5842 parentum.
