  <div class='ocr_page' id='page_1' title='image "/cluster/home/n/w/nwhite01/storage/ocr_20150623/19/hvd.32044096580451/436.png"; bbox 0 0 4082 6188; ppageno 0'>
   <div class='ocr_carea' id='block_1_1' title="bbox 336 235 441 291">
    <p class='ocr_par' dir='ltr' id='par_1_1' title="bbox 336 235 441 291">
     <span class='ocr_line' id='line_1_1' title="bbox 336 235 441 291; baseline 0.019 -2"><span class='ocrx_word' id='word_1_1' title='bbox 336 235 441 291; x_wconf 80' lang='lat'><strong>857</strong></span> 
     </span>
    </p>
   </div>
   <div class='ocr_carea' id='block_1_2' title="bbox 405 347 1439 421">
    <p class='ocr_par' dir='ltr' id='par_1_2' title="bbox 405 347 1439 421">
     <span class='ocr_line' id='line_1_2' title="bbox 405 347 1439 421; baseline 0 -15"><span class='ocrx_word' id='word_1_2' title='bbox 405 349 562 406; x_wconf 57' lang='lat' dir='ltr'><strong>mtas</strong></span> <span class='ocrx_word' id='word_1_3' title='bbox 591 347 664 404; x_wconf 90' lang='lat' dir='ltr'><strong>nil</strong></span> <span class='ocrx_word' id='word_1_4' title='bbox 694 347 762 404; x_wconf 91' lang='lat' dir='ltr'><strong>dc</strong></span> <span class='ocrx_word' id='word_1_5' title='bbox 792 358 844 404; x_wconf 90' lang='lat' dir='ltr'><strong>te</strong></span> <span class='ocrx_word' id='word_1_6' title='bbox 873 352 1143 421; x_wconf 74' lang='lat' dir='ltr'><strong>posterior</strong></span> <span class='ocrx_word' id='word_1_7' title='bbox 1175 351 1439 406; x_wconf 81' lang='lat' dir='ltr'><strong>celebrat.</strong></span> 
     </span>
    </p>
   </div>
   <div class='ocr_carea' id='block_1_3' title="bbox 333 440 1820 512">
    <p class='ocr_par' dir='ltr' id='par_1_3' title="bbox 333 440 1820 512">
     <span class='ocr_line' id='line_1_3' title="bbox 333 440 1820 512; baseline -0.001 -14"><span class='ocrx_word' id='word_1_8' title='bbox 333 440 1046 512; x_wconf 84' lang='lat' dir='ltr'><strong>Grammaticumjuvenem</strong></span> <span class='ocrx_word' id='word_1_9' title='bbox 1079 451 1286 498; x_wconf 86' lang='lat' dir='ltr'><strong>tantum</strong></span> <span class='ocrx_word' id='word_1_10' title='bbox 1320 451 1372 497; x_wconf 88' lang='lat' dir='ltr'><strong>te</strong></span> <span class='ocrx_word' id='word_1_11' title='bbox 1399 442 1540 498; x_wconf 81' lang='lat' dir='ltr'><strong>fama</strong></span> <span class='ocrx_word' id='word_1_12' title='bbox 1577 441 1820 506; x_wconf 80' lang='lat' dir='ltr'><strong>ferebat,</strong></span> 
     </span>
    </p>
   </div>
   <div class='ocr_carea' id='block_1_4' title="bbox 406 536 1928 608">
    <p class='ocr_par' dir='ltr' id='par_1_4' title="bbox 406 536 1928 608">
     <span class='ocr_line' id='line_1_4' title="bbox 406 536 1928 608; baseline -0.001 -18"><span class='ocrx_word' id='word_1_13' title='bbox 406 537 542 590; x_wconf 83' lang='lat' dir='ltr'><strong>Tum</strong></span> <span class='ocrx_word' id='word_1_14' title='bbox 565 550 780 606; x_wconf 91' lang='lat' dir='ltr'><strong>quoque</strong></span> <span class='ocrx_word' id='word_1_15' title='bbox 803 546 910 591; x_wconf 85' lang='lat' dir='ltr'><strong>lam</strong></span> <span class='ocrx_word' id='word_1_16' title='bbox 938 538 1142 600; x_wconf 89' lang='lat' dir='ltr'><strong>tenuis,</strong></span> <span class='ocrx_word' id='word_1_17' title='bbox 1174 551 1336 608; x_wconf 87' lang='lat' dir='ltr'><strong>quam</strong></span> <span class='ocrx_word' id='word_1_18' title='bbox 1360 536 1525 591; x_wconf 87' lang='lat' dir='ltr'><strong>modo</strong></span> <span class='ocrx_word' id='word_1_19' title='bbox 1552 536 1702 592; x_wconf 91' lang='lat' dir='ltr'><strong>nulla</strong></span> <span class='ocrx_word' id='word_1_20' title='bbox 1725 543 1928 592; x_wconf 90' lang='lat' dir='ltr'><strong>manet.</strong></span> 
     </span>
    </p>
   </div>
   <div class='ocr_carea' id='block_1_5' title="bbox 337 629 1862 700">
    <p class='ocr_par' dir='ltr' id='par_1_5' title="bbox 337 629 1862 700">
     <span class='ocr_line' id='line_1_5' title="bbox 337 629 1862 700; baseline -0.001 -14"><span class='ocrx_word' id='word_1_21' title='bbox 337 629 444 686; x_wconf 90' lang='lat' dir='ltr'><strong>Sed</strong></span> <span class='ocrx_word' id='word_1_22' title='bbox 480 629 811 700; x_wconf 81' lang='lat' dir='ltr'><strong>quicumque</strong></span> <span class='ocrx_word' id='word_1_23' title='bbox 833 639 1015 684; x_wconf 87' lang='lat' dir='ltr'><strong>tamen</strong></span> <span class='ocrx_word' id='word_1_24' title='bbox 1036 671 1050 697; x_wconf 92' lang='lat'><strong>,</strong></span> <span class='ocrx_word' id='word_1_25' title='bbox 1082 639 1271 686; x_wconf 90' lang='lat' dir='ltr'><strong>nostro</strong></span> <span class='ocrx_word' id='word_1_26' title='bbox 1298 629 1420 700; x_wconf 85' lang='lat' dir='ltr'><strong>quia</strong></span> <span class='ocrx_word' id='word_1_27' title='bbox 1449 629 1641 686; x_wconf 89' lang='lat' dir='ltr'><strong>doctor</strong></span> <span class='ocrx_word' id='word_1_28' title='bbox 1665 631 1721 685; x_wconf 93' lang='lat' dir='ltr'><strong>in</strong></span> <span class='ocrx_word' id='word_1_29' title='bbox 1744 643 1862 685; x_wconf 63' lang='lat' dir='ltr'><strong>aevo</strong></span> 
     </span>
    </p>
   </div>
   <div class='ocr_carea' id='block_1_6' title="bbox 411 721 1715 788">
    <p class='ocr_par' dir='ltr' id='par_1_6' title="bbox 411 721 1715 788">
     <span class='ocr_line' id='line_1_6' title="bbox 411 721 1715 788; baseline 0.002 -13"><span class='ocrx_word' id='word_1_30' title='bbox 411 721 628 788; x_wconf 86' lang='lat' dir='ltr'><strong>Vixisti,</strong></span> <span class='ocrx_word' id='word_1_31' title='bbox 659 722 766 776; x_wconf 88' lang='lat' dir='ltr'><strong>hoc</strong></span> <span class='ocrx_word' id='word_1_32' title='bbox 797 730 1046 777; x_wconf 87' lang='lat' dir='ltr'><strong>nostrum</strong></span> <span class='ocrx_word' id='word_1_33' title='bbox 1078 737 1276 778; x_wconf 90' lang='lat' dir='ltr'><strong>munus</strong></span> <span class='ocrx_word' id='word_1_34' title='bbox 1304 721 1529 788; x_wconf 79' lang='lat' dir='ltr'><strong>habeto,</strong></span> <span class='ocrx_word' id='word_1_35' title='bbox 1563 721 1715 778; x_wconf 82' lang='lat' dir='ltr'><strong>Vale.</strong></span> 
     </span>
    </p>
   </div>
   <div class='ocr_carea' id='block_1_7' title="bbox 441 857 1810 933">
    <p class='ocr_par' dir='ltr' id='par_1_7' title="bbox 441 857 1810 933">
     <span class='ocr_line' id='line_1_7' title="bbox 441 857 1810 933; baseline 0.002 -19"><span class='ocrx_word' id='word_1_36' title='bbox 441 858 584 915; x_wconf 76' lang='lat' dir='ltr'><strong>XIlI.</strong></span> <span class='ocrx_word' id='word_1_37' title='bbox 625 857 819 914; x_wconf 80' lang='lat' dir='ltr'><strong>Citario</strong></span> <span class='ocrx_word' id='word_1_38' title='bbox 840 857 1032 933; x_wconf 71' lang='lat' dir='ltr'><strong>_Sicato</strong></span> <span class='ocrx_word' id='word_1_39' title='bbox 1077 859 1438 933; x_wconf 74' lang='lat' dir='ltr'><strong>Syraensano,</strong></span> <span class='ocrx_word' id='word_1_40' title='bbox 1470 862 1810 933; x_wconf 75' lang='lat' dir='ltr'><strong>grammatico</strong></span> 
     </span>
    </p>
   </div>
   <div class='ocr_carea' id='block_1_8' title="bbox 831 929 1427 1002">
    <p class='ocr_par' dir='ltr' id='par_1_8' title="bbox 831 929 1427 1002">
     <span class='ocr_line' id='line_1_8' title="bbox 831 929 1427 1002; baseline 0.007 -19"><span class='ocrx_word' id='word_1_41' title='bbox 831 929 1199 1002; x_wconf 80' lang='lat' dir='ltr'><strong>Burdigalensi</strong></span> <span class='ocrx_word' id='word_1_42' title='bbox 1225 931 1427 988; x_wconf 66' lang='lat' dir='ltr'><strong>Greece.</strong></span> 
     </span>
    </p>
   </div>
   <div class='ocr_carea' id='block_1_9' title="bbox 333 1043 1678 1117">
    <p class='ocr_par' dir='ltr' id='par_1_9' title="bbox 333 1043 1678 1117">
     <span class='ocr_line' id='line_1_9' title="bbox 333 1043 1678 1117; baseline 0.001 -16"><span class='ocrx_word' id='word_1_43' title='bbox 333 1045 400 1101; x_wconf 87' lang='lat' dir='ltr'><strong>Et</strong></span> <span class='ocrx_word' id='word_1_44' title='bbox 425 1043 615 1110; x_wconf 90' lang='lat' dir='ltr'><strong>Citari,</strong></span> <span class='ocrx_word' id='word_1_45' title='bbox 645 1043 846 1099; x_wconf 91' lang='lat' dir='ltr'><strong>dilecte</strong></span> <span class='ocrx_word' id='word_1_46' title='bbox 872 1043 1024 1110; x_wconf 90' lang='lat' dir='ltr'><strong>mihi,</strong></span> <span class='ocrx_word' id='word_1_47' title='bbox 1053 1045 1448 1111; x_wconf 85' lang='lat' dir='ltr'><strong>memorabere,</strong></span> <span class='ocrx_word' id='word_1_48' title='bbox 1481 1045 1678 1117; x_wconf 85' lang='lat' dir='ltr'><strong>dignus</strong></span> 
     </span>
    </p>
   </div>
   <div class='ocr_carea' id='block_1_10' title="bbox 401 1135 1606 1206">
    <p class='ocr_par' dir='ltr' id='par_1_10' title="bbox 401 1135 1606 1206">
     <span class='ocr_line' id='line_1_10' title="bbox 401 1135 1606 1206; baseline 0.001 -12"><span class='ocrx_word' id='word_1_49' title='bbox 401 1135 801 1195; x_wconf 84' lang='lat' dir='ltr'><strong>Grammaticos</strong></span> <span class='ocrx_word' id='word_1_50' title='bbox 830 1137 977 1192; x_wconf 90' lang='lat' dir='ltr'><strong>inter</strong></span> <span class='ocrx_word' id='word_1_51' title='bbox 1005 1137 1095 1206; x_wconf 87' lang='lat' dir='ltr'><strong>qui</strong></span> <span class='ocrx_word' id='word_1_52' title='bbox 1113 1137 1394 1194; x_wconf 87' lang='lat' dir='ltr'><strong>celebrere</strong></span> <span class='ocrx_word' id='word_1_53' title='bbox 1416 1139 1606 1196; x_wconf 90' lang='lat' dir='ltr'><strong>bonos.</strong></span> 
     </span>
    </p>
   </div>
   <div class='ocr_carea' id='block_1_11' title="bbox 334 1227 1572 1303">
    <p class='ocr_par' dir='ltr' id='par_1_11' title="bbox 334 1227 1572 1303">
     <span class='ocr_line' id='line_1_11' title="bbox 334 1227 1572 1303; baseline 0.003 -18"><span class='ocrx_word' id='word_1_54' title='bbox 334 1229 496 1285; x_wconf 74' lang='lat' dir='ltr'><strong>Esset</strong></span> <span class='ocrx_word' id='word_1_55' title='bbox 523 1228 821 1284; x_wconf 76' lang='lat' dir='ltr'><strong>Aristarchi</strong></span> <span class='ocrx_word' id='word_1_56' title='bbox 854 1227 951 1284; x_wconf 92' lang='lat' dir='ltr'><strong>tibi</strong></span> <span class='ocrx_word' id='word_1_57' title='bbox 980 1229 1173 1300; x_wconf 77' lang='lat' dir='ltr'><strong>gloria,</strong></span> <span class='ocrx_word' id='word_1_58' title='bbox 1203 1230 1572 1303; x_wconf 87' lang='lat' dir='ltr'><strong>Zenodotique</strong></span> 
     </span>
    </p>
   </div>
   <div class='ocr_carea' id='block_1_12' title="bbox 399 1314 1718 1392">
    <p class='ocr_par' dir='ltr' id='par_1_12' title="bbox 399 1314 1718 1392">
     <span class='ocr_line' id='line_1_12' title="bbox 399 1314 1718 1392; baseline 0.003 -16"><span class='ocrx_word' id='word_1_59' title='bbox 399 1320 710 1386; x_wconf 85' lang='lat' dir='ltr'><strong>Graiorum,</strong></span> <span class='ocrx_word' id='word_1_60' title='bbox 735 1314 989 1392; x_wconf 85' lang='lat' dir='ltr'><strong>antiquus</strong></span> <span class='ocrx_word' id='word_1_61' title='bbox 1010 1322 1054 1376; x_wconf 90' lang='lat' dir='ltr'><strong>si</strong></span> <span class='ocrx_word' id='word_1_62' title='bbox 1083 1332 1403 1392; x_wconf 79' lang='lat' dir='ltr'><strong>sequeretur</strong></span> <span class='ocrx_word' id='word_1_63' title='bbox 1432 1323 1630 1380; x_wconf 88' lang='lat' dir='ltr'><strong>honos.</strong></span> <span class='ocrx_word' id='word_1_64' title='bbox 1715 1325 1718 1328; x_wconf 79' lang='grc'><strong>’</strong></span> 
     </span>
    </p>
   </div>
   <div class='ocr_carea' id='block_1_13' title="bbox 333 1411 1929 1485">
    <p class='ocr_par' dir='ltr' id='par_1_13' title="bbox 333 1411 1929 1485">
     <span class='ocr_line' id='line_1_13' title="bbox 333 1411 1929 1485; baseline 0.004 -18"><span class='ocrx_word' id='word_1_65' title='bbox 333 1411 701 1478; x_wconf 82' lang='lat' dir='ltr'><strong>Carminibus,</strong></span> <span class='ocrx_word' id='word_1_66' title='bbox 732 1426 854 1483; x_wconf 65' lang='lat' dir='ltr'><strong>quae</strong></span> <span class='ocrx_word' id='word_1_67' title='bbox 895 1414 1070 1481; x_wconf 91' lang='lat' dir='ltr'><strong>prima</strong></span> <span class='ocrx_word' id='word_1_68' title='bbox 1105 1413 1212 1469; x_wconf 90' lang='lat' dir='ltr'><strong>tuis</strong></span> <span class='ocrx_word' id='word_1_69' title='bbox 1243 1423 1372 1470; x_wconf 93' lang='lat' dir='ltr'><strong>sunt</strong></span> <span class='ocrx_word' id='word_1_70' title='bbox 1405 1416 1625 1472; x_wconf 86' lang='lat' dir='ltr'><strong>condita</strong></span> <span class='ocrx_word' id='word_1_71' title='bbox 1656 1417 1708 1474; x_wconf 93' lang='lat' dir='ltr'><strong>in</strong></span> <span class='ocrx_word' id='word_1_72' title='bbox 1751 1418 1929 1485; x_wconf 91' lang='lat' dir='ltr'><strong>annis,</strong></span> 
     </span>
    </p>
   </div>
   <div class='ocr_carea' id='block_1_14' title="bbox 404 1503 1320 1564">
    <p class='ocr_par' dir='ltr' id='par_1_14' title="bbox 404 1503 1320 1564">
     <span class='ocr_line' id='line_1_14' title="bbox 404 1503 1320 1564; baseline 0.002 -3"><span class='ocrx_word' id='word_1_73' title='bbox 404 1505 666 1562; x_wconf 89' lang='lat' dir='ltr'><strong>Concedil</strong></span> <span class='ocrx_word' id='word_1_74' title='bbox 697 1503 793 1562; x_wconf 89' lang='lat' dir='ltr'><strong>Cei</strong></span> <span class='ocrx_word' id='word_1_75' title='bbox 817 1505 966 1561; x_wconf 89' lang='lat' dir='ltr'><strong>Musa</strong></span> <span class='ocrx_word' id='word_1_76' title='bbox 999 1505 1320 1564; x_wconf 88' lang='lat' dir='ltr'><strong>Simonidci.</strong></span> 
     </span>
    </p>
   </div>
   <div class='ocr_carea' id='block_1_15' title="bbox 337 1599 1752 1674">
    <p class='ocr_par' dir='ltr' id='par_1_15' title="bbox 337 1599 1752 1674">
     <span class='ocr_line' id='line_1_15' title="bbox 337 1599 1752 1674; baseline 0.005 -20"><span class='ocrx_word' id='word_1_77' title='bbox 337 1599 481 1656; x_wconf 85' lang='lat' dir='ltr'><strong>Urbe</strong></span> <span class='ocrx_word' id='word_1_78' title='bbox 506 1608 658 1655; x_wconf 88' lang='lat' dir='ltr'><strong>satus</strong></span> <span class='ocrx_word' id='word_1_79' title='bbox 685 1599 889 1666; x_wconf 90' lang='lat' dir='ltr'><strong>Sicula,</strong></span> <span class='ocrx_word' id='word_1_80' title='bbox 926 1611 1167 1658; x_wconf 89' lang='lat' dir='ltr'><strong>nostram</strong></span> <span class='ocrx_word' id='word_1_81' title='bbox 1200 1604 1524 1674; x_wconf 88' lang='lat' dir='ltr'><strong>peregrinus</strong></span> <span class='ocrx_word' id='word_1_82' title='bbox 1551 1605 1710 1662; x_wconf 89' lang='lat' dir='ltr'><strong>adisti</strong></span> <span class='ocrx_word' id='word_1_83' title='bbox 1737 1621 1752 1661; x_wconf 85' lang='lat'><strong>:</strong></span> 
     </span>
    </p>
   </div>
   <div class='ocr_carea' id='block_1_16' title="bbox 404 1692 1689 1766">
    <p class='ocr_par' dir='ltr' id='par_1_16' title="bbox 404 1692 1689 1766">
     <span class='ocr_line' id='line_1_16' title="bbox 404 1692 1689 1766; baseline 0.004 -19"><span class='ocrx_word' id='word_1_84' title='bbox 404 1692 690 1749; x_wconf 86' lang='lat' dir='ltr'><strong>Excultam</strong></span> <span class='ocrx_word' id='word_1_85' title='bbox 727 1693 921 1750; x_wconf 88' lang='lat' dir='ltr'><strong>studiis</strong></span> <span class='ocrx_word' id='word_1_86' title='bbox 949 1710 1110 1765; x_wconf 90' lang='lat' dir='ltr'><strong>quam</strong></span> <span class='ocrx_word' id='word_1_87' title='bbox 1150 1710 1319 1766; x_wconf 86' lang='lat' dir='ltr'><strong>prope</strong></span> <span class='ocrx_word' id='word_1_88' title='bbox 1349 1696 1689 1752; x_wconf 84' lang='lat' dir='ltr'><strong>reddideras.</strong></span> 
     </span>
    </p>
   </div>
   <div class='ocr_carea' id='block_1_17' title="bbox 327 1784 1674 1858">
    <p class='ocr_par' dir='ltr' id='par_1_17' title="bbox 327 1784 1674 1858">
     <span class='ocr_line' id='line_1_17' title="bbox 327 1784 1674 1858; baseline 0.004 -18"><span class='ocrx_word' id='word_1_89' title='bbox 327 1784 650 1854; x_wconf 88' lang='lat' dir='ltr'><strong>Conjugium</strong></span> <span class='ocrx_word' id='word_1_90' title='bbox 680 1795 872 1842; x_wconf 91' lang='lat' dir='ltr'><strong>nactus</strong></span> <span class='ocrx_word' id='word_1_91' title='bbox 893 1789 1006 1843; x_wconf 87' lang='lat' dir='ltr'><strong>cito</strong></span> <span class='ocrx_word' id='word_1_92' title='bbox 1033 1788 1252 1854; x_wconf 87' lang='lat' dir='ltr'><strong>nobilis,</strong></span> <span class='ocrx_word' id='word_1_93' title='bbox 1281 1797 1337 1844; x_wconf 89' lang='lat' dir='ltr'><strong>et</strong></span> <span class='ocrx_word' id='word_1_94' title='bbox 1367 1789 1674 1858; x_wconf 88' lang='lat' dir='ltr'><strong>locupletis,</strong></span> 
     </span>
    </p>
   </div>
   <div class='ocr_carea' id='block_1_18' title="bbox 402 1875 1385 1949">
    <p class='ocr_par' dir='ltr' id='par_1_18' title="bbox 402 1875 1385 1949">
     <span class='ocr_line' id='line_1_18' title="bbox 402 1875 1385 1949; baseline 0.002 -18"><span class='ocrx_word' id='word_1_95' title='bbox 402 1875 610 1931; x_wconf 89' lang='lat' dir='ltr'><strong>Invidia</strong></span> <span class='ocrx_word' id='word_1_96' title='bbox 634 1876 728 1932; x_wconf 79' lang='lat' dir='ltr'><strong>lati</strong></span> <span class='ocrx_word' id='word_1_97' title='bbox 753 1893 862 1932; x_wconf 87' lang='lat' dir='ltr'><strong>non</strong></span> <span class='ocrx_word' id='word_1_98' title='bbox 891 1879 1105 1949; x_wconf 76' lang='lat' dir='ltr'><strong>genitor</strong></span> <span class='ocrx_word' id='word_1_99' title='bbox 1134 1879 1385 1935; x_wconf 90' lang='lat' dir='ltr'><strong>moreris.</strong></span> 
     </span>
    </p>
   </div>
   <div class='ocr_carea' id='block_1_19' title="bbox 331 1968 1762 2030">
    <p class='ocr_par' dir='ltr' id='par_1_19' title="bbox 331 1968 1762 2030">
     <span class='ocr_line' id='line_1_19' title="bbox 331 1968 1762 2030; baseline 0.003 -6"><span class='ocrx_word' id='word_1_100' title='bbox 331 1969 522 2025; x_wconf 86' lang='lat' dir='ltr'><strong>Atnos</strong></span> <span class='ocrx_word' id='word_1_101' title='bbox 543 1968 861 2026; x_wconf 82' lang='lat' dir='ltr'><strong>defunctum</strong></span> <span class='ocrx_word' id='word_1_102' title='bbox 891 1972 1118 2028; x_wconf 88' lang='lat' dir='ltr'><strong>memori</strong></span> <span class='ocrx_word' id='word_1_103' title='bbox 1140 1971 1479 2028; x_wconf 86' lang='lat' dir='ltr'><strong>celebramus</strong></span> <span class='ocrx_word' id='word_1_104' title='bbox 1511 1973 1718 2030; x_wconf 85' lang='lat' dir='ltr'><strong>honore</strong></span> <span class='ocrx_word' id='word_1_105' title='bbox 1752 1993 1762 2028; x_wconf 90' lang='lat'>:</span> 
     </span>
    </p>
   </div>
   <div class='ocr_carea' id='block_1_20' title="bbox 400 2059 1498 2120">
    <p class='ocr_par' dir='ltr' id='par_1_20' title="bbox 400 2059 1498 2120">
     <span class='ocr_line' id='line_1_20' title="bbox 400 2059 1498 2120; baseline 0.005 -6"><span class='ocrx_word' id='word_1_106' title='bbox 400 2059 657 2116; x_wconf 80' lang='lat' dir='ltr'><strong>Favimus</strong></span> <span class='ocrx_word' id='word_1_107' title='bbox 677 2071 739 2117; x_wconf 90' lang='lat' dir='ltr'><strong>ut</strong></span> <span class='ocrx_word' id='word_1_108' title='bbox 767 2062 944 2117; x_wconf 86' lang='lat' dir='ltr'><strong>vivum</strong></span> <span class='ocrx_word' id='word_1_109' title='bbox 969 2079 1196 2118; x_wconf 91' lang='lat' dir='ltr'><strong>munere</strong></span> <span class='ocrx_word' id='word_1_110' title='bbox 1221 2065 1498 2120; x_wconf 65' lang='lat' dir='ltr'><strong>amicitiae.</strong></span> 
     </span>
    </p>
   </div>
   <div class='ocr_carea' id='block_1_21' title="bbox 551 2173 1702 2250">
    <p class='ocr_par' dir='ltr' id='par_1_21' title="bbox 551 2173 1702 2250">
     <span class='ocr_line' id='line_1_21' title="bbox 551 2173 1702 2250; baseline 0.004 -21"><span class='ocrx_word' id='word_1_111' title='bbox 551 2173 692 2232; x_wconf 82' lang='lat' dir='ltr'><strong>XIV.</strong></span> <span class='ocrx_word' id='word_1_112' title='bbox 724 2175 975 2231; x_wconf 84' lang='lat' dir='ltr'><strong>Censorio</strong></span> <span class='ocrx_word' id='word_1_113' title='bbox 1003 2176 1170 2232; x_wconf 77' lang='lat' dir='ltr'><strong>Attico</strong></span> <span class='ocrx_word' id='word_1_114' title='bbox 1201 2180 1429 2250; x_wconf 83' lang='lat' dir='ltr'><strong>Agricio,</strong></span> <span class='ocrx_word' id='word_1_115' title='bbox 1461 2179 1702 2234; x_wconf 80' lang='lat' dir='ltr'><strong>Rhetori.</strong></span> 
     </span>
    </p>
   </div>
   <div class='ocr_carea' id='block_1_22' title="bbox 329 2287 1458 2361">
    <p class='ocr_par' dir='ltr' id='par_1_22' title="bbox 329 2287 1458 2361">
     <span class='ocr_line' id='line_1_22' title="bbox 329 2287 1458 2361; baseline 0.001 -16"><span class='ocrx_word' id='word_1_116' title='bbox 329 2287 540 2358; x_wconf 84' lang='lat' dir='ltr'><strong>Eloquii</strong></span> <span class='ocrx_word' id='word_1_117' title='bbox 565 2290 758 2344; x_wconf 90' lang='lat' dir='ltr'><strong>merito</strong></span> <span class='ocrx_word' id='word_1_118' title='bbox 781 2289 971 2358; x_wconf 89' lang='lat' dir='ltr'><strong>primis</strong></span> <span class='ocrx_word' id='word_1_119' title='bbox 993 2289 1277 2361; x_wconf 67' lang='lat' dir='ltr'><strong>mquandc,</strong></span> <span class='ocrx_word' id='word_1_120' title='bbox 1310 2290 1458 2346; x_wconf 77' lang='lat' dir='ltr'><strong>fuisti</strong></span> 
     </span>
    </p>
   </div>
   <div class='ocr_carea' id='block_1_23' title="bbox 401 2379 1463 2453">
    <p class='ocr_par' dir='ltr' id='par_1_23' title="bbox 401 2379 1463 2453">
     <span class='ocr_line' id='line_1_23' title="bbox 401 2379 1463 2453; baseline 0 -17"><span class='ocrx_word' id='word_1_121' title='bbox 401 2381 584 2452; x_wconf 88' lang='lat' dir='ltr'><strong>Agrici</strong></span> <span class='ocrx_word' id='word_1_122' title='bbox 619 2379 706 2436; x_wconf 91' lang='lat' dir='ltr'><strong>hic</strong></span> <span class='ocrx_word' id='word_1_123' title='bbox 729 2382 938 2450; x_wconf 88' lang='lat' dir='ltr'><strong>positus</strong></span> <span class='ocrx_word' id='word_1_124' title='bbox 968 2383 1274 2453; x_wconf 89' lang='lat' dir='ltr'><strong>posteriore</strong></span> <span class='ocrx_word' id='word_1_125' title='bbox 1300 2384 1463 2439; x_wconf 85' lang='lat' dir='ltr'><strong>loco:</strong></span> 
     </span>
    </p>
   </div>
   <div class='ocr_carea' id='block_1_24' title="bbox 325 2472 1714 2546">
    <p class='ocr_par' dir='ltr' id='par_1_24' title="bbox 325 2472 1714 2546">
     <span class='ocr_line' id='line_1_24' title="bbox 325 2472 1714 2546; baseline 0.004 -19"><span class='ocrx_word' id='word_1_126' title='bbox 325 2472 466 2528; x_wconf 60' lang='lat' dir='ltr'><strong>:Evo</strong></span> <span class='ocrx_word' id='word_1_127' title='bbox 495 2474 584 2545; x_wconf 89' lang='lat' dir='ltr'><strong>qui</strong></span> <span class='ocrx_word' id='word_1_128' title='bbox 606 2474 861 2545; x_wconf 87' lang='lat' dir='ltr'><strong>quoniam</strong></span> <span class='ocrx_word' id='word_1_129' title='bbox 889 2479 1104 2545; x_wconf 88' lang='lat' dir='ltr'><strong>genitus</strong></span> <span class='ocrx_word' id='word_1_130' title='bbox 1128 2475 1454 2546; x_wconf 82' lang='lat' dir='ltr'><strong>functusque</strong></span> <span class='ocrx_word' id='word_1_131' title='bbox 1487 2477 1714 2546; x_wconf 90' lang='lat' dir='ltr'><strong>recenti,</strong></span> 
     </span>
    </p>
   </div>
   <div class='ocr_carea' id='block_1_25' title="bbox 399 2565 1458 2632">
    <p class='ocr_par' dir='ltr' id='par_1_25' title="bbox 399 2565 1458 2632">
     <span class='ocr_line' id='line_1_25' title="bbox 399 2565 1458 2632; baseline 0 -12"><span class='ocrx_word' id='word_1_132' title='bbox 399 2565 610 2622; x_wconf 88' lang='lat' dir='ltr'><strong>Dilalus</strong></span> <span class='ocrx_word' id='word_1_133' title='bbox 636 2565 812 2632; x_wconf 88' lang='lat' dir='ltr'><strong>nobis,</strong></span> <span class='ocrx_word' id='word_1_134' title='bbox 841 2583 946 2621; x_wconf 91' lang='lat' dir='ltr'><strong>non</strong></span> <span class='ocrx_word' id='word_1_135' title='bbox 969 2576 1024 2622; x_wconf 92' lang='lat' dir='ltr'><strong>et</strong></span> <span class='ocrx_word' id='word_1_136' title='bbox 1050 2567 1284 2624; x_wconf 90' lang='lat' dir='ltr'><strong>omissus</strong></span> <span class='ocrx_word' id='word_1_137' title='bbox 1314 2582 1458 2623; x_wconf 89' lang='lat' dir='ltr'><strong>eras.</strong></span> 
     </span>
    </p>
   </div>
   <div class='ocr_carea' id='block_1_26' title="bbox 325 2659 1922 2728">
    <p class='ocr_par' dir='ltr' id='par_1_26' title="bbox 325 2659 1922 2728">
     <span class='ocr_line' id='line_1_26' title="bbox 325 2659 1922 2728; baseline 0.003 -15"><span class='ocrx_word' id='word_1_138' title='bbox 325 2660 681 2728; x_wconf 86' lang='lat' dir='ltr'><strong>Quocumque</strong></span> <span class='ocrx_word' id='word_1_139' title='bbox 721 2659 776 2715; x_wconf 91' lang='lat' dir='ltr'><strong>in</strong></span> <span class='ocrx_word' id='word_1_140' title='bbox 819 2675 1068 2727; x_wconf 90' lang='lat' dir='ltr'><strong>numero,</strong></span> <span class='ocrx_word' id='word_1_141' title='bbox 1103 2661 1243 2717; x_wconf 80' lang='lat' dir='ltr'><strong>tristi</strong></span> <span class='ocrx_word' id='word_1_142' title='bbox 1281 2663 1660 2718; x_wconf 90' lang='lat' dir='ltr'><strong>memorabere</strong></span> <span class='ocrx_word' id='word_1_143' title='bbox 1707 2663 1922 2719; x_wconf 89' lang='lat' dir='ltr'><strong>thrcno.</strong></span> 
     </span>
    </p>
   </div>
   <div class='ocr_carea' id='block_1_27' title="bbox 402 2749 1620 2819">
    <p class='ocr_par' dir='ltr' id='par_1_27' title="bbox 402 2749 1620 2819">
     <span class='ocr_line' id='line_1_27' title="bbox 402 2749 1620 2819; baseline 0.001 -13"><span class='ocrx_word' id='word_1_144' title='bbox 402 2751 548 2806; x_wconf 86' lang='lat' dir='ltr'><strong>Unus</strong></span> <span class='ocrx_word' id='word_1_145' title='bbox 572 2749 750 2806; x_wconf 87' lang='lat' dir='ltr'><strong>honos</strong></span> <span class='ocrx_word' id='word_1_146' title='bbox 778 2753 970 2807; x_wconf 91' lang='lat' dir='ltr'><strong>tumuli</strong></span> <span class='ocrx_word' id='word_1_147' title='bbox 1001 2768 1180 2819; x_wconf 89' lang='lat' dir='ltr'><strong>serus,</strong></span> <span class='ocrx_word' id='word_1_148' title='bbox 1202 2761 1259 2810; x_wconf 90' lang='lat' dir='ltr'><strong>et</strong></span> <span class='ocrx_word' id='word_1_149' title='bbox 1289 2763 1414 2810; x_wconf 84' lang='lat' dir='ltr'><strong>ante</strong></span> <span class='ocrx_word' id='word_1_150' title='bbox 1439 2753 1620 2810; x_wconf 91' lang='lat' dir='ltr'><strong>datus.</strong></span> 
     </span>
    </p>
   </div>
   <div class='ocr_carea' id='block_1_28' title="bbox 328 2843 1831 2917">
    <p class='ocr_par' dir='ltr' id='par_1_28' title="bbox 328 2843 1831 2917">
     <span class='ocr_line' id='line_1_28' title="bbox 328 2843 1831 2917; baseline 0.001 -18"><span class='ocrx_word' id='word_1_151' title='bbox 328 2843 461 2899; x_wconf 84' lang='lat' dir='ltr'><strong>&#39;I‘am</strong></span> <span class='ocrx_word' id='word_1_152' title='bbox 491 2844 710 2913; x_wconf 78' lang='lat' dir='ltr'><strong>generis</strong></span> <span class='ocrx_word' id='word_1_153' title='bbox 742 2845 837 2900; x_wconf 87' lang='lat' dir='ltr'><strong>tibi</strong></span> <span class='ocrx_word' id='word_1_154' title='bbox 865 2846 1044 2901; x_wconf 91' lang='lat' dir='ltr'><strong>celsus</strong></span> <span class='ocrx_word' id='word_1_155' title='bbox 1078 2861 1239 2915; x_wconf 85' lang='lat' dir='ltr'><strong>apex,</strong></span> <span class='ocrx_word' id='word_1_156' title='bbox 1269 2863 1428 2916; x_wconf 90' lang='lat' dir='ltr'><strong>quam</strong></span> <span class='ocrx_word' id='word_1_157' title='bbox 1457 2848 1630 2917; x_wconf 83' lang='lat' dir='ltr'><strong>gloria</strong></span> <span class='ocrx_word' id='word_1_158' title='bbox 1661 2847 1831 2903; x_wconf 80' lang='lat' dir='ltr'><strong>fandi.</strong></span> 
     </span>
    </p>
   </div>
   <div class='ocr_carea' id='block_1_29' title="bbox 398 2935 1425 3012">
    <p class='ocr_par' dir='ltr' id='par_1_29' title="bbox 398 2935 1425 3012">
     <span class='ocr_line' id='line_1_29' title="bbox 398 2935 1425 3012; baseline 0.002 -21"><span class='ocrx_word' id='word_1_159' title='bbox 398 2935 580 2991; x_wconf 83' lang='lat' dir='ltr'><strong>Gloria</strong></span> <span class='ocrx_word' id='word_1_160' title='bbox 613 2937 864 2992; x_wconf 76' lang='lat' dir='ltr'><strong>Athenaei</strong></span> <span class='ocrx_word' id='word_1_161' title='bbox 892 2937 1106 3012; x_wconf 81' lang='lat' dir='ltr'><strong>cognita</strong></span> <span class='ocrx_word' id='word_1_162' title='bbox 1131 2937 1263 2993; x_wconf 91' lang='lat' dir='ltr'><strong>sede</strong></span> <span class='ocrx_word' id='word_1_163' title='bbox 1291 2938 1425 3004; x_wconf 91' lang='lat' dir='ltr'><strong>loci;</strong></span> 
     </span>
    </p>
   </div>
   <div class='ocr_carea' id='block_1_30' title="bbox 324 3027 1600 3101">
    <p class='ocr_par' dir='ltr' id='par_1_30' title="bbox 324 3027 1600 3101">
     <span class='ocr_line' id='line_1_30' title="bbox 324 3027 1600 3101; baseline 0.003 -18"><span class='ocrx_word' id='word_1_164' title='bbox 324 3027 576 3096; x_wconf 85' lang='lat' dir='ltr'><strong>Nazario,</strong></span> <span class='ocrx_word' id='word_1_165' title='bbox 603 3040 658 3085; x_wconf 92' lang='lat' dir='ltr'><strong>et</strong></span> <span class='ocrx_word' id='word_1_166' title='bbox 685 3030 836 3085; x_wconf 88' lang='lat' dir='ltr'><strong>claro</strong></span> <span class='ocrx_word' id='word_1_167' title='bbox 866 3031 1137 3101; x_wconf 89' lang='lat' dir='ltr'><strong>quondam</strong></span> <span class='ocrx_word' id='word_1_168' title='bbox 1162 3030 1341 3086; x_wconf 87' lang='lat' dir='ltr'><strong>delata</strong></span> <span class='ocrx_word' id='word_1_169' title='bbox 1371 3031 1600 3099; x_wconf 68' lang='lat' dir='ltr'><strong>Paterne,</strong></span> 
     </span>
    </p>
   </div>
   <div class='ocr_carea' id='block_1_31' title="bbox 400 3121 1404 3193">
    <p class='ocr_par' dir='ltr' id='par_1_31' title="bbox 400 3121 1404 3193">
     <span class='ocr_line' id='line_1_31' title="bbox 400 3121 1404 3193; baseline 0.002 -18"><span class='ocrx_word' id='word_1_170' title='bbox 400 3121 627 3192; x_wconf 81' lang='lat' dir='ltr'><strong>Egregie</strong></span> <span class='ocrx_word' id='word_1_171' title='bbox 654 3123 856 3178; x_wconf 88' lang='lat' dir='ltr'><strong>multos</strong></span> <span class='ocrx_word' id='word_1_172' title='bbox 885 3123 1126 3178; x_wconf 78' lang='lat' dir='ltr'><strong>excoluit</strong></span> <span class='ocrx_word' id='word_1_173' title='bbox 1149 3123 1404 3193; x_wconf 91' lang='lat' dir='ltr'><strong>juvenes.</strong></span> 
     </span>
    </p>
   </div>
   <div class='ocr_carea' id='block_1_32' title="bbox 323 3210 1848 3288">
    <p class='ocr_par' dir='ltr' id='par_1_32' title="bbox 323 3210 1848 3288">
     <span class='ocr_line' id='line_1_32' title="bbox 323 3210 1848 3288; baseline 0.003 -21"><span class='ocrx_word' id='word_1_174' title='bbox 323 3210 564 3284; x_wconf 83' lang='lat' dir='ltr'><strong>Conjnge</strong></span> <span class='ocrx_word' id='word_1_175' title='bbox 593 3230 759 3283; x_wconf 90' lang='lat' dir='ltr'><strong>nunc,</strong></span> <span class='ocrx_word' id='word_1_176' title='bbox 797 3216 1045 3285; x_wconf 85' lang='lat' dir='ltr'><strong>natisque</strong></span> <span class='ocrx_word' id='word_1_177' title='bbox 1077 3215 1494 3287; x_wconf 64' lang='lat' dir='ltr'><strong>superstitibus,</strong></span> <span class='ocrx_word' id='word_1_178' title='bbox 1517 3231 1848 3288; x_wconf 85' lang='lat' dir='ltr'><strong>generoque,</strong></span> 
     </span>
    </p>
   </div>
   <div class='ocr_carea' id='block_1_33' title="bbox 398 3305 1540 3376">
    <p class='ocr_par' dir='ltr' id='par_1_33' title="bbox 398 3305 1540 3376">
     <span class='ocr_line' id='line_1_33' title="bbox 398 3305 1540 3376; baseline 0.002 -14"><span class='ocrx_word' id='word_1_179' title='bbox 398 3305 664 3376; x_wconf 80' lang='lat' dir='ltr'><strong>Majorum</strong></span> <span class='ocrx_word' id='word_1_180' title='bbox 692 3307 875 3363; x_wconf 88' lang='lat' dir='ltr'><strong>Manes</strong></span> <span class='ocrx_word' id='word_1_181' title='bbox 903 3320 954 3363; x_wconf 92' lang='lat' dir='ltr'><strong>et</strong></span> <span class='ocrx_word' id='word_1_182' title='bbox 985 3317 1336 3365; x_wconf 91' lang='lat' dir='ltr'><strong>monumenta</strong></span> <span class='ocrx_word' id='word_1_183' title='bbox 1364 3309 1540 3366; x_wconf 80' lang='lat' dir='ltr'><strong>foves.</strong></span> 
     </span>
    </p>
   </div>
   <div class='ocr_carea' id='block_1_34' title="bbox 466 3421 1775 3494">
    <p class='ocr_par' dir='ltr' id='par_1_34' title="bbox 466 3421 1775 3494">
     <span class='ocr_line' id='line_1_34' title="bbox 466 3421 1775 3494; baseline 0.002 -18"><span class='ocrx_word' id='word_1_184' title='bbox 466 3422 586 3476; x_wconf 82' lang='lat' dir='ltr'><strong>XV.</strong></span> <span class='ocrx_word' id='word_1_185' title='bbox 609 3421 932 3492; x_wconf 80' lang='lat' dir='ltr'><strong>Nepotiane,</strong></span> <span class='ocrx_word' id='word_1_186' title='bbox 960 3425 1314 3494; x_wconf 84' lang='lat' dir='ltr'><strong>grammatico,</strong></span> <span class='ocrx_word' id='word_1_187' title='bbox 1339 3425 1506 3478; x_wconf 86' lang='lat' dir='ltr'><strong>eidem</strong></span> <span class='ocrx_word' id='word_1_188' title='bbox 1536 3423 1775 3480; x_wconf 85' lang='lat' dir='ltr'><strong>Rhetori.</strong></span> 
     </span>
    </p>
   </div>
   <div class='ocr_carea' id='block_1_35' title="bbox 397 3536 1521 3609">
    <p class='ocr_par' dir='ltr' id='par_1_35' title="bbox 397 3536 1521 3609">
     <span class='ocr_line' id='line_1_35' title="bbox 397 3536 1521 3609; baseline 0.001 -16"><span class='ocrx_word' id='word_1_189' title='bbox 397 3537 614 3604; x_wconf 86' lang='lat' dir='ltr'><strong>Facete,</strong></span> <span class='ocrx_word' id='word_1_190' title='bbox 643 3536 839 3607; x_wconf 91' lang='lat' dir='ltr'><strong>comis,</strong></span> <span class='ocrx_word' id='word_1_191' title='bbox 869 3537 1054 3593; x_wconf 87' lang='lat' dir='ltr'><strong>animo</strong></span> <span class='ocrx_word' id='word_1_192' title='bbox 1079 3537 1308 3609; x_wconf 86' lang='lat' dir='ltr'><strong>juvenili</strong></span> <span class='ocrx_word' id='word_1_193' title='bbox 1336 3553 1521 3605; x_wconf 82' lang='lat' dir='ltr'><strong>senex,</strong></span> 
     </span>
    </p>
   </div>
   <div class='ocr_carea' id='block_1_36' title="bbox 392 3631 1690 3699">
    <p class='ocr_par' dir='ltr' id='par_1_36' title="bbox 392 3631 1690 3699">
     <span class='ocr_line' id='line_1_36' title="bbox 392 3631 1690 3699; baseline 0 -11"><span class='ocrx_word' id='word_1_194' title='bbox 392 3632 490 3688; x_wconf 89' lang='lat' dir='ltr'><strong>Cui</strong></span> <span class='ocrx_word' id='word_1_195' title='bbox 522 3633 645 3687; x_wconf 81' lang='lat' dir='ltr'><strong>felle</strong></span> <span class='ocrx_word' id='word_1_196' title='bbox 672 3631 843 3698; x_wconf 92' lang='lat' dir='ltr'><strong>nullo,</strong></span> <span class='ocrx_word' id='word_1_197' title='bbox 872 3632 1036 3687; x_wconf 88' lang='lat' dir='ltr'><strong>melle</strong></span> <span class='ocrx_word' id='word_1_198' title='bbox 1059 3633 1230 3686; x_wconf 89' lang='lat' dir='ltr'><strong>multo</strong></span> <span class='ocrx_word' id='word_1_199' title='bbox 1259 3648 1414 3689; x_wconf 89' lang='lat' dir='ltr'><strong>mens</strong></span> <span class='ocrx_word' id='word_1_200' title='bbox 1445 3632 1690 3699; x_wconf 89' lang='lat' dir='ltr'><strong>madens,</strong></span> 
     </span>
    </p>
   </div>
   <div class='ocr_carea' id='block_1_37' title="bbox 395 3723 1552 3798">
    <p class='ocr_par' dir='ltr' id='par_1_37' title="bbox 395 3723 1552 3798">
     <span class='ocr_line' id='line_1_37' title="bbox 395 3723 1552 3798; baseline 0.001 -18"><span class='ocrx_word' id='word_1_201' title='bbox 395 3723 591 3780; x_wconf 58' lang='lat' dir='ltr'><strong>[Erum</strong></span> <span class='ocrx_word' id='word_1_202' title='bbox 617 3740 716 3798; x_wconf 89' lang='lat' dir='ltr'><strong>per</strong></span> <span class='ocrx_word' id='word_1_203' title='bbox 736 3739 900 3780; x_wconf 89' lang='lat' dir='ltr'><strong>omne</strong></span> <span class='ocrx_word' id='word_1_204' title='bbox 927 3724 999 3779; x_wconf 92' lang='lat' dir='ltr'><strong>nil</strong></span> <span class='ocrx_word' id='word_1_205' title='bbox 1024 3739 1268 3780; x_wconf 89' lang='lat' dir='ltr'><strong>amarum</strong></span> <span class='ocrx_word' id='word_1_206' title='bbox 1292 3725 1510 3781; x_wconf 90' lang='lat' dir='ltr'><strong>miscuit</strong></span> <span class='ocrx_word' id='word_1_207' title='bbox 1541 3745 1552 3781; x_wconf 92' lang='lat'>:</span> 
     </span>
    </p>
   </div>
   <div class='ocr_carea' id='block_1_38' title="bbox 392 3815 1465 3888">
    <p class='ocr_par' dir='ltr' id='par_1_38' title="bbox 392 3815 1465 3888">
     <span class='ocr_line' id='line_1_38' title="bbox 392 3815 1465 3888; baseline 0.001 -18"><span class='ocrx_word' id='word_1_208' title='bbox 392 3816 573 3872; x_wconf 83' lang='lat' dir='ltr'><strong>Nosu-i</strong></span> <span class='ocrx_word' id='word_1_209' title='bbox 593 3816 825 3884; x_wconf 87' lang='lat' dir='ltr'><strong>medela,</strong></span> <span class='ocrx_word' id='word_1_210' title='bbox 852 3815 1177 3886; x_wconf 86' lang='lat' dir='ltr'><strong>Nepotiane,</strong></span> <span class='ocrx_word' id='word_1_211' title='bbox 1207 3819 1465 3888; x_wconf 87' lang='lat' dir='ltr'><strong>pectoris,</strong></span> 
     </span>
    </p>
   </div>
   <div class='ocr_carea' id='block_1_39' title="bbox 391 3906 1606 3982">
    <p class='ocr_par' dir='ltr' id='par_1_39' title="bbox 391 3906 1606 3982">
     <span class='ocr_line' id='line_1_39' title="bbox 391 3906 1606 3982; baseline 0.004 -20"><span class='ocrx_word' id='word_1_212' title='bbox 391 3906 524 3962; x_wconf 87' lang='lat' dir='ltr'><strong>’I‘am</strong></span> <span class='ocrx_word' id='word_1_213' title='bbox 549 3908 821 3964; x_wconf 89' lang='lat' dir='ltr'><strong>seriorum</strong></span> <span class='ocrx_word' id='word_1_214' title='bbox 853 3925 1011 3978; x_wconf 90' lang='lat' dir='ltr'><strong>quam</strong></span> <span class='ocrx_word' id='word_1_215' title='bbox 1031 3909 1282 3980; x_wconf 88' lang='lat' dir='ltr'><strong>jocortnn</strong></span> <span class='ocrx_word' id='word_1_216' title='bbox 1314 3910 1606 3982; x_wconf 85' lang='lat' dir='ltr'><strong>particeps,</strong></span> 
     </span>
    </p>
   </div>
   <div class='ocr_carea' id='block_1_40' title="bbox 390 3999 1594 4074">
    <p class='ocr_par' dir='ltr' id='par_1_40' title="bbox 390 3999 1594 4074">
     <span class='ocr_line' id='line_1_40' title="bbox 390 3999 1594 4074; baseline 0.003 -19"><span class='ocrx_word' id='word_1_217' title='bbox 390 3999 709 4066; x_wconf 86' lang='lat' dir='ltr'><strong>Taciturne,</strong></span> <span class='ocrx_word' id='word_1_218' title='bbox 748 4003 998 4074; x_wconf 81' lang='lat' dir='ltr'><strong>Amyclas</strong></span> <span class='ocrx_word' id='word_1_219' title='bbox 1026 4004 1115 4073; x_wconf 88' lang='lat' dir='ltr'><strong>qui</strong></span> <span class='ocrx_word' id='word_1_220' title='bbox 1141 4003 1353 4059; x_wconf 88' lang='lat' dir='ltr'><strong>silendo</strong></span> <span class='ocrx_word' id='word_1_221' title='bbox 1375 4003 1594 4059; x_wconf 85' lang='lat' dir='ltr'><strong>viceris.</strong></span> 
     </span>
    </p>
   </div>
   <div class='ocr_carea' id='block_1_41' title="bbox 391 4093 1515 4166">
    <p class='ocr_par' dir='ltr' id='par_1_41' title="bbox 391 4093 1515 4166">
     <span class='ocr_line' id='line_1_41' title="bbox 391 4093 1515 4166; baseline 0.003 -18"><span class='ocrx_word' id='word_1_222' title='bbox 391 4093 468 4148; x_wconf 85' lang='lat' dir='ltr'><strong>Te</strong></span> <span class='ocrx_word' id='word_1_223' title='bbox 498 4093 829 4150; x_wconf 63' lang='lat' dir='ltr'><strong>fabulantem</strong></span> <span class='ocrx_word' id='word_1_224' title='bbox 862 4109 966 4149; x_wconf 91' lang='lat' dir='ltr'><strong>non</strong></span> <span class='ocrx_word' id='word_1_225' title='bbox 1002 4095 1188 4150; x_wconf 79' lang='lat' dir='ltr'><strong>Ulixes</strong></span> <span class='ocrx_word' id='word_1_226' title='bbox 1220 4095 1515 4166; x_wconf 88' lang='lat' dir='ltr'><strong>linqueret,</strong></span> 
     </span>
    </p>
   </div>
   <div class='ocr_carea' id='block_1_42' title="bbox 387 4187 1559 4260">
    <p class='ocr_par' dir='ltr' id='par_1_42' title="bbox 387 4187 1559 4260">
     <span class='ocr_line' id='line_1_42' title="bbox 387 4187 1559 4260; baseline -0.001 -16"><span class='ocrx_word' id='word_1_227' title='bbox 387 4187 608 4259; x_wconf 88' lang='lat' dir='ltr'><strong>Linquit</strong></span> <span class='ocrx_word' id='word_1_228' title='bbox 633 4195 892 4244; x_wconf 88' lang='lat' dir='ltr'><strong>canentes</strong></span> <span class='ocrx_word' id='word_1_229' title='bbox 914 4190 1006 4260; x_wconf 88' lang='lat' dir='ltr'><strong>qui</strong></span> <span class='ocrx_word' id='word_1_230' title='bbox 1036 4189 1279 4244; x_wconf 89' lang='lat' dir='ltr'><strong>melodas</strong></span> <span class='ocrx_word' id='word_1_231' title='bbox 1301 4190 1559 4259; x_wconf 81' lang='lat' dir='ltr'><strong>virgines.</strong></span> 
     </span>
    </p>
   </div>
   <div class='ocr_carea' id='block_1_43' title="bbox 389 4281 1641 4353">
    <p class='ocr_par' dir='ltr' id='par_1_43' title="bbox 389 4281 1641 4353">
     <span class='ocr_line' id='line_1_43' title="bbox 389 4281 1641 4353; baseline 0.002 -16"><span class='ocrx_word' id='word_1_232' title='bbox 389 4281 590 4347; x_wconf 81' lang='lat' dir='ltr'><strong>Probe,</strong></span> <span class='ocrx_word' id='word_1_233' title='bbox 621 4290 676 4337; x_wconf 93' lang='lat' dir='ltr'><strong>et</strong></span> <span class='ocrx_word' id='word_1_234' title='bbox 705 4281 922 4352; x_wconf 88' lang='lat' dir='ltr'><strong>pudice,</strong></span> <span class='ocrx_word' id='word_1_235' title='bbox 956 4297 1134 4351; x_wconf 86' lang='lat' dir='ltr'><strong>parce,</strong></span> <span class='ocrx_word' id='word_1_236' title='bbox 1164 4282 1324 4353; x_wconf 79' lang='lat' dir='ltr'><strong>frugi,</strong></span> <span class='ocrx_word' id='word_1_237' title='bbox 1350 4283 1641 4350; x_wconf 84' lang='lat' dir='ltr'><strong>abstemie,</strong></span> 
     </span>
    </p>
   </div>
   <div class='ocr_carea' id='block_1_44' title="bbox 387 4375 1593 4450">
    <p class='ocr_par' dir='ltr' id='par_1_44' title="bbox 387 4375 1593 4450">
     <span class='ocr_line' id='line_1_44' title="bbox 387 4375 1593 4450; baseline 0 -18"><span class='ocrx_word' id='word_1_238' title='bbox 387 4375 666 4442; x_wconf 86' lang='lat' dir='ltr'><strong>Facunde,</strong></span> <span class='ocrx_word' id='word_1_239' title='bbox 704 4376 837 4431; x_wconf 91' lang='lat' dir='ltr'><strong>nulli</strong></span> <span class='ocrx_word' id='word_1_240' title='bbox 869 4376 1171 4432; x_wconf 79' lang='lat' dir='ltr'><strong>Rhetorum</strong></span> <span class='ocrx_word' id='word_1_241' title='bbox 1201 4377 1404 4432; x_wconf 84' lang='lat' dir='ltr'><strong>cedens</strong></span> <span class='ocrx_word' id='word_1_242' title='bbox 1427 4378 1593 4450; x_wconf 85' lang='lat' dir='ltr'><strong>stylo,</strong></span> 
     </span>
    </p>
   </div>
   <div class='ocr_carea' id='block_1_45' title="bbox 391 4467 1516 4538">
    <p class='ocr_par' dir='ltr' id='par_1_45' title="bbox 391 4467 1516 4538">
     <span class='ocr_line' id='line_1_45' title="bbox 391 4467 1516 4538; baseline 0.004 -17"><span class='ocrx_word' id='word_1_243' title='bbox 391 4467 460 4521; x_wconf 85' lang='lat' dir='ltr'><strong>Et</strong></span> <span class='ocrx_word' id='word_1_244' title='bbox 485 4467 793 4538; x_wconf 82' lang='lat' dir='ltr'><strong>disputator</strong></span> <span class='ocrx_word' id='word_1_245' title='bbox 822 4473 887 4524; x_wconf 92' lang='lat' dir='ltr'><strong>ad</strong></span> <span class='ocrx_word' id='word_1_246' title='bbox 915 4467 1216 4524; x_wconf 80' lang='lat' dir='ltr'><strong>Cleanthen</strong></span> <span class='ocrx_word' id='word_1_247' title='bbox 1244 4470 1466 4526; x_wconf 89' lang='lat' dir='ltr'><strong>Stoicon</strong></span> <span class='ocrx_word' id='word_1_248' title='bbox 1501 4489 1516 4525; x_wconf 89' lang='lat'><strong>:</strong></span> 
     </span>
    </p>
   </div>
   <div class='ocr_carea' id='block_1_46' title="bbox 390 4558 1712 4632">
    <p class='ocr_par' dir='ltr' id='par_1_46' title="bbox 390 4558 1712 4632">
     <span class='ocr_line' id='line_1_46' title="bbox 390 4558 1712 4632; baseline 0.005 -19"><span class='ocrx_word' id='word_1_249' title='bbox 390 4558 650 4615; x_wconf 89' lang='lat' dir='ltr'><strong>Scaurum</strong></span> <span class='ocrx_word' id='word_1_250' title='bbox 681 4560 1027 4632; x_wconf 90' lang='lat' dir='ltr'><strong>Probumque</strong></span> <span class='ocrx_word' id='word_1_251' title='bbox 1050 4563 1214 4618; x_wconf 91' lang='lat' dir='ltr'><strong>corde</strong></span> <span class='ocrx_word' id='word_1_252' title='bbox 1244 4564 1450 4620; x_wconf 87' lang='lat' dir='ltr'><strong>callens</strong></span> <span class='ocrx_word' id='word_1_253' title='bbox 1475 4565 1665 4621; x_wconf 88' lang='lat' dir='ltr'><strong>intimo</strong></span> <span class='ocrx_word' id='word_1_254' title='bbox 1701 4585 1712 4619; x_wconf 89' lang='lat'><strong>:</strong></span> 
     </span>
    </p>
   </div>
   <div class='ocr_carea' id='block_1_47' title="bbox 388 4651 1361 4726">
    <p class='ocr_par' dir='ltr' id='par_1_47' title="bbox 388 4651 1361 4726">
     <span class='ocr_line' id='line_1_47' title="bbox 388 4651 1361 4726; baseline 0.004 -19"><span class='ocrx_word' id='word_1_255' title='bbox 388 4651 456 4707; x_wconf 92' lang='lat' dir='ltr'><strong>Et</strong></span> <span class='ocrx_word' id='word_1_256' title='bbox 484 4652 707 4722; x_wconf 86' lang='lat' dir='ltr'><strong>Epirote</strong></span> <span class='ocrx_word' id='word_1_257' title='bbox 733 4654 900 4710; x_wconf 83' lang='lat' dir='ltr'><strong>Cinea</strong></span> <span class='ocrx_word' id='word_1_258' title='bbox 927 4671 1138 4710; x_wconf 85' lang='lat' dir='ltr'><strong>tuemur</strong></span> <span class='ocrx_word' id='word_1_259' title='bbox 1167 4672 1218 4710; x_wconf 94' lang='lat' dir='ltr'><strong>m</strong></span> <span class='ocrx_word' id='word_1_260' title='bbox 1240 4658 1361 4726; x_wconf 69' lang='lat' dir='ltr'><strong>igis.</strong></span> 
     </span>
    </p>
   </div>
   <div class='ocr_carea' id='block_1_48' title="bbox 389 4747 1526 4820">
    <p class='ocr_par' dir='ltr' id='par_1_48' title="bbox 389 4747 1526 4820">
     <span class='ocr_line' id='line_1_48' title="bbox 389 4747 1526 4820; baseline 0.001 -17"><span class='ocrx_word' id='word_1_261' title='bbox 389 4747 628 4815; x_wconf 87' lang='lat' dir='ltr'><strong>Sodalis,</strong></span> <span class='ocrx_word' id='word_1_262' title='bbox 656 4758 710 4804; x_wconf 89' lang='lat' dir='ltr'><strong>et</strong></span> <span class='ocrx_word' id='word_1_263' title='bbox 741 4750 1040 4812; x_wconf 88' lang='lat' dir='ltr'><strong>convictor,</strong></span> <span class='ocrx_word' id='word_1_264' title='bbox 1069 4748 1486 4820; x_wconf 88' lang='lat' dir='ltr'><strong>hospesjugiter</strong></span> <span class='ocrx_word' id='word_1_265' title='bbox 1515 4770 1526 4804; x_wconf 91' lang='lat'>:</span> 
     </span>
    </p>
   </div>
   <div class='ocr_carea' id='block_1_49' title="bbox 394 4839 1694 4912">
    <p class='ocr_par' dir='ltr' id='par_1_49' title="bbox 394 4839 1694 4912">
     <span class='ocr_line' id='line_1_49' title="bbox 394 4839 1694 4912; baseline 0.004 -20"><span class='ocrx_word' id='word_1_266' title='bbox 394 4839 585 4894; x_wconf 90' lang='lat' dir='ltr'><strong>Parum</strong></span> <span class='ocrx_word' id='word_1_267' title='bbox 619 4840 760 4910; x_wconf 90' lang='lat' dir='ltr'><strong>quod</strong></span> <span class='ocrx_word' id='word_1_268' title='bbox 796 4841 1017 4910; x_wconf 76' lang='lat' dir='ltr'><strong>li05pes;</strong></span> <span class='ocrx_word' id='word_1_269' title='bbox 1052 4842 1250 4896; x_wconf 88' lang='lat' dir='ltr'><strong>mentis</strong></span> <span class='ocrx_word' id='word_1_270' title='bbox 1280 4842 1514 4912; x_wconf 88' lang='lat' dir='ltr'><strong>agitator</strong></span> <span class='ocrx_word' id='word_1_271' title='bbox 1538 4858 1694 4899; x_wconf 71' lang='lat' dir='ltr'><strong>meae.</strong></span> 
     </span>
    </p>
   </div>
   <div class='ocr_carea' id='block_1_50' title="bbox 384 4931 1540 5004">
    <p class='ocr_par' dir='ltr' id='par_1_50' title="bbox 384 4931 1540 5004">
     <span class='ocr_line' id='line_1_50' title="bbox 384 4931 1540 5004; baseline 0.003 -21"><span class='ocrx_word' id='word_1_272' title='bbox 384 4931 623 4986; x_wconf 76' lang='lat' dir='ltr'><strong>Censilia</strong></span> <span class='ocrx_word' id='word_1_273' title='bbox 655 4933 835 4988; x_wconf 91' lang='lat' dir='ltr'><strong>nullus</strong></span> <span class='ocrx_word' id='word_1_274' title='bbox 867 4943 1048 4988; x_wconf 87' lang='lat' dir='ltr'><strong>mente</strong></span> <span class='ocrx_word' id='word_1_275' title='bbox 1073 4945 1178 4988; x_wconf 86' lang='lat' dir='ltr'><strong>tam</strong></span> <span class='ocrx_word' id='word_1_276' title='bbox 1207 4947 1342 5004; x_wconf 89' lang='lat' dir='ltr'><strong>pura</strong></span> <span class='ocrx_word' id='word_1_277' title='bbox 1369 4932 1540 5000; x_wconf 90' lang='lat' dir='ltr'><strong>dedit,</strong></span> 
     </span>
    </p>
   </div>
   <div class='ocr_carea' id='block_1_51' title="bbox 387 5023 1296 5080">
    <p class='ocr_par' dir='ltr' id='par_1_51' title="bbox 387 5023 1296 5080">
     <span class='ocr_line' id='line_1_51' title="bbox 387 5023 1296 5080; baseline 0.004 -4"><span class='ocrx_word' id='word_1_278' title='bbox 387 5023 487 5078; x_wconf 86' lang='lat' dir='ltr'><strong>Vel</strong></span> <span class='ocrx_word' id='word_1_279' title='bbox 516 5025 710 5080; x_wconf 87' lang='lat' dir='ltr'><strong>altiore</strong></span> <span class='ocrx_word' id='word_1_280' title='bbox 739 5025 960 5080; x_wconf 90' lang='lat' dir='ltr'><strong>conditu</strong></span> <span class='ocrx_word' id='word_1_281' title='bbox 985 5025 1120 5080; x_wconf 88' lang='lat' dir='ltr'><strong>texit</strong></span> <span class='ocrx_word' id='word_1_282' title='bbox 1150 5027 1296 5080; x_wconf 88' lang='lat' dir='ltr'><strong>data.</strong></span> 
     </span>
    </p>
   </div>
   <div class='ocr_carea' id='block_1_52' title="bbox 387 5117 1398 5192">
    <p class='ocr_par' dir='ltr' id='par_1_52' title="bbox 387 5117 1398 5192">
     <span class='ocr_line' id='line_1_52' title="bbox 387 5117 1398 5192; baseline 0.003 -20"><span class='ocrx_word' id='word_1_283' title='bbox 387 5117 603 5173; x_wconf 88' lang='lat' dir='ltr'><strong>Honore</strong></span> <span class='ocrx_word' id='word_1_284' title='bbox 628 5119 767 5190; x_wconf 87' lang='lat' dir='ltr'><strong>gesti</strong></span> <span class='ocrx_word' id='word_1_285' title='bbox 800 5119 1118 5186; x_wconf 81' lang='lat' dir='ltr'><strong>praesidatus</strong></span> <span class='ocrx_word' id='word_1_286' title='bbox 1140 5119 1398 5192; x_wconf 88' lang='lat' dir='ltr'><strong>inclytus,</strong></span> 
     </span>
    </p>
   </div>
   <div class='ocr_carea' id='block_1_53' title="bbox 388 5213 1586 5284">
    <p class='ocr_par' dir='ltr' id='par_1_53' title="bbox 388 5213 1586 5284">
     <span class='ocr_line' id='line_1_53' title="bbox 388 5213 1586 5284; baseline 0.002 -16"><span class='ocrx_word' id='word_1_287' title='bbox 388 5213 581 5269; x_wconf 88' lang='lat' dir='ltr'><strong>Decies</strong></span> <span class='ocrx_word' id='word_1_288' title='bbox 613 5230 852 5271; x_wconf 77' lang='lat' dir='ltr'><strong>norenas</strong></span> <span class='ocrx_word' id='word_1_289' title='bbox 879 5214 1098 5270; x_wconf 82' lang='lat' dir='ltr'><strong>functus</strong></span> <span class='ocrx_word' id='word_1_290' title='bbox 1119 5230 1388 5271; x_wconf 87' lang='lat' dir='ltr'><strong>annorum</strong></span> <span class='ocrx_word' id='word_1_291' title='bbox 1413 5215 1586 5284; x_wconf 87' lang='lat' dir='ltr'><strong>vices,</strong></span> 
     </span>
    </p>
   </div>
   <div class='ocr_carea' id='block_1_54' title="bbox 383 5306 1652 5380">
    <p class='ocr_par' dir='ltr' id='par_1_54' title="bbox 383 5306 1652 5380">
     <span class='ocr_line' id='line_1_54' title="bbox 383 5306 1652 5380; baseline 0 -18"><span class='ocrx_word' id='word_1_292' title='bbox 383 5306 528 5364; x_wconf 90' lang='lat' dir='ltr'><strong>Duos</strong></span> <span class='ocrx_word' id='word_1_293' title='bbox 550 5308 866 5380; x_wconf 90' lang='lat' dir='ltr'><strong>relinquens</strong></span> <span class='ocrx_word' id='word_1_294' title='bbox 892 5309 1121 5374; x_wconf 91' lang='lat' dir='ltr'><strong>liberos,</strong></span> <span class='ocrx_word' id='word_1_295' title='bbox 1150 5317 1381 5364; x_wconf 92' lang='lat' dir='ltr'><strong>mortem</strong></span> <span class='ocrx_word' id='word_1_296' title='bbox 1411 5307 1652 5378; x_wconf 83' lang='lat' dir='ltr'><strong>oppetis,</strong></span> 
     </span>
    </p>
   </div>
   <div class='ocr_carea' id='block_1_55' title="bbox 384 5401 1584 5473">
    <p class='ocr_par' dir='ltr' id='par_1_55' title="bbox 384 5401 1584 5473">
     <span class='ocr_line' id='line_1_55' title="bbox 384 5401 1584 5473; baseline -0.001 -17"><span class='ocrx_word' id='word_1_297' title='bbox 384 5401 583 5458; x_wconf 87' lang='lat' dir='ltr'><strong>Dolore</strong></span> <span class='ocrx_word' id='word_1_298' title='bbox 613 5404 808 5471; x_wconf 91' lang='lat' dir='ltr'><strong>multo,</strong></span> <span class='ocrx_word' id='word_1_299' title='bbox 842 5411 952 5457; x_wconf 88' lang='lat' dir='ltr'><strong>tatu</strong></span> <span class='ocrx_word' id='word_1_300' title='bbox 984 5413 1221 5468; x_wconf 89' lang='lat' dir='ltr'><strong>tuorum,</strong></span> <span class='ocrx_word' id='word_1_301' title='bbox 1252 5416 1412 5473; x_wconf 80' lang='lat' dir='ltr'><strong>quam</strong></span> <span class='ocrx_word' id='word_1_302' title='bbox 1441 5415 1584 5456; x_wconf 89' lang='lat' dir='ltr'><strong>meo.</strong></span> 
     </span>
    </p>
   </div>
   <div class='ocr_carea' id='block_1_56' title="bbox 383 5536 1832 5611">
    <p class='ocr_par' dir='ltr' id='par_1_56' title="bbox 383 5536 1832 5611">
     <span class='ocr_line' id='line_1_56' title="bbox 383 5536 1832 5611; baseline 0.001 -17"><span class='ocrx_word' id='word_1_303' title='bbox 383 5537 523 5595; x_wconf 81' lang='lat' dir='ltr'><strong>XVI.</strong></span> <span class='ocrx_word' id='word_1_304' title='bbox 559 5537 816 5594; x_wconf 77' lang='lat' dir='ltr'><strong>/Emilius</strong></span> <span class='ocrx_word' id='word_1_305' title='bbox 837 5538 1064 5611; x_wconf 82' lang='lat' dir='ltr'><strong>Magnus</strong></span> <span class='ocrx_word' id='word_1_306' title='bbox 1095 5538 1370 5605; x_wconf 79' lang='lat' dir='ltr'><strong>Arborius,</strong></span> <span class='ocrx_word' id='word_1_307' title='bbox 1402 5537 1579 5592; x_wconf 80' lang='lat' dir='ltr'><strong>rhetor</strong></span> <span class='ocrx_word' id='word_1_308' title='bbox 1605 5536 1832 5596; x_wconf 69' lang='lat' dir='ltr'><strong>Teleste.</strong></span> 
     </span>
    </p>
   </div>
   <div class='ocr_carea' id='block_1_57' title="bbox 307 5651 1642 5723">
    <p class='ocr_par' dir='ltr' id='par_1_57' title="bbox 307 5651 1642 5723">
     <span class='ocr_line' id='line_1_57' title="bbox 307 5651 1642 5723; baseline -0.001 -15"><span class='ocrx_word' id='word_1_309' title='bbox 307 5652 454 5709; x_wconf 90' lang='lat' dir='ltr'><strong>Inter</strong></span> <span class='ocrx_word' id='word_1_310' title='bbox 480 5663 742 5723; x_wconf 87' lang='lat' dir='ltr'><strong>cognatos</strong></span> <span class='ocrx_word' id='word_1_311' title='bbox 768 5654 878 5722; x_wconf 92' lang='lat' dir='ltr'><strong>jam</strong></span> <span class='ocrx_word' id='word_1_312' title='bbox 910 5653 1090 5720; x_wconf 85' lang='lat' dir='ltr'><strong>ﬂetus,</strong></span> <span class='ocrx_word' id='word_1_313' title='bbox 1119 5651 1404 5716; x_wconf 82' lang='lat' dir='ltr'><strong>avnncule,</strong></span> <span class='ocrx_word' id='word_1_314' title='bbox 1437 5651 1642 5716; x_wconf 86' lang='lat' dir='ltr'><strong>Manes,</strong></span> 
     </span>
    </p>
   </div>
   <div class='ocr_carea' id='block_1_58' title="bbox 379 5742 1618 5806">
    <p class='ocr_par' dir='ltr' id='par_1_58' title="bbox 379 5742 1618 5806">
     <span class='ocr_line' id='line_1_58' title="bbox 379 5742 1618 5806; baseline -0.005 -3"><span class='ocrx_word' id='word_1_315' title='bbox 379 5743 526 5805; x_wconf 89' lang='lat' dir='ltr'><strong>Inter</strong></span> <span class='ocrx_word' id='word_1_316' title='bbox 555 5745 879 5806; x_wconf 65' lang='lat' dir='ltr'><strong>lihetoricbs</strong></span> <span class='ocrx_word' id='word_1_317' title='bbox 902 5746 1045 5803; x_wconf 85' lang='lat' dir='ltr'><strong>nitnc</strong></span> <span class='ocrx_word' id='word_1_318' title='bbox 1071 5742 1455 5802; x_wconf 82' lang='lat' dir='ltr'><strong>ntem&#39;orandus</strong></span> <span class='ocrx_word' id='word_1_319' title='bbox 1487 5745 1618 5801; x_wconf 75' lang='lat' dir='ltr'><strong>eris.</strong></span> 
     </span>
    </p>
   </div>
   <div class='ocr_carea' id='block_1_59' title="bbox 1122 230 2903 297">
    <p class='ocr_par' dir='ltr' id='par_1_59' title="bbox 1122 230 2903 297">
     <span class='ocr_line' id='line_1_59' title="bbox 1122 230 2903 297; baseline 0.003 -8"><span class='ocrx_word' id='word_1_320' title='bbox 1122 231 1678 294; x_wconf 79' lang='lat' dir='ltr'><strong>COMMEMORATIO</strong></span> <span class='ocrx_word' id='word_1_321' title='bbox 1716 230 2229 294; x_wconf 77' lang='lat' dir='ltr'><strong>PROFESSORUM</strong></span> <span class='ocrx_word' id='word_1_322' title='bbox 2267 235 2903 297; x_wconf 80' lang='lat' dir='ltr'><strong>BURDIGALENSIUM.</strong></span> 
     </span>
    </p>
   </div>
   <div class='ocr_carea' id='block_1_60' title="bbox 3527 241 3635 298">
    <p class='ocr_par' dir='ltr' id='par_1_60' title="bbox 3527 241 3635 298">
     <span class='ocr_line' id='line_1_60' title="bbox 3527 241 3635 298; baseline 0 0"><span class='ocrx_word' id='word_1_323' title='bbox 3527 241 3635 298; x_wconf 78' lang='lat'><strong>858</strong></span> 
     </span>
    </p>
   </div>
   <div class='ocr_carea' id='block_1_61' title="bbox 1955 348 3330 423">
    <p class='ocr_par' dir='ltr' id='par_1_61' title="bbox 1955 348 3330 423">
     <span class='ocr_line' id='line_1_61' title="bbox 1955 348 3330 423; baseline 0.003 -13"><span class='ocrx_word' id='word_1_324' title='bbox 1955 350 2008 410; x_wconf 77' lang='grc' dir='ltr'>Α</span> <span class='ocrx_word' id='word_1_325' title='bbox 2037 348 2174 406; x_wconf 93' lang='lat' dir='ltr'><strong>Illud</strong></span> <span class='ocrx_word' id='word_1_326' title='bbox 2205 366 2342 423; x_wconf 91' lang='lat' dir='ltr'><strong>opus</strong></span> <span class='ocrx_word' id='word_1_327' title='bbox 2365 353 2560 422; x_wconf 87' lang='lat' dir='ltr'><strong>pietas,</strong></span> <span class='ocrx_word' id='word_1_328' title='bbox 2591 354 2735 409; x_wconf 88' lang='lat' dir='ltr'><strong>istud</strong></span> <span class='ocrx_word' id='word_1_329' title='bbox 2759 355 3063 412; x_wconf 86' lang='lat' dir='ltr'><strong>reverenda</strong></span> <span class='ocrx_word' id='word_1_330' title='bbox 3091 356 3330 414; x_wconf 89' lang='lat' dir='ltr'><strong>virorum</strong></span> 
     </span>
    </p>
   </div>
   <div class='ocr_carea' id='block_1_62' title="bbox 2109 441 3284 516">
    <p class='ocr_par' dir='ltr' id='par_1_62' title="bbox 2109 441 3284 516">
     <span class='ocr_line' id='line_1_62' title="bbox 2109 441 3284 516; baseline 0.007 -20"><span class='ocrx_word' id='word_1_331' title='bbox 2109 441 2335 497; x_wconf 87' lang='lat' dir='ltr'><strong>Nomina</strong></span> <span class='ocrx_word' id='word_1_332' title='bbox 2363 459 2463 515; x_wconf 90' lang='lat' dir='ltr'><strong>pro</strong></span> <span class='ocrx_word' id='word_1_333' title='bbox 2493 445 2686 515; x_wconf 63' lang='lat' dir='ltr'><strong>patriae</strong></span> <span class='ocrx_word' id='word_1_334' title='bbox 2710 445 2992 516; x_wconf 91' lang='lat' dir='ltr'><strong>relligione</strong></span> <span class='ocrx_word' id='word_1_335' title='bbox 3024 446 3284 504; x_wconf 88' lang='lat' dir='ltr'><strong>habeant.</strong></span> 
     </span>
    </p>
   </div>
   <div class='ocr_carea' id='block_1_63' title="bbox 2035 533 3559 610">
    <p class='ocr_par' dir='ltr' id='par_1_63' title="bbox 2035 533 3559 610">
     <span class='ocr_line' id='line_1_63' title="bbox 2035 533 3559 610; baseline 0.004 -22"><span class='ocrx_word' id='word_1_336' title='bbox 2035 533 2127 590; x_wconf 90' lang='lat' dir='ltr'><strong>Bis</strong></span> <span class='ocrx_word' id='word_1_337' title='bbox 2162 535 2412 590; x_wconf 91' lang='lat' dir='ltr'><strong>meritum</strong></span> <span class='ocrx_word' id='word_1_338' title='bbox 2445 535 2647 604; x_wconf 87' lang='lat' dir='ltr'><strong>duplici</strong></span> <span class='ocrx_word' id='word_1_339' title='bbox 2673 537 3016 594; x_wconf 88' lang='lat' dir='ltr'><strong>celebremus</strong></span> <span class='ocrx_word' id='word_1_340' title='bbox 3045 538 3255 595; x_wconf 88' lang='lat' dir='ltr'><strong>honore</strong></span> <span class='ocrx_word' id='word_1_341' title='bbox 3279 549 3559 610; x_wconf 89' lang='lat' dir='ltr'><strong>parentem</strong></span> 
     </span>
    </p>
   </div>
   <div class='ocr_carea' id='block_1_64' title="bbox 2109 627 3378 704">
    <p class='ocr_par' dir='ltr' id='par_1_64' title="bbox 2109 627 3378 704">
     <span class='ocr_line' id='line_1_64' title="bbox 2109 627 3378 704; baseline 0.004 -21"><span class='ocrx_word' id='word_1_342' title='bbox 2109 627 2418 695; x_wconf 83' lang='lat' dir='ltr'><strong>Arborium,</strong></span> <span class='ocrx_word' id='word_1_343' title='bbox 2454 628 2689 685; x_wconf 89' lang='lat' dir='ltr'><strong>Arborio</strong></span> <span class='ocrx_word' id='word_1_344' title='bbox 2719 639 2892 701; x_wconf 91' lang='lat' dir='ltr'><strong>patre,</strong></span> <span class='ocrx_word' id='word_1_345' title='bbox 2919 640 2976 686; x_wconf 89' lang='lat' dir='ltr'><strong>et</strong></span> <span class='ocrx_word' id='word_1_346' title='bbox 3002 647 3106 687; x_wconf 90' lang='lat' dir='ltr'><strong>avo</strong></span> <span class='ocrx_word' id='word_1_347' title='bbox 3141 631 3378 704; x_wconf 81' lang='lat' dir='ltr'><strong>Argicio.</strong></span> 
     </span>
    </p>
   </div>
   <div class='ocr_carea' id='block_1_65' title="bbox 2035 723 3464 795">
    <p class='ocr_par' dir='ltr' id='par_1_65' title="bbox 2035 723 3464 795">
     <span class='ocr_line' id='line_1_65' title="bbox 2035 723 3464 795; baseline 0.001 -14"><span class='ocrx_word' id='word_1_348' title='bbox 2035 723 2280 782; x_wconf 90' lang='lat' dir='ltr'><strong>Stemma</strong></span> <span class='ocrx_word' id='word_1_349' title='bbox 2307 724 2400 780; x_wconf 91' lang='lat' dir='ltr'><strong>tibi</strong></span> <span class='ocrx_word' id='word_1_350' title='bbox 2426 725 2594 795; x_wconf 86' lang='lat' dir='ltr'><strong>patris</strong></span> <span class='ocrx_word' id='word_1_351' title='bbox 2621 725 2838 781; x_wconf 61' lang='lat' dir='ltr'><strong>IEduici</strong></span> <span class='ocrx_word' id='word_1_352' title='bbox 2876 745 2887 779; x_wconf 90' lang='lat'>:</span> <span class='ocrx_word' id='word_1_353' title='bbox 2923 725 3232 782; x_wconf 88' lang='lat' dir='ltr'><strong>Tarbellica</strong></span> <span class='ocrx_word' id='word_1_354' title='bbox 3262 726 3464 783; x_wconf 69' lang='lat' dir='ltr'><strong>Maurae</strong></span> 
     </span>
    </p>
   </div>
   <div class='ocr_carea' id='block_1_66' title="bbox 2106 801 3342 889">
    <p class='ocr_par' dir='ltr' id='par_1_66' title="bbox 2106 801 3342 889">
     <span class='ocr_line' id='line_1_66' title="bbox 2106 801 3342 889; baseline 0.002 -19"><span class='ocrx_word' id='word_1_355' title='bbox 2106 815 2290 871; x_wconf 87' lang='lat' dir='ltr'><strong>Matris</strong></span> <span class='ocrx_word' id='word_1_356' title='bbox 2318 817 2471 887; x_wconf 87' lang='lat' dir='ltr'><strong>origo</strong></span> <span class='ocrx_word' id='word_1_357' title='bbox 2493 815 2617 886; x_wconf 83' lang='lat' dir='ltr'><strong>fuit,</strong></span> <span class='ocrx_word' id='word_1_358' title='bbox 2653 817 2814 872; x_wconf 91' lang='lat' dir='ltr'><strong>ambo</strong></span> <span class='ocrx_word' id='word_1_359' title='bbox 2835 833 3009 888; x_wconf 88' lang='lat' dir='ltr'><strong>genus</strong></span> <span class='ocrx_word' id='word_1_360' title='bbox 3037 801 3342 889; x_wconf 91' lang='lat' dir='ltr'><strong>procerum.</strong></span> 
     </span>
    </p>
   </div>
   <div class='ocr_carea' id='block_1_67' title="bbox 2034 906 3471 977">
    <p class='ocr_par' dir='ltr' id='par_1_67' title="bbox 2034 906 3471 977">
     <span class='ocr_line' id='line_1_67' title="bbox 2034 906 3471 977; baseline 0 -13"><span class='ocrx_word' id='word_1_361' title='bbox 2034 906 2242 964; x_wconf 88' lang='lat' dir='ltr'><strong>Nobilis</strong></span> <span class='ocrx_word' id='word_1_362' title='bbox 2270 918 2323 964; x_wconf 91' lang='lat' dir='ltr'><strong>et</strong></span> <span class='ocrx_word' id='word_1_363' title='bbox 2356 909 2540 965; x_wconf 83' lang='lat' dir='ltr'><strong>dotata</strong></span> <span class='ocrx_word' id='word_1_364' title='bbox 2565 923 2720 977; x_wconf 88' lang='lat' dir='ltr'><strong>uxor,</strong></span> <span class='ocrx_word' id='word_1_365' title='bbox 2747 910 2964 977; x_wconf 91' lang='lat' dir='ltr'><strong>domus,</strong></span> <span class='ocrx_word' id='word_1_366' title='bbox 2989 921 3046 966; x_wconf 89' lang='lat' dir='ltr'><strong>et</strong></span> <span class='ocrx_word' id='word_1_367' title='bbox 3069 909 3280 976; x_wconf 88' lang='lat' dir='ltr'><strong>schola,</strong></span> <span class='ocrx_word' id='word_1_368' title='bbox 3311 909 3471 965; x_wconf 68' lang='lat' dir='ltr'><strong>culta:</strong></span> 
     </span>
    </p>
   </div>
   <div class='ocr_carea' id='block_1_68' title="bbox 2105 1001 3315 1074">
    <p class='ocr_par' dir='ltr' id='par_1_68' title="bbox 2105 1001 3315 1074">
     <span class='ocr_line' id='line_1_68' title="bbox 2105 1001 3315 1074; baseline 0.001 -18"><span class='ocrx_word' id='word_1_369' title='bbox 2105 1001 2416 1074; x_wconf 87' lang='lat' dir='ltr'><strong>Principum</strong></span> <span class='ocrx_word' id='word_1_370' title='bbox 2445 1002 2700 1058; x_wconf 71' lang='lat' dir='ltr'><strong>amicitiae</strong></span> <span class='ocrx_word' id='word_1_371' title='bbox 2728 1004 3076 1074; x_wconf 90' lang='lat' dir='ltr'><strong>contigerunt</strong></span> <span class='ocrx_word' id='word_1_372' title='bbox 3102 1003 3315 1072; x_wconf 91' lang='lat' dir='ltr'><strong>juveni.</strong></span> 
     </span>
    </p>
   </div>
   <div class='ocr_carea' id='block_1_69' title="bbox 2037 1094 3276 1167">
    <p class='ocr_par' dir='ltr' id='par_1_69' title="bbox 2037 1094 3276 1167">
     <span class='ocr_line' id='line_1_69' title="bbox 2037 1094 3276 1167; baseline 0 -16"><span class='ocrx_word' id='word_1_373' title='bbox 2037 1096 2174 1151; x_wconf 89' lang='lat' dir='ltr'><strong>Dum</strong></span> <span class='ocrx_word' id='word_1_374' title='bbox 2203 1095 2546 1150; x_wconf 87' lang='lat' dir='ltr'><strong>Constantini</strong></span> <span class='ocrx_word' id='word_1_375' title='bbox 2577 1094 2772 1151; x_wconf 81' lang='lat' dir='ltr'><strong>fratres</strong></span> <span class='ocrx_word' id='word_1_376' title='bbox 2794 1095 3052 1167; x_wconf 84' lang='lat' dir='ltr'><strong>cpulenta</strong></span> <span class='ocrx_word' id='word_1_377' title='bbox 3081 1096 3276 1151; x_wconf 90' lang='lat' dir='ltr'><strong>Tolosa</strong></span> 
     </span>
    </p>
   </div>
   <div class='ocr_carea' id='block_1_70' title="bbox 2107 1188 3094 1261">
    <p class='ocr_par' dir='ltr' id='par_1_70' title="bbox 2107 1188 3094 1261">
     <span class='ocr_line' id='line_1_70' title="bbox 2107 1188 3094 1261; baseline 0 -17"><span class='ocrx_word' id='word_1_378' title='bbox 2107 1188 2298 1245; x_wconf 80' lang='lat' dir='ltr'><strong>Exsilii</strong></span> <span class='ocrx_word' id='word_1_379' title='bbox 2322 1189 2505 1261; x_wconf 84' lang='lat' dir='ltr'><strong>specie</strong></span> <span class='ocrx_word' id='word_1_380' title='bbox 2529 1189 2801 1260; x_wconf 89' lang='lat' dir='ltr'><strong>sepositos</strong></span> <span class='ocrx_word' id='word_1_381' title='bbox 2831 1190 3054 1246; x_wconf 85' lang='lat' dir='ltr'><strong>cohibet</strong></span> <span class='ocrx_word' id='word_1_382' title='bbox 3082 1209 3094 1244; x_wconf 90' lang='lat'><strong>:</strong></span> 
     </span>
    </p>
   </div>
   <div class='ocr_carea' id='block_1_71' title="bbox 2034 1282 3632 1356">
    <p class='ocr_par' dir='ltr' id='par_1_71' title="bbox 2034 1282 3632 1356">
     <span class='ocr_line' id='line_1_71' title="bbox 2034 1282 3632 1356; baseline -0.001 -17"><span class='ocrx_word' id='word_1_383' title='bbox 2034 1283 2261 1356; x_wconf 87' lang='lat' dir='ltr'><strong>Byzanti</strong></span> <span class='ocrx_word' id='word_1_384' title='bbox 2293 1283 2421 1340; x_wconf 91' lang='lat' dir='ltr'><strong>inde</strong></span> <span class='ocrx_word' id='word_1_385' title='bbox 2446 1299 2650 1351; x_wconf 89' lang='lat' dir='ltr'><strong>arcem,</strong></span> <span class='ocrx_word' id='word_1_386' title='bbox 2678 1283 3043 1354; x_wconf 82' lang='lat' dir='ltr'><strong>Thressaeque</strong></span> <span class='ocrx_word' id='word_1_387' title='bbox 3071 1283 3420 1354; x_wconf 88' lang='lat' dir='ltr'><strong>Propontidis</strong></span> <span class='ocrx_word' id='word_1_388' title='bbox 3442 1282 3632 1339; x_wconf 87' lang='lat' dir='ltr'><strong>urbem</strong></span> 
     </span>
    </p>
   </div>
   <div class='ocr_carea' id='block_1_72' title="bbox 2104 1377 3168 1449">
    <p class='ocr_par' dir='ltr' id='par_1_72' title="bbox 2104 1377 3168 1449">
     <span class='ocr_line' id='line_1_72' title="bbox 2104 1377 3168 1449; baseline -0.004 -15"><span class='ocrx_word' id='word_1_389' title='bbox 2104 1377 2630 1449; x_wconf 89' lang='lat' dir='ltr'><strong>Constantinopolim</strong></span> <span class='ocrx_word' id='word_1_390' title='bbox 2659 1377 2800 1432; x_wconf 79' lang='lat' dir='ltr'><strong>fama</strong></span> <span class='ocrx_word' id='word_1_391' title='bbox 2831 1378 2906 1432; x_wconf 93' lang='lat' dir='ltr'><strong>tui</strong></span> <span class='ocrx_word' id='word_1_392' title='bbox 2941 1377 3168 1448; x_wconf 88' lang='lat' dir='ltr'><strong>pepulit.</strong></span> 
     </span>
    </p>
   </div>
   <div class='ocr_carea' id='block_1_73' title="bbox 2035 1469 3454 1541">
    <p class='ocr_par' dir='ltr' id='par_1_73' title="bbox 2035 1469 3454 1541">
     <span class='ocr_line' id='line_1_73' title="bbox 2035 1469 3454 1541; baseline 0 -16"><span class='ocrx_word' id='word_1_393' title='bbox 2035 1469 2154 1525; x_wconf 90' lang='lat' dir='ltr'><strong>Illic</strong></span> <span class='ocrx_word' id='word_1_394' title='bbox 2178 1469 2335 1527; x_wconf 90' lang='lat' dir='ltr'><strong>dives</strong></span> <span class='ocrx_word' id='word_1_395' title='bbox 2365 1484 2552 1540; x_wconf 92' lang='lat' dir='ltr'><strong>opum,</strong></span> <span class='ocrx_word' id='word_1_396' title='bbox 2582 1470 2854 1541; x_wconf 89' lang='lat' dir='ltr'><strong>doctoque</strong></span> <span class='ocrx_word' id='word_1_397' title='bbox 2874 1471 2946 1525; x_wconf 92' lang='lat' dir='ltr'><strong>ibi</strong></span> <span class='ocrx_word' id='word_1_398' title='bbox 2969 1469 3183 1526; x_wconf 81' lang='lat' dir='ltr'><strong>Caesare</strong></span> <span class='ocrx_word' id='word_1_399' title='bbox 3210 1470 3454 1526; x_wconf 90' lang='lat' dir='ltr'><strong>honorus</strong></span> 
     </span>
    </p>
   </div>
   <div class='ocr_carea' id='block_1_74' title="bbox 2104 1562 3338 1636">
    <p class='ocr_par' dir='ltr' id='par_1_74' title="bbox 2104 1562 3338 1636">
     <span class='ocr_line' id='line_1_74' title="bbox 2104 1562 3338 1636; baseline -0.001 -17"><span class='ocrx_word' id='word_1_400' title='bbox 2104 1562 2418 1630; x_wconf 87' lang='lat' dir='ltr'><strong>Occumbis,</strong></span> <span class='ocrx_word' id='word_1_401' title='bbox 2441 1564 2686 1634; x_wconf 90' lang='lat' dir='ltr'><strong>patribus</strong></span> <span class='ocrx_word' id='word_1_402' title='bbox 2715 1563 2907 1636; x_wconf 82' lang='lat' dir='ltr'><strong>Magne</strong></span> <span class='ocrx_word' id='word_1_403' title='bbox 2929 1564 3338 1635; x_wconf 77' lang='lat' dir='ltr'><strong>supersmibus.</strong></span> 
     </span>
    </p>
   </div>
   <div class='ocr_carea' id='block_1_75' title="bbox 2036 1655 3547 1724">
    <p class='ocr_par' dir='ltr' id='par_1_75' title="bbox 2036 1655 3547 1724">
     <span class='ocr_line' id='line_1_75' title="bbox 2036 1655 3547 1724; baseline 0.001 -15"><span class='ocrx_word' id='word_1_404' title='bbox 2036 1655 2094 1710; x_wconf 86' lang='lat' dir='ltr'><strong>In</strong></span> <span class='ocrx_word' id='word_1_405' title='bbox 2122 1655 2354 1724; x_wconf 85' lang='lat' dir='ltr'><strong>patriam</strong></span> <span class='ocrx_word' id='word_1_406' title='bbox 2385 1655 2480 1711; x_wconf 88' lang='lat' dir='ltr'><strong>sed</strong></span> <span class='ocrx_word' id='word_1_407' title='bbox 2510 1665 2560 1710; x_wconf 92' lang='lat' dir='ltr'><strong>Ie</strong></span> <span class='ocrx_word' id='word_1_408' title='bbox 2585 1656 2795 1722; x_wconf 87' lang='lat' dir='ltr'><strong>sedem,</strong></span> <span class='ocrx_word' id='word_1_409' title='bbox 2820 1669 2886 1710; x_wconf 88' lang='lat' dir='ltr'><strong>ac</strong></span> <span class='ocrx_word' id='word_1_410' title='bbox 2916 1665 3270 1712; x_wconf 88' lang='lat' dir='ltr'><strong>monumenta</strong></span> <span class='ocrx_word' id='word_1_411' title='bbox 3306 1664 3547 1721; x_wconf 90' lang='lat' dir='ltr'><strong>tuorum,</strong></span> 
     </span>
    </p>
   </div>
   <div class='ocr_carea' id='block_1_76' title="bbox 1960 1732 3122 1818">
    <p class='ocr_par' dir='ltr' id='par_1_76' title="bbox 1960 1732 3122 1818">
     <span class='ocr_line' id='line_1_76' title="bbox 1960 1732 3122 1818; baseline 0.001 -16"><span class='ocrx_word' id='word_1_412' title='bbox 1960 1732 2009 1793; x_wconf 86' lang='grc' dir='ltr'>Β</span> <span class='ocrx_word' id='word_1_413' title='bbox 2107 1747 2378 1815; x_wconf 85' lang='lat' dir='ltr'><strong>Principis</strong></span> <span class='ocrx_word' id='word_1_414' title='bbox 2401 1747 2626 1818; x_wconf 80' lang='lat' dir='ltr'><strong>Augusti</strong></span> <span class='ocrx_word' id='word_1_415' title='bbox 2656 1747 2899 1802; x_wconf 86' lang='lat' dir='ltr'><strong>restituit</strong></span> <span class='ocrx_word' id='word_1_416' title='bbox 2927 1748 3122 1815; x_wconf 89' lang='lat' dir='ltr'><strong>pietas.</strong></span> 
     </span>
    </p>
   </div>
   <div class='ocr_carea' id='block_1_77' title="bbox 2032 1838 3523 1910">
    <p class='ocr_par' dir='ltr' id='par_1_77' title="bbox 2032 1838 3523 1910">
     <span class='ocr_line' id='line_1_77' title="bbox 2032 1838 3523 1910; baseline -0.001 -16"><span class='ocrx_word' id='word_1_417' title='bbox 2032 1838 2169 1894; x_wconf 83' lang='lat' dir='ltr'><strong>Hinc</strong></span> <span class='ocrx_word' id='word_1_418' title='bbox 2197 1847 2424 1894; x_wconf 89' lang='lat' dir='ltr'><strong>renovat</strong></span> <span class='ocrx_word' id='word_1_419' title='bbox 2452 1851 2673 1892; x_wconf 90' lang='lat' dir='ltr'><strong>causam</strong></span> <span class='ocrx_word' id='word_1_420' title='bbox 2705 1838 3053 1910; x_wconf 86' lang='lat' dir='ltr'><strong>lacrymis,et</strong></span> <span class='ocrx_word' id='word_1_421' title='bbox 3079 1838 3263 1896; x_wconf 81' lang='lat' dir='ltr'><strong>ﬂebile</strong></span> <span class='ocrx_word' id='word_1_422' title='bbox 3302 1855 3523 1907; x_wconf 82' lang='lat' dir='ltr'><strong>munus,</strong></span> 
     </span>
    </p>
   </div>
   <div class='ocr_carea' id='block_1_78' title="bbox 2102 1931 3054 2002">
    <p class='ocr_par' dir='ltr' id='par_1_78' title="bbox 2102 1931 3054 2002">
     <span class='ocr_line' id='line_1_78' title="bbox 2102 1931 3054 2002; baseline -0.001 -14"><span class='ocrx_word' id='word_1_423' title='bbox 2102 1932 2330 1988; x_wconf 84' lang='lat' dir='ltr'><strong>Annuus</strong></span> <span class='ocrx_word' id='word_1_424' title='bbox 2360 1931 2569 2002; x_wconf 87' lang='lat' dir='ltr'><strong>ingrata</strong></span> <span class='ocrx_word' id='word_1_425' title='bbox 2603 1931 2888 2002; x_wconf 90' lang='lat' dir='ltr'><strong>relligione</strong></span> <span class='ocrx_word' id='word_1_426' title='bbox 2914 1931 3054 1987; x_wconf 91' lang='lat' dir='ltr'><strong>dies.</strong></span> 
     </span>
    </p>
   </div>
   <div class='ocr_carea' id='block_1_79' title="bbox 2337 2065 3311 2139">
    <p class='ocr_par' dir='ltr' id='par_1_79' title="bbox 2337 2065 3311 2139">
     <span class='ocr_line' id='line_1_79' title="bbox 2337 2065 3311 2139; baseline -0.003 -16"><span class='ocrx_word' id='word_1_427' title='bbox 2337 2067 2502 2123; x_wconf 81' lang='lat' dir='ltr'><strong>XVII.</strong></span> <span class='ocrx_word' id='word_1_428' title='bbox 2523 2065 2848 2139; x_wconf 73' lang='lat' dir='ltr'><strong>Exuperius,</strong></span> <span class='ocrx_word' id='word_1_429' title='bbox 2877 2068 3055 2123; x_wconf 82' lang='lat' dir='ltr'><strong>rhetor</strong></span> <span class='ocrx_word' id='word_1_430' title='bbox 3087 2066 3311 2122; x_wconf 73' lang='lat' dir='ltr'><strong>Teleste.</strong></span> 
     </span>
    </p>
   </div>
   <div class='ocr_carea' id='block_1_80' title="bbox 2030 2180 3406 2254">
    <p class='ocr_par' dir='ltr' id='par_1_80' title="bbox 2030 2180 3406 2254">
     <span class='ocr_line' id='line_1_80' title="bbox 2030 2180 3406 2254; baseline -0.004 -14"><span class='ocrx_word' id='word_1_431' title='bbox 2030 2184 2264 2254; x_wconf 87' lang='lat' dir='ltr'><strong>Exuperi</strong></span> <span class='ocrx_word' id='word_1_432' title='bbox 2296 2182 2653 2238; x_wconf 89' lang='lat' dir='ltr'><strong>memorande</strong></span> <span class='ocrx_word' id='word_1_433' title='bbox 2676 2182 2832 2249; x_wconf 91' lang='lat' dir='ltr'><strong>mihi,</strong></span> <span class='ocrx_word' id='word_1_434' title='bbox 2865 2181 3095 2237; x_wconf 76' lang='lat' dir='ltr'><strong>facunde</strong></span> <span class='ocrx_word' id='word_1_435' title='bbox 3120 2180 3238 2236; x_wconf 91' lang='lat' dir='ltr'><strong>sine</strong></span> <span class='ocrx_word' id='word_1_436' title='bbox 3268 2185 3406 2247; x_wconf 87' lang='lat' dir='ltr'><strong>arte,</strong></span> 
     </span>
    </p>
   </div>
   <div class='ocr_carea' id='block_1_81' title="bbox 2027 2273 3250 2347">
    <p class='ocr_par' dir='ltr' id='par_1_81' title="bbox 2027 2273 3250 2347">
     <span class='ocr_line' id='line_1_81' title="bbox 2027 2273 3250 2347; baseline -0.005 -13"><span class='ocrx_word' id='word_1_437' title='bbox 2027 2277 2247 2334; x_wconf 89' lang='lat' dir='ltr'><strong>Incessu</strong></span> <span class='ocrx_word' id='word_1_438' title='bbox 2276 2277 2462 2346; x_wconf 86' lang='lat' dir='ltr'><strong>gravis</strong></span> <span class='ocrx_word' id='word_1_439' title='bbox 2491 2283 2546 2331; x_wconf 91' lang='lat' dir='ltr'><strong>et</strong></span> <span class='ocrx_word' id='word_1_440' title='bbox 2573 2275 2755 2331; x_wconf 89' lang='lat' dir='ltr'><strong>verbis</strong></span> <span class='ocrx_word' id='word_1_441' title='bbox 2788 2273 3125 2347; x_wconf 89' lang='lat' dir='ltr'><strong>ingentibus,</strong></span> <span class='ocrx_word' id='word_1_442' title='bbox 3151 2289 3250 2330; x_wconf 89' lang='lat' dir='ltr'><strong>ore</strong></span> 
     </span>
    </p>
   </div>
   <div class='ocr_carea' id='block_1_82' title="bbox 2029 2367 3630 2436">
    <p class='ocr_par' dir='ltr' id='par_1_82' title="bbox 2029 2367 3630 2436">
     <span class='ocr_line' id='line_1_82' title="bbox 2029 2367 3630 2436; baseline -0.004 -11"><span class='ocrx_word' id='word_1_443' title='bbox 2029 2368 2360 2434; x_wconf 90' lang='lat' dir='ltr'><strong>Pulcher,et</strong></span> <span class='ocrx_word' id='word_1_444' title='bbox 2377 2367 2443 2421; x_wconf 89' lang='lat' dir='ltr'><strong>ad</strong></span> <span class='ocrx_word' id='word_1_445' title='bbox 2461 2383 2754 2434; x_wconf 87' lang='lat' dir='ltr'><strong>summam,</strong></span> <span class='ocrx_word' id='word_1_446' title='bbox 2775 2376 3035 2436; x_wconf 90' lang='lat' dir='ltr'><strong>motuque</strong></span> <span class='ocrx_word' id='word_1_447' title='bbox 3057 2367 3358 2436; x_wconf 89' lang='lat' dir='ltr'><strong>habituque</strong></span> <span class='ocrx_word' id='word_1_448' title='bbox 3378 2373 3630 2430; x_wconf 89' lang='lat' dir='ltr'><strong>venusto,</strong></span> 
     </span>
    </p>
   </div>
   <div class='ocr_carea' id='block_1_83' title="bbox 2028 2457 3379 2532">
    <p class='ocr_par' dir='ltr' id='par_1_83' title="bbox 2028 2457 3379 2532">
     <span class='ocr_line' id='line_1_83' title="bbox 2028 2457 3379 2532; baseline -0.003 -16"><span class='ocrx_word' id='word_1_449' title='bbox 2028 2459 2198 2532; x_wconf 83' lang='lat' dir='ltr'><strong>Copia</strong></span> <span class='ocrx_word' id='word_1_450' title='bbox 2227 2459 2312 2514; x_wconf 90' lang='lat' dir='ltr'><strong>cui</strong></span> <span class='ocrx_word' id='word_1_451' title='bbox 2343 2458 2494 2514; x_wconf 78' lang='lat' dir='ltr'><strong>fandi</strong></span> <span class='ocrx_word' id='word_1_452' title='bbox 2525 2459 2687 2529; x_wconf 86' lang='lat' dir='ltr'><strong>longe</strong></span> <span class='ocrx_word' id='word_1_453' title='bbox 2712 2457 3111 2528; x_wconf 89' lang='lat' dir='ltr'><strong>pulcherrima;</strong></span> <span class='ocrx_word' id='word_1_454' title='bbox 3143 2473 3306 2528; x_wconf 89' lang='lat' dir='ltr'><strong>quam</strong></span> <span class='ocrx_word' id='word_1_455' title='bbox 3333 2458 3379 2512; x_wconf 88' lang='lat' dir='ltr'><strong>si</strong></span> 
     </span>
    </p>
   </div>
   <div class='ocr_carea' id='block_1_84' title="bbox 2028 2549 3267 2621">
    <p class='ocr_par' dir='ltr' id='par_1_84' title="bbox 2028 2549 3267 2621">
     <span class='ocr_line' id='line_1_84' title="bbox 2028 2549 3267 2621; baseline -0.006 -12"><span class='ocrx_word' id='word_1_456' title='bbox 2028 2553 2228 2609; x_wconf 89' lang='lat' dir='ltr'><strong>Auditu</strong></span> <span class='ocrx_word' id='word_1_457' title='bbox 2253 2561 2408 2608; x_wconf 90' lang='lat' dir='ltr'><strong>tenus</strong></span> <span class='ocrx_word' id='word_1_458' title='bbox 2429 2551 2730 2621; x_wconf 88' lang='lat' dir='ltr'><strong>acciperes,</strong></span> <span class='ocrx_word' id='word_1_459' title='bbox 2758 2549 2953 2605; x_wconf 82' lang='lat' dir='ltr'><strong>deﬂala</strong></span> <span class='ocrx_word' id='word_1_460' title='bbox 2981 2551 3223 2620; x_wconf 84' lang='lat' dir='ltr'><strong>placeret</strong></span> <span class='ocrx_word' id='word_1_461' title='bbox 3249 2564 3267 2602; x_wconf 91' lang='lat'><strong><em>:</em></strong></span> 
     </span>
    </p>
   </div>
   <div class='ocr_carea' id='block_1_85' title="bbox 2029 2645 3332 2703">
    <p class='ocr_par' dir='ltr' id='par_1_85' title="bbox 2029 2645 3332 2703">
     <span class='ocr_line' id='line_1_85' title="bbox 2029 2645 3332 2703; baseline -0.004 -1"><span class='ocrx_word' id='word_1_462' title='bbox 2029 2647 2343 2703; x_wconf 82' lang='lat' dir='ltr'><strong>Discussam</strong></span> <span class='ocrx_word' id='word_1_463' title='bbox 2374 2647 2544 2701; x_wconf 89' lang='lat' dir='ltr'><strong>scires</strong></span> <span class='ocrx_word' id='word_1_464' title='bbox 2570 2646 2732 2702; x_wconf 88' lang='lat' dir='ltr'><strong>solidi</strong></span> <span class='ocrx_word' id='word_1_465' title='bbox 2758 2645 2893 2701; x_wconf 89' lang='lat' dir='ltr'><strong>nihil</strong></span> <span class='ocrx_word' id='word_1_466' title='bbox 2920 2645 3087 2701; x_wconf 89' lang='lat' dir='ltr'><strong>edere</strong></span> <span class='ocrx_word' id='word_1_467' title='bbox 3117 2658 3332 2700; x_wconf 90' lang='lat' dir='ltr'><strong>sensus.</strong></span> 
     </span>
    </p>
   </div>
   <div class='ocr_carea' id='block_1_86' title="bbox 2028 2737 3474 2822">
    <p class='ocr_par' dir='ltr' id='par_1_86' title="bbox 2028 2737 3474 2822">
     <span class='ocr_line' id='line_1_86' title="bbox 2028 2737 3474 2822; baseline -0.003 -25"><span class='ocrx_word' id='word_1_468' title='bbox 2028 2740 2288 2797; x_wconf 66' lang='lat' dir='ltr'><strong>Palladiae</strong></span> <span class='ocrx_word' id='word_1_469' title='bbox 2309 2741 2545 2811; x_wconf 92' lang='lat' dir='ltr'><strong>primum</strong></span> <span class='ocrx_word' id='word_1_470' title='bbox 2573 2749 2695 2810; x_wconf 84' lang='lat' dir='ltr'><strong>toga</strong></span> <span class='ocrx_word' id='word_1_471' title='bbox 2725 2748 2778 2795; x_wconf 87' lang='lat' dir='ltr'><strong>te</strong></span> <span class='ocrx_word' id='word_1_472' title='bbox 2807 2748 3065 2795; x_wconf 86' lang='lat' dir='ltr'><strong>venerata</strong></span> <span class='ocrx_word' id='word_1_473' title='bbox 3095 2737 3332 2803; x_wconf 64' lang='lat' dir='ltr'><strong>Tolosae,</strong></span> <span class='ocrx_word' id='word_1_474' title='bbox 3458 2807 3474 2822; x_wconf 41' lang='grc' dir='ltr'><strong><em>ο</em></strong></span> 
     </span>
    </p>
   </div>
   <div class='ocr_carea' id='block_1_87' title="bbox 2030 2827 3441 2903">
    <p class='ocr_par' dir='ltr' id='par_1_87' title="bbox 2030 2827 3441 2903">
     <span class='ocr_line' id='line_1_87' title="bbox 2030 2827 3441 2903; baseline -0.004 -16"><span class='ocrx_word' id='word_1_475' title='bbox 2030 2834 2151 2888; x_wconf 84' lang='lat' dir='ltr'><strong>Mox</strong></span> <span class='ocrx_word' id='word_1_476' title='bbox 2186 2832 2395 2903; x_wconf 91' lang='lat' dir='ltr'><strong>pepulit</strong></span> <span class='ocrx_word' id='word_1_477' title='bbox 2425 2832 2649 2888; x_wconf 87' lang='lat' dir='ltr'><strong>levitate</strong></span> <span class='ocrx_word' id='word_1_478' title='bbox 2679 2831 2820 2901; x_wconf 89' lang='lat' dir='ltr'><strong>pari.</strong></span> <span class='ocrx_word' id='word_1_479' title='bbox 2845 2830 3026 2886; x_wconf 84' lang='lat' dir='ltr'><strong>Narbo</strong></span> <span class='ocrx_word' id='word_1_480' title='bbox 3057 2829 3184 2886; x_wconf 89' lang='lat' dir='ltr'><strong>inde</strong></span> <span class='ocrx_word' id='word_1_481' title='bbox 3212 2827 3441 2899; x_wconf 87' lang='lat' dir='ltr'><strong>recepit.</strong></span> 
     </span>
    </p>
   </div>
   <div class='ocr_carea' id='block_1_88' title="bbox 2029 2915 3135 2995">
    <p class='ocr_par' dir='ltr' id='par_1_88' title="bbox 2029 2915 3135 2995">
     <span class='ocr_line' id='line_1_88' title="bbox 2029 2915 3135 2995; baseline -0.004 -15"><span class='ocrx_word' id='word_1_482' title='bbox 2029 2925 2144 2981; x_wconf 87' lang='lat' dir='ltr'><strong>Illic</strong></span> <span class='ocrx_word' id='word_1_483' title='bbox 2175 2924 2441 2981; x_wconf 84' lang='lat' dir='ltr'><strong>Dalmatio</strong></span> <span class='ocrx_word' id='word_1_484' title='bbox 2461 2915 2705 2995; x_wconf 86' lang='lat' dir='ltr'><strong>genitos,</strong></span> <span class='ocrx_word' id='word_1_485' title='bbox 2738 2922 2920 2978; x_wconf 84' lang='lat' dir='ltr'><strong>fatalia</strong></span> <span class='ocrx_word' id='word_1_486' title='bbox 2945 2937 3135 2992; x_wconf 86' lang='lat' dir='ltr'><strong>regum</strong></span> 
     </span>
    </p>
   </div>
   <div class='ocr_carea' id='block_1_89' title="bbox 2028 3012 3415 3087">
    <p class='ocr_par' dir='ltr' id='par_1_89' title="bbox 2028 3012 3415 3087">
     <span class='ocr_line' id='line_1_89' title="bbox 2028 3012 3415 3087; baseline -0.004 -14"><span class='ocrx_word' id='word_1_487' title='bbox 2028 3017 2284 3085; x_wconf 88' lang='lat' dir='ltr'><strong>Nomina,</strong></span> <span class='ocrx_word' id='word_1_488' title='bbox 2314 3027 2425 3073; x_wconf 92' lang='lat' dir='ltr'><strong>tum</strong></span> <span class='ocrx_word' id='word_1_489' title='bbox 2455 3032 2656 3087; x_wconf 91' lang='lat' dir='ltr'><strong>pueros</strong></span> <span class='ocrx_word' id='word_1_490' title='bbox 2679 3016 2871 3087; x_wconf 87' lang='lat' dir='ltr'><strong>grandi</strong></span> <span class='ocrx_word' id='word_1_491' title='bbox 2904 3014 3160 3071; x_wconf 89' lang='lat' dir='ltr'><strong>mercede</strong></span> <span class='ocrx_word' id='word_1_492' title='bbox 3184 3012 3415 3069; x_wconf 90' lang='lat' dir='ltr'><strong>docendi</strong></span> 
     </span>
    </p>
   </div>
   <div class='ocr_carea' id='block_1_90' title="bbox 1954 3101 3410 3181">
    <p class='ocr_par' dir='ltr' id='par_1_90' title="bbox 1954 3101 3410 3181">
     <span class='ocr_line' id='line_1_90' title="bbox 1954 3101 3410 3181; baseline -0.005 -17"><span class='ocrx_word' id='word_1_493' title='bbox 1954 3118 1999 3181; x_wconf 76' lang='grc' dir='ltr'><strong>ρ</strong></span> <span class='ocrx_word' id='word_1_494' title='bbox 2030 3107 2328 3172; x_wconf 86' lang='lat' dir='ltr'><strong>Formasti,</strong></span> <span class='ocrx_word' id='word_1_495' title='bbox 2353 3107 2585 3170; x_wconf 81' lang='lat' dir='ltr'><strong>Rhetor,</strong></span> <span class='ocrx_word' id='word_1_496' title='bbox 2609 3116 2810 3162; x_wconf 89' lang='lat' dir='ltr'><strong>metam</strong></span> <span class='ocrx_word' id='word_1_497' title='bbox 2840 3121 3011 3176; x_wconf 89' lang='lat' dir='ltr'><strong>pr0pe</strong></span> <span class='ocrx_word' id='word_1_498' title='bbox 3036 3104 3262 3175; x_wconf 90' lang='lat' dir='ltr'><strong>puberis</strong></span> <span class='ocrx_word' id='word_1_499' title='bbox 3285 3101 3410 3158; x_wconf 59' lang='lat' dir='ltr'><strong>aevi.</strong></span> 
     </span>
    </p>
   </div>
   <div class='ocr_carea' id='block_1_91' title="bbox 2027 3197 3368 3273">
    <p class='ocr_par' dir='ltr' id='par_1_91' title="bbox 2027 3197 3368 3273">
     <span class='ocr_line' id='line_1_91' title="bbox 2027 3197 3368 3273; baseline -0.004 -17"><span class='ocrx_word' id='word_1_500' title='bbox 2027 3205 2334 3261; x_wconf 67' lang='lat' dir='ltr'><strong>(laesoreum</strong></span> <span class='ocrx_word' id='word_1_501' title='bbox 2365 3201 2457 3273; x_wconf 91' lang='lat' dir='ltr'><strong>qui</strong></span> <span class='ocrx_word' id='word_1_502' title='bbox 2477 3217 2602 3256; x_wconf 85' lang='lat' dir='ltr'><strong>mox</strong></span> <span class='ocrx_word' id='word_1_503' title='bbox 2635 3200 2839 3270; x_wconf 91' lang='lat' dir='ltr'><strong>indepti</strong></span> <span class='ocrx_word' id='word_1_504' title='bbox 2865 3214 3087 3265; x_wconf 91' lang='lat' dir='ltr'><strong>nomen,</strong></span> <span class='ocrx_word' id='word_1_505' title='bbox 3105 3197 3368 3252; x_wconf 89' lang='lat' dir='ltr'><strong>honorem</strong></span> 
     </span>
    </p>
   </div>
   <div class='ocr_carea' id='block_1_92' title="bbox 2027 3288 3432 3367">
    <p class='ocr_par' dir='ltr' id='par_1_92' title="bbox 2027 3288 3432 3367">
     <span class='ocr_line' id='line_1_92' title="bbox 2027 3288 3432 3367; baseline -0.009 -13"><span class='ocrx_word' id='word_1_506' title='bbox 2027 3296 2310 3363; x_wconf 68' lang='lat' dir='ltr'><strong>Praesidis,</strong></span> <span class='ocrx_word' id='word_1_507' title='bbox 2340 3295 2750 3367; x_wconf 68' lang='lat' dir='ltr'><strong>Hispanquue</strong></span> <span class='ocrx_word' id='word_1_508' title='bbox 2772 3292 2868 3348; x_wconf 91' lang='lat' dir='ltr'><strong>tibi</strong></span> <span class='ocrx_word' id='word_1_509' title='bbox 2896 3291 3137 3348; x_wconf 89' lang='lat' dir='ltr'><strong>tribuere</strong></span> <span class='ocrx_word' id='word_1_510' title='bbox 3168 3288 3432 3345; x_wconf 88' lang='lat' dir='ltr'><strong>tribunal.</strong></span> 
     </span>
    </p>
   </div>
   <div class='ocr_carea' id='block_1_93' title="bbox 1957 3382 3431 3461">
    <p class='ocr_par' dir='ltr' id='par_1_93' title="bbox 1957 3382 3431 3461">
     <span class='ocr_line' id='line_1_93' title="bbox 1957 3382 3431 3461; baseline -0.007 -13"><span class='ocrx_word' id='word_1_511' title='bbox 1957 3401 1962 3405; x_wconf 79' lang='grc'><em>’</em></span> <span class='ocrx_word' id='word_1_512' title='bbox 2027 3391 2330 3457; x_wconf 89' lang='lat' dir='ltr'><strong>Decedens,</strong></span> <span class='ocrx_word' id='word_1_513' title='bbox 2362 3388 2606 3461; x_wconf 85' lang='lat' dir='ltr'><strong>placidos</strong></span> <span class='ocrx_word' id='word_1_514' title='bbox 2637 3401 2843 3452; x_wconf 91' lang='lat' dir='ltr'><strong>mores,</strong></span> <span class='ocrx_word' id='word_1_515' title='bbox 2873 3385 3276 3455; x_wconf 89' lang='lat' dir='ltr'><strong>tranquillaque</strong></span> <span class='ocrx_word' id='word_1_516' title='bbox 3304 3382 3431 3438; x_wconf 72' lang='lat' dir='ltr'><strong>vita:</strong></span> 
     </span>
    </p>
   </div>
   <div class='ocr_carea' id='block_1_94' title="bbox 2025 3474 3228 3552">
    <p class='ocr_par' dir='ltr' id='par_1_94' title="bbox 2025 3474 3228 3552">
     <span class='ocr_line' id='line_1_94' title="bbox 2025 3474 3228 3552; baseline -0.009 -12"><span class='ocrx_word' id='word_1_517' title='bbox 2025 3483 2293 3552; x_wconf 86' lang='lat' dir='ltr'><strong>Tempora</strong></span> <span class='ocrx_word' id='word_1_518' title='bbox 2317 3479 2582 3551; x_wconf 73' lang='lat' dir='ltr'><strong>praedives</strong></span> <span class='ocrx_word' id='word_1_519' title='bbox 2606 3478 2775 3533; x_wconf 80' lang='lat' dir='ltr'><strong>ﬁnisti</strong></span> <span class='ocrx_word' id='word_1_520' title='bbox 2804 3477 2936 3532; x_wconf 87' lang='lat' dir='ltr'><strong>sede</strong></span> <span class='ocrx_word' id='word_1_521' title='bbox 2965 3474 3228 3531; x_wconf 86' lang='lat' dir='ltr'><strong>Cadurca.</strong></span> 
     </span>
    </p>
   </div>
   <div class='ocr_carea' id='block_1_95' title="bbox 2024 3567 3432 3643">
    <p class='ocr_par' dir='ltr' id='par_1_95' title="bbox 2024 3567 3432 3643">
     <span class='ocr_line' id='line_1_95' title="bbox 2024 3567 3432 3643; baseline -0.009 -12"><span class='ocrx_word' id='word_1_522' title='bbox 2024 3573 2132 3631; x_wconf 90' lang='lat' dir='ltr'><strong>Sed</strong></span> <span class='ocrx_word' id='word_1_523' title='bbox 2157 3573 2347 3643; x_wconf 78' lang='lat' dir='ltr'><strong>patria:</strong></span> <span class='ocrx_word' id='word_1_524' title='bbox 2369 3579 2422 3626; x_wconf 91' lang='lat' dir='ltr'><strong>te</strong></span> <span class='ocrx_word' id='word_1_525' title='bbox 2450 3570 2573 3641; x_wconf 84' lang='lat' dir='ltr'><strong>jura</strong></span> <span class='ocrx_word' id='word_1_526' title='bbox 2601 3577 2822 3634; x_wconf 89' lang='lat' dir='ltr'><strong>vocant,</strong></span> <span class='ocrx_word' id='word_1_527' title='bbox 2851 3576 2908 3622; x_wconf 86' lang='lat' dir='ltr'><strong>et</strong></span> <span class='ocrx_word' id='word_1_528' title='bbox 2936 3567 3090 3638; x_wconf 86' lang='lat' dir='ltr'><strong>origo</strong></span> <span class='ocrx_word' id='word_1_529' title='bbox 3119 3574 3432 3636; x_wconf 91' lang='lat' dir='ltr'><strong>parentum,</strong></span> 
     </span>
    </p>
   </div>
   <div class='ocr_carea' id='block_1_96' title="bbox 2025 3656 3512 3738">
    <p class='ocr_par' dir='ltr' id='par_1_96' title="bbox 2025 3656 3512 3738">
     <span class='ocr_line' id='line_1_96' title="bbox 2025 3656 3512 3738; baseline -0.009 -15"><span class='ocrx_word' id='word_1_530' title='bbox 2025 3665 2328 3738; x_wconf 74' lang='lat' dir='ltr'><strong>Burdigalae</strong></span> <span class='ocrx_word' id='word_1_531' title='bbox 2358 3674 2417 3720; x_wconf 94' lang='lat' dir='ltr'><strong>ut</strong></span> <span class='ocrx_word' id='word_1_532' title='bbox 2447 3678 2665 3720; x_wconf 89' lang='lat' dir='ltr'><strong>rursum</strong></span> <span class='ocrx_word' id='word_1_533' title='bbox 2693 3676 2896 3718; x_wconf 91' lang='lat' dir='ltr'><strong>nomen</strong></span> <span class='ocrx_word' id='word_1_534' title='bbox 2916 3659 2984 3717; x_wconf 88' lang='lat' dir='ltr'><strong>de</strong></span> <span class='ocrx_word' id='word_1_535' title='bbox 3024 3658 3269 3716; x_wconf 81' lang='lat' dir='ltr'><strong>Bhetore</strong></span> <span class='ocrx_word' id='word_1_536' title='bbox 3289 3656 3512 3714; x_wconf 91' lang='lat' dir='ltr'><strong>reddas.</strong></span> 
     </span>
    </p>
   </div>
   <div class='ocr_carea' id='block_1_97' title="bbox 2023 3795 3621 3872">
    <p class='ocr_par' dir='ltr' id='par_1_97' title="bbox 2023 3795 3621 3872">
     <span class='ocr_line' id='line_1_97' title="bbox 2023 3795 3621 3872; baseline -0.006 -14"><span class='ocrx_word' id='word_1_537' title='bbox 2023 3802 2211 3860; x_wconf 83' lang='lat' dir='ltr'><strong>XVIII.</strong></span> <span class='ocrx_word' id='word_1_538' title='bbox 2231 3800 2484 3856; x_wconf 85' lang='lat' dir='ltr'><strong>Marcello</strong></span> <span class='ocrx_word' id='word_1_539' title='bbox 2502 3799 2741 3856; x_wconf 82' lang='lat' dir='ltr'><strong>Marcelli</strong></span> <span class='ocrx_word' id='word_1_540' title='bbox 2761 3798 2876 3869; x_wconf 82' lang='lat' dir='ltr'><strong>ﬁlio</strong></span> <span class='ocrx_word' id='word_1_541' title='bbox 2897 3798 3236 3872; x_wconf 85' lang='lat' dir='ltr'><strong>grammatico</strong></span> <span class='ocrx_word' id='word_1_542' title='bbox 3269 3795 3621 3851; x_wconf 84' lang='lat' dir='ltr'><strong>Narbonensi.</strong></span> 
     </span>
    </p>
   </div>
   <div class='ocr_carea' id='block_1_98' title="bbox 2022 3909 3352 3985">
    <p class='ocr_par' dir='ltr' id='par_1_98' title="bbox 2022 3909 3352 3985">
     <span class='ocr_line' id='line_1_98' title="bbox 2022 3909 3352 3985; baseline -0.008 -13"><span class='ocrx_word' id='word_1_543' title='bbox 2022 3915 2134 3972; x_wconf 88' lang='lat' dir='ltr'><strong>Nec</strong></span> <span class='ocrx_word' id='word_1_544' title='bbox 2165 3924 2218 3971; x_wconf 91' lang='lat' dir='ltr'><strong>te</strong></span> <span class='ocrx_word' id='word_1_545' title='bbox 2245 3914 2501 3971; x_wconf 88' lang='lat' dir='ltr'><strong>Marcello</strong></span> <span class='ocrx_word' id='word_1_546' title='bbox 2526 3913 2792 3985; x_wconf 91' lang='lat' dir='ltr'><strong>genitum,</strong></span> <span class='ocrx_word' id='word_1_547' title='bbox 2825 3910 3107 3977; x_wconf 86' lang='lat' dir='ltr'><strong>Marcelle,</strong></span> <span class='ocrx_word' id='word_1_548' title='bbox 3132 3909 3306 3964; x_wconf 92' lang='lat' dir='ltr'><strong>silebo</strong></span> <span class='ocrx_word' id='word_1_549' title='bbox 3340 3926 3352 3961; x_wconf 90' lang='lat'>:</span> 
     </span>
    </p>
   </div>
   <div class='ocr_carea' id='block_1_99' title="bbox 2095 4001 3401 4080">
    <p class='ocr_par' dir='ltr' id='par_1_99' title="bbox 2095 4001 3401 4080">
     <span class='ocr_line' id='line_1_99' title="bbox 2095 4001 3401 4080; baseline -0.008 -16"><span class='ocrx_word' id='word_1_550' title='bbox 2095 4011 2306 4080; x_wconf 84' lang='lat' dir='ltr'><strong>Aspera</strong></span> <span class='ocrx_word' id='word_1_551' title='bbox 2327 4024 2492 4080; x_wconf 88' lang='lat' dir='ltr'><strong>quem</strong></span> <span class='ocrx_word' id='word_1_552' title='bbox 2523 4007 2762 4078; x_wconf 78' lang='lat' dir='ltr'><strong>genitrix</strong></span> <span class='ocrx_word' id='word_1_553' title='bbox 2784 4005 2942 4073; x_wconf 87' lang='lat' dir='ltr'><strong>urbe,</strong></span> <span class='ocrx_word' id='word_1_554' title='bbox 2976 4005 3140 4060; x_wconf 92' lang='lat' dir='ltr'><strong>domo</strong></span> <span class='ocrx_word' id='word_1_555' title='bbox 3172 4001 3401 4073; x_wconf 88' lang='lat' dir='ltr'><strong>pepulit.</strong></span> 
     </span>
    </p>
   </div>
   <div class='ocr_carea' id='block_1_100' title="bbox 2022 4093 3531 4171">
    <p class='ocr_par' dir='ltr' id='par_1_100' title="bbox 2022 4093 3531 4171">
     <span class='ocr_line' id='line_1_100' title="bbox 2022 4093 3531 4171; baseline -0.007 -13"><span class='ocrx_word' id='word_1_556' title='bbox 2022 4101 2132 4158; x_wconf 90' lang='lat' dir='ltr'><strong>Sed</strong></span> <span class='ocrx_word' id='word_1_557' title='bbox 2155 4101 2368 4158; x_wconf 79' lang='lat' dir='ltr'><strong>fortuna</strong></span> <span class='ocrx_word' id='word_1_558' title='bbox 2402 4111 2599 4171; x_wconf 90' lang='lat' dir='ltr'><strong>potens</strong></span> <span class='ocrx_word' id='word_1_559' title='bbox 2630 4099 2743 4154; x_wconf 91' lang='lat' dir='ltr'><strong>cito</strong></span> <span class='ocrx_word' id='word_1_560' title='bbox 2773 4097 3018 4154; x_wconf 91' lang='lat' dir='ltr'><strong>reddidit</strong></span> <span class='ocrx_word' id='word_1_561' title='bbox 3040 4095 3245 4163; x_wconf 90' lang='lat' dir='ltr'><strong>omnia,</strong></span> <span class='ocrx_word' id='word_1_562' title='bbox 3279 4103 3334 4149; x_wconf 89' lang='lat' dir='ltr'><strong>et</strong></span> <span class='ocrx_word' id='word_1_563' title='bbox 3354 4093 3531 4148; x_wconf 82' lang='lat' dir='ltr'><strong>auxit.</strong></span> 
     </span>
    </p>
   </div>
   <div class='ocr_carea' id='block_1_101' title="bbox 2097 4188 3291 4262">
    <p class='ocr_par' dir='ltr' id='par_1_101' title="bbox 2097 4188 3291 4262">
     <span class='ocr_line' id='line_1_101' title="bbox 2097 4188 3291 4262; baseline -0.007 -15"><span class='ocrx_word' id='word_1_564' title='bbox 2097 4193 2364 4248; x_wconf 91' lang='lat' dir='ltr'><strong>Amissam</strong></span> <span class='ocrx_word' id='word_1_565' title='bbox 2393 4193 2627 4262; x_wconf 92' lang='lat' dir='ltr'><strong>primum</strong></span> <span class='ocrx_word' id='word_1_566' title='bbox 2655 4189 2836 4246; x_wconf 84' lang='lat' dir='ltr'><strong>Narbo</strong></span> <span class='ocrx_word' id='word_1_567' title='bbox 2857 4189 3008 4244; x_wconf 89' lang='lat' dir='ltr'><strong>dedit</strong></span> <span class='ocrx_word' id='word_1_568' title='bbox 3038 4188 3291 4259; x_wconf 85' lang='lat' dir='ltr'><strong>patriam.</strong></span> 
     </span>
    </p>
   </div>
   <div class='ocr_carea' id='block_1_102' title="bbox 2019 4279 3342 4351">
    <p class='ocr_par' dir='ltr' id='par_1_102' title="bbox 2019 4279 3342 4351">
     <span class='ocr_line' id='line_1_102' title="bbox 2019 4279 3342 4351; baseline -0.005 -11"><span class='ocrx_word' id='word_1_569' title='bbox 2019 4281 2229 4340; x_wconf 86' lang='lat' dir='ltr'><strong>Nobilis</strong></span> <span class='ocrx_word' id='word_1_570' title='bbox 2251 4282 2338 4336; x_wconf 93' lang='lat' dir='ltr'><strong>hic</strong></span> <span class='ocrx_word' id='word_1_571' title='bbox 2367 4283 2568 4351; x_wconf 85' lang='lat' dir='ltr'><strong>hospes</strong></span> <span class='ocrx_word' id='word_1_572' title='bbox 2593 4279 2899 4336; x_wconf 88' lang='lat' dir='ltr'><strong>Clarentius</strong></span> <span class='ocrx_word' id='word_1_573' title='bbox 2927 4280 3112 4336; x_wconf 89' lang='lat' dir='ltr'><strong>indole</strong></span> <span class='ocrx_word' id='word_1_574' title='bbox 3141 4288 3342 4346; x_wconf 87' lang='lat' dir='ltr'><strong>motus,</strong></span> 
     </span>
    </p>
   </div>
   <div class='ocr_carea' id='block_1_103' title="bbox 2094 4373 3182 4445">
    <p class='ocr_par' dir='ltr' id='par_1_103' title="bbox 2094 4373 3182 4445">
     <span class='ocr_line' id='line_1_103' title="bbox 2094 4373 3182 4445; baseline -0.003 -15"><span class='ocrx_word' id='word_1_575' title='bbox 2094 4374 2383 4445; x_wconf 83' lang='lat' dir='ltr'><strong>Egregiam</strong></span> <span class='ocrx_word' id='word_1_576' title='bbox 2413 4382 2596 4428; x_wconf 87' lang='lat' dir='ltr'><strong>natam</strong></span> <span class='ocrx_word' id='word_1_577' title='bbox 2626 4373 2884 4443; x_wconf 87' lang='lat' dir='ltr'><strong>conjugio</strong></span> <span class='ocrx_word' id='word_1_578' title='bbox 2911 4373 3182 4428; x_wconf 88' lang='lat' dir='ltr'><strong>attribuit.</strong></span> 
     </span>
    </p>
   </div>
   <div class='ocr_carea' id='block_1_104' title="bbox 1941 4462 3628 4563">
    <p class='ocr_par' dir='ltr' id='par_1_104' title="bbox 1941 4462 3628 4563">
     <span class='ocr_line' id='line_1_104' title="bbox 1941 4462 3628 4563; baseline -0.005 -39"><span class='ocrx_word' id='word_1_579' title='bbox 1941 4501 1997 4563; x_wconf 77' lang='lat' dir='ltr'><strong>D</strong></span> <span class='ocrx_word' id='word_1_580' title='bbox 2023 4469 2141 4524; x_wconf 83' lang='lat' dir='ltr'><strong>Mox</strong></span> <span class='ocrx_word' id='word_1_581' title='bbox 2185 4467 2394 4535; x_wconf 90' lang='lat' dir='ltr'><strong>schola,</strong></span> <span class='ocrx_word' id='word_1_582' title='bbox 2436 4478 2487 4522; x_wconf 91' lang='lat' dir='ltr'><strong>et</strong></span> <span class='ocrx_word' id='word_1_583' title='bbox 2515 4466 2732 4521; x_wconf 90' lang='lat' dir='ltr'><strong>auditor</strong></span> <span class='ocrx_word' id='word_1_584' title='bbox 2764 4467 2988 4535; x_wconf 88' lang='lat' dir='ltr'><strong>multus,</strong></span> <span class='ocrx_word' id='word_1_585' title='bbox 3022 4475 3394 4536; x_wconf 69' lang='lat' dir='ltr'><strong>prmtextaque</strong></span> <span class='ocrx_word' id='word_1_586' title='bbox 3419 4462 3628 4533; x_wconf 50' lang='lat' dir='ltr'><strong>pultes,</strong></span> 
     </span>
    </p>
   </div>
   <div class='ocr_carea' id='block_1_105' title="bbox 2093 4560 3254 4631">
    <p class='ocr_par' dir='ltr' id='par_1_105' title="bbox 2093 4560 3254 4631">
     <span class='ocr_line' id='line_1_105' title="bbox 2093 4560 3254 4631; baseline -0.006 -11"><span class='ocrx_word' id='word_1_587' title='bbox 2093 4562 2445 4620; x_wconf 86' lang='lat' dir='ltr'><strong>Grammatici</strong></span> <span class='ocrx_word' id='word_1_588' title='bbox 2475 4576 2693 4626; x_wconf 90' lang='lat' dir='ltr'><strong>nomen,</strong></span> <span class='ocrx_word' id='word_1_589' title='bbox 2726 4561 3052 4631; x_wconf 86' lang='lat' dir='ltr'><strong>divitiasque</strong></span> <span class='ocrx_word' id='word_1_590' title='bbox 3083 4560 3254 4616; x_wconf 90' lang='lat' dir='ltr'><strong>dedit.</strong></span> 
     </span>
    </p>
   </div>
   <div class='ocr_carea' id='block_1_106' title="bbox 2020 4650 3470 4726">
    <p class='ocr_par' dir='ltr' id='par_1_106' title="bbox 2020 4650 3470 4726">
     <span class='ocr_line' id='line_1_106' title="bbox 2020 4650 3470 4726; baseline -0.005 -13"><span class='ocrx_word' id='word_1_591' title='bbox 2020 4657 2129 4713; x_wconf 88' lang='lat' dir='ltr'><strong>Sed</strong></span> <span class='ocrx_word' id='word_1_592' title='bbox 2162 4671 2451 4726; x_wconf 87' lang='lat' dir='ltr'><strong>numquam</strong></span> <span class='ocrx_word' id='word_1_593' title='bbox 2479 4655 2662 4726; x_wconf 83' lang='lat' dir='ltr'><strong>jugem</strong></span> <span class='ocrx_word' id='word_1_594' title='bbox 2690 4669 2909 4710; x_wconf 89' lang='lat' dir='ltr'><strong>cursum</strong></span> <span class='ocrx_word' id='word_1_595' title='bbox 2939 4656 3156 4708; x_wconf 78' lang='lat' dir='ltr'><strong>fortuna</strong></span> <span class='ocrx_word' id='word_1_596' title='bbox 3184 4650 3470 4717; x_wconf 85' lang='lat' dir='ltr'><strong>secundat,</strong></span> 
     </span>
    </p>
   </div>
   <div class='ocr_carea' id='block_1_107' title="bbox 2091 4745 3215 4818">
    <p class='ocr_par' dir='ltr' id='par_1_107' title="bbox 2091 4745 3215 4818">
     <span class='ocr_line' id='line_1_107' title="bbox 2091 4745 3215 4818; baseline -0.004 -14"><span class='ocrx_word' id='word_1_597' title='bbox 2091 4748 2398 4804; x_wconf 64' lang='lat' dir='ltr'><strong>Praesertim</strong></span> <span class='ocrx_word' id='word_1_598' title='bbox 2423 4747 2575 4818; x_wconf 85' lang='lat' dir='ltr'><strong>pravi</strong></span> <span class='ocrx_word' id='word_1_599' title='bbox 2598 4756 2755 4801; x_wconf 83' lang='lat' dir='ltr'><strong>nacta</strong></span> <span class='ocrx_word' id='word_1_600' title='bbox 2783 4746 2962 4800; x_wconf 87' lang='lat' dir='ltr'><strong>virum</strong></span> <span class='ocrx_word' id='word_1_601' title='bbox 2990 4745 3215 4816; x_wconf 89' lang='lat' dir='ltr'><strong>ingenii.</strong></span> 
     </span>
    </p>
   </div>
   <div class='ocr_carea' id='block_1_108' title="bbox 2022 4837 3617 4906">
    <p class='ocr_par' dir='ltr' id='par_1_108' title="bbox 2022 4837 3617 4906">
     <span class='ocr_line' id='line_1_108' title="bbox 2022 4837 3617 4906; baseline -0.004 -9"><span class='ocrx_word' id='word_1_602' title='bbox 2022 4841 2226 4897; x_wconf 91' lang='lat' dir='ltr'><strong>Verum</strong></span> <span class='ocrx_word' id='word_1_603' title='bbox 2255 4840 2534 4896; x_wconf 89' lang='lat' dir='ltr'><strong>oneranda</strong></span> <span class='ocrx_word' id='word_1_604' title='bbox 2558 4838 2693 4894; x_wconf 77' lang='lat' dir='ltr'><strong>milii</strong></span> <span class='ocrx_word' id='word_1_605' title='bbox 2717 4854 2823 4894; x_wconf 91' lang='lat' dir='ltr'><strong>non</strong></span> <span class='ocrx_word' id='word_1_606' title='bbox 2854 4848 2982 4894; x_wconf 83' lang='lat' dir='ltr'><strong>sunt</strong></span> <span class='ocrx_word' id='word_1_607' title='bbox 3008 4857 3021 4892; x_wconf 88' lang='lat'><strong>:</strong></span> <span class='ocrx_word' id='word_1_608' title='bbox 3053 4838 3408 4896; x_wconf 88' lang='lat' dir='ltr'><strong>memoranda</strong></span> <span class='ocrx_word' id='word_1_609' title='bbox 3433 4837 3617 4906; x_wconf 89' lang='lat' dir='ltr'><strong>recepi</strong></span> 
     </span>
    </p>
   </div>
   <div class='ocr_carea' id='block_1_109' title="bbox 2093 4932 3419 5004">
    <p class='ocr_par' dir='ltr' id='par_1_109' title="bbox 2093 4932 3419 5004">
     <span class='ocr_line' id='line_1_109' title="bbox 2093 4932 3419 5004; baseline -0.004 -15"><span class='ocrx_word' id='word_1_610' title='bbox 2093 4934 2257 4999; x_wconf 82' lang='lat' dir='ltr'><strong>Fata;</strong></span> <span class='ocrx_word' id='word_1_611' title='bbox 2289 4941 2372 4989; x_wconf 90' lang='lat' dir='ltr'><strong>sat</strong></span> <span class='ocrx_word' id='word_1_612' title='bbox 2400 4944 2484 4989; x_wconf 90' lang='lat' dir='ltr'><strong>est</strong></span> <span class='ocrx_word' id='word_1_613' title='bbox 2511 4933 2742 5001; x_wconf 90' lang='lat' dir='ltr'><strong>dictum,</strong></span> <span class='ocrx_word' id='word_1_614' title='bbox 2771 4943 2964 4989; x_wconf 88' lang='lat' dir='ltr'><strong>cuncta</strong></span> <span class='ocrx_word' id='word_1_615' title='bbox 2998 4935 3206 5004; x_wconf 83' lang='lat' dir='ltr'><strong>perisse</strong></span> <span class='ocrx_word' id='word_1_616' title='bbox 3239 4932 3419 4988; x_wconf 85' lang='lat' dir='ltr'><strong>simul.</strong></span> 
     </span>
    </p>
   </div>
   <div class='ocr_carea' id='block_1_110' title="bbox 2015 5023 3613 5096">
    <p class='ocr_par' dir='ltr' id='par_1_110' title="bbox 2015 5023 3613 5096">
     <span class='ocr_line' id='line_1_110' title="bbox 2015 5023 3613 5096; baseline -0.005 -16"><span class='ocrx_word' id='word_1_617' title='bbox 2015 5023 2135 5080; x_wconf 86' lang='lat' dir='ltr'><strong>Non</strong></span> <span class='ocrx_word' id='word_1_618' title='bbox 2168 5035 2348 5080; x_wconf 89' lang='lat' dir='ltr'><strong>tamen</strong></span> <span class='ocrx_word' id='word_1_619' title='bbox 2387 5033 2444 5079; x_wconf 90' lang='lat' dir='ltr'><strong>et</strong></span> <span class='ocrx_word' id='word_1_620' title='bbox 2471 5039 2690 5093; x_wconf 90' lang='lat' dir='ltr'><strong>nomen,</strong></span> <span class='ocrx_word' id='word_1_621' title='bbox 2720 5039 2827 5096; x_wconf 92' lang='lat' dir='ltr'><strong>quo</strong></span> <span class='ocrx_word' id='word_1_622' title='bbox 2866 5036 2918 5080; x_wconf 90' lang='lat' dir='ltr'><strong>te</strong></span> <span class='ocrx_word' id='word_1_623' title='bbox 2945 5041 3051 5081; x_wconf 94' lang='lat' dir='ltr'><strong>non</strong></span> <span class='ocrx_word' id='word_1_624' title='bbox 3086 5024 3302 5092; x_wconf 81' lang='lat' dir='ltr'><strong>fraudo,</strong></span> <span class='ocrx_word' id='word_1_625' title='bbox 3332 5029 3613 5091; x_wconf 85' lang='lat' dir='ltr'><strong>receptum</strong></span> 
     </span>
    </p>
   </div>
   <div class='ocr_carea' id='block_1_111' title="bbox 2088 5117 3210 5188">
    <p class='ocr_par' dir='ltr' id='par_1_111' title="bbox 2088 5117 3210 5188">
     <span class='ocr_line' id='line_1_111' title="bbox 2088 5117 3210 5188; baseline -0.002 -16"><span class='ocrx_word' id='word_1_626' title='bbox 2088 5117 2234 5174; x_wconf 87' lang='lat' dir='ltr'><strong>Inter</strong></span> <span class='ocrx_word' id='word_1_627' title='bbox 2255 5118 2652 5172; x_wconf 87' lang='lat' dir='ltr'><strong>Grammaticos</strong></span> <span class='ocrx_word' id='word_1_628' title='bbox 2678 5120 2974 5188; x_wconf 68' lang='lat' dir='ltr'><strong>praetenuis</strong></span> <span class='ocrx_word' id='word_1_629' title='bbox 3005 5117 3210 5172; x_wconf 88' lang='lat' dir='ltr'><strong>meriti.</strong></span> 
     </span>
    </p>
   </div>
   <div class='ocr_carea' id='block_1_112' title="bbox 2325 5249 3302 5318">
    <p class='ocr_par' dir='ltr' id='par_1_112' title="bbox 2325 5249 3302 5318">
     <span class='ocr_line' id='line_1_112' title="bbox 2325 5249 3302 5318; baseline -0.002 -14"><span class='ocrx_word' id='word_1_630' title='bbox 2325 5249 2467 5306; x_wconf 84' lang='lat' dir='ltr'><strong>XIX.</strong></span> <span class='ocrx_word' id='word_1_631' title='bbox 2498 5250 2750 5318; x_wconf 76' lang='lat' dir='ltr'><strong>Sedatus,</strong></span> <span class='ocrx_word' id='word_1_632' title='bbox 2782 5252 2960 5306; x_wconf 78' lang='lat' dir='ltr'><strong>rhetor</strong></span> <span class='ocrx_word' id='word_1_633' title='bbox 2989 5249 3302 5305; x_wconf 83' lang='lat' dir='ltr'><strong>Tolosanus.</strong></span> 
     </span>
    </p>
   </div>
   <div class='ocr_carea' id='block_1_113' title="bbox 2013 5365 3395 5439">
    <p class='ocr_par' dir='ltr' id='par_1_113' title="bbox 2013 5365 3395 5439">
     <span class='ocr_line' id='line_1_113' title="bbox 2013 5365 3395 5439; baseline -0.007 -13"><span class='ocrx_word' id='word_1_634' title='bbox 2013 5367 2248 5439; x_wconf 80' lang='lat' dir='ltr'><strong>Relligio</strong></span> <span class='ocrx_word' id='word_1_635' title='bbox 2268 5377 2375 5435; x_wconf 89' lang='lat' dir='ltr'><strong>est,</strong></span> <span class='ocrx_word' id='word_1_636' title='bbox 2399 5369 2620 5423; x_wconf 90' lang='lat' dir='ltr'><strong>tacitum</strong></span> <span class='ocrx_word' id='word_1_637' title='bbox 2650 5367 2694 5422; x_wconf 92' lang='lat' dir='ltr'><strong>si</strong></span> <span class='ocrx_word' id='word_1_638' title='bbox 2724 5377 2796 5436; x_wconf 92' lang='lat' dir='ltr'><strong>te,</strong></span> <span class='ocrx_word' id='word_1_639' title='bbox 2813 5367 3034 5430; x_wconf 89' lang='lat' dir='ltr'><strong>Sedate,</strong></span> <span class='ocrx_word' id='word_1_640' title='bbox 3069 5365 3395 5435; x_wconf 87' lang='lat' dir='ltr'><strong>relinquam,</strong></span> 
     </span>
    </p>
   </div>
   <div class='ocr_carea' id='block_1_114' title="bbox 2085 5456 3348 5530">
    <p class='ocr_par' dir='ltr' id='par_1_114' title="bbox 2085 5456 3348 5530">
     <span class='ocr_line' id='line_1_114' title="bbox 2085 5456 3348 5530; baseline -0.006 -14"><span class='ocrx_word' id='word_1_641' title='bbox 2085 5461 2344 5530; x_wconf 87' lang='lat' dir='ltr'><strong>Quamvis</strong></span> <span class='ocrx_word' id='word_1_642' title='bbox 2373 5459 2605 5516; x_wconf 89' lang='lat' dir='ltr'><strong>docendi</strong></span> <span class='ocrx_word' id='word_1_643' title='bbox 2631 5474 2827 5514; x_wconf 90' lang='lat' dir='ltr'><strong>munus</strong></span> <span class='ocrx_word' id='word_1_644' title='bbox 2850 5457 3070 5527; x_wconf 90' lang='lat' dir='ltr'><strong>indepte</strong></span> <span class='ocrx_word' id='word_1_645' title='bbox 3099 5471 3160 5512; x_wconf 91' lang='lat' dir='ltr'><strong>es</strong></span> <span class='ocrx_word' id='word_1_646' title='bbox 3192 5456 3348 5511; x_wconf 83' lang='lat' dir='ltr'><strong>toris.</strong></span> 
     </span>
    </p>
   </div>
   <div class='ocr_carea' id='block_1_115' title="bbox 2012 5550 3496 5625">
    <p class='ocr_par' dir='ltr' id='par_1_115' title="bbox 2012 5550 3496 5625">
     <span class='ocr_line' id='line_1_115' title="bbox 2012 5550 3496 5625; baseline -0.005 -13"><span class='ocrx_word' id='word_1_647' title='bbox 2012 5554 2330 5612; x_wconf 90' lang='lat' dir='ltr'><strong>Communis</strong></span> <span class='ocrx_word' id='word_1_648' title='bbox 2359 5552 2532 5625; x_wconf 89' lang='lat' dir='ltr'><strong>patria</strong></span> <span class='ocrx_word' id='word_1_649' title='bbox 2563 5561 2648 5608; x_wconf 91' lang='lat' dir='ltr'><strong>est</strong></span> <span class='ocrx_word' id='word_1_650' title='bbox 2671 5564 2848 5608; x_wconf 88' lang='lat' dir='ltr'><strong>tecum</strong></span> <span class='ocrx_word' id='word_1_651' title='bbox 2880 5553 3011 5606; x_wconf 90' lang='lat' dir='ltr'><strong>mihi</strong></span> <span class='ocrx_word' id='word_1_652' title='bbox 3042 5571 3053 5605; x_wconf 93' lang='lat'>:</span> <span class='ocrx_word' id='word_1_653' title='bbox 3083 5553 3222 5607; x_wconf 80' lang='lat' dir='ltr'><strong>forte</strong></span> <span class='ocrx_word' id='word_1_654' title='bbox 3251 5550 3496 5622; x_wconf 88' lang='lat' dir='ltr'><strong>potentis</strong></span> 
     </span>
    </p>
   </div>
   <div class='ocr_carea' id='block_1_116' title="bbox 2084 5647 3272 5726">
    <p class='ocr_par' dir='ltr' id='par_1_116' title="bbox 2084 5647 3272 5726">
     <span class='ocr_line' id='line_1_116' title="bbox 2084 5647 3272 5726; baseline -0.001 -21"><span class='ocrx_word' id='word_1_655' title='bbox 2084 5649 2207 5705; x_wconf 84' lang='lat' dir='ltr'><strong>Fati</strong></span> <span class='ocrx_word' id='word_1_656' title='bbox 2238 5649 2494 5704; x_wconf 83' lang='lat' dir='ltr'><strong>Tolosam</strong></span> <span class='ocrx_word' id='word_1_657' title='bbox 2528 5658 2717 5704; x_wconf 91' lang='lat' dir='ltr'><strong>nactus</strong></span> <span class='ocrx_word' id='word_1_658' title='bbox 2745 5663 2806 5726; x_wconf 88' lang='lat' dir='ltr'><strong>es</strong></span> <span class='ocrx_word' id='word_1_659' title='bbox 2828 5647 3014 5702; x_wconf 87' lang='lat' dir='ltr'><strong>sedem</strong></span> <span class='ocrx_word' id='word_1_660' title='bbox 3047 5647 3272 5704; x_wconf 61' lang='lat' dir='ltr'><strong>scholae.</strong></span> 
     </span>
    </p>
   </div>
   <div class='ocr_carea' id='block_1_117' title="bbox 2013 5740 3444 5816">
    <p class='ocr_par' dir='ltr' id='par_1_117' title="bbox 2013 5740 3444 5816">
     <span class='ocr_line' id='line_1_117' title="bbox 2013 5740 3444 5816; baseline -0.001 -19"><span class='ocrx_word' id='word_1_661' title='bbox 2013 5742 2129 5801; x_wconf 87' lang='lat' dir='ltr'><strong>Illic</strong></span> <span class='ocrx_word' id='word_1_662' title='bbox 2155 5742 2760 5816; x_wconf 4' lang='lat' dir='ltr'><strong>conjugium,gnatique,</strong></span> <span class='ocrx_word' id='word_1_663' title='bbox 2804 5740 3142 5813; x_wconf 70' lang='lat' dir='ltr'><strong>epulcnsque</strong></span> <span class='ocrx_word' id='word_1_664' title='bbox 3173 5749 3444 5808; x_wconf 62' lang='lat' dir='ltr'><strong>senecutst</strong></span> 
     </span>
    </p>
   </div>
  </div>
