4082 6188
459 218 567 280 859

533 333 602 390 Et
623 331 789 402 fama,
817 342 1013 402 magno
1032 327 1210 402 qualis
1231 331 1315 392 est
1343 340 1438 400 par
1481 325 1733 396 Bhetori.

463 425 722 495 Quamvis
752 432 979 487 externa
1005 430 1186 482 tamen
1218 437 1248 478 a
1273 419 1496 493 regione
1526 419 1738 482 reducit

493 524 610 588 .Te
638 503 834 598 patria,
870 532 925 582 et
953 522 1129 584 civem
1158 530 1334 578 morte
1355 518 1506 578 obita
1534 517 1754 592 repetit.

463 615 712 686 Cumque
729 623 1018 691 vagantem
1047 627 1271 690 operam
1295 611 1487 669 divisae
1537 608 1872 692 impenderis
1909 607 2054 679 urbi,

531 707 833 764 Arbitrium
859 705 927 762 de
957 714 1009 762 te
1039 705 1209 766 sumit
1237 705 1392 778 origo
1414 719 1598 764 suum.
2056 785 2058 787 _

463 802 564 859 Est
595 812 684 856 tua
716 815 859 856 nunc
886 799 1135 870 suboles,
1166 813 1486 872 moremque
1511 808 1698 862 secuta
1725 795 1984 876 parentis,

536 892 873 960 Narbonem,
905 906 970 950 ac
991 891 1220 952 Romam
1253 890 1503 950 nobilitat
1525 890 1740 955 studiis.

579 1026 594 1040 0
675 1024 690 1040 0
768 1025 784 1041 0
863 1022 879 1040 ο
961 1026 976 1040 0
1057 1024 1075 1040 0
1155 1022 1171 1040 0
1252 1023 1266 1038 0
1347 1023 1362 1038 0
1446 1023 1460 1039 0
1543 1021 1557 1037 0
1638 1022 1652 1040 0
1734 1023 1748 1036 ι
1828 1021 1842 1044 0
1938 1022 1950 1037 ο

539 1079 704 1135 Fama
732 1078 863 1136 velit
890 1077 1048 1146 nolit,
1070 1075 1418 1152 Burdigalam
1446 1075 1671 1138 referet.

686 1193 806 1248 XX.
841 1192 1178 1264 Staphylius,
1209 1193 1407 1262 rhetor,
1433 1191 1564 1254 civit
1587 1191 1827 1252 Anteius.

469 1309 746 1366 Hactenus
767 1309 1053 1366 observata
1077 1307 1213 1363 mihi
1242 1308 1332 1362 lex
1357 1302 1824 1363 commemorandi

542 1403 724 1471 Cives,
753 1402 867 1458 sive
892 1401 1062 1468 domi,
1086 1414 1181 1456 seu
1211 1400 1452 1456 docuere
1473 1399 1631 1456 foris.

474 1496 777 1552 Externum
808 1493 909 1550 sed
931 1494 1014 1548 fas
1040 1493 1378 1564 conjungere
1403 1492 1614 1547 civibus
1636 1505 1805 1548 unum

541 1589 641 1658 Te,
672 1587 942 1661 Sta-pbyli,
973 1587 1215 1659 genitum
1246 1587 1419 1656 stirpe
1443 1584 1889 1656 Novempupulls.

1842 213 2020 276 DECII
2061 208 2331 282 AUSONII

2078 326 2130 398 Α
2158 324 2364 380 Exesas
2402 322 2585 390 tineis,
2629 321 2929 394 opicasque
2951 322 3205 392 evolvere
3231 323 3472 396 chartas,

3649 215 3769 275 860

2230 416 2402 490 Major
2429 429 2590 489 quam
2622 409 2885 488 promptis
2915 430 3043 470 cura
3073 414 3170 479 tibi
3203 417 3257 472 in
3286 417 3499 476 studiis.

2158 507 2314 578 Quod
2332 507 2420 584 jus
2435 505 2785 576 Pontificum,
2804 522 2926 582 quae
2949 505 3181 577 foedera,
3198 517 3428 566 stemma
3460 513 3610 586 quod
3627 515 3766 574 olim

2175 595 2179 598 ’
2231 609 2372 674 Ante
2401 605 2632 673 Numam
2659 604 2836 662 fuerat
2859 605 3128 661 sacriﬁcia
3155 604 3389 666 Curibus
3419 627 3433 666 :

2160 698 2313 768 Quod
2336 697 2529 763 Castor
2556 697 2767 754 cunctis
2788 696 2858 753 de
2881 695 3101 769 regibus
3134 699 3427 772 ambiguis,
3456 703 3602 774 quod

2232 783 2490 860 Coniugis
2512 804 2545 846 e
2565 788 2720 844 libris
2741 787 2989 844 ediderat
3009 786 3277 862 Rhodope
3312 809 3326 844 :

2161 884 2316 954 Quod
2342 883 2431 954 jus
2462 882 2813 948 Pontiﬁcum,
2850 890 3098 942 veterum
3125 898 3248 954 quas
3283 886 3420 942 scita
3455 885 3763 959 Quiritum,

2233 979 2366 1048 Quae
2405 976 2654 1034 consulta
2676 977 2940 1047 (patrum;
2969 974 3096 1047 quid
3127 975 3323 1045 Draco,
3355 978 3556 1050 quidve
3589 981 3761 1038 Solon

2161 1069 2443 1135 Sanxerit;
2472 1080 2528 1126 et
2553 1065 2742 1124 Locris
2763 1067 2976 1123 dederit
3004 1082 3126 1138 quas
3142 1067 3264 1138 jura
3295 1069 3599 1139 Zaleucus;

2236 1162 2351 1220 Sub
2373 1164 2514 1219 Jove
2538 1175 2663 1232 qum
2690 1160 2886 1226 Minos,
2907 1159 3036 1230 quid
3059 1159 3282 1217 Themis
3308 1173 3437 1219 ante
3456 1163 3688 1231 Jovem;

2163 1254 2296 1312 Nota
2323 1254 2422 1310 tibi
2453 1252 2653 1324 potius,
2681 1267 2845 1325 quam
2868 1251 3078 1326 Tullius
3105 1262 3160 1310 et
3190 1253 3562 1336 Maronostri,

2236 1348 2304 1404 Et
2325 1347 2584 1418 quidquid
2607 1346 2757 1402 Latia
2778 1347 3030 1404 conditur
3047 1346 3298 1402 historia.

2164 1440 2304 1497 Fors
2324 1441 2459 1497 istos
2487 1440 2655 1497 etiam
2687 1439 2781 1494 tibi
2803 1437 2968 1494 lectio
2994 1439 3156 1509 longa
3184 1437 3425 1496 dedisset
3453 1459 3466 1495 :

2236 1536 2565 1607 Supremum
2596 1535 2858 1591 Lachesis
2884 1534 2939 1589 ni
2961 1533 3260 1590 celerasset
3285 1535 3406 1590 iter.

2166 1629 2314 1686 Exili
2348 1624 2552 1686 nostrae
2573 1628 2790 1684 fucatus
2818 1627 3032 1684 honore
3054 1627 3352 1695 cathedrae,

469 1683 552 1738 τυ
582 1680 717 1737 mihi
739 1680 880 1752 ειυοει
907 1681 1140 1780 rem
1165 1679 1310 1780 rod
1847 1683 2062 1780 ιιιςιιιη·
2091 1709 2141 1776 Β
2167 1677 3293 1780 ‘"sui;12.3.;t';.:;..;;'a.:;..;;;;.;;i;

543 1774 700 1830 Alter
729 1783 786 1828 ut
817 1773 1110 1838 Ausonius,
1139 1772 1278 1827 alter
1309 1779 1366 1826 ut
1395 1771 1685 1827 Arborlus.
1910 1769 2061 1842 [que.

470 1865 838 1921 Grammatice
870 1864 939 1920 ad
977 1863 1264 1931 Scaurum,
1288 1871 1450 1934 atque
1473 1862 1729 1928 Probum,
1764 1863 2063 1934 promptis-

1624 1955 1796 2027 [sime
1810 1955 2037 2024 Rhetor,

481 2031 485 2036 ⁷
544 2048 843 2106 Historiam
867 2047 1076 2105 callens
1103 2048 1243 2110 Livii
1269 2059 1326 2108 et
1357 2048 1639 2108 Herodoti.

470 2142 658 2198 Omnis
691 2142 952 2197 doctrinas
976 2143 1117 2197 ratio
1143 2142 1238 2198 tibi
1261 2142 1476 2213 cognita
1509 2161 1520 2195 :
1547 2151 1805 2215 quantam

543 2233 743 2289 Condit
765 2234 1036 2290 sexcentis
1058 2233 1233 2292 Varro
1254 2235 1644 2294 voluminibus.

471 2324 649 2380 Aurea
678 2339 853 2392 mens,
885 2339 991 2380 vox
1024 2325 1192 2382 suada
1219 2325 1338 2392 tibi,
1372 2335 1486 2381 tum
1511 2340 1695 2383 sermo
1727 2323 1964 2402 quietus.
2057 2342 2059 2344 ·

541 2415 654 2473 Nec
674 2425 956 2473 cunctator
987 2432 1132 2484 eras,
1165 2433 1265 2472 nec
1297 2427 1626 2489 properante
1653 2433 1810 2481 sono.

473 2509 708 2566 Pulchra
734 2517 976 2580 senecta,
996 2509 1174 2565 nitens
1192 2508 1433 2577 habitus,
1452 2508 1636 2582 procul
1658 2511 1757 2580 ira,
1775 2510 2064 2584 dolusque,

545 2604 617 2657 At
647 2602 875 2673 placidae
916 2601 1047 2658 vita:
1069 2616 1306 2674 congrua
1337 2611 1480 2660 meta
1514 2605 1632 2659 fuit.

472 2735 616 2790 XXI.
650 2727 866 2808 Crispus
895 2744 945 2791 et
991 2735 1231 2805 Urbicus,
1255 2747 1531 2809 grammat.
1563 2738 1742 2804 Latini
1779 2749 1828 2795 et
1872 2738 2062 2802 Gnaei.

475 2847 555 2902 Tu
584 2830 798 2920 quoque
824 2849 876 2904 in
905 2865 1102 2919 aevum,
1126 2851 1338 2922 Crispe,
1365 2852 1602 2910 futurum

545 2939 721 2996 Maesti
751 2942 937 2997 venies
958 2951 1423 3002 commemoratus

755 3033 978 3092 Munere
1009 3034 1210 3092 tbreul.

472 3124 575 3191 Qui
599 3127 909 3195 primaevos,
944 3127 1201 3197 fandique
1229 3131 1422 3197 rudes,

547 3217 964 3274 Elementorum
994 3219 1166 3288 prima
1197 3221 1436 3277 docebas

765 3308 932 3381 Signa
955 3323 1240 3367 novorum.

472 3401 728 3460 Creditus
747 3403 878 3459 olim
911 3403 1126 3462 fervere
1156 3420 1327 3476 mero,

547 3496 617 3553 Ut
647 3496 854 3570 Virgilii
884 3498 1173 3572 Flaccique
1195 3501 1330 3558 locis

760 3590 982 3648 Emula
1008 3592 1202 3651 ferres.

476 3682 542 3738 Et
566 3681 686 3749 tibi,
719 3681 887 3740 Latiis
914 3684 1228 3756 posthabite
1248 3674 1390 3744 orsis

546 3772 770 3842 Urbice,
795 3775 975 3835 Graiis
1000 3778 1260 3846 celebris,
1289 3794 1512 3838 carmen

761 3867 851 3923 Sic
893 3870 1118 3926 ἐλελίσω.

474 3958 608 4014 Nam
639 3968 694 4015 tu
721 3959 916 4033 CriSpo
942 3963 1233 4034 coniuncte
1264 3974 1356 4021 tuo

545 4051 715 4109 Prosa
745 4052 986 4121 solebas,
1014 4064 1068 4110 et
1095 4071 1259 4112 versu
1289 4052 1439 4132 loqui

763 4140 971 4220 Irnpete
998 4149 1224 4217 eodem;

473 4237 695 4294 Priscos
716 4249 850 4295 utet
875 4240 1078 4298 Heroes
1109 4242 1238 4298 olim

543 4329 801 4389 Carmine
824 4333 1045 4407 Homeri
1071 4350 1533 4398 commemoratos

763 4428 950 4487 Fando
971 4431 1207 4489 referres
1233 4451 1246 4488 :

472 4523 694 4579 Dulcem
719 4525 771 4579 in
799 4527 982 4595 paucis
1008 4535 1066 4581 ut
1095 4525 1485 4600 Plistheniden,

542 4615 610 4671 Et
641 4617 894 4673 torrentis
921 4632 1019 4672 ceu
1051 4617 1280 4674 Dulichii

751 4705 1014 4780 Ninguida
1047 4709 1212 4782 dicta,

471 4799 537 4855 Et
562 4799 780 4855 mellitze
812 4813 1032 4857 noetare
1054 4802 1206 4859 v’ocis

543 4891 731 4949 Dulcia
760 4891 870 4948 fatu
903 4896 1067 4952 verba
1097 4906 1383 4954 canentem

749 4983 978 5043 Nestora
1000 5004 1206 5060 regem.

466 5075 644 5133 Ambo
673 5079 818 5150 loqui
851 5078 1064 5162 faciles,
1092 5082 1252 5138 ambo
1284 5085 1466 5144 omnia
1495 5089 1737 5146 carmina
1765 5085 1934 5164 docti,

537 5172 812 5229 Callentes
837 5175 1068 5246 mletwlt
1097 5177 1384 5247 plasmata,
1411 5191 1466 5237 et
1497 5185 1804 5242 historiam.

463 5265 644 5321 Liberi
670 5275 723 5322 et
748 5268 911 5323 ambo
932 5283 1104 5337 genus
1136 5289 1148 5323 :
1180 5271 1276 5326 sed
1314 5289 1454 5342 quos
1479 5278 1748 5334 meruisse
1767 5278 1986 5337 deceret

533 5359 808 5430 Nancisci,
836 5368 896 5420 ut
924 5361 1176 5422 cluerent
1207 5366 1451 5435 patribus
1475 5369 1752 5440 ingenuis.

607 5495 774 5553 XXll.
811 5495 1057 5567 Victoria,
1087 5498 1425 5571 Subdoctori,
1453 5503 1559 5561 sive
1595 5502 1906 5566 Proscholo.

472 5611 676 5666 Victori
708 5613 977 5683 studiose,
1007 5631 1236 5688 memor,
1261 5618 1433 5688 celer,
1467 5617 1729 5692 ignoratis

547 5701 778 5762 Assidue
802 5703 854 5761 in
885 5705 1056 5793 libris,
1090 5724 1190 5766 nec
1220 5711 1321 5767 nisi
1347 5720 1538 5788 operta
1556 5714 1773 5787 legens;

2167 1818 2503 1890 Longinquis
2531 1817 2763 1888 posthac
2785 1817 2977 1872 Romae
3005 1815 3298 1873 defunctus
3328 1818 3383 1874 in
3405 1819 3518 1875 oris
3543 1835 3557 1873 :

2239 1910 2322 1967 Ad
2349 1925 2480 1982 quas
2499 1910 2569 1966 de
2598 1909 2784 1966 Siculo
2803 1909 2987 1966 littore
3013 1910 3333 1978 transieras,
3462 1919 3468 1924 '

2168 2001 2277 2059 Sed
2307 2001 2472 2057 modo
2497 1997 2759 2056 nobilium
2803 2008 3139 2056 memoratus
3176 2002 3230 2056 in
3260 2001 3501 2073 agmine,
3524 2003 3708 2074 gaude
3755 2021 3772 2060 ε

2241 2092 2498 2150 Pervenit
2521 2092 2589 2148 ad
2615 2092 2803 2149 Manes
2830 2094 2874 2148 si
2901 2092 2991 2164 pla
3019 2106 3150 2149 cura
3179 2101 3323 2150 tuos.

2171 2207 2362 2266 XXIII.
2376 2207 2662 2280 Dynamio,
2673 2207 3063 2334 Burdigatletzsi,
3078 2210 3166 2278 qui
3186 2211 3242 2264 in
3265 2208 3527 2281 Hispania
3554 2213 3766 2280 docuit,

2872 2298 2899 2334 e
2940 2297 2969 2334 ο
3006 2297 3039 2334 ιι
3066 2319 3084 2334 .

2940 2297 3084 2338 001".

2872 2298 2919 2334 el
2940 2298 3084 2338 ουιη.

2171 2370 2281 2429 Sed
2311 2385 2488 2442 neque
2516 2379 2570 2425 te
2597 2379 2814 2440 moesta,
2851 2371 3104 2450 Dynami,
3139 2370 3405 2428 fraudabo
3425 2375 3678 2448 querela.

2246 2466 2571 2539 Municipem
2601 2466 2793 2538 patriae
2825 2465 3272 2538 causidicumque
3295 2481 3452 2523 meae.

2124 2602 2126 2604 τ
2173 2558 2417 2616 Crimine
2438 2559 2696 2616 adulterii
2724 2574 2884 2630 quem
2912 2560 3098 2616 saucia
3125 2559 3268 2615 fama
3295 2560 3532 2634 fugavit;

2247 2652 2480 2712 Parvula
2506 2668 2668 2729 quem
2699 2652 2924 2710 latebris
2953 2652 3088 2710 fovit
3114 2653 3286 2710 Ilerda
3319 2655 3455 2712 suis.

2174 2745 2346 2812 Quem
2370 2745 2720 2818 locupletavit
2741 2745 2941 2818 coniux
2963 2745 3204 2817 i‘lispana
3230 2746 3523 2823 latentem;

2245 2836 2490 2909 Namque
2522 2836 2593 2892 ibi
2621 2845 2830 2894 mutato
2853 2837 3096 2910 nomine,
3122 2838 3329 2895 Rlietor
3350 2855 3495 2898 eras.

2166 2927 2382 2984 Rhetor
2407 2927 2636 2984 Flavinii
2667 2929 2992 2999 cognomine
3018 2929 3411 3002 dissimulatus,

2244 3018 2324 3076 Ne
2354 3029 2539 3091 posset
2565 3019 2854 3092 profugum
2882 3019 3120 3091 prodere
3147 3023 3307 3094 culpa
3337 3039 3518 3082 suum.

2095 3103 2142 3176 C
2172 3110 2506 3169 Reddiderat
2534 3113 2785 3189 quamvis
2807 3113 2999 3184 patriae
3031 3123 3084 3172 te
3106 3129 3226 3171 sera
3253 3117 3527 3189 voluptas,

2244 3205 2368 3262 Mox
2401 3205 2634 3263 residem
2666 3221 2884 3262 rursum
2915 3207 3266 3264 traxitllerda
3293 3209 3513 3266 domus.

2171 3295 2598 3368 Qualiscumque
2629 3306 2734 3354 tua:
2768 3299 2935 3358 fuerit
2960 3299 3104 3372 fuga,
3139 3299 3395 3374 famaque
3425 3303 3578 3372 vitae,

2243 3391 2502 3466 Jungeris
2528 3393 2747 3464 antiqua
2790 3401 2847 3447 tu
2873 3393 3004 3448 mihi
3043 3395 3300 3451 amicitia.

2170 3481 2532 3554 Officiumque
2564 3498 2766 3552 meum,
2799 3498 2995 3541 sensus
3018 3485 3063 3541 si
3087 3486 3336 3544 manibus
3363 3488 3528 3556 ullus,

2172 3586 2208 3640 τέ
2243 3579 2444 3650 Accipe
2461 3579 2574 3650 jam
2599 3588 2760 3636 verus
2789 3589 2968 3637 morte
2995 3581 3144 3637 obita
3173 3581 3422 3655 Dynami.

2173 3671 2414 3727 Diversis
2438 3672 2687 3742 quamvis
2709 3670 2893 3740 jaceas
2922 3670 3213 3728 defunctus
3239 3674 3295 3728 in
3321 3675 3434 3732 oris
3468 3693 3486 3730 :

2241 3763 2649 3820 Commemorat
2678 3766 2888 3821 maestis
2918 3771 2970 3822 te
2993 3767 3080 3837 pia
3107 3778 3240 3823 cura
3269 3769 3482 3841 elegis.‘

2243 3876 2435 3933 XXIV.
2454 3878 2621 3934 Acilio
2650 3879 2940 3949 Glabrioni,
2961 3885 3300 3954 grammatico
3316 3883 3442 3940 Jun.
3470 3885 3695 3960 Burdig.

2173 3993 2472 4060 Doctrinae,
2497 3994 2728 4070 vitaeque
2750 3997 2868 4068 pari
2889 3997 3162 4055 brevitate
3188 3999 3476 4070 caducum,

2243 4083 2468 4152 Glabro,
2492 4095 2544 4141 te
2573 4086 2786 4145 maestis
2807 4095 3253 4147 commemorabo
3281 4093 3471 4165 elegis.

2174 4177 2476 4234 Stemmate
2507 4179 2770 4236 nobilium
2793 4181 3087 4240 deductum
3111 4199 3309 4241 nomen
3340 4201 3589 4255 avorum,

2242 4271 2462 4329 Glabrio
2488 4272 2730 4348 Aquilini
2761 4275 3009 4334 Dardana
3041 4279 3351 4349 pregenies.

2171 4366 2253 4423 Tu
2276 4367 2546 4438 quondam
2574 4383 2741 4440 puero
2770 4385 2995 4442 compar
3021 4371 3157 4428 mihi
3180 4372 3452 4444 discipulo
3488 4393 3500 4426 :
3533 4389 3661 4432 mox

2245 4460 2328 4517 Me
2355 4460 2553 4517 dehinc
2584 4461 2731 4518 facto
2779 4463 3045 4532 Rbetore,
3073 4464 3498 4524 Grammaticus.

2172 4553 2339 4626 Inque
2359 4553 2479 4610 foro
2509 4555 2678 4610 tutela
2703 4555 2838 4626 reis,
2861 4568 2918 4614 et
2945 4557 3124 4614 cultor
3152 4558 3206 4614 in
3229 4560 3396 4636 agris,

2241 4646 2429 4717 Digne,
2463 4647 2553 4701 diu
2583 4648 2753 4717 partis
2783 4649 2875 4720 qui
2907 4648 3152 4712 fruerere
3173 4651 3351 4709 bonis.

2171 4736 2489 4806 Commode,
2507 4740 2657 4808 laate,
2683 4740 2938 4813 benigne,
2961 4743 3249 4814 abstemie,
3267 4755 3373 4804 tam
3399 4747 3543 4804 bone
3575 4747 3776 4806 dandis

2239 4832 2470 4904 Semper
2499 4834 2762 4901 consiliis,
2792 4850 2954 4906 quam
2976 4832 3262 4906 taciturne
3287 4839 3449 4897 datis.

2166 4924 2298 4980 't‘am
2312 4924 2480 5001 decus
2496 4941 2657 4984 omne
2679 4926 2805 4996 tuis,
2821 4942 2984 4998 quam
3005 4943 3135 4985 mox
3163 4929 3345 4998 dolor,
3364 4931 3552 4989 omnia
3570 4933 3775 4990 acerbo

2235 5016 2450 5074 Funere
2476 5027 2804 5090 praereptus,
2833 5019 3079 5088 Glabrio,
3116 5020 3410 5079 destituis:

2162 5109 2346 5168 Uxorc
2365 5120 2423 5167 et
2450 5113 2609 5180 natis,
2641 5113 2891 5184 genitore
2916 5123 2972 5170 et
3001 5122 3178 5171 matre
3199 5116 3431 5179 relictis,

2235 5205 2388 5260 Eheu
2415 5206 2428 5258 !
2458 5221 2620 5276 quam
2650 5206 2833 5264 multis
2857 5208 3066 5277 perdite
3087 5211 3426 5271 nominibus!

2164 5295 2317 5354 Flete
2347 5297 2438 5352 diu
2464 5298 2645 5365 nobis,
2678 5315 2967 5371 numquam
2996 5302 3154 5367 satis,
3183 5302 3370 5375 accipe
3400 5303 3659 5364 acerbum

2236 5390 2457 5448 Glabrio
2488 5392 2540 5448 in
2569 5402 2834 5450 aeternum
2853 5399 3300 5465 commemorato,
3327 5395 3535 5456 VALE.

2841 5512 3080 5572 Coronis.

2167 5623 2314 5692 Quos
2335 5625 2467 5696 legis
2492 5641 2522 5682 a
2551 5627 2723 5699 prima
2746 5627 3006 5687 deductos
3029 5633 3246 5691 menide
3273 5633 3420 5703 libri,

2242 5719 2507 5780 Doctores
2535 5723 2727 5794 patriae
2756 5725 2890 5783 scito
2912 5723 3079 5786 fuisse
3102 5742 3254 5792 meae.
