4108 6188
408 259 411 261 ’
511 261 618 322 865

509 375 656 432 Proh
685 373 873 429 dolor!
901 372 1048 428 Iliaci
1088 370 1364 442 Neptunia
1391 369 1594 425 moenia
1623 368 1764 423 muri

513 463 777 522 Viderunt
795 463 1000 535 aliquid
1027 461 1311 518 crudelius
1334 460 1569 517 Hectore
1599 468 1795 515 tracto.

1052 578 1196 634 XVI.
1245 577 1571 649 Sarpedoni.

512 693 796 764 Sarpedon
827 692 1049 765 Lycius,
1073 692 1288 764 genitus
1317 691 1471 760 Jove,
1508 689 1728 746 numine
1758 689 1930 786 patris

585 786 882 858 Sperabam
905 785 1138 853 cmlum;
1164 784 1259 842 sed
1290 795 1445 856 tegor
1470 784 1573 840 hoc
1601 783 1828 849 tumulo,

513 877 836 950 Sanguineis
866 876 1026 934 fletus
1057 878 1334 949 lacrymis.
1365 876 1509 932 Proh
1537 876 1715 932 ferrea
1745 877 1888 932 fata!

587 973 658 1030 Et
689 974 891 1046 patitur
923 973 1162 1042 luctum,
1193 974 1284 1045 qui
1315 973 1608 1045 prohibere
1636 974 1852 1046 potest?

873 1087 1042 1145 XVII.
1087 1069 1246 1144 Nosti
1275 1099 1324 1145 et
1350 1087 1751 1162 Amp/timaélto.

516 1201 745 1268 Nastes,
776 1201 1336 1274 Amphimachusque,
1365 1203 1650 1258 Nomionis
1680 1203 1879 1275 inclyta
1909 1205 2112 1276 proles,

588 1295 853 1352 Ductores
874 1295 1170 1369 quondam,
1197 1297 1374 1366 pulvis
1396 1306 1452 1353 et
1475 1296 1666 1352 umbra
1689 1313 1896 1354 sumus.

1094 1408 1283 1464 XVIII.
1330 1408 1534 1465 Troilo.

517 1519 752 1577 IIectore
783 1531 1079 1591 prostrato,
1114 1538 1218 1578 nec
1248 1523 1333 1589 dis
1357 1566 1372 1590 ,
1406 1503 1508 1580 nec
1536 1514 1744 1581 viribus
1774 1525 1944 1597 aequis

587 1612 927 1684 Congressus
956 1628 1104 1670 sano
1131 1614 1353 1670 Troilus
1378 1614 1659 1684 IEacidzc,

522 1707 784 1777 Raptatus
810 1706 949 1778 bigis
973 1706 1160 1763 fratris
1189 1708 1494 1778 conjungor
1521 1709 1714 1764 honori
1742 1723 1756 1764 :

585 1800 757 1870 Cujus
781 1799 853 1855 ob
882 1800 1196 1871 exemplum
1226 1815 1326 1856 nec
1357 1801 1487 1855 mihi
1521 1817 1680 1872 poena
1707 1801 1907 1872 gravis.

1058 1911 1200 1966 XIX.
1257 1910 1544 1982 Polydoro.

503 2025 659 2082 Cede
681 2025 893 2095 procul,
918 2035 1261 2097 myrtumque
1284 2026 1445 2082 istam
1473 2027 1595 2096 fuge
1622 2026 1861 2096 nescius,
1889 2028 2107 2098 hospes,

585 2117 843 2173 Telorum
874 2133 1029 2189 seges
1059 2127 1142 2173 est
1166 2119 1434 2189 sanguine
1463 2118 1648 2173 adulta
1679 2134 1823 2174 nteo.

513 2208 772 2266 Conﬁxus
794 2210 1015 2280 jaculis,
1048 2221 1102 2266 et
1131 2211 1200 2265 ab
1224 2211 1341 2280 ipsa
1364 2211 1516 2266 caede
1542 2211 1813 2281 sepultus,

589 2305 810 2361 Condor
843 2307 895 2361 in
927 2306 1033 2362 hoc
1061 2305 1268 2361 tumulo
1301 2305 1382 2361 bis
1411 2305 1716 2379 Polydorus
1743 2319 1866 2375 ego.

514 2396 772 2468 Scitpius
794 2396 1025 2464 jEncas,
1057 2408 1112 2453 et
1144 2409 1199 2453 tu
1220 2441 1234 2466 ,
1271 2414 1368 2453 rex
1399 2397 1586 2468 impie,
1619 2395 1766 2467 quod
1799 2411 1886 2452 me

587 2489 816 2546 Thracia
850 2505 1008 2562 poena
1037 2492 1264 2562 premit,
1290 2489 1454 2545 Troia
1485 2503 1615 2544 cura
1651 2488 1803 2560 tegit.

1079 2601 1202 2663 XX.
1248 2604 1543 2676 Euphemo.

516 2720 859 2792 Euphemum
882 2719 1148 2778 Ciconum
1176 2722 1458 2777 ductorem
1489 2720 1651 2775 Troia
1680 2719 1843 2775 tellus

584 2811 843 2870 Condidit
874 2815 1072 2871 hastati
1104 2814 1292 2871 Martis
1319 2814 1385 2870 ad
1416 2813 1672 2886 efﬁgiem.

512 2906 624 2963 Nec
649 2909 781 2964 satis
803 2919 888 2966 est
919 2911 1137 2966 titulum
1167 2925 1302 2967 saxo
1333 2909 1591 2967 incidisse
1621 2908 1894 2980 sepulcri:

581 2998 806 3073 Insuper
831 3013 889 3057 et
919 3001 1158 3060 frontem
1191 3005 1338 3061 mole
1363 3014 1597 3061 onerant
1625 3013 1842 3059 statum.

511 3093 693 3165 Ocyus
720 3094 826 3150 ista
853 3105 1050 3172 ruunt,
1081 3113 1201 3167 quae
1232 3099 1314 3152 sic
1334 3099 1606 3153 cumulata
1638 3099 1910 3152 locantur.

583 3186 755 3253 Major
782 3185 873 3239 ubi
902 3197 987 3240 est
1011 3187 1220 3254 cultus,
1254 3202 1446 3256 magna
1478 3189 1636 3243 ruina
1661 3189 1869 3242 subest.

615 3298 770 3360 XXI.
820 3297 1150 3370 Hippothoo,
1179 3309 1228 3355 et
1255 3299 1462 3372 Pylwo,
1492 3303 1549 3356 in
1577 3301 1729 3356 horto
1763 3301 2000 3372 sepultis.

511 3413 879 3483 Hippothoum
903 3455 917 3480 ,
950 3413 1288 3486 Pyleumque
1309 3423 1455 3470 tenet
1481 3415 1692 3487 gremio
1716 3413 1899 3468 inﬁma
1923 3413 2106 3469 tellus.

580 3504 841 3562 Caulibus
870 3516 926 3563 et
954 3508 1148 3564 malvis
1175 3517 1328 3580 terga
1355 3522 1592 3578 superna
1620 3507 1818 3563 virent.

508 3599 621 3656 Nec
647 3609 805 3655 vexat
834 3600 1049 3656 cineres
1077 3600 1220 3656 horti
1244 3601 1459 3656 cultura
1489 3601 1711 3672 quietos
1736 3616 1750 3652 :

583 3691 720 3747 Dum
753 3702 1010 3764 parcente
1039 3708 1203 3748 manu
1232 3694 1395 3749 molle
1418 3692 1541 3748 olus
1570 3693 1862 3750 excolitur.

889 3807 1055 3863 XXII.
1102 3806 1373 3871 Eunomo,
1406 3815 1454 3860 et
1482 3805 1744 3862 Chromio.

512 3920 789 3978 Eunomus
820 3921 908 3977 hic
926 3961 942 3989 ,
971 3918 1376 3992 Chromiusque
1398 3921 1607 3992 jacent,
1631 3921 1796 3992 ,queis
1823 3920 1994 3992 Mysia
2023 3937 2108 3979 re-

759 4028 924 4085 gnum
948 4059 962 4084 ,

578 4106 744 4182 Queis
772 4114 924 4177 pater
947 4106 1175 4162 Alcinus
1195 4151 1210 4176 ,
1237 4105 1602 4178 Oceanusque
1631 4116 1842 4162 atavus.

489 4195 778 4255 .Nohilltas
807 4199 935 4270 quid
969 4207 1114 4256 tanta
1142 4199 1335 4270 juvat?
1365 4215 1474 4271 quo
1501 4201 1703 4255 clarius
1737 4199 1857 4256 istis

582 4291 676 4346 Est
704 4305 880 4362 genus
898 4333 915 4360 ,
948 4292 1052 4348 hoc
1078 4292 1272 4348 mortis
1301 4291 1541 4348 conditio
1566 4293 1810 4364 gravior.

1070 4405 1262 4463 XXIII.
1307 4405 1546 4462 Priamo.

510 4529 608 4586 Hic
632 4529 835 4584 Priami
859 4544 967 4585 non
994 4536 1082 4584 est
1113 4528 1384 4596 tumulus,
1414 4545 1516 4585 nec
1546 4527 1757 4584 condor
1786 4527 1842 4583 in
1875 4528 1979 4582 ista

580 4621 723 4678 Sede
749 4639 764 4675 :
795 4631 960 4694 caput
985 4621 1155 4676 Danai
1187 4621 1466 4689 diripuere
1499 4636 1703 4677 meum.

511 4717 611 4770 Ast
635 4730 738 4785 ego
767 4729 889 4769 cum
912 4715 1157 4770 lacerum
1183 4715 1302 4770 sine
1327 4716 1547 4768 nomine
1575 4713 1738 4768 funus
1770 4712 2063 4779 haberem,

584 4805 812 4876 Confugi
843 4808 910 4862 ad
941 4796 1158 4863 cineres
1189 4808 1486 4862 Hectoreos
1514 4805 1753 4876 genitor.

510 4898 627 4955 I'Iic
647 4908 703 4954 et
731 4908 908 4967 natos,
935 4891 1284 4971 Trojamque,
1309 4898 1607 4970 Asiamque
1636 4897 1906 4967 sepultam

583 4993 797 5058 Inveni,
828 5002 882 5050 et
913 5003 1162 5049 nostrum
1190 4992 1452 5063 quidquid
1486 4992 1684 5062 ubique
1702 4976 1869 5062 jacet.

991 5108 1183 5166 XXIV.
1225 5107 1361 5164 Item
1392 5107 1628 5164 Priamo.

513 5228 613 5298 Qui
644 5229 911 5286 tumulum
941 5228 1142 5283 Priami
1174 5227 1368 5298 qurerit
1389 5269 1406 5295 ,
1441 5227 1593 5298 legatv
1610 5225 1862 5281 Hectoris
1889 5232 2034 5280 ante.

589 5321 682 5377 Ille
713 5336 890 5389 meus,
915 5330 1045 5376 nato
1062 5335 1227 5392 quem
1252 5321 1400 5388 prius
1425 5319 1543 5388 ipse
1565 5318 1712 5373 dedi.

519 5417 791 5486 Hectoris,
820 5426 873 5472 et
909 5418 1079 5487 patris
1109 5416 1272 5471 simul
1303 5425 1391 5471 est
1415 5406 1704 5470 commune
1729 5412 2064 5485 sepulcrum,

591 5509 886 5565 Amborum
916 5509 1176 5581 quoniam
1200 5508 1390 5579 juncta
1421 5507 1577 5563 ruina
1603 5505 1722 5562 fuit.

1098 5644 1268 5701 XXV.
1320 5645 1372 5699 Η
1378 5645 1572 5701 ecubw.

527 5757 658 5826 Quae
691 5759 877 5826 regina
909 5761 1004 5828 fui,
1036 5772 1158 5827 quae
1187 5760 1340 5816 claro
1366 5743 1489 5818 nata
1520 5741 1823 5830 Dymantea

1877 252 2056 311 DECII
2095 251 2368 311 AUSONII

2137 367 2189 425 Α
2212 363 2342 431 Qua:
2371 363 2572 420 Priami
2599 364 2857 433 conjunx,
2885 363 3114 421 Ilectora
3143 379 3265 436 quae
3292 364 3477 436 genui,

2135 4524 2188 4585 D

3704 252 3827 310 864

2217 457 2317 513 llic
2345 458 2568 513 Hecuba
2599 459 2816 530 injectis
2845 457 2984 528 perii
3015 458 3376 529 superobruta
3403 458 3571 515 saxis.

2286 552 2394 607 Sed
2424 552 2575 608 rabie
2604 553 2804 622 lingua:
2835 566 2924 607 me
2956 560 3134 607 tamen
3168 551 3277 606 ulta
3309 550 3482 622 prius.

2217 645 2395 703 Fidite
2421 662 2488 702 ne
2514 647 2720 716 regnis,
2749 653 2807 701 et
2837 645 3012 714 prole,
3045 652 3103 700 et
3128 644 3304 714 stirpe
3331 651 3624 715 parentum
3653 663 3668 699 :

2287 737 2628 810 Quicumque
2656 736 2762 793 hoc
2791 745 3039 793 nostrum
3065 746 3210 809 σῆμα
3238 738 3388 800 κυνὸς
3412 737 3616 810 legitis.

2729 850 2925 907 XXVI.
2979 849 3284 922 Polyxene.

2217 967 2390 1024 Troas
2422 966 2672 1023 Achilleo
2699 967 2993 1038 conjuncta
3021 966 3297 1039 Polyxena
3329 964 3492 1022 busto

2287 1061 2584 1117 Malueram
2613 1061 2766 1118 nullo
2793 1062 3003 1133 cespite
3031 1061 3217 1117 functa
3246 1059 3372 1133 tegi.

2215 1151 2335 1209 Non
2367 1153 2513 1210 bene
2539 1153 2820 1210 discordes
2847 1152 3085 1209 tumulos
3116 1153 3382 1223 miscetis,
3409 1153 3601 1210 Achivi
3627 1171 3641 1210 :

2292 1244 2405 1300 Hoc
2436 1245 2645 1304 violare
2679 1227 2874 1317 magis,
2905 1261 3065 1317 quam
3096 1245 3330 1316 sepelire
3359 1244 3480 1300 fuit.

2459 1360 2759 1430 ALIQUOT
2811 1360 3125 1417 ALIORUM
3183 1359 3576 1417 EPITAPIIIA.

2219 1450 2436 1508 XXVII.
2461 1452 2674 1540 Niobaz,
2695 1455 2750 1508 in
2773 1453 2958 1527 Sipylo
2981 1463 3153 1508 monte
3172 1457 3335 1525 juxta
3354 1455 3548 1526 fontem
3570 1455 3827 1524 sepultrr.

2215 1565 2532 1622 Thebarum
2553 1567 2755 1638 regina
2787 1565 2884 1635 fui,
2917 1567 3159 1639 Sipyleia
3186 1577 3376 1623 cautes

2288 1661 2420 1724 Quae
2453 1658 2617 1714 modo
2649 1674 2802 1715 sum:
2837 1659 2957 1715 laesi
2989 1660 3211 1714 numina
3236 1658 3548 1715 Latoidum.

2141 1746 2190 1809 Β
2217 1749 2309 1806 Bis
2332 1760 2539 1821 septem
2573 1751 2714 1806 natis
2742 1752 2980 1822 genitrix
3011 1752 3138 1807 lzeta
3162 1762 3326 1824 atque
3351 1753 3618 1825 superba,

2289 1841 2394 1896 Tot
2418 1843 2546 1897 duxi
2576 1851 2751 1899 mater
2780 1843 2995 1910 funera,
3027 1852 3162 1925 quot
3185 1846 3372 1916 genui.

2216 1926 2326 1983 Nec
2353 1929 2484 1983 satis
2515 1927 2619 1982 hoc
2649 1927 2811 1984 divis.
2843 1928 2994 1984 Duro
3019 1930 3353 1985 circumdata
3385 1944 3522 1987 saxo

2287 2019 2463 2076 Amisi
2493 2019 2717 2075 humani
2744 2024 2999 2091 corporis
3028 2021 3290 2093 efﬁgiem.

2214 2113 2322 2170 Sed
2350 2113 2531 2181 dolor,
2563 2114 2861 2170 obstructis
2891 2130 3218 2186 quamquam
3247 2116 3529 2185 vitalibus,
3563 2115 3778 2173 haeret:

2290 2205 2696 2277 Perpetuasque
2726 2206 2864 2280 rigat
2894 2206 3047 2264 fonte
3078 2210 3168 2279 pio
3195 2199 3487 2282 la'crymas.

2216 2297 2360 2353 Proh
2391 2297 2636 2354 facinus!
2672 2309 2910 2358 tantaene
2939 2302 3138 2357 animis
3169 2302 3489 2358 caelestibus
3514 2302 3645 2358 ine?

2289 2390 2460 2447 Durat
2487 2392 2665 2448 adhuc
2695 2393 2903 2463 luctus,
2939 2396 3132 2451 matris
3161 2395 3342 2468 imago
3373 2396 3533 2468 perit.

2759 2505 2998 2563 XXVIII.
3043 2506 3253 2564 Eidem.

2218 2619 2496 2677 Vivebam.
2529 2620 2661 2676 Sum
2689 2619 2832 2677 facta
2859 2622 3032 2688 silex,
3065 2637 3187 2693 quae
3214 2622 3413 2679 deinde
3439 2622 3612 2694 polita

2285 2712 2572 2769 Praxitelis
2603 2714 2878 2781 manibus,
2907 2716 3031 2771 vivo
3059 2717 3257 2772 iterum
3281 2715 3475 2772 Niobe.

2215 2808 2470 2865 Reddidit
2499 2809 2724 2865 artiﬁcis
2756 2825 2948 2865 manus
2979 2812 3195 2878 omnia,
3234 2810 3330 2866 sed
3358 2811 3477 2866 sine
3505 2825 3700 2867 sensu.

2283 2902 2438 2958 Hunc
2464 2915 2587 2973 ego,
2601 2916 2735 2972 _cum
2769 2902 2888 2957 laesi
2919 2901 3163 2972 numina,
3195 2918 3303 2958 non
3333 2902 3521 2959 habui.

2782 3019 2976 3076 XXIX.
3029 3019 3237 3074 Eidem.

2134 3132 2182 3197 C
2213 3130 2396 3190 Habet
2411 3133 2723 3205 sepulcrum
2756 3150 2864 3190 non
2894 3132 2950 3189 id
2981 3133 3126 3189 intus
3157 3141 3455 3206 mortuum.

2213 3225 2387 3282 Ilabct
2417 3242 2516 3282 nec
2541 3227 2656 3296 ipse
2686 3237 2936 3284 mortuus
2964 3228 3178 3283 bustum
3212 3243 3397 3299 super.
3483 3261 3490 3266 -

2211 3316 2328 3375 Sibi
2351 3317 2448 3375 sed
2480 3327 2565 3375 est
2588 3319 2708 3391 ipse
2737 3318 2826 3374 hic
2853 3318 3190 3389 sepulcrum,
3220 3328 3275 3376 et
3303 3328 3572 3377 mortuus.

2789 3429 2962 3486 XXX.
3014 3431 3233 3486 Didoni.

2211 3542 2400 3600 Infelix
2431 3543 2592 3613 Dido,
2626 3545 2760 3600 nulli
2790 3546 2928 3602 bene
2956 3554 3123 3614 nupta
3154 3546 3396 3602 marito:

2284 3636 2397 3691 Hoc
2427 3645 2693 3707 pereunte
2719 3636 2883 3708 fugis,
2917 3637 3023 3693 hoc
3053 3637 3298 3709 fugiente
3325 3637 3494 3708 peris.

2210 3769 2404 3825 XXXI.
2431 3770 2652 3844 Diogeni
2680 3771 2895 3845 Cynico,
2927 3773 2980 3826 in
3005 3774 3154 3844 cujus
3181 3773 3440 3845 sepulcro,
3485 3789 3582 3844 pro
3634 3774 3810 3843 titulo,

2749 3843 2892 3898 canis
2919 3843 3122 3916 signum
3161 3843 3257 3898 est.

2212 3955 2329 4023 Dic,
2348 3957 2520 4023 canis,
2535 3955 2630 4011 'hic
2648 3956 2803 4026 cujus
2819 3956 3078 4012 tumulus?
3089 3955 3269 4013 Canis.
3289 3958 3361 4013 At
3381 3958 3536 4014 canis
3550 3958 3638 4014 hic
3653 3959 3814 4030 quis?

2285 4047 2569 4118 Diogenes.
2603 4048 2784 4104 Obiit?
2815 4048 2932 4104 Non
2961 4049 3115 4116 obiit,
3143 4049 3240 4106 sed
3269 4050 3420 4105 abiit.

2211 4140 2504 4211 Diogenes,
2536 4141 2623 4198 cui
2657 4157 2783 4212 pera
2815 4157 3007 4212 penus,
3051 4144 3136 4199 cui
3166 4143 3308 4201 dolia
3336 4145 3522 4212 sedes,

2282 4234 2362 4289 Ad
2389 4249 2576 4290 manes
2604 4234 2774 4290 abiit?
2801 4234 3072 4291 Cerberus
3097 4236 3174 4292 ire
3195 4246 3359 4292 vetat.

2207 4325 2452 4394 Quonam
2483 4327 2686 4398 igitur?
2737 4303 2882 4382 Cla'ri
2911 4328 3105 4399 ﬂagrat
3123 4344 3228 4400 qua
3253 4329 3408 4385 stella
3436 4329 3657 4398 Leonis,

2279 4419 2508 4476 Additus
2537 4430 2623 4477 est
2646 4422 2810 4495 justas
2839 4437 2982 4478 nunc
3007 4423 3157 4479 canis
3196 4422 3468 4496 Erigone).

2390 4556 2608 4614 XXXII.
2638 4558 2707 4613 In
2733 4559 2987 4615 tumulum
3027 4562 3328 4619 sedecennis
3355 4573 3627 4618 ntatromr.
3669 4612 3675 4616 _

2211 4671 2404 4726 Omnia
2435 4687 2554 4742 qua:
2582 4673 2742 4744 longo
2773 4674 2897 4729 vita:
2922 4676 3214 4746 cupiuntur
3260 4678 3313 4733 in
3341 4693 3479 4741 aevo,

2211 4764 2354 4817 Ante
2380 4771 2569 4834 quater
2600 4764 2820 4834 plenum
2841 4769 3178 4838 consumpsit
3200 4770 3388 4824 Anicia
3414 4769 3662 4826 lustrum.

2211 4851 2393 4934 Infans
2420 4854 2672 4924 lactavit,’
2695 4857 2864 4925 pubes
2901 4867 2955 4912 et
2981 4858 3135 4928 virgo
3157 4859 3416 4917 adolevit.

2213 4945 2430 5016 Nupsit,
2457 4949 2728 5019 concepit,
2757 4950 2984 5020 peperit.
3014 4951 3132 5007 Jam
3164 4963 3342 5008 mater
3371 4954 3557 5010 obivit.

2215 5039 2349 5107 Quis
2374 5049 2602 5096 mortem
2639 5044 2902 5119 accuset?
2931 5044 3051 5114 quis
3079 5060 3185 5100 non
3217 5056 3440 5102 accuset
3480 5048 3534 5103 in
3567 5048 3668 5103 isto

2215 5131 2458 5190 ditatis?
2488 5133 2698 5190 meritis
2725 5149 2862 5191 anus
2887 5144 2994 5205 est,
3023 5145 3185 5193 atate
3215 5138 3416 5208 puella.

2345 5269 2586 5326 XXXIII.
2619 5270 2871 5339 Glauciw,
2899 5273 3180 5329 immatura
3207 5283 3372 5329 morte
3400 5285 3672 5346 praetuta.

2221 5383 2366 5441 Laeta
2399 5384 2483 5439 bis
2509 5394 2709 5440 octono
2742 5385 2839 5441 tibi
2863 5386 2976 5454 jam
2999 5387 3100 5443 sub
3124 5389 3353 5444 consule
3379 5388 3550 5460 pubes

2293 5476 2559 5549 Cingebat
2587 5487 2829 5545 teneras,
2861 5478 3081 5536 Glaucia
3103 5481 3308 5549 adulte,
3340 5497 3527 5554 genas.

2227 5573 2294 5630 Et
2317 5577 2429 5646 jam
2460 5575 2702 5633 desieras
2729 5592 2883 5648 puer,
2909 5592 3051 5634 anne
3077 5579 3275 5650 puella,
3307 5579 3481 5635 videri
3515 5598 3527 5632 :

2296 5671 2430 5726 Cum
2463 5676 2748 5739 properata
2773 5668 2889 5724 dies
2931 5668 3153 5724 abstulit
3182 5685 3344 5726 omne
3365 5669 3551 5726 decus.
3577 5689 3586 5695 ·

2227 5762 2332 5820 Sed
2361 5760 2865 5831 neqnefunctorum
2897 5758 3077 5819 suclus
3102 5757 3401 5822 misceberc
3433 5763 3628 5832 vulgo'
