4108 6188
312 232 418 292 865

375 346 489 405 Nec
512 355 725 409 metues
755 348 974 423 Stygios
1001 351 1197 409 ﬂebilis
1223 352 1410 410 umbra
1446 355 1616 410 lacus.

303 443 506 500 Verum
537 454 630 499 aut
663 443 1028 516 Persephonae
1049 446 1332 519 Cinyreius
1359 448 1462 505 ibis
1487 447 1694 506 Adonis
1721 469 1737 508 :

372 537 484 593 Aut
505 535 657 593 Jovis
678 536 845 609 Elysii
879 547 933 594 tu
960 541 1246 598 catamitus
1273 542 1402 599 eris.

793 676 1036 735 XXXIV.
1062 678 1410 736 Callicratem.

305 789 502 861 Viginti
528 797 692 861 atque
718 805 910 848 novem
938 793 1184 864 genitrici
1212 793 1551 851 Callicratem

373 883 588 941 Nullius
612 899 776 940 sexus
800 901 950 942 mors
977 887 1109 941 mihi
1143 888 1257 942 visa
1286 887 1408 944 fuit.

301 978 407 1036 Sed
429 989 652 1034 centum
677 988 732 1034 et
752 980 994 1050 quinque
1010 982 1222 1051 explevi
1241 983 1383 1038 bene
1407 982 1682 1039 messibus
1699 997 1894 1050 annos,

371 1069 722 1126 Intremulam
756 1071 951 1128 hacqu
977 1088 1086 1128 non
1110 1075 1374 1131 subeunte
1400 1090 1642 1130 manum.

475 1207 698 1264 XXXV.
730 1206 882 1280 Equo
913 1188 1261 1279 Admirabili,
1284 1214 1442 1283 jussu
1472 1211 1714 1282 Augusti.

296 1319 639 1392 PhOSphore,
661 1320 893 1377 clamosi
922 1323 1157 1392 spatiosa
1188 1338 1288 1393 per
1323 1337 1540 1394 mquora
1570 1323 1715 1380 Circi

369 1413 638 1491 Septeuas
666 1411 858 1469 solitus
887 1416 1062 1470 victor
1094 1414 1248 1471 obire
1274 1415 1388 1471 vias
1413 1433 1425 1469 :

289 1505 736 1577 Improperanter
757 1520 922 1577 agens
948 1508 1158 1578 primos
1192 1523 1222 1563 a
1257 1523 1476 1565 carcere
1500 1523 1712 1576 cursus,

367 1599 550 1656 Fortis
581 1601 898 1672 praegressis
931 1611 988 1655 ut
1022 1602 1292 1671 potereris
1317 1601 1497 1672 equis.

292 1693 612 1763 Promptum
637 1701 694 1750 et
715 1693 934 1749 veloces
963 1703 1078 1748 erat
1101 1693 1403 1765 anticipare
1437 1695 1734 1766 quadrigas
1767 1715 1778 1749 :

371 1785 620 1842 Victores
649 1785 814 1843 etiam
845 1787 1087 1852 vincere,
1120 1787 1240 1843 laus
1270 1788 1466 1857 potior.

293 1877 448 1934 Hunc
478 1878 694 1936 titulum
723 1878 846 1935 vani
869 1879 1062 1934 solatia
1085 1893 1238 1934 sume
1267 1879 1528 1950 sepulcri,

364 1977 430 2031 Et
455 1975 683 2047 gradere
711 1975 930 2047 Elysios
970 1989 1184 2046 praepes
1203 1973 1273 2030 ad
1307 1975 1564 2043 alipedes.
1668 2043 1672 2046 p

290 2070 530 2141 Pegasus
560 2069 685 2124 hinc
715 2069 906 2124 dexter
935 2077 1120 2124 currat
1145 2067 1274 2132 tibi;
1307 2067 1478 2122 laevus
1504 2068 1668 2122 Arion

363 2162 529 2219 Funis
557 2171 684 2229 eat;
716 2171 968 2234 quartum
1001 2163 1092 2218 det
1121 2162 1216 2218 tibi
1248 2161 1442 2216 Castor
1473 2177 1692 2232 equum.

1405 237 1890 299 TETRAS'I‘ICHA
1931 239 1998 300 IN
2028 239 2429 301 IMPERATOR
2441 243 2548 306 ES.

1919 361 1970 419 A

1917 1741 1968 1803 Β

3497 249 3605 306 866

2281 359 2529 416 XXXVI.
2560 359 2626 414 In
2652 361 2848 415 tumulo
2867 359 3092 416 hominis
3115 362 3306 431 felicis.

2003 474 2208 545 Sparge
2235 489 2388 531 mero
2413 475 2651 543 cineres,
2700 476 2839 532 bene
2869 475 3035 532 olenti
3066 485 3124 531 et
3151 479 3384 548 unguine
3411 476 3595 546 nardi,

2075 567 2306 639 Hospes,
2339 578 2394 625 et
2419 567 2558 624 adde
2599 568 2738 624 rosis
2769 569 3011 625 balsama
3043 570 3306 640 puniceis.

2003 658 2328 731 Perpetuum
2363 660 2494 716 mihi
2526 676 2621 717 ver
2647 662 2752 733 agit
2778 659 3188 733 illacrymabilis
3210 678 3368 720 urna.

2074 750 2143 806 Et
2163 752 2726 819 commutaviszneula,
2758 769 2865 809 non
2895 754 3027 810 obii.

2001 842 2159 899 Nulla
2188 843 2319 899 mihi
2342 846 2547 901 veteris
2574 845 2861 915 perierunt
2885 845 3080 918 gaudia
3111 847 3236 904 vita:
3262 867 3273 901 :

2074 938 2179 994 Seu
2203 938 2518 994 meminisse
2543 947 2702 1010 putes
2728 940 2908 995 omnia
2928 980 2943 1005 ,
2967 940 3083 996 sive
3109 939 3269 996 nihil.

2278 1073 2546 1130 XXXVII.
2573 1075 2890 1147 Sepulcrum
2912 1075 3034 1134 Cari
3055 1092 3291 1132 vacuum.

1998 1189 2082 1246 Me
2105 1189 2232 1256 sibi,
2255 1199 2310 1247 et
2338 1190 2517 1259 uxori,
2549 1201 2603 1247 et
2631 1191 2778 1249 natis
2803 1207 3099 1250 commune
3126 1195 3441 1266 sepulcrum

2069 1282 2368 1339 Constituit
2400 1299 2555 1341 seras
2578 1284 2752 1341 Carus
2775 1286 2842 1341 ad
2888 1287 3198 1357 exsequias.

1997 1377 2228 1448 Jamque
2252 1377 2344 1433 diu
2378 1387 2730 1434 monumenta
2755 1387 2975 1446 vacant,
3005 1380 3184 1451 sitque
3206 1380 3309 1437 ista
3340 1382 3562 1452 querela

2069 1468 2310 1540 Longior
2342 1484 2358 1526 :
2391 1479 2449 1527 et
2477 1472 2659 1526 veniat
2682 1471 2874 1527 ordine
2897 1472 3128 1542 quisque
3148 1487 3271 1539 suo,

1999 1563 2266 1619 Nascendi
2294 1563 2384 1634 qui
2414 1564 2532 1634 lege
2559 1563 2718 1624 datus
2750 1579 2766 1618 ε
2799 1564 3186 1637 placidumque
3211 1580 3307 1637 per
3331 1581 3506 1622 aevum

2067 1654 2370 1721 Condatur,
2396 1666 2524 1710 natu
2554 1644 2643 1726 qui
2678 1657 2846 1724 prior,
2882 1657 2974 1712 ille
2996 1657 3164 1727 prior.

2280 1768 2573 1824 XXXVIII.
2611 1769 2693 1824 Ex
2717 1770 2954 1842 sepulcro
2979 1770 3185 1826 Latino:
3212 1773 3326 1826 vim.

1993 1875 2118 1938 Non
2149 1895 2366 1949 nomen,
2399 1896 2504 1935 non
2533 1897 2641 1951 quo
2670 1881 2910 1951 genitus,
2935 1898 3044 1938 non
3061 1883 3228 1948 unde,
3252 1882 3382 1952 quid
3413 1883 3518 1954 egi.

2072 1973 2249 2028 Mutus
2276 1971 2329 2026 in
2365 1980 2630 2027 aeternum
2661 1987 2802 2039 sum,
2837 1972 2996 2040 cinis,
3029 1989 3174 2042 ossa,
3206 1972 3361 2029 nihil.

1999 2063 2116 2120 Non
2144 2080 2288 2134 sum,
2319 2078 2420 2119 nec
2446 2065 2652 2119 fueram
2687 2065 2943 2135 :genitus
2971 2076 3148 2123 tamen
3179 2082 3209 2122 e
3237 2066 3408 2122 nihilo
3437 2081 3558 2122 sum
3583 2111 3597 2135 ,

2075 2160 2249 2226 Mitte,
2281 2175 2383 2216 nec
2411 2159 2710 2231 exprobres
2735 2161 2969 2232 singula,
2993 2163 3121 2217 talis
3148 2163 3281 2220 eris.

1134 2381 1295 2462 DE
1370 2376 2017 2463 DUODECIM
2070 2375 2746 2461 C/ESARIBUS

1251 2517 1373 2578 Per
1401 2515 1783 2578 Suetonium
1818 2512 2276 2591 Tranquillum
2305 2511 2588 2591 scriptis.

633 2641 896 2697 Ausonius
926 2640 1178 2714 Hesperio
1206 2641 1340 2710 ﬁlio.
1377 2639 1439 2696 S.
1473 2638 1546 2693 D.

257 2820 260 2823 _
288 2753 681 2812 CESAREOS
711 2769 990 2824 proceres,
1020 2754 1074 2809 in
1103 2768 1335 2825 quorum
1367 2768 1535 2824 regna
1565 2751 1819 2809 secundis

289 2845 621 2904 Consulibus
646 2845 852 2901 dudum
878 2845 1125 2900 Romana
1149 2844 1390 2915 potentia
1418 2845 1607 2910 cessit,

293 2941 494 3011 Accipe
524 2940 606 2996 bis
635 2954 826 3006 senos,
852 2954 948 2996 sua
981 2955 1252 3010 quemque
1282 2938 1624 2994 monosticha
1647 2938 1886 3010 signant,

287 3034 531 3104 Quorum
565 3049 660 3104 per
691 3038 906 3104 plenam
931 3033 1133 3088 seriem
1161 3032 1460 3089 Suetonius
1481 3032 1613 3086 olim

294 3125 549 3193 Nomina,
581 3141 669 3183 res
696 3115 900 3198 gestas,
931 3129 1209 3196 vitamque
1241 3124 1555 3196 obitumque
1587 3125 1814 3197 peregit.

496 3239 827 3295 Monasticha
851 3241 915 3295 de
937 3241 1118 3296 ordine
1145 3237 1267 3294 XII
1297 3233 1690 3310 imperatorum.

288 3355 508 3417 Primus
537 3355 773 3423 regalem
799 3344 1054 3420 patefecit
1081 3353 1322 3411 IULIUS
1348 3355 1527 3410 aulam

287 3448 496 3516 Caesar,
525 3455 579 3502 et
601 3445 925 3502 AUGUSTO
966 3462 1165 3500 nomen
1200 3445 1560 3514 transcripsit,
1591 3454 1648 3499 et
1685 3461 1886 3502 arcem.
1955 3447 1964 3454 '

288 3541 583 3612 Privignus
603 3547 727 3609 post
754 3538 897 3597 hunc
918 3547 1111 3608 regnat
1129 3535 1315 3592 NERO
1337 3536 1710 3606 CLAUDIUS,
1731 3553 1760 3592 a
1785 3525 1912 3608 quo.

287 3630 564 3697 CAESAR,
595 3645 896 3702 cognomen
921 3627 1119 3699 Caliga:
1147 3629 1232 3683 cui
1256 3638 1434 3684 castra
1464 3628 1753 3698 dederunt.

285 3723 632 3782 CLAUDIUS
644 3721 771 3777 hinc
782 3722 988 3793 potitur
1001 3737 1190 3793 regno,
1204 3731 1327 3793 post
1339 3737 1502 3792 quem
1515 3721 1704 3777 NERO
1718 3735 1892 3777 salvus

296 3816 537 3874 Ultimus
562 3815 888 3871 IEneadum.
919 3814 1048 3870 Post
1065 3813 1210 3870 hunc
1241 3823 1374 3880 tres,
1391 3829 1490 3870 nec
1519 3815 1691 3871 tribus
1712 3816 1890 3882 annis;

293 3909 530 3966 GALBA
562 3923 754 3975 senex,
787 3907 988 3964 frustra
1014 3908 1163 3964 socio
1192 3908 1432 3964 conlisus
1459 3909 1619 3964 inerti
1651 3927 1664 3962 :

292 4001 470 4058 Mollis
496 4001 682 4058 OTHO
706 4043 723 4070 ,
755 4001 940 4055 infami
975 4016 1071 4072 per
1096 4001 1287 4057 luxum
1317 4001 1556 4072 degener
1582 4016 1701 4057 :evo
1727 4019 1740 4055 :

295 4094 407 4151 Nec
434 4109 604 4166 regno
633 4093 851 4164 dignus,
883 4107 982 4148 nec
1011 4101 1189 4148 morte
1226 4091 1590 4149 VITELLIUS
1611 4100 1671 4147 ut
1691 4093 1790 4147 vir.

290 4186 386 4243 llis
416 4185 688 4253 decimus,
721 4184 942 4256 fatoque
979 4184 1186 4240 accitus
1207 4183 1709 4258 VESPASIANUS.

292 4278 362 4334 Et
387 4276 596 4335 TITUS
624 4277 836 4348 imperii
861 4277 991 4333 felix
1015 4276 1283 4333 brevitate
1301 4317 1316 4343 ,
1349 4286 1573 4332 secutus

296 4372 515 4440 Frater,
547 4387 709 4443 quem
733 4371 1018 4428 CALVUM
1045 4370 1184 4426 dixit
1205 4385 1303 4426 sua
1331 4370 1504 4425 Roma
1531 4370 1886 4428 NERONEM.

626 4485 852 4559 Tempus
877 4485 1082 4557 imperii
1107 4482 1224 4539 XII
1256 4483 1546 4541 Cwsarum.

291 4599 556 4668 IULIUS,
580 4599 981 4678 utperhibent,
1008 4600 1164 4656 divus
1197 4600 1478 4658 trieteride
1506 4610 1718 4672 regnat.

293 4690 663 4749 AUGUSTUS
691 4699 816 4762 post
831 4692 1012 4772 lustra
1030 4690 1220 4748 decem
1237 4706 1338 4748 sex
1363 4702 1820 4764 prorogatannos,

295 4783 370 4839 Et
400 4792 482 4840 ter
509 4785 750 4854 septenis
777 4783 1024 4854 geminos
1051 4783 1238 4838 NERO
1277 4782 1620 4840 CLAUDIUS
1645 4784 1814 4840 addit.

1991 2635 2174 2693 Tertia
2199 2637 2317 2692 linit
2337 2637 2514 2712 hiems
2538 2639 2843 2709 grassantia
2874 2648 3116 2712 tempora
3149 2643 3306 2699 CAII.

1993 2727 2339 2786 CLAUDIUS
2366 2709 2768 2786 hebdomadem
2797 2709 3069 2802 duplicem
3095 2733 3264 2790 trahit
3294 2753 3307 2791 :
3338 2745 3395 2792 et
3417 2737 3604 2795 NERO

3363 2828 3524 2886 dirus

3363 2831 3398 2883 tl

1993 2900 2352 2970 Tantumdem
2388 2932 2402 2968 :
2427 2929 2656 2971 summa:
2681 2917 2876 2973 consul
2907 2918 3008 2974 sed
3035 2919 3210 2976 defuit
3240 2831 3398 2976 unuls.

1993 3007 2224 3063 GALBA
2249 3023 2441 3075 senex,
2471 3009 2659 3068 OTHO
2693 3011 2921 3080 lascive,
2955 3023 3010 3068 et
3039 3013 3248 3070 famose
3275 3014 3549 3072 VITELLI
3581 3059 3598 3086 ,
3660 3043 3666 3058 ε

1918 3081 1964 3144 C
1996 3098 2176 3154 Tertia
2199 3115 2296 3156 vos
2324 3100 2481 3157 Latio
2516 3112 2807 3173 regnantes
2841 3107 3036 3160 nesciit
3062 3115 3225 3162 testas
3251 3149 3268 3176 ,

1995 3187 2254 3246 Interitus
2284 3191 2478 3262 dignos
2509 3195 2616 3248 vita
2650 3204 2979 3266 properante
3006 3198 3292 3266 probrosa.

1995 3281 2191 3353 Implet
2215 3283 2434 3340 fatalem
2466 3285 2727 3341 decadem
2757 3288 2861 3344 sibi
2897 3288 3387 3349 VESPASIANUS.

1995 3372 2122 3439 Ter,
2145 3373 2461 3432 dominante
2492 3376 2675 3443 TITO,
2698 3379 2863 3449 cingit
2895 3395 3034 3435 nova
3064 3381 3247 3437 laurea
3279 3383 3477 3440 Janum
3515 3405 3525 3438 :

1995 3464 2340 3536 Quindecies,
2372 3470 2531 3523 saevis
2561 3471 2766 3538 potitur
2791 3471 2918 3524 dum
2960 3472 3244 3529 FRATER
3276 3475 3523 3532 habenis.

2498 3626 2575 3682 De
2600 3627 2848 3682 mortibus
2875 3643 3073 3683 eorum.

1997 3763 2238 3821 IULIUS
2265 3761 2474 3819 interiit
2497 3763 2750 3819 CAESAR
2773 3775 3059 3836 grassante
3082 3776 3295 3822 senatu.

1993 3857 2216 3914 Addidit
2240 3855 2618 3913 AUGUSTUM
2648 3856 2790 3913 divis
2820 3866 3031 3914 matura
3064 3868 3338 3916 senectus.

1997 3951 2130 4009 Sera
2150 3966 2317 4008 senex
2343 3952 2569 4022 Capreis
2598 3952 2753 4007 exsul
2785 3951 2976 4008 NERO
3007 3953 3112 4008 fata
3145 3953 3376 4025 peregit.

1998 4045 2244 4118 Expetiit
2267 4061 2458 4117 poenas
2481 4046 2548 4102 de
2577 4045 2877 4102 CESARE
2905 4046 3132 4103 Clirerea
3182 4048 3382 4104 mollis.

1995 4136 2340 4196 CLAUDIUS
2368 4138 2619 4210 ambiguo
2645 4140 2918 4194 conclusit
2950 4138 3062 4194 fata
3093 4154 3331 4196 veneno.

1997 4231 2273 4287 Matricida
2295 4231 2484 4287 ΝΕΒο
2513 4232 2718 4302 proprii
2760 4233 2866 4286 vim
2899 4231 3122 4302 pertulit
3161 4234 3330 4288 ensis.
3361 4251 3368 4256 ·

1997 4323 2225 4380 GALBA
2261 4337 2428 4379 senex
2461 4323 2622 4392 periit
2648 4337 2793 4378 saevo
2825 4331 3133 4394 prostratus
3153 4322 3452 4381 OTHONE.

2000 4417 2122 4472 Mox
2151 4416 2294 4472 Otho
2323 4416 2586 4484 famosus,
2618 4417 2766 4472 clara
2793 4416 2888 4472 sed
2917 4425 3094 4472 morte
3122 4419 3346 4486 potitus.

1920 4469 1977 4533 Ῑ)
2001 4469 2892 4579 ista.‘......ii;.;'...:...;.a
2917 4469 3458 4578 sepiihiniw.

2001 4599 2310 4656 Laudatum
2341 4601 2655 4671 imperium,
2689 4615 2836 4656 mors
2866 4599 3006 4657 lenis
3045 4599 3497 4658 VESPASIANO.

1999 4691 2074 4747 At
2101 4691 2330 4763 TITUS,
2358 4691 2508 4749 orbis
2530 4707 2704 4760 amor,
2735 4693 2944 4764 rapitur
2975 4692 3301 4750 ﬂorentibus
3326 4695 3504 4750 annis.

2003 4784 2137 4842 Sera
2159 4801 2384 4857 gravem
2401 4787 2696 4857 perimunt,
2710 4785 2803 4841 sed
2816 4785 2960 4857 justa
2974 4785 3212 4856 piacula,
3233 4785 3571 4845 FRATREM
3587 4827 3600 4842 .

1503 4994 2358 5096 TETRASTICHA.

527 5141 573 5196 A
597 5136 743 5196 Julia
773 5138 974 5196 Ctesare
996 5153 1157 5211 usque
1187 5139 1254 5195 ad
1284 5146 1516 5208 tempora
1542 5153 1654 5192 sua.

293 5256 449 5315 Nunc
472 5265 529 5314 et
554 5257 875 5329 pra’dictos,
896 5265 956 5314 et
977 5256 1130 5328 regni
1154 5263 1302 5313 sorte
1327 5261 1619 5326 sequentes

366 5349 689 5421 Expediam,
721 5351 902 5408 series
930 5363 1067 5421 quos
1096 5356 1248 5405 tenet
1275 5347 1515 5418 imperii.

293 5442 552 5513 Incipiam
584 5441 653 5498 ab
675 5441 830 5509 Divo,
866 5455 1302 5513 percurramque
1324 5439 1518 5497 ordine
1547 5449 1794 5508 cunctos,

363 5534 500 5592 Novi
527 5535 790 5592 Romanu:
819 5549 956 5605 quos
993 5547 1203 5590 memor
1233 5531 1498 5587 historiae.

861 5646 901 5701 I.
935 5644 1109 5702 Julius
1147 5644 1341 5700 (λίθων.

292 5739 608 5814 Imperium,
639 5741 781 5801 binis
801 5740 980 5799 fuerat
1004 5739 1252 5798 solemne
1273 5736 1416 5811 quod
1444 5735 1577 5796 olim

2001 5177 2008 5184 -
2071 5136 2425 5204 Consulibus,
2457 5137 2644 5193 Cmsar
2669 5137 2849 5195 Julius
2873 5138 3131 5195 obtinuit.

2003 5227 2116 5285 Sed
2148 5227 2313 5284 breve
2333 5225 2422 5298 jus
2455 5227 2628 5300 regni,
2661 5229 2780 5285 sola
2811 5230 3099 5287 trieteride
3127 5235 3363 5301 gestum,
3482 5249 3485 5251 ’

2071 5318 2313 5378 Perculit
2340 5329 2566 5378 armata:
2595 5322 2759 5379 factio
2781 5338 2924 5378 saeva
2951 5332 3110 5394 togae.

2435 5432 2498 5490 II.
2535 5434 2847 5488 Octavianus
2873 5436 3158 5503 Augustus.

2003 5546 2176 5615 Ultor,
2206 5560 2601 5618 successorque
2629 5546 2826 5603 dehinc
2849 5547 3126 5613 Octavius,
3153 5544 3297 5602 idem

2070 5641 2254 5698 Caesar
2287 5661 2297 5694 :
2328 5650 2386 5698 at
2411 5635 2638 5713 Augusti
2665 5642 2888 5698 nomine
2916 5640 3156 5696 nobilior
3183 5657 3200 5706 ;

2008 5737 2306 5810 Longaeva,
2332 5745 2388 5796 et
2412 5750 2706 5808 numquam
2732 5734 2916 5794 dubiis
2940 5733 3137 5792 violata
3161 5739 3430 5805 potestas,
3485 5785 3505 5807 λ
