2054 3094
227 135 280 166 867

267 190 295 219 ln
309 189 388 219 terris
402 188 520 224 positum
535 186 652 215 credidit
666 192 728 214 esse
748 185 838 213 deum.

491 245 537 273 III.
555 244 672 272 Tiberius
684 243 766 271 Nero.

236 305 397 333 Prmnomen
412 302 504 331 Tiberi
520 304 615 330 nactus
628 300 701 328 Nero
716 300 804 335 prima
817 298 937 335 juventae

268 350 401 385 Tempora
414 348 522 376 laudato
538 347 622 383 gessit
636 347 663 375 in
678 345 803 381 imperio.

233 397 346 425 Frustra
360 396 460 423 dehinc
474 395 535 423 solo
547 393 714 430 Caprearum
730 392 839 421 clausus
853 391 881 419 in
897 394 986 424 antro,

270 444 336 478 Quae
351 443 440 479 prodit
453 441 535 475 vitiis,
552 441 640 469 credit
650 446 744 476 operta
756 439 832 468 locis.

490 497 536 525 IV.
553 497 640 525 Cwsar
654 496 784 532 Caligula.

237 557 302 585 Post
318 556 391 583 hunc
405 554 550 583 castrensis
561 553 656 589 caligze
672 553 835 589 cognomine
853 551 945 580 Caesar

273 603 411 631 Successit
426 608 499 629 saevo
510 601 609 628 saevior
624 600 731 635 ingenio
746 607 753 625 ε
982 622 985 626 ,

238 649 374 683 Gadibus,
388 649 553 683 incestisque
568 646 667 674 dehinc
681 645 845 677 maculosus,
859 647 888 671 et
900 642 973 671 omni

274 692 396 723 Crimine
411 693 543 729 pollutum
558 692 604 728 qui
618 691 758 726 superavit
774 697 863 717 avum.

500 748 532 776 V.
546 748 674 776 Claudius
688 747 784 775 Cresar.

241 809 369 837 Claudius
383 807 470 835 irriszc
486 807 591 843 privato
607 805 634 833 in
652 811 774 840 tempore
789 803 862 835 vitae,

276 855 306 882 In
321 863 404 890 regno
420 854 561 889 specimen
574 852 696 888 prodidit
711 850 823 887 ingenii.

242 901 382 929 Libertina
397 903 500 931 tamen,
517 905 661 935 nuptarum
675 902 702 925 et
715 897 827 925 crimina
844 902 950 931 passus,

275 948 335 976 Non
347 948 472 975 faciendo
488 954 603 979 nocens,
620 945 669 973 sed
685 944 816 980 patiendo
829 944 887 970 fuit.

564 1002 608 1030 Vl.
633 1000 716 1029 Nero.

250 1061 403 1091 [Eneadum
416 1062 525 1097 generis
538 1059 582 1095 qui
598 1062 690 1086 sextus
702 1061 729 1085 et
744 1056 855 1083 ultimus
871 1054 970 1089 haeres,

280 1108 389 1142 Polluit,
406 1112 433 1135 et
445 1106 542 1134 clausit
557 1105 628 1133 Julia
641 1112 717 1131 sacra
733 1102 812 1130 Nero.

244 1156 360 1183 Nomina
376 1160 442 1189 quot
456 1154 554 1189 pictas,
573 1157 610 1179 tot
627 1151 709 1179 habet
721 1157 829 1185 quoque
841 1148 954 1176 crimina
970 1146 1042 1174 vitae.

246 1201 326 1229 Disce
342 1208 375 1229 ex
389 1198 549 1234 Tranquillo
565 1206 571 1225 :
597 1205 640 1224 me
655 1196 814 1224 meminisse
831 1194 916 1230 piget.

495 1255 551 1284 Vll.
571 1255 680 1290 Sergius
695 1253 791 1281 Galba.

247 1317 329 1352 Spem
349 1316 488 1348 frustrate,
505 1320 601 1346 senex,
616 1305 736 1347 privatus
751 1314 858 1345 sceptra
871 1307 972 1337 mereri

282 1364 381 1395 Visus;
395 1366 424 1390 at
436 1361 554 1395 imperio
573 1359 698 1394 proditus
713 1357 827 1385 inferior
840 1365 847 1383 ί

248 1411 331 1440 Fama
347 1409 396 1437 tibi
411 1406 610 1442 meliorjuveni
628 1415 635 1433 :
652 1405 700 1433 sed
711 1404 811 1440 justior
822 1403 890 1431 ordo
901 1406 952 1435 est,

281 1455 483 1492 Complacuisse
496 1454 606 1486 dehinc,
623 1450 900 1489 displicuisseiprius.

503 1510 570 1539 VIII.
587 1509 693 1537 Marcus
707 1508 786 1536 Ollio.

247 1571 355 1600 Emula
367 1569 469 1604 polluto
481 1570 608 1602 gesturus
622 1568 728 1599 sceptra
745 1562 844 1590 Neroni
858 1583 864 1594 ,

281 1615 411 1644 Obruitur
423 1612 505 1640 celeri
521 1615 614 1646 raptus
631 1610 702 1637 Otho
716 1608 810 1635 exitio.

246 1663 313 1690 Fine
327 1665 416 1688 tamen
431 1654 581 1685 laudandus
597 1655 650 1683 erit
666 1663 672 1681 :
690 1654 735 1689 qui
749 1657 838 1681 morte
853 1651 954 1680 decora

283 1708 339 1737 lloc
354 1706 442 1734 solum
458 1703 521 1732 iecit
532 1702 635 1735 nobile,
651 1701 723 1736 quod
736 1699 827 1736 periit.

503 1760 549 1788 1X.
567 1759 649 1787 Aulus
666 1757 792 1786 Vitellius.

247 1822 316 1850 Vitae
333 1827 393 1848 sors
404 1818 476 1847 taeda
492 1816 550 1851 tibi,
566 1823 616 1844 nec
625 1815 717 1851 digna,
732 1814 836 1846 Vitelli,

267 1867 332 1902 .Qui
345 1867 424 1894 lieres
438 1864 540 1893 Caesar.
557 1863 602 1891 Sic
614 1862 664 1889 sibi
678 1861 730 1889 lata
747 1861 864 1897 placent.

247 1914 349 1942 Umbra
366 1917 457 1940 tamen
474 1910 564 1939 brevis
576 1909 683 1945 imperii
697 1918 704 1937 :
718 1909 778 1943 quia
793 1908 903 1943 praemia
916 1907 991 1942 regni

281 1961 361 1995 Saepe
373 1950 501 1994 indignus
512 1956 580 1990 adit,
594 1963 646 1983 non
658 1955 710 1983 nisi
719 1955 817 1990 dignus
829 1954 921 1983 habet.

482 2015 514 2043 X.
533 2013 616 2041 Divus
631 2013 817 2047 Vespasianus.

246 2064 390 2101 Qumrendi
401 2058 532 2095 attentus,
548 2060 689 2089 moderato
702 2059 861 2088 commodus
876 2065 937 2092 usu,

282 2113 369 2147 Auget
383 2117 434 2138 nec
447 2107 573 2144 reprimit
586 2107 771 2142 Vespasianus
785 2113 862 2141 opes.

246 2159 316 2187 Olim
329 2157 374 2193 qui
384 2156 495 2185 dubiam
512 2155 616 2190 privato
630 2154 657 2181 in
672 2158 796 2189 tempore
810 2153 918 2185 famam,

281 2204 382 2232 Rarum
394 2202 466 2236 aliis,
480 2201 607 2237 princeps
622 2199 760 2227 transtulit
771 2200 798 2227 in
812 2198 921 2227 melius.

468 2256 514 2285 XI.
536 2257 611 2284 Titus
637 2255 817 2291 Vespasianus.

247 2305 326 2334 Felix
337 2302 462 2340 imperio,
478 2301 542 2330 felix
554 2302 688 2329 brevitate
703 2301 828 2336 regendi.

283 2352 403 2386 Exspers
414 2349 505 2378 civilis
518 2348 669 2384 sanguinis,
680 2348 756 2375 orbis
770 2353 861 2379 amor;

246 2399 335 2428 Unum
349 2397 442 2425 dixisti
457 2398 577 2425 moriens
589 2400 614 2424 te
628 2395 730 2423 crimen
745 2394 863 2429 habere,

280 2443 335 2473 Sed
346 2443 414 2472 nulli
427 2442 462 2471 de
475 2448 512 2477 te,
529 2450 578 2471 nos
595 2442 643 2470 tibi
656 2441 832 2470 credidimus.

514 2499 571 2527 XII.
593 2499 767 2526 Domitianus.

243 2550 379 2578 Hactenus
392 2548 518 2577 edideras
532 2547 657 2575 dominos
670 2554 737 2583 gens
749 2546 841 2574 Flavia
854 2546 951 2582 justos.

280 2597 334 2625 Cur
347 2597 401 2624 duo
412 2603 472 2631 quae
486 2593 630 2628 dederant,
648 2594 745 2622 tertius
758 2592 858 2629 eripuit
871 2593 883 2621 Ἰ

242 2643 295 2672 Vix
308 2641 373 2670 tanti
389 2647 431 2670 est
445 2641 574 2669 habuisse
588 2641 661 2675 illos,
675 2640 739 2675 quia
752 2640 822 2667 dona
836 2640 969 2668 bonorum

278 2689 347 2717 Sunt
363 2688 465 2717 brevia.
481 2682 635 2722 .‘Eternum,
649 2694 709 2722 qua:
721 2694 849 2721 nocuere,
862 2686 967 2714 dolent.

466 2744 511 2772 XII
518 2745 536 2772 l.
559 2744 647 2772 Nerva
666 2744 817 2772 Tetrarcha.

242 2792 391 2820 Proximus
406 2789 540 2820 exstincto
556 2791 714 2820 moderatur
723 2794 830 2827 sceptra
845 2793 960 2826 tyranno

278 2838 365 2864 Nerva
380 2844 476 2870 senex,
495 2837 619 2873 princeps
630 2838 751 2874 nomine,
767 2842 857 2867 mente
869 2844 977 2873 parens.
1019 2835 1022 2838 ’

242 2880 319 2910 Nulla
333 2880 391 2909 viro
405 2882 525 2910 suboles.
540 2881 662 2911 imitatur
677 2882 791 2919 adoptio
808 2882 909 2918 prolem
926 2903 933 2917 ,

926 123 1020 154 DECII
1040 120 1176 153 AUSONII

1046 181 1072 210 Α
1120 181 1206 215 Quam
1221 177 1418 214 legissejuvet,
1438 181 1518 211 quam
1533 173 1662 210 genuisse
1681 172 1756 201 velit.

1369 233 1439 262 XIV.
1460 232 1603 269 Trajanus.

1089 293 1252 329 Aggredilur
1268 292 1390 327 regimen
1402 289 1482 318 viridi
1495 288 1628 324 Trajanus
1643 288 1669 315 in
1684 295 1752 321 mvo,

1122 341 1187 368 Belli
1204 340 1284 367 laude
1300 339 1383 374 prior,
1399 342 1497 365 etelera
1512 335 1598 372 patris
1613 334 1725 363 habens.

1085 387 1134 414 Hic
1144 393 1251 422 quoque
1265 386 1343 421 prole
1357 391 1465 416 carens,
1481 383 1568 410 sociat
1579 382 1631 409 sibi
1645 385 1720 409 sorte
1732 380 1855 416 legendi,

1120 433 1206 467 Quem
1218 433 1321 460 fateare
1332 431 1445 462 bonum,
1461 429 1597 457 dilliteare
1616 436 1722 463 parent.

1321 487 1377 516 XV.
1392 486 1483 514 Itilius
1496 485 1657 513 Hadrianus.

1087 548 1176 576 [Elius
1192 548 1255 575 hinc
1268 544 1353 574 Subiit
1367 544 1464 573 mediis
1477 535 1621 581 priusignis
1634 543 1660 571 in
1677 543 1745 571 actis
1760 550 1768 570 :

1125 593 1262 629 Principia
1279 598 1305 620 et
1318 592 1397 620 linem
1412 591 1481 619 fama
1494 594 1571 618 notat
1585 590 1703 625 gravior.

1087 641 1176 669 Orbus
1189 644 1216 668 et
1233 640 1276 667 hic
1291 648 1297 666 :
1314 638 1451 673 sociatque
1466 637 1551 664 virum
1569 637 1729 667 documenta
1744 635 1875 663 daturum
1886 654 1897 669 ,

1125 685 1229 714 Adsciti
1247 689 1376 720 quantum
1393 685 1571 719 praemineant
1583 682 1692 718 genitis.

1331 742 1402 770 XVI.
1421 742 1566 769 Antoninus
1581 740 1658 769 Pius.

1093 789 1248 828 Antoninus
1264 798 1365 828 abhinc
1380 799 1501 834 regimen
1516 798 1591 833 capit
1604 807 1610 824 :
1627 797 1675 825 ille
1690 802 1787 825 vocatu

1129 846 1325 881 Gonsultisque
1337 844 1425 879 PIUS,
1443 851 1542 872 nomen
1558 845 1662 872 habens
1676 844 1776 872 meriti.

1056 873 1080 904 Β
1096 873 1181 920 Filius
1194 892 1257 920 huic
1273 873 1330 919 lato
1344 873 1453 918 nullus:
1468 890 1516 918 sed
1531 890 1592 926 lege
1606 897 1717 917 suorum

1129 938 1152 966 Α
1167 938 1253 974 patria
1267 937 1403 971 sumpsit,
1418 937 1463 972 qui
1476 940 1586 971 regeret
1601 936 1724 971 patriam.

1308 991 1391 1019 XVII.
1408 991 1514 1019 Marcus
1526 991 1680 1018 Antoninus.

1095 1050 1161 1077 Post
1174 1048 1265 1076 Marco
1280 1048 1363 1076 tutela
1378 1047 1474 1079 datur;
1492 1047 1536 1083 qui
1553 1048 1619 1075 scita
1635 1046 1757 1074 Platonis

1132 1096 1222 1124 Flexit
1236 1095 1269 1123 ad
1283 1095 1426 1131 imperium
1439 1116 1447 1129 ,
1461 1099 1538 1130 patre
1554 1093 1610 1123 PlO
1624 1092 1729 1122 melior.

1096 1139 1261 1170 Successore
1275 1149 1326 1169 suo
1342 1142 1474 1175 moriens,
1490 1139 1537 1169 sed
1553 1139 1677 1176 principe
1691 1148 1785 1176 pravo,

1132 1188 1191 1216 Iloc
1205 1187 1265 1215 solo
1278 1187 1382 1223 patriae,
1398 1187 1471 1223 quod
1485 1188 1597 1223 genuit,
1613 1187 1713 1215 nocuit.

1356 1243 1450 1272 XVIII.
1469 1242 1635 1270 Commodus.

1096 1290 1263 1319 Commodus
1279 1288 1444 1324 insequitur.
1462 1288 1558 1323 pugnis
1573 1288 1725 1315 maculosus
1740 1295 1845 1321 arente,

1133 1334 1295 1365 Threcidico
1310 1335 1439 1371 princeps
1450 1334 1521 1362 bella
1535 1340 1649 1361 movens
1661 1332 1760 1369 gladio.

1098 1384 1173 1413 Eliso
1186 1382 1296 1411 tandem
1315 1381 1474 1417 persolvens
1486 1386 1594 1417 gutture
1609 1387 1717 1416 pinnas;

1133 1430 1300 1459 Criminibus
1316 1429 1403 1457 fassus
1419 1428 1514 1457 matris
1530 1426 1702 1456 adulterium.

1321 1484 1393 1514 XIX.
1414 1483 1521 1513 Helvius
1538 1483 1673 1512 Pertinax.

1098 1534 1195 1568 Helvi,
1211 1531 1311 1570 judicio
1327 1537 1354 1561 et
1365 1531 1491 1560 consulto
1505 1531 1576 1560 lecte
1593 1533 1713 1563 senatus,

1135 1578 1265 1615 Princeps
1280 1579 1399 1607 decretis
1415 1578 1532 1614 prodite,
1548 1586 1602 1606 non
1619 1577 1724 1605 studiis.

1099 1626 1177 1660 Quod
1191 1625 1280 1654 doluit
1293 1624 1417 1652 maleﬂda
1428 1624 1546 1656 cohors;
1563 1628 1659 1652 errore
1674 1622 1799 1658 probato,

1133 1673 1214 1701 Curia
1229 1672 1304 1708 quod
1318 1671 1417 1699 castris
1433 1676 1555 1699 cesserat
1568 1670 1692 1705 imperio.

1339 1728 1398 1757 XX.
1417 1727 1517 1766 Didius~
1525 1728 1657 1755 Julianus.

1099 1774 1144 1804 Dii
1154 1777 1234 1810 bene,
1251 1775 1322 1812 quod
1337 1775 1432 1810 spoliis
1448 1773 1542 1802 Didius
1555 1781 1610 1801 non
1623 1771 1725 1810 gaudet
1736 1773 1835 1809 opimis
1850 1782 1856 1799 :

1134 1823 1168 1850 Et
1183 1823 1237 1850 cito
1253 1822 1362 1857 pcrjuro
1377 1821 1487 1856 praemia
1503 1820 1629 1855 adempta
1643 1820 1714 1848 seni.

1096 1867 1209 1904 Tuque,
1225 1868 1326 1897 Severe
1342 1872 1430 1903 pater,
1446 1867 1553 1894 titulum
1568 1873 1603 1894 ne
1617 1866 1746 1894 horresce
1761 1866 1900 1894 novlntis.

1131 1914 1190 1943 Non
1207 1915 1276 1950 rapit
1292 1914 1437 1949 imperium
1453 1913 1495 1940 vis
1511 1917 1554 1941 tua
1567 1935 1574 1947 ,
1588 1912 1637 1941 sed
1651 1912 1756 1948 recipit.

1320 1968 1391 1998 XXI.
1409 1969 1518 1998 Severus
1535 1968 1671 1996 Perlinax.

1097 2018 1213 2053 Impiger
1226 2016 1334 2052 egelido
1348 2019 1439 2045 movet
1453 2023 1529 2043 arma
1546 2014 1663 2044 Severus
1675 2015 1709 2043 ab
1724 2013 1826 2049 Histro,

1133 2063 1169 2092 Ut
1184 2062 1327 2098 parricidae
1341 2065 1423 2098 regna
1438 2061 1540 2089 adimat
1555 2061 1641 2089 Didio.

1097 2109 1198 2137 Punica
1215 2109 1290 2144 origo
1305 2108 1343 2136 illi
1362 2117 1368 2136 :
1383 2108 1430 2135 sed
1446 2108 1490 2143 qui
1507 2108 1607 2136 virtute
1621 2107 1749 2143 probaret

1131 2155 1189 2183 Non
1205 2154 1314 2182 obstare
1330 2154 1417 2182 locum
1429 2176 1436 2188 ,
1453 2161 1515 2182 cum
1533 2153 1605 2181 valet
1621 2153 1766 2189 ingenium.

1210 2210 1294 2238 XXII.
1310 2210 1453 2237 Bassianus
1468 2210 1615 2237 Antoninus
1631 2208 1779 2236 Curaealla.

1059 2258 1086 2290 D
1098 2256 1243 2285 Dissimilis
1258 2256 1356 2284 virtute
1371 2257 1457 2291 patri,
1473 2260 1500 2284 et
1512 2254 1600 2283 multo
1615 2256 1699 2291 magis
1715 2255 1752 2283 illi
1765 2276 1772 2288 ,

1133 2305 1217 2339 Cujus
1233 2304 1360 2339 adoptivo
1376 2305 1484 2331 nomine
1500 2308 1525 2331 te
1540 2304 1677 2338 perhibes.

1098 2352 1200 2378 Fratris
1216 2355 1301 2378 morte
1316 2358 1426 2383 nocens,
1444 2350 1555 2385 punitus
1570 2349 1624 2377 line
1639 2352 1764 2382 cruento,

1132 2399 1217 2426 lnrisu
1233 2398 1323 2434 populi
1340 2403 1378 2430 tu,
1395 2397 1545 2429 Caracalla,
1562 2396 1658 2431 magis.

1303 2455 1396 2482 XXIII.
1416 2455 1518 2489 Opilius
1537 2450 1683 2480 Marrinus.

1096 2503 1228 2537 Principis
1244 2500 1287 2528 hic
1305 2506 1406 2532 custos,
1422 2504 1559 2534 Sumptum
1578 2507 1625 2534 pro
1636 2498 1744 2526 Caesare
1759 2498 1859 2526 lerntm

1132 2549 1218 2575 Vertit
1236 2548 1260 2575 iu
1278 2552 1417 2573 auctorem
1434 2546 1509 2572 (rode
1524 2545 1661 2572 Macrinus
1675 2546 1757 2571 iners.

1095 2596 1153 2622 .llox
1167 2602 1227 2621 cum
1247 2594 1321 2628 prole
1336 2592 1400 2619 ruit.
1416 2591 1549 2618 Gravibus
1564 2589 1673 2626 pulsare
1687 2589 1807 2626 querelis

1129 2643 1223 2669 (‘cssct
1238 2640 1387 2675 perﬁdiam.
1409 2639 1474 2672 Qum
1487 2639 1600 2674 patitur,
1613 2636 1722 2665 meruit.

1259 2697 1352 2725 XXIV.
1371 2696 1515 2723 Antoninus
1533 2693 1730 2730 Heliogabalus.

1095 2745 1171 2773 Tunc
1188 2745 1269 2771 etiam
1286 2743 1413 2777 Augustae
1427 2741 1499 2770 sedis
1516 2741 1666 2777 penetralia
1682 2739 1788 2775 tardas:

1132 2792 1331 2819 Antoninorum
1348 2788 1456 2816 nomina
1471 2787 1537 2815 falsa
1550 2786 1671 2823 gerens?

1098 2840 1851 2854 π.......ε.....ι..ο-..ι.....η-..ι

1328 2878 1451 2917 (Reliqua
1466 2878 1670 2908 desiderantur.)
