4108 6188
548 233 648 288 871

1172 344 1285 400 XII.
1323 344 1530 400 Tolosa.

551 458 666 515 Non
700 473 953 529 umquam
981 459 1226 516 altricem
1257 462 1428 516 nostri
1460 460 1702 518 reticebo
1730 460 1980 518 Tolosam
2001 502 2018 530 ,

486 620 494 625 ,
549 551 846 610 Coctilibus
867 554 1038 610 muris
1059 569 1221 625 quam
1245 554 1440 610 circuit
1459 555 1695 612 ambitus
1723 557 1935 626 ingens,

547 647 760 718 Perque
786 647 928 703 latus
959 646 1186 718 pulchro
1212 649 1525 718 prmlabitur
1554 665 1718 717 amne
1747 651 2022 707 Garumna
2052 668 2066 706 :

551 738 863 795 lnnumeris
891 740 1092 796 cultam
1124 741 1358 810 populis,
1391 742 1627 797 confinia
1658 754 1879 814 propter

550 829 821 902 Ninguida
849 831 1118 908 Pyrenes,
1147 842 1202 887 et
1233 833 1391 905 pinea
1414 833 1790 890 Cebennarum
1814 880 1829 905 ,

550 925 694 980 Inter
713 923 1010 997 Aquitanas
1036 934 1225 996 gentes
1250 936 1304 982 et
1334 942 1529 983 nomen
1557 927 1802 994 Iberum.

547 1021 681 1089 Qua:
707 1023 870 1078 modo
898 1021 1280 1093 quadruplices
1305 1038 1371 1078 ex
1403 1039 1463 1078 se
1495 1040 1616 1079 cum
1644 1022 1903 1080 effuderit
1930 1022 2110 1090 urbes,

548 1113 667 1169 Non
693 1114 802 1170 ulla
832 1113 1116 1170 exhausta:
1144 1115 1313 1169 sentit
1338 1115 1620 1186 dispendia
1651 1115 1823 1186 plebis
1850 1133 1863 1168 :

550 1209 699 1278 Quos
725 1210 912 1282 genuit
941 1221 1172 1266 cunctos
1201 1210 1408 1280 gremio
1436 1211 1716 1282 complexa
1748 1211 1994 1268 colonos.

1180 1322 1316 1378 XIII.
1353 1322 1550 1377 Narbo.

550 1434 665 1491 Nec
692 1443 771 1504 tu,
807 1435 999 1491 Martie
1027 1435 1230 1503 Narbo,
1264 1436 1538 1492 silcbere:
1573 1437 1792 1494 nomine
1819 1437 1974 1506 cujus

548 1527 690 1584 Fusa
724 1543 822 1598 per
851 1528 1179 1584 immensum
1208 1528 1482 1599 quondam
1516 1528 1794 1598 provincia
1824 1541 2050 1598 regnum
2073 1565 2089 1592 ,

548 1622 793 1678 Obtinuit
824 1622 1024 1679 multos
1051 1622 1365 1679 dominandi
1395 1624 1518 1692 jure
1538 1624 1788 1678 colonos.

548 1714 833 1771 lnsinuant
862 1730 970 1786 qua
995 1731 1056 1770 se
1087 1715 1354 1786 Sequanis
1388 1716 1712 1786 Allobroges
1739 1715 1850 1769 oris
1875 1732 1888 1773 :

551 1809 975 1879 Excludnntque
1000 1809 1166 1864 Italos
1195 1810 1389 1879 Alpina
1421 1810 1701 1864 cacumina
1736 1810 1870 1863 lines
1897 1825 1909 1859 :

549 1900 663 1968 Qua
695 1899 1014 1971 Pyrenaicis
1043 1899 1256 1954 nivibus
1286 1899 1616 1954 dirimuntur
1641 1899 1784 1953 lberi
1813 1917 1823 1950 :

548 1995 662 2060 Qua
691 1993 898 2062 rapitur
931 2007 1173 2062 praeceps
1205 1992 1502 2047 Rhodanus
1536 1992 1786 2064 genitore
1814 1991 2112 2058 Lemanno,

550 2085 893 2155 lnteriusque
919 2092 1172 2155 premunt
1198 2085 1520 2154 Aquitanica
1551 2099 1677 2139 rura
1708 2082 2005 2151 Cebennaz,

548 2175 730 2248 Usque
764 2177 816 2232 in
839 2176 1172 2247 Tectosagos
1203 2176 1464 2248 paganica
1497 2177 1718 2232 nomina
1751 2176 1971 2244 Volcas,

549 2271 745 2326 Totum
767 2269 948 2326 Narbo
979 2271 1100 2325 fuit.
1137 2269 1218 2325 Tu
1246 2269 1417 2326 Gallia
1449 2271 1625 2340 prima
1654 2271 1818 2341 togati

545 2364 795 2421 Nominis
819 2364 1027 2420 attollis
1054 2364 1208 2419 Latio
1235 2363 1564 2434 proconsule
1593 2362 1790 2419 fasces.

545 2459 678 2529 Quis
709 2469 976 2516 memoret
1005 2469 1302 2530 portusque
1333 2468 1476 2525 tuos,
1502 2469 1826 2529 montesque
1847 2458 2154 2531 lacusque]!

545 2553 678 2622 Quis
706 2555 935 2626 populos
961 2555 1114 2610 vario
1145 2554 1463 2610 discrimine
1490 2555 1679 2622 vestis,
1713 2565 1768 2610 et
1792 2554 1944 2610 oris?

547 2645 817 2716 Quodque
851 2647 945 2702 tibi
978 2646 1251 2718 quondam
1281 2645 1443 2701 Pario
1479 2644 1549 2702 de
1579 2660 1857 2702 marmore
1888 2645 2149 2717 templum

546 2738 739 2794 Tantae
769 2740 929 2795 molis
958 2748 1076 2795 erat
1096 2781 1110 2806 ,
1137 2750 1396 2810 quantam
1427 2755 1533 2794 non
1564 2747 1852 2809 sperneret
1876 2738 2009 2795 olim

547 2835 897 2907 Tarquinius,
927 2835 1265 2908 Catulusque
1297 2836 1494 2892 iterum
1514 2877 1528 2902 ,
1562 2845 1869 2906 postremus
1898 2843 1953 2892 et
1981 2833 2094 2903 ille,

547 2931 728 2984 Aurea
753 2929 847 3000 qui
875 2928 1064 2984 statuit
1091 2926 1324 2999 Capitoli
1345 2927 1579 2983 culmina
1611 2925 1826 2984 Cassar?

548 3023 627 3080 Te
650 3024 814 3080 maris
843 3023 943 3079 Eoi
975 3037 1210 3092 merces,
1241 3032 1295 3079 et
1322 3022 1527 3079 lberica
1557 3022 1736 3078 ditant

548 3115 790 3186 Equora
817 3134 828 3167 :
861 3125 914 3170 te
941 3116 1144 3170 classes
1171 3115 1391 3185 Libyci,
1419 3114 1698 3184 Siculique
1725 3113 1977 3183 profundi
2001 3134 2010 3166 :

549 3208 618 3264 Et
643 3206 906 3278 quidquid
939 3208 1090 3261 vario
1116 3221 1213 3276 per
1243 3205 1498 3272 ﬂumina,
1533 3221 1629 3275 per
1656 3207 1789 3261 freta
1819 3221 1979 3261 cursu

550 3297 871 3364 Advebitur,
898 3306 1011 3352 toto
1038 3296 1133 3352 tibi
1164 3295 1380 3367 navigat
1410 3297 1544 3353 orbe
1572 3299 1882 3360 κατάπλους.

1107 3409 1249 3466 XIV.
1277 3409 1594 3484 Burdigala.

546 3507 713 3579 lmpia
742 3505 1057 3576 jamdudum
1088 3505 1394 3562 condemno
1420 3505 1636 3560 silentia
1658 3547 1672 3572 ,
1704 3504 1847 3576 quod
1882 3514 1955 3574 te,

548 3600 595 3656 0
621 3599 825 3672 patria,
858 3599 1126 3670 insignem
1153 3598 1388 3666 Baccho,
1425 3598 1732 3668 ﬂuviisque,
1765 3598 2024 3670 virisque,

548 3690 810 3758 Moribus,
835 3690 1172 3764 ingeniisque
1189 3688 1471 3746 hominum
1485 3735 1499 3760 ,
1520 3704 1917 3761 procerumque
1938 3697 2150 3757 senatu,

1944 227 2126 290 DECII
2163 231 2442 292 AUSONII

2182 351 2234 414 Α
2258 349 2375 406 Non
2403 349 2547 405 inter
2576 350 2778 420 primas
2804 352 3124 404 memorem.
3155 347 3323 416 Quasi
3350 349 3603 406 conscius
3626 349 3787 406 urbis

3749 232 3882 292 872

2256 444 2480 515 Exigua:
2507 443 2810 499 immeritas
2838 441 3080 498 dubitem
3108 443 3426 513 contingere
3457 443 3661 499 laudes.

2255 538 2371 594 Non
2396 539 2571 611 pudor
2592 539 2718 594 hinc
2741 537 2918 594 nobis.
2956 538 3064 593 Nec
3085 536 3231 593 enim
3263 537 3394 593 mihi
3422 537 3648 593 barbara
3673 537 3878 596 Rheni

2255 629 2365 686 Ora
2393 672 2408 697 ,
2435 645 2536 686 nec
2564 631 2770 686 Arctoo
2797 630 2992 685 domus
3023 639 3108 684 est
3137 628 3380 699 glacialis
3411 628 3462 683 in
3491 629 3697 685 Haemo.

2199 747 2205 751 -
2255 721 2544 793 Burdigala
2575 730 2661 777 est
2686 722 2863 776 natale
2887 720 3094 776 solum:
3128 719 3414 775 clementia
3443 721 3566 776 cceli

2255 814 2394 870 Mitis
2417 815 2538 881 tibi,
2570 822 2627 870 et
2653 815 2823 885 riguae
2851 814 2994 884 larga
3023 811 3356 882 indulgentia
3389 822 3578 877 terrae;

2259 906 2366 963 Ver
2383 907 2624 978 longum,
2640 905 2954 976 brumaeque
2976 903 3188 972 breves,
3208 903 3336 975 juga
3357 904 3579 960 frondea
3597 905 3845 984 subsung

2257 1000 2495 1055 Fervent
2519 1013 2803 1070 aequoreos
2833 998 3042 1054 imitata
3071 998 3269 1053 ﬂuenta
3301 1008 3528 1053 meatus.

2253 1092 2508 1160 Quadrua
2536 1105 2816 1146 murorum
2846 1091 3077 1160 species,
3103 1089 3183 1144 sic
3210 1087 3455 1144 turribus
3479 1087 3603 1144 altis

2257 1183 2469 1249 Ardua,
2506 1191 2566 1238 ut
2588 1182 2763 1238 aerias
2788 1182 2991 1237 intrent
3020 1181 3230 1250 fastigia
3261 1182 3453 1237 nubes.

2259 1274 2552 1329 Distinctas
2582 1273 2798 1330 interne
2829 1274 2943 1328 vias
2970 1271 3198 1342 mirere,
3226 1272 3514 1329 domorum

2254 1365 2594 1437 Dispositum
2617 1406 2632 1432 ,
2663 1376 2719 1421 et
2738 1366 2874 1420 latas
2901 1380 3100 1421 nomen
3133 1378 3358 1421 servare
3385 1364 3592 1436 plateas
3617 1383 3631 1420 :

2254 1457 2392 1513 Tum
2425 1455 2822 1528 respondentes
2843 1455 3051 1512 directa
3084 1455 3139 1511 in
3159 1449 3392 1527 compita
3417 1465 3636 1527 portas,

2253 1549 2359 1605 Per
2386 1549 2734 1621 mediumque
2761 1549 2912 1604 urbis
2941 1548 3151 1604 fontani
3180 1549 3420 1604 ﬂuminis
3451 1550 3686 1606 alveum.

2253 1641 2424 1709 Quem
2455 1650 2611 1709 pater
2633 1642 2884 1698 Oceanus
2921 1641 3098 1697 reﬂuo
3125 1657 3249 1696 cum
3280 1641 3590 1712 impleverit
3617 1653 3788 1710 κείω,

2178 1739 2227 1801 Β
2255 1733 2431 1788 Allabi
2461 1742 2630 1788 t0tum
2663 1733 2940 1804 spectabis
2981 1733 3248 1789 classibus
3279 1750 3484 1806 mquor.

2252 1825 2392 1894 Quid
2425 1841 2722 1882 memorem
2766 1825 2926 1881 Pario
2959 1835 3269 1883 contectum
3325 1842 3600 1884 marmore
3652 1828 3868 1885 fontem

2251 1917 2443 1989 Euripi
2467 1917 2688 1975 fervere
2715 1917 2894 1986 freto;
2927 1926 3127 1990 quanta
3152 1919 3340 1976 umbra
3373 1920 3624 1991 profundi
3663 1923 3678 1975 !

2251 2013 2496 2080 Quantus
2526 2012 2582 2067 in
2603 2027 2766 2068 amne
2794 2013 3003 2067 tumor!
3025 2021 3227 2084 quanto
3248 2015 3358 2069 ruit
3381 2014 3594 2084 agmine
3612 2029 3868 2085 praeceps

2253 2105 2495 2176 Margine
2525 2109 2766 2161 contenti
2795 2106 3011 2163 bissena
3045 2122 3144 2178 per
3175 2109 3312 2163 ostia
3343 2122 3569 2176 cursus,

2254 2200 2577 2257 Innumeros
2605 2200 2786 2270 populi
2819 2215 2927 2256 non
2957 2216 3212 2271 umquam
3235 2200 3530 2256 exhaustus
3575 2200 3643 2256 ad
3687 2202 3867 2258 usus!

2254 2293 2411 2348 llunc
2441 2306 2697 2363 cuperes,
2727 2307 2825 2348 rex
2849 2292 3034 2360 Mede,
3065 2295 3173 2349 tuis
3201 2294 3520 2364 contingere
3547 2289 3785 2362 castris,

2255 2385 2500 2442 Flumina
2543 2395 2869 2456 consumpto
2897 2401 3020 2442 cum
3048 2386 3303 2443 defecere
3326 2399 3508 2444 meatu
3537 2407 3553 2444 :

2255 2481 2430 2553 Hujus
2456 2481 2622 2536 fontis
2644 2495 2812 2552 aquas
2843 2465 3158 2552 peregrinas
3183 2483 3324 2540 ferre
3355 2498 3451 2553 per
3473 2483 3642 2539 urbes
3661 2525 3678 2550 ,

2255 2573 2435 2632 Unum
2467 2589 2565 2645 per
2587 2583 2815 2630 cunctas
2838 2575 3028 2630 solitus
3056 2583 3276 2644 portare
3302 2576 3630 2647 Choaspcm.

2327 2667 2508 2735 Salve,
2544 2666 2664 2721 fons
2691 2667 2876 2738 ignote
2903 2677 3059 2731 ortu,
3092 2681 3283 2735 sacer,
3311 2667 3477 2734 alme,
3500 2667 3784 2737 perennis,

2257 2761 2473 2826 Vitree,
2499 2761 2726 2832 glauce,
2757 2760 3054 2832 prolunde,
3085 2775 3320 2826 sonore,
3356 2761 3574 2828 illimis,
3600 2775 3789 2833 opace.

2254 2854 2442 2924 Salve,
2473 2854 2624 2909 urbis
2645 2855 2835 2926 genius
2855 2895 2870 2920 ,
2903 2853 3116 2908 medico
3139 2851 3390 2924 potabilis
3411 2852 3608 2909 haustu
3626 2894 3643 2920 ,

2255 2946 2822 3020 DlVONACeltarum
2852 2947 3033 3017 lingua
3057 2989 3073 3014 ,
3107 2946 3227 3001 lotis
3249 2945 3440 3001 addite
3463 2945 3625 3000 divis.

2254 3039 2374 3096 Non
2400 3039 2626 3111 Aponus
2647 3048 2774 3111 potu
2798 3081 2813 3106 ,
2853 3040 3026 3095 vitrea
3047 3054 3154 3094 non
3183 3039 3302 3095 luce
3327 3037 3629 3095 Nemausus

2177 3131 2224 3195 C
2254 3133 2446 3190 Purior
2476 3151 2491 3202 ;
2519 3148 2774 3205 aequoreo
2805 3148 2914 3189 non
2945 3133 3155 3204 plenior
3183 3148 3344 3189 amne
3368 3133 3643 3189 Timavus.

2330 3227 2430 3282 Hic
2458 3225 2612 3282 labor
2637 3237 2917 3283 extremus
2941 3226 3190 3283 celebres
3215 3225 3500 3298 collegerit
3522 3225 3700 3281 urbes.

2255 3317 2438 3388 thue
2466 3325 2632 3388 caput
2660 3316 2874 3374 numeri
2907 3317 3076 3374 Roma
3109 3317 3306 3389 inclyta
3325 3359 3340 3384 ,
3368 3317 3449 3374 sic
3476 3316 3649 3387 capite
3671 3316 3779 3371 isto

2257 3410 2545 3483 Burdigala
2577 3411 2802 3484 ancipiti
2832 3411 3122 3467 confirmet
3149 3413 3354 3467 vertice
3383 3409 3587 3466 sedem.

2256 3502 2383 3560 lltrc
2407 3504 2584 3576 patria
2607 3512 2693 3560 est
2725 3521 2738 3559 :
2764 3505 2967 3574 patrias
2995 3503 3088 3559 scd
3123 3503 3293 3559 Roma
3323 3503 3640 3573 supervenit
3663 3516 3857 3557 omnes

2256 3596 2434 3667 Diligo
2461 3596 2804 3668 Burdigalam
2841 3614 2855 3652 :
2885 3597 3115 3652 Romam
3152 3596 3293 3653 colo.
3327 3596 3475 3653 Civis
3497 3597 3550 3652 in
3579 3597 3681 3653 hac
3699 3611 3819 3652 sum
3839 3637 3857 3663 ,

2256 3687 2461 3745 Consul
2489 3688 2547 3744 in
2569 3690 2854 3748 ambabus.
2884 3687 3052 3746 Cunaa
3092 3690 3213 3760 hic,
3247 3687 3320 3746 ibi
3352 3689 3486 3746 sella
3507 3689 3731 3747 curulis.

1336 3885 1737 3968 LUDUS
1812 3879 2272 3967 SEPTEM
2346 3880 3058 3971 SAPIENTUM.

1227 4023 1554 4087 Ausonius
1587 4023 1816 4087 consul
1848 4023 2080 4087 Latino
2109 4024 2438 4105 Drepanio
2466 4026 2704 4090 Pacato
2735 4027 3136 4106 proconsuli.

545 4148 881 4222 lgnoscenda
904 4149 1128 4218 istbmc,
1161 4161 1228 4203 an
1251 4146 1629 4219 cognoscenda
1653 4148 1856 4215 rearis;

615 4243 838 4298 Attento
855 4287 868 4311 ,
897 4239 1153 4312 Drepani,
1179 4240 1398 4314 perlege
1418 4239 1646 4312 judicio.

545 4335 904 4409 ZEquanimus
934 4337 1059 4391 liam
1090 4344 1141 4391 te
1167 4335 1350 4406 judice
1383 4354 1394 4389 :
1424 4335 1540 4392 sive
1563 4334 1792 4407 legenda
1814 4375 1830 4403 ,

615 4430 744 4487 Sive
775 4429 1005 4501 tegenda
1036 4437 1196 4500 putes
1215 4428 1490 4497 carmina,
1525 4444 1644 4500 qua:
1675 4428 1951 4485 dedimus.

540 4521 676 4579 Nam
700 4523 935 4593 primum
967 4531 1052 4578 est
1073 4522 1338 4578 meruisse
1388 4531 1537 4577 tuum
1559 4562 1574 4587 ,
1608 4521 1803 4576 Pacate
1823 4561 1838 4588 ,
1864 4518 2146 4576 favorem:

615 4617 872 4674 Proxima
903 4613 1120 4673 defensi
1151 4629 1287 4671 cura
1316 4613 1542 4686 pudoris
1566 4614 1692 4669 erit.

523 4705 774 4767 ~Possum
806 4724 906 4781 ego
935 4723 1224 4767 censuram
1249 4707 1469 4765 lectoris
1501 4707 1643 4762 ferre
1665 4706 1847 4762 severi
1883 4723 1897 4760 :

614 4799 684 4856 Et
715 4812 933 4870 possum
982 4799 1195 4856 modica
1224 4797 1386 4856 laude
1413 4797 1628 4868 placere
1655 4795 1809 4851 mihi.

541 4893 708 4951 Novit
735 4905 908 4963 equus
933 4892 1138 4962 plausae
1158 4892 1394 4948 sonitum
1423 4889 1655 4947 cervicis
1685 4902 1871 4945 amare
1898 4904 1913 4945 :

611 4985 774 5042 Novit
799 4992 856 5041 et
882 4982 1184 5054 intrepidus
1209 4981 1441 5040 verbera
1472 4982 1619 5038 lenta
1644 4981 1774 5051 pati.

541 5077 771 5136 Maeonio
800 5077 1018 5150 qualem
1048 5076 1252 5133 cultum
1283 5075 1536 5148 quasivit
1564 5075 1802 5132 Homero

609 5171 822 5230 Censor
851 5170 1230 5239 AriStarcbus,
1258 5185 1564 5242 normaque
1587 5168 1871 5227 Zenodoti.

540 5266 689 5324 Pone
709 5265 901 5323 obelos
926 5266 1088 5336 igitur
1109 5264 1420 5336 spuriorum
1446 5264 1701 5336 stigmata
1728 5271 1932 5319 vatum.

610 5357 857 5426 Palmas,
885 5371 993 5414 non
1022 5356 1213 5428 culpas
1243 5369 1367 5413 esse
1394 5356 1601 5428 putabo
1631 5370 1803 5414 meas.

539 5452 610 5509 Et
628 5460 877 5510 correcta
908 5451 1111 5522 magis,
1142 5465 1306 5522 quam
1333 5449 1696 5507 condemnata
1723 5449 1959 5517 vocabo,

607 5547 859 5615 Apponet
884 5543 1030 5601 docti
1058 5559 1179 5614 qua:
1209 5542 1340 5599 mihi
1372 5543 1502 5598 lima
1546 5542 1672 5604 viri.

538 5637 757 5692 Interea
791 5637 1005 5694 arbitrii
1031 5636 1310 5693 subiturus
1338 5635 1579 5708 pondera
1603 5635 1774 5700 tanti,

609 5727 856 5802 Optabo,
878 5737 938 5788 ut
957 5729 1200 5800 placeam
1229 5747 1239 5782 :
1265 5731 1350 5786 sin
1388 5731 1570 5787 minus
1588 5771 1603 5796 ,
1631 5737 1691 5785 ut
1720 5729 1937 5786 lateam.

2171 4417 2226 4478 D

2920 4151 3200 4225 Prologus.

2393 4242 2615 4317 Septem
2645 4246 2923 4319 sapientes
2945 4289 2960 4316 ,
2991 4261 3190 4304 nomen
3208 4246 3401 4319 quibus
3441 4246 3585 4306 istud
3618 4249 3763 4306 dedit

2397 4337 2658 4408 Superior
2685 4347 2849 4407 artas,
2881 4353 2979 4396 nec
3005 4349 3190 4395 secuta
3221 4339 3472 4406 sustulit,

2393 4428 2568 4485 Hodie
2600 4429 2654 4485 in’
2679 4429 3020 4487 orchestram
3053 4430 3258 4501 palliati
3289 4431 3576 4500 prodeunt.

2393 4521 2533 4590 Quid
2563 4523 2838 4579 erubescis
2865 4531 2942 4592 tu,
2977 4531 3158 4594 togate
3184 4523 3444 4591 Romule,

2392 4613 2625 4671 Scenam
2653 4615 2797 4686 quod
2830 4616 3133 4673 introibunt
3163 4626 3271 4670 tam
3301 4616 3432 4672 clari
3461 4616 3564 4672 viri
3593 4619 3617 4672 τ

2389 4707 2556 4764 Nobis
2580 4709 2892 4781 pudendum
2921 4710 3054 4777 hoc,
3089 4725 3194 4766 non
3216 4718 3274 4767 et
3302 4710 3498 4766 Atticis
3523 4725 3767 4783 quoque,

2393 4800 2601 4869 Quibus
2633 4800 2903 4858 theatrum
2931 4801 3098 4858 curia:
3124 4803 3334 4873 praebet
3358 4804 3555 4860 vicem.

2393 4892 2608 4950 Nostris
2637 4894 2871 4966 negotiis
2897 4908 2995 4950 sua
3025 4894 3143 4952 loca
3168 4895 3365 4952 sortito
3392 4895 3517 4952 data
3547 4912 3564 4953 :

2391 4983 2630 5056 Campus
2658 4985 2927 5056 comitiis,
2959 4994 3022 5042 ut
3047 4985 3388 5060 Conscriptis
3407 4987 3559 5045 curia
3589 5004 3605 5042 :

2388 5075 2620 5145 Forum,
2653 5087 2816 5149 atque
2848 5077 3048 5136 Rostra
3077 5078 3347 5150 separatis
3367 5079 3590 5136 civium.

2306 5241 2308 5244 ν
2385 5168 2503 5226 Una
2533 5179 2618 5227 est
2641 5169 2902 5238 Athenis,
2929 5171 3176 5244 atquein
3204 5173 3354 5228 omni
3384 5169 3587 5229 Gracia
3609 5210 3626 5238 ,

2390 5262 2472 5318 Ad
2502 5262 2897 5319 consulendum
2924 5263 3128 5335 publici
3159 5263 3322 5322 sedes
3352 5265 3456 5321 loci
3485 5282 3499 5318 :

2386 5355 2558 5424 Quam
2590 5355 2645 5410 in
2673 5356 2807 5413 urbe
2828 5363 3013 5413 nostra
3037 5357 3340 5414 seroluxus
3370 5355 3630 5414 condidit.

2385 5446 2582 5504 IEdilis
2604 5447 2732 5504 olim
2759 5463 2980 5505 scenam
3006 5449 3487 5524 tabulatalmdabat

2386 5541 2581 5598 Subito
2601 5542 2892 5600 excitatam
2922 5544 3070 5599 nulla
3101 5544 3246 5602 mole
3274 5559 3460 5602 saxea.

2385 5632 2621 5690 Murtena
2646 5633 2728 5691 sic
2753 5673 2773 5703 ,
2799 5642 2856 5690 et
2879 5634 3106 5692 Gallius.
3130 5635 3267 5693 Nota
3292 5636 3536 5708 eloquar.

2386 5724 2680 5800 Postquam
2702 5735 2976 5798 potentes,
2999 5744 3099 5788 nec
3129 5739 3384 5790 verentes
3411 5737 3751 5804 sumptuum,
