4108 6188
266 219 373 275 813
1335 178 1338 182 ’
1440 220 1667 279 LUDUS
1703 212 1984 278 SEPTEM
2028 218 2451 280 suasurum.

262 333 472 389 Nomen
506 345 744 401 perenne
769 331 1158 403 crediderunt,
1189 334 1234 390 si
1259 335 1428 390 semel

261 427 588 483 Constructa
622 426 796 482 moles
816 441 984 484 saxeo
1014 426 1333 484 fundamine

262 519 320 574 In
348 532 514 574 omne
542 527 755 588 tempus
784 519 1043 575 conderet
1071 519 1214 575 ludis
1234 519 1412 576 locum
1447 537 1462 575 :

262 611 505 667 Cuneata
531 611 706 666 crevit
731 610 848 667 lure
875 611 1074 668 theatri
1106 612 1437 668 immanitas.

267 702 559 773 Pompeius
583 701 722 758 hanc
745 744 760 768 ,
792 711 847 758 et
874 703 1072 779 Balbus
1089 745 1104 774 ,
1129 712 1185 760 et
1209 705 1393 761 Caesar
1421 703 1570 760 dedit

266 794 597 852 Octavianus
621 836 637 863 ,
660 804 1044 853 concertantes
1064 797 1392 868 sumptibus.

267 890 375 948 Sed
406 905 513 960 ego
540 890 670 961 quid
705 890 897 947 istlnee
923 893 946 946 ?
978 907 1084 948 non
1116 893 1216 949 hac
1238 908 1399 949 causa
1427 892 1534 950 huc
1562 892 1773 965 prodii,

269 981 338 1038 Ut
366 982 686 1051 expedirent
706 1024 722 1050 ,
749 984 870 1053 quis
896 981 1102 1040 theatra
1121 1027 1134 1051 ,
1166 984 1286 1056 quis
1312 984 1484 1039 forum
1503 1030 1518 1055 ,

265 1076 402 1144 Quis
426 1075 768 1132 condidisset
801 1077 982 1147 privas
1013 1087 1198 1148 partes
1229 1078 1492 1133 moenium
1525 1094 1539 1131 :

265 1169 376 1225 Sed
409 1176 470 1223 ut
493 1168 797 1232 verendos,
837 1168 1034 1240 disque
1056 1168 1305 1224 laudatos
1325 1169 1474 1223 viros

267 1261 649 1334 Praegrederer
664 1301 680 1327 ,
702 1275 766 1316 ac
798 1262 1059 1318 referrem
1081 1301 1097 1328 ,
1119 1261 1251 1332 quid
1283 1261 1486 1317 vellent
1510 1260 1636 1317 sibi.

267 1353 629 1409 Pronuntiare
657 1366 785 1408 suas
811 1352 992 1409 solent
1017 1354 1348 1422 sententias,

266 1445 413 1513 Quas
442 1445 673 1515 quisque
701 1443 1102 1513 providentium
1130 1445 1508 1501 anteverterit.

267 1540 437 1598 Scitis
461 1539 709 1608 profecto
737 1554 861 1610 quae
888 1541 998 1595 sint
1026 1554 1042 1595 :
1073 1539 1168 1596 sed
1199 1541 1244 1595 si
1271 1538 1536 1596 memoria

270 1633 456 1688 Ilebus
476 1633 703 1687 vetustis
732 1631 906 1687 cludit
931 1675 946 1701 ,
969 1633 1152 1687 veniet
1179 1632 1384 1689 Ludius

270 1724 644 1781 Edissertator
670 1725 858 1780 harum
876 1764 892 1790 ,
919 1738 1054 1795 quas
1085 1732 1245 1781 teneo
1270 1725 1471 1781 minus.

960 1839 1182 1896 Ludius.

338 1958 565 2028 Delphis
585 1957 842 2015 Solonem
869 1957 1078 2027 scripse
1103 1955 1242 2012 fama
1267 1963 1352 2013 est
1381 1954 1617 2012 Atticum
1641 1997 1658 2025 ,

268 2056 421 2108 Γνῶθι
449 2053 663 2108 σεαυτὸν
684 2093 699 2118 ,
727 2051 873 2123 quod
903 2050 1156 2106 Latinum
1185 2057 1299 2116 est,
1329 2049 1504 2106 Nosce
1529 2059 1601 2106 te.

268 2146 419 2201 Multi
451 2145 553 2201 hoc
582 2146 812 2201 Laconis
841 2159 966 2200 esse
996 2143 1238 2200 Chilonis
1267 2151 1474 2214 putant.

267 2240 534 2308 Spartane
558 2238 754 2294 Chilon
787 2239 859 2294 sit
889 2248 1037 2294 tuum
1064 2279 1079 2304 ,
1110 2252 1314 2304 necne,
1357 2236 1667 2309 ambigunt,

267 2334 423 2401 Quod
446 2333 792 2400 introfertur,
823 2331 919 2410 ὅρα
947 2335 1089 2396 τέλος
1125 2340 1322 2410 μακροῦ
1351 2334 1468 2406 βίον
1489 2375 1506 2402 ,

269 2426 461 2482 Finem
486 2426 689 2483 intueri
713 2430 891 2497 longae
926 2427 1052 2482 vita:
1076 2441 1182 2497 quo
1199 2425 1377 2496 jubes.

269 2518 420 2574 Multi
449 2518 555 2574 hoc
577 2519 833 2577 Solonem
868 2518 999 2574 dixe
1027 2516 1219 2573 Croeso
1249 2516 1581 2572 existimant.

269 2610 338 2668 Et
358 2611 624 2668 Pittacum
658 2610 862 2667 dixisse
888 2611 1030 2666 fama
1054 2618 1141 2666 est
1169 2608 1423 2665 Lesbium
1445 2649 1461 2674 ,

270 2709 528 2782 Γίγνωσκε
552 2707 726 2782 καιρόν
757 2723 768 2757 :
801 2713 1015 2776 tempus
1041 2713 1101 2757 ut
1131 2703 1282 2760 noris
1303 2742 1318 2769 ,
1347 2701 1520 2772 jubet.

272 2801 382 2859 Sed
411 2801 584 2877 καιρὸς
616 2802 718 2855 iste
737 2840 750 2867 ,
783 2799 1171 2870 tempestivum
1202 2806 1418 2866 tempus
1439 2802 1542 2850 est.

272 2894 396 2950 Bias
427 2894 690 2950 Prieneus
707 2893 844 2949 dixit
864 2934 878 2960 ,
910 2893 1217 2948 οἱπλεῖστοι
1257 2893 1400 2947 κακοί
1425 2906 1442 2945 :

269 2988 423 3056 Quod
455 2995 542 3043 est
567 2987 817 3044 Latinum
841 3029 857 3053 ,
894 2987 1084 3042 Plures
1103 2986 1380 3041 hominum
1404 2992 1531 3040 sunt
1555 2983 1688 3040 mali
1712 2998 1728 3038 :

268 3080 378 3136 Sed
408 3080 690 3152 imperitos
720 3082 862 3136 scito
883 3123 897 3148 ,
927 3093 1065 3151 quos
1093 3079 1233 3134 dixit
1257 3078 1450 3133 malos.

267 3174 468 3234 Μελέτη
494 3175 554 3231 τὸ
583 3181 687 3231 πᾶν
713 3215 728 3241 ,
763 3172 1042 3230 Periandri
1063 3181 1147 3228 est
1175 3169 1443 3227 Corinthii
1467 3210 1484 3235 ,

268 3267 407 3323 Esse
436 3267 840 3323 Meditationem
875 3275 1046 3322 totum
1075 3266 1164 3336 qui
1197 3270 1370 3335 putat.

259 3340 520 3437 ἓἈριστον
549 3362 735 3435 μέτρον
765 3373 889 3414 esse
922 3358 1062 3413 dixit
1084 3356 1312 3412 Lindius

265 3450 593 3517 Cleobulus,
624 3450 728 3504 hoc
753 3457 871 3512 est,
903 3449 1150 3517 Optimus
1175 3443 1387 3500 cunctis
1411 3443 1622 3499 modus.

267 3541 511 3609 Thales,
543 3539 748 3616 Ἐγγύα,
780 3542 1002 3617 πάρεστι
1031 3537 1076 3594 δ’
1101 3535 1221 3605 ἄτη,
1247 3536 1488 3608 protulit.

267 3635 556 3707 Spondere
584 3635 675 3706 qui
702 3649 834 3702 nos,
859 3648 1003 3689 noxa
1032 3631 1177 3704 quod
1201 3645 1344 3701 praes
1372 3639 1457 3686 est
1480 3638 1646 3687 vetat.

269 3726 388 3783 Hoc
414 3741 516 3783 nos
540 3741 765 3782 monere
794 3766 810 3794 ,
843 3724 1106 3781 feneratis
1133 3738 1243 3779 non
1266 3723 1462 3793 placet.

343 3819 489 3876 Dixi.
520 3819 813 3877 Recedam.
844 3818 1060 3892 Legifer
1085 3817 1234 3875 venit
1263 3817 1455 3875 Solon.

973 3934 1158 3992 Solon.

345 4050 425 4108 De
451 4065 604 4107 more
632 4050 824 4108 Graeco
851 4049 1057 4122 prodeo
1086 4050 1140 4105 in
1168 4062 1390 4105 scenam
1420 4047 1590 4104 Solon
1615 4087 1630 4113 ,

272 4143 494 4214 Septem
522 4143 840 4214 Sapientum
875 4141 1016 4198 fama
1045 4141 1130 4198 cui
1156 4141 1394 4211 palmam
1423 4138 1591 4195 dedit.

1883 333 1933 394 Α
1967 334 2062 390 llis
2093 335 2147 390 in
2170 335 2378 402 beatis,
2409 335 2566 391 dives
2594 334 2843 390 insanum
2870 333 2923 388 in
2951 334 3199 401 modum,

1968 428 2258 484 Lateribus
2281 428 2462 484 aureis
2486 428 2682 498 templa
2712 428 2803 499 qui
2833 427 2972 483 divis
2991 428 3176 485 dabat.

1969 519 2020 575 Is
2042 536 2128 576 me
2155 521 2425 576 evocavit.
2459 519 2631 576 Venio
2651 521 2797 576 dicto
2828 521 3090 578 obediens
3117 564 3131 590 ,

1969 609 2191 668 Meliore
2213 620 2273 667 nt
2301 611 2379 667 uti
2409 626 2539 681 rege
2573 613 2781 682 possint
2811 611 2988 685 Lydii.

1969 701 2176 774 Rogat,
2210 703 2428 760 beatum
2453 703 2679 774 prodam
2701 745 2716 771 ,
2747 704 2794 760 si
2820 721 2982 774 quem
3007 706 3291 773 noverim;

1870 785 1872 788 ’
1969 793 2174 850 Telana
2204 794 2330 852 dico
2359 795 2533 852 civem
2568 810 2675 852 non
2708 795 3026 866 ignobilem.

1971 885 2077 941 Pro
2108 889 2285 959 patria
2310 904 2552 960 pugnans
2581 890 2687 945 iste
2715 890 2880 945 vitam
2904 889 3208 960 objecerat.

1970 978 2251 1049 Despexit.
2283 982 2462 1037 Alium
2493 983 2712 1053 quarrit.
2749 982 2933 1038 Inveni
2966 982 3194 1054 Aglanm
3221 1001 3236 1050 ;

1972 1070 2136 1127 Fines
2167 1071 2259 1142 qui
2286 1073 2448 1142 agelli
2478 1074 2682 1144 proprii
2705 1089 3001 1143 numquam
3027 1084 3360 1130 excesserat.

1972 1166 2044 1222 At
2067 1168 2156 1225 ille
2177 1168 2400 1238 ridens,
2427 1168 2547 1237 Quo
2573 1170 2699 1228 dein
2729 1187 2814 1226 me
2843 1173 3000 1242 ponis
3023 1173 3178 1241 loco,

1972 1259 2172 1316 Beatus
2201 1260 2336 1317 orbe
2364 1268 2478 1316 toto
2504 1263 2595 1333 qui
2619 1263 2770 1319 solus
2791 1266 2991 1320 vocor?

1973 1351 2350 1422 Spectandum
2376 1353 2500 1410 dico
2521 1356 2812 1411 terminum
2836 1355 2960 1411 vitae
2991 1357 3143 1427 prius
3172 1375 3186 1413 :

1972 1444 2114 1500 Tum
2135 1446 2490 1516 judicandum
2515 1492 2529 1517 ,
2559 1447 2604 1503 si
2635 1457 2820 1504 manet
2847 1448 3102 1506 felicitas.

1975 1538 2187 1594 Dictum
2220 1540 2449 1596 moleste
2472 1539 2702 1597 Crmsus
2733 1543 2968 1612 accepit.
2993 1543 3063 1598 At
3085 1557 3188 1614 ego

1974 1629 2246 1701 Relinquo
2267 1646 2476 1702 regem.
2510 1632 2717 1688 Bellum
2753 1633 2843 1690 ille
2879 1634 2931 1688 in
2960 1633 3157 1690 Persas
3180 1646 3358 1705 parat.

1892 1721 1942 1784 B
1975 1723 2282 1801 Profectus,
2310 1724 2509 1792 victus,
2541 1725 2778 1792 vinctus,
2814 1727 2931 1797 regi
2961 1727 3201 1783 deditus.

1973 2050 2090 2118 Qua
2120 2050 2531 2107 (latnmatotum
2564 2067 2624 2107 se
2647 2067 2744 2122 per
2778 2052 3041 2109 ambitqu
3070 2054 3233 2110 dabat
3259 2097 3276 2124 ,

1975 2142 2214 2198 Volvens
2234 2142 2289 2198 iu
2315 2145 2484 2200 altum
2517 2143 2754 2200 fumidus
2775 2156 2910 2201 testu
2939 2147 3153 2218 globos.

1974 2227 2045 2290 Ᾱι
2073 2250 2214 2306 pene
2238 2251 2365 2292 sero
2392 2235 2614 2292 Crassus
2636 2231 2842 2308 ingenti
2865 2253 3003 2295 sono
3021 2283 3035 2308 ,
3144 2228 3154 2236 ’

1975 2327 2020 2384 0
2051 2344 2180 2386 vere
2209 2337 2396 2395 vates,
2423 2329 2599 2400 inquit
2627 2371 2644 2397 ,
2675 2346 2708 2385 ο
2733 2329 2932 2400 Solon,
2956 2333 3126 2389 Solon
3161 2337 3173 2388 !

1975 2421 2230 2479 Clamore
2257 2438 2457 2494 magno
2489 2431 2574 2479 ter
2598 2423 2858 2481 Solonem
2883 2439 3184 2497 nuncupat.

1976 2515 2094 2583 Qua
2115 2531 2248 2573 voce
2275 2508 2455 2588 Cyrus'
2478 2527 2681 2586 motus,
2705 2520 2975 2592 exstingui
2993 2521 3148 2590 jubet

3455 228 3560 283 δτι

1977 2607 2182 2679 Gyrum
2210 2623 2312 2679 per
2339 2623 2558 2664 omnem
2580 2650 2596 2676 ,
2627 2619 2683 2666 et
2711 2611 2919 2667 destrui
2949 2611 3234 2670 ardentem
3263 2629 3473 2687 pyram.

1978 2699 2412 2757 Etcommodum
2468 2699 2727 2772 profusus
2758 2701 2931 2759 imber
2961 2703 3197 2759 nubibus

1977 2791 2262 2866 Repressit
2287 2795 2490 2865 ignem.
2513 2794 2740 2852 Croesus
2763 2797 2826 2852 ad
2856 2813 3040 2869 regem
3073 2799 3220 2855 illico

1978 2885 2258 2942 Deductus
2283 2887 2479 2943 lectam
2505 2901 2603 2958 per
2624 2888 3002 2946 ministrorum
3036 2907 3256 2947 manum

1979 2977 2354 3048 Interrogatus
2375 3022 2390 3048 ,
2414 2993 2574 3048 quem
2595 2978 2851 3036 Solonem
2882 2981 3091 3039 diceret
3119 2999 3132 3036 :

1981 3069 2050 3124 Et
2077 3085 2240 3141 quam
2267 3069 2446 3127 ciendi
2477 3086 2696 3128 causam
2729 3073 2955 3131 haberet
2981 3076 3250 3147 nominis,

1977 3161 2184 3218 Seriem
2214 3177 2314 3232 per
2340 3178 2556 3219 omnem
2589 3173 2785 3220 cuncta
2820 3167 2929 3235 regi
2960 3149 3239 3224 edisserit.

1977 3254 2269 3311 Miseratur
2294 3255 2388 3312 ille
2420 3257 2677 3329 :vimque
2707 3257 2941 3315 fortunae
2964 3262 3192 3330 videns,

1978 3346 2186 3402 Laudat
2219 3345 2481 3404 Solonem
2511 3365 2528 3406 :
2557 3351 2804 3406 Crmsum
2827 3352 2880 3407 in
2907 3353 3096 3410 amicis
3124 3354 3308 3413 habet.

1976 3438 2341 3512 Vinctumque
2375 3441 2580 3511 pedicis
2608 3443 2792 3499 aureis
2819 3459 3003 3500 secum
3030 3445 3188 3516 jubet

1977 3532 2294 3604 Reliquum,
2319 3534 2463 3604 quod
2494 3542 2644 3590 esset
2669 3535 2827 3602 vitae,
2861 3545 3030 3593 totum
3051 3540 3274 3610 degere.

1977 3625 2098 3698 Ego
2118 3627 2347 3682 duorum
2368 3643 2556 3699 regum
2586 3629 2900 3686 testimonio

1976 3718 2285 3787 Laudatus,
2312 3727 2368 3775 et
2399 3719 2662 3791 probatus
2686 3720 2956 3778 ambobus
2983 3722 3080 3778 fui.

1976 3811 2239 3883 Quodque
2297 3812 2392 3868 uni
2458 3811 2660 3868 dictum
2727 3821 2843 3881 est,
2899 3814 3131 3886 quisque
3191 3817 3298 3874 sibi
3365 3819 3572 3891 dictum

3302 3909 3496 3982 [putet.

2048 3997 2163 4068 Ego
2183 3998 2294 4070 jam
2324 3997 2546 4069 peregi,
2575 4013 2680 4070 qua
2711 3998 2780 4055 de
2809 4012 2975 4054 causa
3004 4000 3111 4056 huc
3143 4001 3341 4071 prodii.

1977 4089 2139 4147 Venit
2158 4104 2290 4147 ecce
2314 4089 2535 4146 Chilon.
2570 4089 2679 4147 Vos
2702 4091 2914 4158 valete,
2945 4099 3000 4147 et
3031 4091 3291 4161 plaudite.

2664 4205 2876 4260 Chilon.

274 4237 389 4295 Sed
418 4239 558 4293 fama
582 4252 688 4293 non
714 4235 1012 4308 estjudicii
1032 4235 1317 4291 severitas.

268 4329 460 4401 Neque
480 4345 568 4386 me
597 4344 719 4386 esse
742 4329 996 4400 primum,
1019 4335 1261 4383 vestrum
1283 4332 1376 4381 aut
1401 4325 1568 4380 imum
1593 4320 1867 4391 existimo,

271 4423 582 4495 Equalitas
606 4422 748 4493 quod
774 4422 1020 4478 ordinem
1043 4421 1218 4477 nescit
1245 4421 1376 4491 pati.

272 4517 444 4573 Recte
461 4516 589 4571 olim
620 4516 858 4587 ineptum
882 4514 1181 4587 Delphicus
1204 4514 1374 4586 jussit
1401 4512 1546 4569 Deus

273 4612 651 4680 Quzrrentcm,
682 4609 928 4682 quisnam
951 4609 1157 4681 primus
1180 4611 1484 4681 sapientum
1515 4608 1689 4676 foret,
1779 4609 1782 4612 ’

278 4703 347 4759 Ut
375 4703 426 4757 in
453 4703 585 4758 orbe
614 4705 769 4759 tereti
802 4703 1016 4759 nomina
1039 4717 1230 4759 eorum
1261 4701 1531 4758 incideret
1565 4720 1577 4756 :

271 4794 356 4851 Ne
376 4794 580 4865 primus
600 4803 780 4864 esset,
815 4811 884 4852 ne
903 4797 986 4852 vel
1014 4795 1158 4851 imus
1187 4795 1474 4866 quispiam.

273 4890 480 4947 Eorum
510 4905 541 4946 e
566 4890 747 4947 medio
770 4891 972 4960 prodeo
997 4906 1134 4963 gyro
1159 4889 1347 4947 Solon.

274 4981 347 5037 Ut
368 4980 496 5052 quid
514 4981 715 5038 dixisse
735 4980 924 5040 Croeso
954 4982 1065 5054 regi
1097 4983 1408 5048 existimor,

275 5072 335 5129 ld
365 5074 541 5131 omnis
571 5074 855 5131 hominum
880 5083 1029 5132 secta
1061 5074 1163 5130 sibi
1194 5075 1400 5130 dictum
1429 5081 1598 5145 putet.

275 5166 465 5223 Graece
494 5175 742 5223 coactum
774 5166 870 5245 ὅρα
894 5169 1033 5229 τέλος
1053 5173 1252 5244 μακροῦ
1276 5168 1392 5239 βίου
1426 5182 1438 5222 :

275 5257 430 5324 Quod
453 5258 666 5330 longius
695 5258 784 5325 ﬁt,
807 5260 854 5314 si
879 5257 1074 5314 Latine
1100 5257 1369 5314 edisseras
1402 5275 1415 5311 :

279 5352 527 5423 Spectare
553 5353 671 5407 vita:
682 5351 842 5424 jubeo
868 5359 1078 5407 cunctos
1100 5351 1394 5406 terminum.

278 5441 515 5500 Proinde
531 5441 762 5499 miseros
778 5485 795 5512 ,
819 5451 912 5498 aut
934 5442 1124 5499 beatos
1145 5441 1327 5498 dicere

281 5534 432 5592 Evita
461 5554 472 5590 :
514 5535 659 5608 quod
680 5545 808 5591 sunt
835 5550 1050 5606 semper
1069 5533 1293 5607 ancipiti
1320 5541 1489 5590 statu.

280 5626 336 5686 Id
359 5628 496 5685 adeo
521 5629 602 5685 sic
622 5636 727 5685 est.
757 5628 814 5685 Si
844 5643 1036 5700 queam
1061 5668 1079 5696 ,
1111 5628 1304 5698 paucis
1333 5626 1546 5697 loquar.
1975 5625 2034 5682 In
2060 5624 2163 5679 hoc
2195 5640 2208 5678 :
2239 5632 2293 5680 et
2313 5621 2404 5677 illa
2427 5627 2613 5692 spreta
2635 5618 2792 5676 nobis
2817 5619 3015 5690 gloria.

351 5721 496 5793 Rex,
521 5709 587 5777 a'n
621 5729 914 5793 tyrannus,
936 5720 1122 5793 Lydiae
1147 5720 1371 5779 Crmsus
1399 5718 1502 5777 fuit
1635 5757 1648 5794 ε
2049 5716 2188 5777 Dixi.
2220 5714 2406 5775 Valete
2433 5725 2723 5771 memores.
2755 5710 3009 5771 Plausum
3035 5728 3146 5770 non
3176 5731 3380 5777 moror.
3414 5788 3421 5796 ,

558 5757 587 5777 ..
623 5757 914 5793 .,...........,
936 5757 1122 5793 μνη...
1150 5757 1371 5779 me..."
1399 5757 1502 5777 η...
1635 5757 1648 5794 ,
2049 5757 2188 5777 νη..
2234 5757 2406 5775 ...ων
2433 5757 2723 5771 ...-...-.--.
2755 5757 2779 5768 -
2800 5757 3009 5771 .-.........
3035 5757 3138 5769 ..νη

558 5813 837 5878 Paeon.
880 5811 1060 5874 XIX.
3057 5807 3138 5871 28

2048 4328 2243 4386 Lumbi
2271 4329 2546 4400 sedendo,
2580 4330 2836 4402 oculique
2859 4333 3158 4402 spectando
3187 4334 3409 4406 dolent,

1976 4423 2247 4480 Manendo
2271 4422 2526 4480 Solonem
2557 4422 2734 4494 quoad
2762 4437 2886 4479 sese
2919 4423 3164 4494 recipiat.

1895 4490 1952 4552 D
1978 4517 2080 4574 IIui
2102 4563 2116 4588 ,
2145 4531 2306 4588 quam
2331 4530 2498 4587 pauca
2522 4490 2686 4586 quam
2708 4514 2799 4570 diu
2821 4490 3121 4586 loquuntur
3148 4517 3331 4575 Attici.

1975 4609 2147 4666 Unam
2181 4609 2437 4666 trecentis
2472 4606 2718 4664 versibus
2740 4610 3067 4666 sententiam

1973 4700 2216 4758 Tandem
2250 4701 2460 4772 peregit
2484 4717 2499 4766 ;
2523 4715 2720 4771 meque
2751 4711 3066 4772 respectans
3094 4703 3252 4761 abiit.

1973 4790 2278 4865 Spartanus
2305 4808 2407 4865 ego
2428 4807 2547 4849 sum
2572 4791 2763 4860 Chilo,
2797 4795 2886 4864 qui
2921 4809 3064 4851 nunc
3085 4798 3311 4867 prodeo.

1974 4884 2252 4941 Brevitate
2285 4894 2411 4940 nota
2430 4929 2444 4954 ,
2469 4899 2574 4956 qua
2600 4883 2848 4940 Lacones
2869 4885 3102 4955 utimur,

1972 4973 2310 5031 Commendo
2333 4983 2578 5030 nostrum
2603 4979 2750 5049 γνῶθι
2775 4979 3021 5045 σεαυτὸν,
3053 4977 3228 5037 Nosce
3251 4991 3301 5038 te
3323 5024 3338 5050 ,

1973 5066 2129 5135 Quod
2156 5066 2209 5121 in
2237 5066 2488 5122 columna
2514 5065 2628 5135 jam
2657 5074 2876 5121 tenetur
2903 5067 3183 5138 Delphica.

1973 5158 2153 5216 Labor
2184 5157 2449 5214 molestus
2467 5158 2570 5212 iste
2587 5199 2602 5226 ,
2626 5156 2787 5212 fructi
2811 5165 2896 5213 est
2915 5159 3136 5230 Optimi,

1974 5251 2116 5320 Quid
2134 5250 2276 5308 ferre
2304 5250 2511 5321 possis,
2538 5249 2736 5320 quidve
2761 5264 2869 5305 non
2889 5291 2904 5318 ,
2935 5250 3261 5322 dignoscere
3289 5271 3303 5310 :

1973 5342 2178 5412 Noctu,
2210 5341 2415 5413 diuque
2442 5356 2564 5412 qua:
2592 5356 2783 5412 geras,
2808 5357 2931 5412 quae
2955 5343 3191 5413 gesseris
3209 5385 3224 5410 ,

1974 5437 2234 5509 Adusque
2265 5435 2447 5508 puncti
2471 5435 2650 5491 tenuis
2677 5434 2849 5490 instar
2879 5449 3150 5506 quzerere.

1973 5528 2166 5586 Ofﬁcia
2189 5536 2382 5586 cuncta
2404 5569 2420 5596 ,
2447 5525 2650 5598 pudor,
2683 5525 2890 5595 honor,
2924 5527 3230 5584 constantia
3247 5571 3264 5598 ,
