4108 6188
538 185 647 252 875‘
1934 181 2115 252 DECII
2152 183 2426 256 AUSONII
3738 183 3840 246 επ

1189 306 1492 364 Cleobulus.
2166 313 2221 376 Α
2963 310 3111 366 Bias.

609 399 903 458 Cleobulus
931 412 1034 472 ego
1059 413 1178 457 sum
1196 441 1212 468 ,
1242 415 1422 472 parvae
1445 397 1578 460 civis
1608 401 1799 460 insulae
1817 443 1832 471 ,

1797 426 1832 471 ε,
2312 406 2437 461 Bias
2462 403 2724 461 Prieneus
2745 404 2857 461 dixi
2880 445 2896 473 ,
2927 404 2973 460 oi
2994 403 3230 462 πλεῖστοι
3256 403 3419 458 κακοί.

533 491 741 564 Magnae
762 492 859 548 sed
891 499 1114 562 auctor,
1145 506 1249 563 qua
1272 491 1460 560 clueo,
1493 493 1781 552 sententias
1813 510 1829 550 :
2238 499 2429 554 Latine
2449 497 2652 554 dictum
2673 498 2924 569 suspicor
2941 539 2957 563 ,
2986 496 3173 552 Plures
3199 496 3348 550 mali.

529 581 779 660 ’Ἄριστον
808 585 990 661 μέτρον
1021 575 1181 654 quem
1205 583 1411 640 dixisse
1431 583 1770 642 existimant.

2149 648 2156 650 ἡ
2238 590 2457 647 Dixisse
2483 591 2712 657 nollem,
2742 588 3044 647 VERITAS
3069 588 3287 644 ODIUM
3310 586 3538 643 PARIT.

529 678 895 750 Interpretare
927 687 981 734 tu
1000 720 1016 744 ,
1047 678 1140 748 qui
1168 678 1465 736 orchestra:
1495 679 1802 749 proximus,
2237 682 2407 738 Malos
2433 682 2528 738 sed
2557 681 2842 753 imperitos
2871 681 3008 746 dixi,
3044 689 3100 736 et
3128 667 3392 737 barbaros
3417 696 3431 732 ς

533 771 805 828 Gradibus
832 771 1153 841 propinquis
1183 771 1236 828 in
1265 771 1679 842 quatuordecim
1703 769 1892 827 sedes:
2235 775 2337 843 Qui
2360 775 2469 846 jus,
2505 785 2559 832 et
2596 791 2812 846 mquum
2840 783 2896 830 et
2924 788 3111 831 sacros
3132 788 3318 830 mores
3349 772 3652 844 negliguut.

529 860 773 942 ’Ἄριστον
801 865 985 940 μέτρον
1011 877 1081 920 an
1113 863 1185 920 sit
1207 865 1430 934 Optimus
1461 863 1666 918 modus.

2235 868 2369 932 Nam
2399 869 2636 940 populus
2668 869 2791 935 iste,
2824 883 2932 938 quo
2963 866 3230 924 theatrum
3259 867 3517 938 cingitur,

527 953 626 1010 Dic
651 996 666 1024 ,
691 956 965 1024 annuisti.
994 955 1222 1026 gratiam
1255 955 1431 1016 habeo
1451 997 1465 1023 ,
1492 969 1792 1026 persequar
2237 961 2405 1017 Totus
2432 961 2698 1017 bonorum
2722 969 2807 1017 est
2837 977 2852 1016 :
2889 961 3124 1019 hostium
3157 960 3320 1016 tellus
3348 959 3536 1028 habet,

526 1049 632 1106 Per
661 1050 910 1108 ordinem
939 1092 954 1118 ,
984 1058 1146 1120 poeta
1171 1050 1296 1108 dixe
1324 1051 1501 1107 isthoc
1533 1054 1656 1106 loco
2237 1055 2452 1112 Dixisse
2473 1070 2608 1127 quos
2633 1071 2720 1112 me
2746 1055 2991 1124 creditis,
3017 1055 3207 1116 Plures
3237 1054 3434 1111 malos.

525 1141 658 1198 Afer
683 1143 896 1200 videtur
918 1152 1132 1215 vester,
1167 1144 1253 1201 UT
1282 1144 1372 1201 NE
1398 1144 1565 1213 QUID
1594 1143 1800 1206 NIMIS.
2235 1147 2346 1205 Sed
2377 1163 2544 1204 nemo
2571 1148 2861 1220 quisquam
2891 1156 3002 1202 tam
3031 1147 3210 1204 malus
3234 1147 3402 1217 judex
3427 1146 3562 1212 fuat,

521 1232 597 1289 Et
629 1244 814 1291 noster
838 1234 1058 1306 quidam
1077 1280 1091 1304 ,
1125 1235 1278 1308 μηδὲν
1304 1234 1428 1308 ἄγαν
1446 1277 1461 1304 ,
1496 1237 1603 1300 huc
1627 1238 1868 1306 pertinet
2233 1241 2335 1309 Qui
2356 1255 2465 1296 nou
2490 1241 2761 1298 honorum
2789 1241 3037 1312 partibus
3059 1254 3120 1295 se
3149 1239 3399 1311 copulet.

520 1323 766 1398 Uterque
789 1342 986 1386 sensus
1005 1373 1019 1399 ,
1052 1329 1221 1386 Italus
1252 1372 1267 1398 ,
1292 1344 1387 1391 seu
1415 1329 1616 1388 Dorius
1642 1348 1656 1384 :
2232 1333 2361 1391 Sive
2382 1335 2473 1390 ille
2501 1349 2630 1390 vere
2657 1334 2837 1391 bonus
2856 1341 2960 1402 est,
2984 1349 3084 1390 seu
3107 1332 3216 1390 dici
3247 1331 3450 1403 studet,

521 1419 698 1475 Fandi
717 1460 733 1488 ,
759 1420 1006 1490 tacendi,
1031 1424 1248 1490 somni,
1278 1423 1480 1494 vigilia:
1504 1433 1589 1482 est
1614 1422 1811 1481 modus
1830 1470 1844 1495 ,
2230 1429 2352 1484 Jam
2378 1427 2515 1500 fugit
2542 1427 2676 1484 illud
2706 1443 2907 1484 nomen
2936 1427 3170 1483 invisum
3199 1426 3352 1482 mali.

520 1512 930 1571 Beneﬁciorum
949 1555 965 1583 ,
997 1517 1329 1586 gratiarum,
1356 1513 1573 1587 injuriae
1592 1555 1608 1582 ,
2304 1521 2478 1588 Abeo,
2509 1520 2705 1587 valete,
2732 1529 2787 1576 et
2815 1519 3088 1591 plaudite,
3121 1519 3306 1589 plures
3333 1518 3481 1576 boni.

517 1602 697 1661 Studii
716 1650 730 1675 ,
757 1605 1029 1674 laborum.
1064 1607 1186 1664 Vita
1219 1609 1274 1664 in
1294 1608 1442 1664 omni
1472 1606 1735 1678 quidquid
1759 1615 1844 1666 est
1866 1648 1880 1673 ,
2902 1610 3165 1666 Pittacus.

516 1698 688 1757 Istum
710 1702 943 1771 requirit
975 1702 1196 1772 optima:
1223 1717 1407 1774 pausa:
1437 1701 1678 1759 modum.
2157 1709 2208 1771 Β
2303 1706 2560 1778 Mitylene
2590 1705 2857 1762 oriundus
2887 1704 3130 1760 Pittacu
3160 1718 3281 1772 sum
3304 1701 3553 1769 Lesbius,

531 1821 547 1843 4
591 1792 746 1862 Dixi,
770 1794 1023 1850 recedam
1043 1836 1059 1862 ,
1088 1805 1145 1850 ut
1171 1795 1242 1851 sit
1269 1796 1483 1852 modus.
1527 1797 1692 1853 Venit
1719 1796 1938 1852 Thales.

1753 1796 1938 1852 'haleS-
2226 1805 2480 1874 Γίγνωσκε
2527 1802 2725 1874 καιρὸν,
2755 1799 2844 1870 qui
2880 1797 2999 1866 dixi
3023 1796 3375 1868 sententiam.

1221 1889 1433 1944 Thales.
2222 1893 2330 1950 Sed
2362 1893 2464 1948 iste
2492 1893 2689 1970 καιρὸς,
2725 1900 2940 1962 tempus
2967 1899 3024 1946 ut
3047 1890 3220 1961 noris,
3254 1896 3440 1944 monet
3471 1907 3483 1943 :

543 1995 556 2007 '
587 1985 829 2043 Milesius
849 1985 1051 2043 Thales
1078 2000 1195 2041 sum
1223 2001 1237 2050 ;
1267 1985 1514 2053 AQUAM
1536 1986 1628 2057 qui
1657 1985 1956 2064 principem
2223 1985 2294 2041 Et
2316 2000 2439 2041 esse
2469 1987 2665 2063 καιρὸν,
2700 1983 3082 2052 tempestivum
3107 1981 3252 2054 quod
3291 1989 3514 2036 vocant.

515 2078 699 2138 Rebus
724 2080 977 2138 creandis
999 2079 1143 2152 dixi,
1181 2088 1239 2135 ut
1262 2089 1412 2135 vates
1434 2069 1725 2137 Pindarus.
2223 2079 2476 2134 Romana
2501 2079 2582 2134 sic
2613 2085 2699 2133 est
2725 2093 2852 2143 vox,
2890 2075 3076 2140 Venito
3098 2075 3152 2129 in
3179 2085 3406 2145 tempore
3429 2090 3448 2128 :

513 2211 535 2231 .
625 2210 646 2230 .
739 2209 758 2229 .
861 2211 882 2231 .
957 2209 975 2229 .
1053 2211 1069 2228 .
1147 2209 1166 2229 .
1241 2190 1256 2229 ;
1336 2210 1354 2228 .
1432 2212 1448 2228 .
1531 2211 1547 2228 .
1622 2209 1642 2230 .
1718 2209 1737 2230 .
1817 2210 1830 2226 .
1912 2211 1925 2226 .
2005 2208 2021 2226 .
2097 2206 2116 2240 ς
2221 2173 2417 2230 Vester
2445 2168 3384 2246 quoqueillecomicusTerentius,

512 2263 729 2322 Dedere
756 2265 1061 2335 piscatores
1087 2271 1394 2322 extractum
1423 2265 1583 2320 mari.
1803 2311 1808 2314 .
2221 2265 2427 2322 Rerum
2455 2264 2699 2320 omnium
2731 2262 2965 2342 primum
3003 2277 3128 2324 esse
3159 2272 3375 2331 tempus
3401 2267 3678 2326 autumat,

510 2357 757 2429 Namque
786 2357 844 2412 hi
876 2355 1106 2427 jubente
1127 2355 1280 2411 Delio
1310 2371 1398 2413 me
1427 2356 1676 2432 legerant
1703 2373 1715 2409 :

518 2451 676 2518 Quod
698 2450 790 2507 ille
811 2465 1007 2506 munus
1031 2450 1135 2506 hoc
1165 2450 1402 2522 sapienti
1428 2451 1679 2507 miserat.

511 2545 631 2619 Ego
652 2560 912 2602 recusans
939 2560 1047 2600 non
1075 2544 1256 2616 recepi
1288 2559 1302 2598 :
1331 2552 1386 2600 at
1412 2543 1626 2600 reddidi

512 2639 824 2697 Ferendum
840 2637 906 2693 ad
939 2637 1078 2696 alios
1095 2677 1110 2704 ,
1134 2650 1271 2707 quos
1295 2635 1508 2708 priores
1524 2633 1827 2708 crederem.

512 2731 654 2786 Dein
679 2745 782 2796 per
805 2743 996 2786 omnes
1023 2737 1233 2799 septem
1261 2728 1538 2798 sapientes
1568 2727 1714 2784 viros

510 2822 733 2879 Missum
751 2861 766 2888 ,
792 2836 856 2876 ac
882 2820 1176 2876 remissum
1205 2834 1394 2875 rursus
1423 2821 1489 2882 ad
1517 2835 1603 2875 me
1635 2818 1897 2876 referunt.

510 2915 630 2989 Ego
655 2927 938 2986 receptum
967 2915 1280 2971 consecravi
1309 2913 1576 2990 Apollini.

507 3009 643 3066 Nam
663 3051 677 3076 ,
703 3010 751 3065 si
772 3009 1074 3078 sapientem
1105 3007 1270 3078 deligi
1301 3007 1540 3064 Phoebus
1564 3005 1751 3076 jubet,

507 3104 629 3160 Non
658 3104 940 3158 hominem
968 3115 1296 3170 quemquam
1317 3140 1331 3166 ,
1361 3101 1460 3156 sed
1487 3099 1648 3155 deum
1676 3098 1828 3156 credi
1859 3097 2038 3155 decet.

507 3195 563 3251 Is
584 3194 750 3266 igitur
769 3206 871 3261 ego
898 3205 1036 3245 sum.
1069 3191 1245 3244 Causa
1279 3191 1374 3244 sed
1406 3191 1458 3244 in
1482 3205 1701 3246 scenam
1728 3192 1829 3262 fuit

512 3281 644 3345 Mihi
673 3279 979 3352 prodeundi
999 3322 1013 3347 ,
1047 3295 1168 3350 qua:
1196 3278 1408 3335 duobus
1438 3289 1567 3339 ante
1589 3296 1676 3336 me
1707 3298 1719 3334 :

511 3377 773 3433 Assertor
801 3383 864 3430 ut
883 3373 1170 3430 sententiae
1198 3375 1384 3429 ﬁerem
1417 3389 1578 3430 meae.

508 3469 589 3526 Ea
620 3467 964 3540 displicebit;
993 3482 1102 3524 non
1132 3476 1315 3522 tamen
1343 3466 1738 3539 prudentibus,

509 3561 659 3630 Quos
679 3559 864 3617 docuit
886 3575 1016 3615 usus
1033 3601 1048 3626 ,
1071 3567 1128 3615 et
1158 3559 1368 3629 peritos
1392 3558 1648 3615 reddidit.

507 3653 622 3710 Nos
651 3655 814 3728 ἐγγύα
832 3695 847 3723 ,
879 3653 1102 3730 πάρεστι
1128 3651 1172 3708 δ’
1204 3649 1336 3728 ἄτηἸ
1362 3652 1629 3722 dicimus:

503 3747 760 3805 Latinum
790 3756 878 3804 est
901 3791 914 3816 ,
951 3747 1168 3819 Sponde
1200 3761 1219 3800 :
1246 3748 1404 3802 noxia
1434 3757 1505 3803 est
1531 3756 1722 3818 prwsto
1747 3749 1860 3802 tibi.

503 3842 612 3898 Per
644 3843 792 3898 mille
821 3857 1039 3914 possum
1062 3857 1286 3898 currere
1313 3843 1564 3914 exempla
1582 3888 1596 3912 ,
1623 3854 1683 3900 ut
1704 3847 1930 3916 probem

504 3934 738 3990 Prmdes
768 3936 1044 4014 vadesque
1078 3935 1434 4012 paenitudinis
1464 3951 1609 3992 reos.

504 4029 617 4087 Sed
642 4030 773 4085 nolo
801 4045 1130 4102 quemquam
1161 4029 1486 4084 nominatim
1505 4029 1713 4100 dicere.

502 4121 620 4177 Sibi
647 4122 877 4192 quisque
901 4131 1147 4176 vestrum
1176 4120 1361 4186 dicat,
1394 4129 1448 4176 et
1478 4134 1666 4176 secum
1691 4130 1878 4192 putet,

507 4213 791 4284 Spondere
812 4214 1030 4285 quantis
1056 4214 1256 4269 damno
1279 4212 1439 4269 fuerit
1467 4219 1522 4269 et
1550 4213 1714 4269 malo.

505 4309 734 4366 Gratum
758 4307 862 4363 hoc
891 4306 1136 4370 ofﬁcium
1168 4314 1390 4368 maneat
1409 4306 1677 4370 ambobus
1707 4315 1908 4369 tamen.

578 4402 715 4458 Pars
742 4398 988 4471 plaudite
1011 4414 1142 4470 ergo
1176 4416 1190 4456 :
1224 4413 1353 4470 pars
1375 4399 1566 4460 offensi
1597 4399 1932 4471 explaudite.

2221 2357 2304 2412 Ad
2329 2356 2665 2430 Antiphilam
2694 2370 2806 2427 quo
2838 2362 3068 2412 venerat
3089 2367 3283 2410 servus
3309 2353 3515 2408 Dromo

2219 2449 2381 2505 Nullo
2411 2448 2750 2520 impeditam,
2786 2447 3053 2520 temporis
3082 2461 3315 2503 servans
3343 2446 3538 2508 vicem.

2221 2541 2493 2612 Reputate
2515 2542 2717 2610 cuncti,
2743 2541 3000 2616 quotiens
3021 2539 3285 2606 oﬁeusam
3317 2537 3542 2607 incidat,

2217 2634 2474 2704 Spectata
2505 2633 2593 2689 cui
2622 2647 2730 2688 non
2765 2632 2933 2689 fuerit
2958 2633 3360 2706 opportunitas.

2290 2723 2529 2795 Tempus
2552 2738 2639 2779 me
2663 2722 2840 2795 abire,
2875 2740 2945 2779 ne
2975 2709 3244 2780 molestus
3276 2742 3290 2780 :
3324 2722 3589 2796 plaudite.

2857 2815 3206 2887 Perianderﬁ,l

2275 2908 2497 2981 Ephyra
2528 2919 2746 2966 creatus
2779 2908 2887 2965 huc
2915 2908 3216 2966 Periander
3238 2907 3467 2980 prodeo,

2217 3003 2401 3062 Μελέτη
2427 3002 2485 3060 τὸ
2515 3007 2619 3059 πᾶν
2647 3001 2740 3074 qui
2765 3001 2876 3058 dixi
2903 3021 2917 3056 :
2943 3013 2998 3058 et
3029 3002 3118 3073 qui
3140 3002 3345 3058 dictum
3376 3001 3572 3074 probo,

2142 3091 2189 3156 C
2221 3098 2617 3153 Mcdilationem
2645 3099 2700 3153 id
2727 3115 2834 3168 esse
2859 3106 3046 3166 totum,
3087 3099 3226 3169 quod
3258 3114 3429 3169 geras.

2219 3191 2271 3245 Is
2300 3191 2500 3261 quippe
2533 3191 2685 3246 solus
2705 3191 2783 3246 rei
2813 3190 3070 3270 gerendae
3100 3198 3186 3246 est
3214 3190 3428 3257 efﬁcax,

2220 3282 2510 3338 Meditatur
2537 3298 2698 3338 omne
2721 3283 2812 3354 qui
2841 3282 2992 3352 prius
3025 3280 3332 3354 negotium.

2219 3375 2463 3432 Adversa
2495 3392 2700 3446 rerum,
2725 3376 2811 3432 vel
2832 3375 3074 3432 secunda
3103 3375 3362 3446 prmdicat

2218 3469 2526 3526 Meditanda
2551 3470 2763 3528 cunctis
2791 3469 3032 3526 comicus
3059 3469 3365 3531 Terentius.

2217 3561 2428 3619 Locare
2451 3563 2632 3629 sedes,
2662 3562 2866 3618 bellum
2890 3575 3103 3633 gerere,
3129 3568 3222 3614 aut
3248 3573 3451 3632 ponere
3478 3576 3491 3613 :

2218 3656 2463 3726 Magnas,
2499 3653 2851 3725 modicasque
2893 3669 2981 3710 res
3013 3653 3198 3718 etiam,
3235 3666 3430 3723 parvas
3461 3665 3679 3722 quoque

2216 3748 2392 3818 Agere
2423 3748 2718 3815 volentem,
2747 3760 2964 3817 semper
2992 3745 3245 3802 meditari
3272 3745 3445 3801 decet.

2215 3839 2346 3896 Nam
2371 3840 2657 3912 segniores
2681 3854 2871 3895 omnes
2897 3839 2951 3894 in
2981 3839 3176 3910 coeptis
3207 3837 3386 3907 novis,

2214 3933 2496 3989 Meditatio
2527 3934 2571 3988 si
2599 3934 2677 3989 rei
2709 3932 2966 4004 gerendae
2993 3930 3188 3988 defuit.

2213 4027 2359 4083 Nihil
2391 4035 2497 4097 est,
2526 4025 2671 4098 quod
2697 4026 3017 4098 ampliorem
3042 4040 3232 4084 curam
3262 4025 3525 4098 postulet,

2212 4122 2385 4194 Quam
2415 4121 2678 4193 cogitare,
2710 4121 2838 4192 quid
2866 4121 3168 4192 gerendum
3191 4120 3264 4179 sit
3293 4139 3305 4174 :
3339 4119 3536 4178 dehinc

2211 4213 2582 4285 Incogitautes
2611 4214 2744 4282 fors,
2774 4229 2883 4270 non
2906 4213 3196 4270 consilium
3223 4213 3387 4284 regit.

2283 4306 2394 4362 Sed
2421 4322 2522 4377 ego
2552 4321 2641 4364 me
2667 4306 2736 4362 ad
2767 4315 2951 4375 patres
2971 4305 3081 4377 jam
3112 4303 3321 4376 recipio
3349 4323 3362 4361 :
3390 4303 3649 4375 plaudite,

2213 4399 2477 4467 Meditati,
2506 4410 2564 4454 ut
2594 4408 2838 4456 vestram
2865 4414 2983 4456 rem
3010 4397 3217 4456 curetis
3243 4397 3537 4468 publicam.

1125 4573 3784 4612 Μ

510 4581 1123 4611 ~—

1160 4741 1620 4831 SEPTEM
1676 4741 2365 4829 SAPIENTUM
2437 4743 3160 4839 SENTENTLE:

1348 4902 1636 4985 septenis
1666 4903 1950 4968 versibus
1981 4903 2056 4968 ab
2086 4905 2298 4970 eodem
2325 4907 2614 4971 Ausonio
2652 4907 3004 4994 explicata».

1093 5048 1222 5110 Bias
1258 5048 1533 5108 Prienens.
2131 5057 2186 5119 D
2696 5057 2933 5114 Pittacus
2973 5056 3324 5129 Milylemeus.

2277 5170 2452 5244 Loqui
2481 5173 2772 5244 ignorabit,
2804 5173 2895 5244 qui
2931 5181 3112 5229 tacere
3142 5172 3373 5230 nesciet.

2201 5264 2354 5319 Bono
2378 5265 2596 5334 probari
2623 5266 2792 5334 malo,
2826 5281 2987 5338 quam
3017 5266 3202 5322 multis
3225 5266 3402 5323 malis.

2203 5355 2440 5413 Demens
2461 5358 2713 5428 superbis
2750 5358 2958 5414 invidet
2988 5359 3265 5415 felicibus.

2201 5447 2436 5505 Demens
2457 5448 2704 5505 dolorem
2736 5449 2878 5506 ridet
2898 5450 3217 5507 infelicium.

2205 5544 2402 5602 Parcto
2433 5546 2563 5618 legi,
2595 5547 2822 5618 quisque
2861 5549 3033 5620 legem
3066 5550 3333 5606 sanxeris.

2206 5636 2397 5694 Plures
2427 5639 2630 5695 amicos
2661 5655 2722 5696 re
2750 5641 2992 5697 secunda
3014 5657 3293 5716 compara.

2204 5725 2412 5789 Paucos
2437 5729 2641 5790 amicos
2672 5731 2836 5791 rebus
2865 5733 3112 5794 adversis
3141 5735 3329 5810 proba.

567 5167 827 5239 Qumnam
843 5179 1054 5225 summa
1070 5166 1201 5224 boni
1215 5168 1240 5222 i
1256 5166 1430 5236 Mens,
1445 5183 1566 5242 quae
1588 5167 1691 5226 sibi
1714 5169 1928 5227 conscia
1943 5171 2100 5228 recti.

500 5261 787 5319 Pernicies
819 5259 1028 5315 homini
1052 5273 1176 5330 qua:
1201 5257 1470 5313 maxima?
1496 5257 1656 5314 Solus
1687 5260 1852 5316 homo
1882 5261 2041 5318 alter.

491 5357 628 5424 Quis
657 5356 851 5413 dives?
882 5354 985 5423 Qui
1015 5353 1090 5409 nil
1131 5353 1336 5423 cupiat.
1364 5353 1498 5421 Quis
1526 5353 1772 5424 pauperi
1801 5354 2042 5411 Avarus.

489 5449 621 5517 Quae
647 5449 749 5505 dos
771 5455 1036 5503 matronae
1060 5445 1463 5517 pulcherrima?
1493 5444 1616 5501 Vita
1644 5445 1859 5517 pudica.

487 5542 624 5610 Quae
653 5549 802 5598 casta
831 5541 953 5597 est?
983 5541 1056 5596 De
1086 5555 1190 5611 qua
1230 5538 1451 5595 mentiri
1483 5539 1627 5596 fama
1655 5549 1896 5596 veretur.

493 5630 651 5697 Quod
682 5631 968 5700 prudentis
1002 5631 1182 5702 opus?
1210 5629 1345 5687 Cum
1377 5632 1572 5702 possit,
1600 5633 1748 5691 nolle
1777 5648 1998 5692 nocere.

484 5718 627 5788 Quid
654 5721 804 5778 stulti
834 5722 1150 5814 proprium?
1177 5719 1294 5780 Non
1326 5736 1509 5795 posse,
1541 5733 1596 5782 et
1621 5723 1762 5786 velle
1793 5739 2017 5787 nocere.
