  <div class='ocr_page' id='page_1' title='image "/cluster/home/n/w/nwhite01/storage/ocr_20150623/19/hvd.32044096580451/446.png"; bbox 0 0 4108 6188; ppageno 0'>
   <div class='ocr_carea' id='block_1_1' title="bbox 1774 251 2065 314">
    <p class='ocr_par' dir='ltr' id='par_1_1' title="bbox 1774 251 2065 314">
     <span class='ocr_line' id='line_1_1' title="bbox 1774 251 2065 314; baseline -0.017 -1"><span class='ocrx_word' id='word_1_1' title='bbox 1774 251 2065 314; x_wconf 73' lang='lat' dir='ltr'><strong>IDYLLIA.</strong></span> 
     </span>
    </p>
   </div>
   <div class='ocr_carea' id='block_1_2' title="bbox 787 375 1948 434">
    <p class='ocr_par' dir='ltr' id='par_1_2' title="bbox 787 375 1948 434">
     <span class='ocr_line' id='line_1_2' title="bbox 787 375 1948 434; baseline -0.006 -2"><span class='ocrx_word' id='word_1_2' title='bbox 787 375 1060 434; x_wconf 80' lang='lat' dir='ltr'><strong>Cleobulus</strong></span> <span class='ocrx_word' id='word_1_3' title='bbox 1100 375 1338 430; x_wconf 84' lang='lat' dir='ltr'><strong>Lindius.</strong></span> <span class='ocrx_word' id='word_1_4' title='bbox 1894 375 1948 434; x_wconf 83' lang='grc' dir='ltr'><strong>Α</strong></span> 
     </span>
    </p>
   </div>
   <div class='ocr_carea' id='block_1_3' title="bbox 265 252 1869 318">
    <p class='ocr_par' dir='ltr' id='par_1_3' title="bbox 265 254 1869 318">
     <span class='ocr_line' id='line_1_3' title="bbox 265 254 1869 318; baseline -0.002 -1"><span class='ocrx_word' id='word_1_5' title='bbox 265 259 371 318; x_wconf 81' lang='grc'><strong>877</strong></span> <span class='ocrx_word' id='word_1_6' title='bbox 1774 254 1869 314; x_wconf 63' lang='lat' dir='ltr'><strong>[Di</strong></span> 
     </span>
    </p>
   </div>
   <div class='ocr_carea' id='block_1_4' title="bbox 1983 252 3568 318">
    <p class='ocr_par' dir='ltr' id='par_1_4' title="bbox 1983 252 3568 312">
     <span class='ocr_line' id='line_1_4' title="bbox 1983 252 3568 312; baseline -0.001 -1"><span class='ocrx_word' id='word_1_7' title='bbox 1983 254 2065 312; x_wconf 76' lang='grc' dir='ltr'><strong>[Α.</strong></span> <span class='ocrx_word' id='word_1_8' title='bbox 3463 252 3568 310; x_wconf 69' lang='grc' dir='ltr'><strong>θη</strong></span> 
     </span>
    </p>
   </div>
   <div class='ocr_carea' id='block_1_5' title="bbox 2448 387 3086 445">
    <p class='ocr_par' dir='ltr' id='par_1_5' title="bbox 2448 387 3086 445">
     <span class='ocr_line' id='line_1_5' title="bbox 2448 387 3086 445; baseline 0.002 -2"><span class='ocrx_word' id='word_1_9' title='bbox 2448 387 2598 443; x_wconf 82' lang='lat' dir='ltr'><strong>Chilo</strong></span> <span class='ocrx_word' id='word_1_10' title='bbox 2641 388 3086 445; x_wconf 69' lang='lat' dir='ltr'><strong>Lacedtemonius.</strong></span> 
     </span>
    </p>
   </div>
   <div class='ocr_carea' id='block_1_6' title="bbox 2043 480 3372 558">
    <p class='ocr_par' dir='ltr' id='par_1_6' title="bbox 2043 480 3372 558">
     <span class='ocr_line' id='line_1_6' title="bbox 2043 480 3372 558; baseline -0.001 -22"><span class='ocrx_word' id='word_1_11' title='bbox 2043 481 2179 536; x_wconf 91' lang='lat' dir='ltr'><strong>Nolo</strong></span> <span class='ocrx_word' id='word_1_12' title='bbox 2209 480 2388 536; x_wconf 88' lang='lat' dir='ltr'><strong>minor</strong></span> <span class='ocrx_word' id='word_1_13' title='bbox 2419 496 2506 536; x_wconf 91' lang='lat' dir='ltr'><strong>me</strong></span> <span class='ocrx_word' id='word_1_14' title='bbox 2538 481 2752 550; x_wconf 79' lang='lat' dir='ltr'><strong>timeat,</strong></span> <span class='ocrx_word' id='word_1_15' title='bbox 2786 480 3144 558; x_wconf 88' lang='lat' dir='ltr'><strong>dispiciatque</strong></span> <span class='ocrx_word' id='word_1_16' title='bbox 3177 481 3372 552; x_wconf 85' lang='lat' dir='ltr'><strong>major.</strong></span> 
     </span>
    </p>
   </div>
   <div class='ocr_carea' id='block_1_7' title="bbox 1976 573 3390 641">
    <p class='ocr_par' dir='ltr' id='par_1_7' title="bbox 1976 573 3390 641">
     <span class='ocr_line' id='line_1_7' title="bbox 1976 573 3390 641; baseline 0.001 -14"><span class='ocrx_word' id='word_1_17' title='bbox 1976 573 2106 628; x_wconf 84' lang='lat' dir='ltr'><strong>Vive</strong></span> <span class='ocrx_word' id='word_1_18' title='bbox 2130 587 2338 628; x_wconf 91' lang='lat' dir='ltr'><strong>memor</strong></span> <span class='ocrx_word' id='word_1_19' title='bbox 2368 573 2582 641; x_wconf 90' lang='lat' dir='ltr'><strong>mortis,</strong></span> <span class='ocrx_word' id='word_1_20' title='bbox 2618 574 2699 628; x_wconf 91' lang='lat' dir='ltr'><strong>uti</strong></span> <span class='ocrx_word' id='word_1_21' title='bbox 2732 575 2808 629; x_wconf 88' lang='lat' dir='ltr'><strong>sis</strong></span> <span class='ocrx_word' id='word_1_22' title='bbox 2840 587 3049 628; x_wconf 86' lang='lat' dir='ltr'><strong>memor</strong></span> <span class='ocrx_word' id='word_1_23' title='bbox 3077 583 3131 628; x_wconf 92' lang='lat' dir='ltr'><strong>et</strong></span> <span class='ocrx_word' id='word_1_24' title='bbox 3161 573 3390 638; x_wconf 86' lang='lat' dir='ltr'><strong>salutis;</strong></span> 
     </span>
    </p>
   </div>
   <div class='ocr_carea' id='block_1_8' title="bbox 1970 664 3462 739">
    <p class='ocr_par' dir='ltr' id='par_1_8' title="bbox 1970 664 3462 739">
     <span class='ocr_line' id='line_1_8' title="bbox 1970 664 3462 739; baseline 0.003 -19"><span class='ocrx_word' id='word_1_25' title='bbox 1970 664 2169 721; x_wconf 79' lang='lat' dir='ltr'><strong>Tristia</strong></span> <span class='ocrx_word' id='word_1_26' title='bbox 2196 677 2388 723; x_wconf 85' lang='lat' dir='ltr'><strong>cuncta</strong></span> <span class='ocrx_word' id='word_1_27' title='bbox 2419 682 2757 739; x_wconf 75' lang='lat' dir='ltr'><strong>exsuperans</strong></span> <span class='ocrx_word' id='word_1_28' title='bbox 2779 677 2874 724; x_wconf 89' lang='lat' dir='ltr'><strong>aut</strong></span> <span class='ocrx_word' id='word_1_29' title='bbox 2905 669 3110 734; x_wconf 90' lang='lat' dir='ltr'><strong>animo,</strong></span> <span class='ocrx_word' id='word_1_30' title='bbox 3146 676 3239 723; x_wconf 86' lang='lat' dir='ltr'><strong>aut</strong></span> <span class='ocrx_word' id='word_1_31' title='bbox 3263 671 3462 725; x_wconf 88' lang='lat' dir='ltr'><strong>amico.</strong></span> 
     </span>
    </p>
   </div>
   <div class='ocr_carea' id='block_1_9' title="bbox 1970 756 3405 828">
    <p class='ocr_par' dir='ltr' id='par_1_9' title="bbox 1970 756 3405 828">
     <span class='ocr_line' id='line_1_9' title="bbox 1970 756 3405 828; baseline 0.003 -17"><span class='ocrx_word' id='word_1_32' title='bbox 1970 756 2051 811; x_wconf 90' lang='lat' dir='ltr'><strong>Tu</strong></span> <span class='ocrx_word' id='word_1_33' title='bbox 2084 756 2221 812; x_wconf 96' lang='lat' dir='ltr'><strong>bene</strong></span> <span class='ocrx_word' id='word_1_34' title='bbox 2249 759 2291 811; x_wconf 96' lang='lat' dir='ltr'><strong>si</strong></span> <span class='ocrx_word' id='word_1_35' title='bbox 2322 757 2451 828; x_wconf 85' lang='lat' dir='ltr'><strong>quid</strong></span> <span class='ocrx_word' id='word_1_36' title='bbox 2482 756 2670 827; x_wconf 89' lang='lat' dir='ltr'><strong>facias,</strong></span> <span class='ocrx_word' id='word_1_37' title='bbox 2707 775 2816 813; x_wconf 91' lang='lat' dir='ltr'><strong>non</strong></span> <span class='ocrx_word' id='word_1_38' title='bbox 2849 757 3165 814; x_wconf 89' lang='lat' dir='ltr'><strong>meminisse</strong></span> <span class='ocrx_word' id='word_1_39' title='bbox 3191 757 3270 813; x_wconf 88' lang='lat' dir='ltr'><strong>fas</strong></span> <span class='ocrx_word' id='word_1_40' title='bbox 3299 769 3405 816; x_wconf 90' lang='lat' dir='ltr'><strong>est.</strong></span> 
     </span>
    </p>
   </div>
   <div class='ocr_carea' id='block_1_10' title="bbox 1971 851 3360 926">
    <p class='ocr_par' dir='ltr' id='par_1_10' title="bbox 1971 851 3360 926">
     <span class='ocr_line' id='line_1_10' title="bbox 1971 851 3360 926; baseline 0.003 -22"><span class='ocrx_word' id='word_1_41' title='bbox 1971 851 2103 918; x_wconf 86' lang='lat' dir='ltr'><strong>Quae</strong></span> <span class='ocrx_word' id='word_1_42' title='bbox 2135 851 2274 907; x_wconf 84' lang='lat' dir='ltr'><strong>bene</strong></span> <span class='ocrx_word' id='word_1_43' title='bbox 2303 851 2441 907; x_wconf 86' lang='lat' dir='ltr'><strong>faeta</strong></span> <span class='ocrx_word' id='word_1_44' title='bbox 2473 852 2737 925; x_wconf 90' lang='lat' dir='ltr'><strong>accipias,</strong></span> <span class='ocrx_word' id='word_1_45' title='bbox 2770 863 3031 926; x_wconf 88' lang='lat' dir='ltr'><strong>perpetuo</strong></span> <span class='ocrx_word' id='word_1_46' title='bbox 3063 862 3360 908; x_wconf 89' lang='lat' dir='ltr'><strong>memento.</strong></span> 
     </span>
    </p>
   </div>
   <div class='ocr_carea' id='block_1_11' title="bbox 1970 941 3342 1018">
    <p class='ocr_par' dir='ltr' id='par_1_11' title="bbox 1970 941 3342 1018">
     <span class='ocr_line' id='line_1_11' title="bbox 1970 941 3342 1018; baseline 0.004 -21"><span class='ocrx_word' id='word_1_47' title='bbox 1970 941 2135 998; x_wconf 86' lang='lat' dir='ltr'><strong>Grata</strong></span> <span class='ocrx_word' id='word_1_48' title='bbox 2165 955 2420 1000; x_wconf 79' lang='lat' dir='ltr'><strong>senectus</strong></span> <span class='ocrx_word' id='word_1_49' title='bbox 2453 945 2681 1016; x_wconf 85' lang='lat' dir='ltr'><strong>homini,</strong></span> <span class='ocrx_word' id='word_1_50' title='bbox 2716 961 2836 1018; x_wconf 73' lang='lat' dir='ltr'><strong>qua:</strong></span> <span class='ocrx_word' id='word_1_51' title='bbox 2864 946 3056 1017; x_wconf 78' lang='lat' dir='ltr'><strong>parilis</strong></span> <span class='ocrx_word' id='word_1_52' title='bbox 3080 947 3342 1015; x_wconf 63' lang='lat' dir='ltr'><strong>juventa},</strong></span> 
     </span>
    </p>
   </div>
   <div class='ocr_carea' id='block_1_12' title="bbox 1970 1032 3320 1112">
    <p class='ocr_par' dir='ltr' id='par_1_12' title="bbox 1970 1032 3320 1112">
     <span class='ocr_line' id='line_1_12' title="bbox 1970 1032 3320 1112; baseline 0.004 -24"><span class='ocrx_word' id='word_1_53' title='bbox 1970 1032 2063 1090; x_wconf 85' lang='lat' dir='ltr'><strong>Illa</strong></span> <span class='ocrx_word' id='word_1_54' title='bbox 2085 1035 2308 1106; x_wconf 77' lang='lat' dir='ltr'><strong>juventa</strong></span> <span class='ocrx_word' id='word_1_55' title='bbox 2335 1048 2414 1092; x_wconf 89' lang='lat' dir='ltr'><strong>est</strong></span> <span class='ocrx_word' id='word_1_56' title='bbox 2442 1039 2679 1109; x_wconf 77' lang='lat' dir='ltr'><strong>gravior,</strong></span> <span class='ocrx_word' id='word_1_57' title='bbox 2703 1055 2823 1112; x_wconf 80' lang='lat' dir='ltr'><strong>qua:</strong></span> <span class='ocrx_word' id='word_1_58' title='bbox 2847 1038 3039 1094; x_wconf 88' lang='lat' dir='ltr'><strong>similis</strong></span> <span class='ocrx_word' id='word_1_59' title='bbox 3066 1048 3320 1096; x_wconf 68' lang='lat' dir='ltr'><strong>senectar.</strong></span> 
     </span>
    </p>
   </div>
   <div class='ocr_carea' id='block_1_13' title="bbox 2535 1130 3015 1188">
    <p class='ocr_par' dir='ltr' id='par_1_13' title="bbox 2535 1130 3015 1188">
     <span class='ocr_line' id='line_1_13' title="bbox 2535 1130 3015 1188; baseline 0.004 -2"><span class='ocrx_word' id='word_1_60' title='bbox 2535 1130 2731 1187; x_wconf 82' lang='lat' dir='ltr'><strong>Thales</strong></span> <span class='ocrx_word' id='word_1_61' title='bbox 2760 1131 2818 1186; x_wconf 85' lang='grc' dir='ltr'><em>Μ</em></span> <span class='ocrx_word' id='word_1_62' title='bbox 2822 1133 3015 1188; x_wconf 84' lang='lat' dir='ltr'><strong>ilesius.</strong></span> 
     </span>
    </p>
   </div>
   <div class='ocr_carea' id='block_1_14' title="bbox 2043 1223 3284 1296">
    <p class='ocr_par' dir='ltr' id='par_1_14' title="bbox 2043 1223 3284 1296">
     <span class='ocr_line' id='line_1_14' title="bbox 2043 1223 3284 1296; baseline 0.004 -19"><span class='ocrx_word' id='word_1_63' title='bbox 2043 1223 2226 1294; x_wconf 86' lang='lat' dir='ltr'><strong>Turpe</strong></span> <span class='ocrx_word' id='word_1_64' title='bbox 2255 1225 2384 1295; x_wconf 88' lang='lat' dir='ltr'><strong>quid</strong></span> <span class='ocrx_word' id='word_1_65' title='bbox 2417 1240 2674 1296; x_wconf 79' lang='lat' dir='ltr'><strong>ausurus,</strong></span> <span class='ocrx_word' id='word_1_66' title='bbox 2711 1237 2762 1282; x_wconf 92' lang='lat' dir='ltr'><strong>te</strong></span> <span class='ocrx_word' id='word_1_67' title='bbox 2793 1228 2910 1284; x_wconf 84' lang='lat' dir='ltr'><strong>sine</strong></span> <span class='ocrx_word' id='word_1_68' title='bbox 2938 1236 3077 1285; x_wconf 81' lang='lat' dir='ltr'><strong>teste</strong></span> <span class='ocrx_word' id='word_1_69' title='bbox 3112 1228 3241 1286; x_wconf 88' lang='lat' dir='ltr'><strong>time</strong></span> <span class='ocrx_word' id='word_1_70' title='bbox 3274 1248 3284 1282; x_wconf 92' lang='lat'>:</span> 
     </span>
    </p>
   </div>
   <div class='ocr_carea' id='block_1_15' title="bbox 1975 1313 3129 1390">
    <p class='ocr_par' dir='ltr' id='par_1_15' title="bbox 1975 1313 3129 1390">
     <span class='ocr_line' id='line_1_15' title="bbox 1975 1313 3129 1390; baseline 0.005 -20"><span class='ocrx_word' id='word_1_71' title='bbox 1975 1313 2093 1370; x_wconf 74' lang='lat' dir='ltr'><strong>Vita</strong></span> <span class='ocrx_word' id='word_1_72' title='bbox 2135 1317 2294 1387; x_wconf 88' lang='lat' dir='ltr'><strong>perit,</strong></span> <span class='ocrx_word' id='word_1_73' title='bbox 2326 1317 2516 1373; x_wconf 87' lang='lat' dir='ltr'><strong>mortis</strong></span> <span class='ocrx_word' id='word_1_74' title='bbox 2537 1317 2709 1390; x_wconf 80' lang='lat' dir='ltr'><strong>gloria</strong></span> <span class='ocrx_word' id='word_1_75' title='bbox 2736 1334 2842 1374; x_wconf 91' lang='lat' dir='ltr'><strong>non</strong></span> <span class='ocrx_word' id='word_1_76' title='bbox 2873 1320 3129 1378; x_wconf 90' lang='lat' dir='ltr'><strong>moritur.</strong></span> 
     </span>
    </p>
   </div>
   <div class='ocr_carea' id='block_1_16' title="bbox 1970 1408 3110 1479">
    <p class='ocr_par' dir='ltr' id='par_1_16' title="bbox 1970 1408 3110 1479">
     <span class='ocr_line' id='line_1_16' title="bbox 1970 1408 3110 1479; baseline 0.011 -19"><span class='ocrx_word' id='word_1_77' title='bbox 1970 1408 2125 1474; x_wconf 81' lang='lat' dir='ltr'><strong>Quod</strong></span> <span class='ocrx_word' id='word_1_78' title='bbox 2159 1409 2399 1466; x_wconf 86' lang='lat' dir='ltr'><strong>facturus</strong></span> <span class='ocrx_word' id='word_1_79' title='bbox 2427 1411 2559 1479; x_wconf 86' lang='lat' dir='ltr'><strong>eris,</strong></span> <span class='ocrx_word' id='word_1_80' title='bbox 2593 1412 2776 1472; x_wconf 86' lang='lat' dir='ltr'><strong>dicere</strong></span> <span class='ocrx_word' id='word_1_81' title='bbox 2804 1415 3110 1472; x_wconf 88' lang='lat' dir='ltr'><strong>sustuleris.</strong></span> 
     </span>
    </p>
   </div>
   <div class='ocr_carea' id='block_1_17' title="bbox 1969 1502 3294 1584">
    <p class='ocr_par' dir='ltr' id='par_1_17' title="bbox 1969 1502 3294 1584">
     <span class='ocr_line' id='line_1_17' title="bbox 1969 1502 3294 1584; baseline 0.011 -30"><span class='ocrx_word' id='word_1_82' title='bbox 1969 1502 2112 1558; x_wconf 78' lang='lat' dir='ltr'><strong>Crux</strong></span> <span class='ocrx_word' id='word_1_83' title='bbox 2139 1515 2242 1572; x_wconf 76' lang='lat' dir='ltr'><strong>est,</strong></span> <span class='ocrx_word' id='word_1_84' title='bbox 2275 1507 2320 1564; x_wconf 88' lang='lat' dir='ltr'><strong>si</strong></span> <span class='ocrx_word' id='word_1_85' title='bbox 2345 1519 2576 1577; x_wconf 87' lang='lat' dir='ltr'><strong>metuas,</strong></span> <span class='ocrx_word' id='word_1_86' title='bbox 2616 1511 2834 1570; x_wconf 84' lang='lat' dir='ltr'><strong>vincere</strong></span> <span class='ocrx_word' id='word_1_87' title='bbox 2863 1511 3003 1582; x_wconf 85' lang='lat' dir='ltr'><strong>quod</strong></span> <span class='ocrx_word' id='word_1_88' title='bbox 3034 1526 3294 1584; x_wconf 84' lang='lat' dir='ltr'><strong>nequeas.</strong></span> 
     </span>
    </p>
   </div>
   <div class='ocr_carea' id='block_1_18' title="bbox 1969 1597 3132 1674">
    <p class='ocr_par' dir='ltr' id='par_1_18' title="bbox 1969 1597 3132 1674">
     <span class='ocr_line' id='line_1_18' title="bbox 1969 1597 3132 1674; baseline 0.008 -23"><span class='ocrx_word' id='word_1_89' title='bbox 1969 1597 2105 1652; x_wconf 85' lang='lat' dir='ltr'><strong>Cum</strong></span> <span class='ocrx_word' id='word_1_90' title='bbox 2127 1613 2256 1654; x_wconf 82' lang='lat' dir='ltr'><strong>vere</strong></span> <span class='ocrx_word' id='word_1_91' title='bbox 2285 1600 2569 1674; x_wconf 83' lang='lat' dir='ltr'><strong>objurgas,</strong></span> <span class='ocrx_word' id='word_1_92' title='bbox 2599 1602 2679 1659; x_wconf 88' lang='lat' dir='ltr'><strong>sic</strong></span> <span class='ocrx_word' id='word_1_93' title='bbox 2708 1601 2926 1660; x_wconf 87' lang='lat' dir='ltr'><strong>inimice</strong></span> <span class='ocrx_word' id='word_1_94' title='bbox 2949 1603 3132 1674; x_wconf 85' lang='lat' dir='ltr'><strong>jnvas.</strong></span> 
     </span>
    </p>
   </div>
   <div class='ocr_carea' id='block_1_19' title="bbox 1971 1690 3093 1761">
    <p class='ocr_par' dir='ltr' id='par_1_19' title="bbox 1971 1690 3093 1761">
     <span class='ocr_line' id='line_1_19' title="bbox 1971 1690 3093 1761; baseline 0.007 -17"><span class='ocrx_word' id='word_1_95' title='bbox 1971 1690 2106 1746; x_wconf 86' lang='lat' dir='ltr'><strong>Cum</strong></span> <span class='ocrx_word' id='word_1_96' title='bbox 2133 1690 2267 1748; x_wconf 79' lang='lat' dir='ltr'><strong>falso</strong></span> <span class='ocrx_word' id='word_1_97' title='bbox 2298 1693 2508 1761; x_wconf 86' lang='lat' dir='ltr'><strong>laudas,</strong></span> <span class='ocrx_word' id='word_1_98' title='bbox 2531 1695 2612 1750; x_wconf 89' lang='lat' dir='ltr'><strong>sic</strong></span> <span class='ocrx_word' id='word_1_99' title='bbox 2634 1703 2687 1750; x_wconf 92' lang='lat' dir='ltr'><strong>ct</strong></span> <span class='ocrx_word' id='word_1_100' title='bbox 2710 1696 2883 1752; x_wconf 87' lang='lat' dir='ltr'><strong>amice</strong></span> <span class='ocrx_word' id='word_1_101' title='bbox 2908 1711 3093 1752; x_wconf 88' lang='lat' dir='ltr'><strong>noces.</strong></span> 
     </span>
    </p>
   </div>
   <div class='ocr_carea' id='block_1_20' title="bbox 1899 1755 3293 1853">
    <p class='ocr_par' dir='ltr' id='par_1_20' title="bbox 1899 1755 3293 1853">
     <span class='ocr_line' id='line_1_20' title="bbox 1899 1755 3293 1853; baseline 0.006 -19"><span class='ocrx_word' id='word_1_102' title='bbox 1899 1755 1946 1817; x_wconf 73' lang='grc' dir='ltr'><strong>Β</strong></span> <span class='ocrx_word' id='word_1_103' title='bbox 1976 1780 2060 1835; x_wconf 86' lang='lat' dir='ltr'><strong>Nil</strong></span> <span class='ocrx_word' id='word_1_104' title='bbox 2093 1783 2315 1839; x_wconf 89' lang='lat' dir='ltr'><strong>nimium</strong></span> <span class='ocrx_word' id='word_1_105' title='bbox 2349 1785 2482 1844; x_wconf 86' lang='lat' dir='ltr'><strong>satis</strong></span> <span class='ocrx_word' id='word_1_106' title='bbox 2508 1794 2614 1853; x_wconf 89' lang='lat' dir='ltr'><strong>est,</strong></span> <span class='ocrx_word' id='word_1_107' title='bbox 2646 1801 2714 1842; x_wconf 88' lang='lat' dir='ltr'><strong>ne</strong></span> <span class='ocrx_word' id='word_1_108' title='bbox 2744 1786 2814 1842; x_wconf 88' lang='lat' dir='ltr'><strong>sit</strong></span> <span class='ocrx_word' id='word_1_109' title='bbox 2842 1786 3018 1842; x_wconf 88' lang='lat' dir='ltr'><strong>ethoc</strong></span> <span class='ocrx_word' id='word_1_110' title='bbox 3041 1787 3293 1844; x_wconf 91' lang='lat' dir='ltr'><strong>nimium.</strong></span> 
     </span>
    </p>
   </div>
   <div class='ocr_carea' id='block_1_21' title="bbox 333 510 1468 583">
    <p class='ocr_par' dir='ltr' id='par_1_21' title="bbox 333 510 1468 583">
     <span class='ocr_line' id='line_1_21' title="bbox 333 510 1468 583; baseline -0.001 -17"><span class='ocrx_word' id='word_1_111' title='bbox 333 513 551 580; x_wconf 85' lang='lat' dir='ltr'><strong>Quanto</strong></span> <span class='ocrx_word' id='word_1_112' title='bbox 576 513 696 583; x_wconf 86' lang='lat' dir='ltr'><strong>plus</strong></span> <span class='ocrx_word' id='word_1_113' title='bbox 723 511 903 580; x_wconf 87' lang='lat' dir='ltr'><strong>liceat,</strong></span> <span class='ocrx_word' id='word_1_114' title='bbox 936 522 1044 568; x_wconf 88' lang='lat' dir='ltr'><strong>tam</strong></span> <span class='ocrx_word' id='word_1_115' title='bbox 1074 512 1242 567; x_wconf 90' lang='lat' dir='ltr'><strong>libeat</strong></span> <span class='ocrx_word' id='word_1_116' title='bbox 1268 510 1468 566; x_wconf 88' lang='lat' dir='ltr'><strong>minus.</strong></span> 
     </span>
    </p>
   </div>
   <div class='ocr_carea' id='block_1_22' title="bbox 260 605 1434 662">
    <p class='ocr_par' dir='ltr' id='par_1_22' title="bbox 260 605 1434 662">
     <span class='ocr_line' id='line_1_22' title="bbox 260 605 1434 662; baseline -0.001 -2"><span class='ocrx_word' id='word_1_117' title='bbox 260 605 520 660; x_wconf 81' lang='lat' dir='ltr'><strong>Fortunae</strong></span> <span class='ocrx_word' id='word_1_118' title='bbox 545 605 762 660; x_wconf 72' lang='lat' dir='ltr'><strong>invidia:</strong></span> <span class='ocrx_word' id='word_1_119' title='bbox 800 615 884 661; x_wconf 90' lang='lat' dir='ltr'><strong>est</strong></span> <span class='ocrx_word' id='word_1_120' title='bbox 915 606 1223 662; x_wconf 89' lang='lat' dir='ltr'><strong>immeritus</strong></span> <span class='ocrx_word' id='word_1_121' title='bbox 1247 605 1434 660; x_wconf 88' lang='lat' dir='ltr'><strong>miser.</strong></span> 
     </span>
    </p>
   </div>
   <div class='ocr_carea' id='block_1_23' title="bbox 261 697 1272 756">
    <p class='ocr_par' dir='ltr' id='par_1_23' title="bbox 261 697 1272 756">
     <span class='ocr_line' id='line_1_23' title="bbox 261 697 1272 756; baseline -0.002 0"><span class='ocrx_word' id='word_1_122' title='bbox 261 700 414 756; x_wconf 83' lang='lat' dir='ltr'><strong>Felix</strong></span> <span class='ocrx_word' id='word_1_123' title='bbox 455 699 776 755; x_wconf 87' lang='lat' dir='ltr'><strong>criminibus</strong></span> <span class='ocrx_word' id='word_1_124' title='bbox 810 699 993 754; x_wconf 89' lang='lat' dir='ltr'><strong>nullus</strong></span> <span class='ocrx_word' id='word_1_125' title='bbox 1020 700 1128 754; x_wconf 91' lang='lat' dir='ltr'><strong>erit</strong></span> <span class='ocrx_word' id='word_1_126' title='bbox 1157 697 1272 754; x_wconf 77' lang='lat' dir='ltr'><strong>diu.</strong></span> 
     </span>
    </p>
   </div>
   <div class='ocr_carea' id='block_1_24' title="bbox 260 794 1227 864">
    <p class='ocr_par' dir='ltr' id='par_1_24' title="bbox 260 794 1227 864">
     <span class='ocr_line' id='line_1_24' title="bbox 260 794 1227 864; baseline 0.001 -14"><span class='ocrx_word' id='word_1_127' title='bbox 260 795 517 864; x_wconf 82' lang='lat' dir='ltr'><strong>Ignoscas</strong></span> <span class='ocrx_word' id='word_1_128' title='bbox 543 795 670 850; x_wconf 81' lang='lat' dir='ltr'><strong>aliis</strong></span> <span class='ocrx_word' id='word_1_129' title='bbox 703 795 907 850; x_wconf 88' lang='lat' dir='ltr'><strong>multa:</strong></span> <span class='ocrx_word' id='word_1_130' title='bbox 942 794 1079 850; x_wconf 82' lang='lat' dir='ltr'><strong>nihil</strong></span> <span class='ocrx_word' id='word_1_131' title='bbox 1107 794 1227 851; x_wconf 90' lang='lat' dir='ltr'><strong>tibi.</strong></span> 
     </span>
    </p>
   </div>
   <div class='ocr_carea' id='block_1_25' title="bbox 263 885 1554 957">
    <p class='ocr_par' dir='ltr' id='par_1_25' title="bbox 263 885 1554 957">
     <span class='ocr_line' id='line_1_25' title="bbox 263 885 1554 957; baseline 0.002 -17"><span class='ocrx_word' id='word_1_132' title='bbox 263 886 446 941; x_wconf 84' lang='lat' dir='ltr'><strong>Parcit</strong></span> <span class='ocrx_word' id='word_1_133' title='bbox 472 885 701 957; x_wconf 87' lang='lat' dir='ltr'><strong>quisque</strong></span> <span class='ocrx_word' id='word_1_134' title='bbox 729 886 910 954; x_wconf 83' lang='lat' dir='ltr'><strong>malis,</strong></span> <span class='ocrx_word' id='word_1_135' title='bbox 945 887 1181 957; x_wconf 82' lang='lat' dir='ltr'><strong>perdere</strong></span> <span class='ocrx_word' id='word_1_136' title='bbox 1208 887 1327 942; x_wconf 83' lang='lat' dir='ltr'><strong>vult</strong></span> <span class='ocrx_word' id='word_1_137' title='bbox 1358 887 1554 942; x_wconf 85' lang='lat' dir='ltr'><strong>bonos.</strong></span> 
     </span>
    </p>
   </div>
   <div class='ocr_carea' id='block_1_26' title="bbox 258 979 1324 1052">
    <p class='ocr_par' dir='ltr' id='par_1_26' title="bbox 258 979 1324 1052">
     <span class='ocr_line' id='line_1_26' title="bbox 258 979 1324 1052; baseline 0.002 -18"><span class='ocrx_word' id='word_1_138' title='bbox 258 979 524 1049; x_wconf 73' lang='lat' dir='ltr'><strong>Maiorum</strong></span> <span class='ocrx_word' id='word_1_139' title='bbox 555 980 767 1036; x_wconf 88' lang='lat' dir='ltr'><strong>meritis</strong></span> <span class='ocrx_word' id='word_1_140' title='bbox 795 979 968 1052; x_wconf 78' lang='lat' dir='ltr'><strong>gloria</strong></span> <span class='ocrx_word' id='word_1_141' title='bbox 1003 995 1109 1035; x_wconf 90' lang='lat' dir='ltr'><strong>non</strong></span> <span class='ocrx_word' id='word_1_142' title='bbox 1141 980 1324 1036; x_wconf 88' lang='lat' dir='ltr'><strong>datur.</strong></span> 
     </span>
    </p>
   </div>
   <div class='ocr_carea' id='block_1_27' title="bbox 261 1074 1330 1147">
    <p class='ocr_par' dir='ltr' id='par_1_27' title="bbox 261 1074 1330 1147">
     <span class='ocr_line' id='line_1_27' title="bbox 261 1074 1330 1147; baseline 0.003 -18"><span class='ocrx_word' id='word_1_143' title='bbox 261 1074 462 1147; x_wconf 89' lang='lat' dir='ltr'><strong>Turpis</strong></span> <span class='ocrx_word' id='word_1_144' title='bbox 482 1089 625 1147; x_wconf 64' lang='lat' dir='ltr'><strong>saepe</strong></span> <span class='ocrx_word' id='word_1_145' title='bbox 649 1075 809 1132; x_wconf 90' lang='lat' dir='ltr'><strong>datur</strong></span> <span class='ocrx_word' id='word_1_146' title='bbox 830 1075 972 1130; x_wconf 88' lang='lat' dir='ltr'><strong>fama</strong></span> <span class='ocrx_word' id='word_1_147' title='bbox 1003 1076 1330 1134; x_wconf 87' lang='lat' dir='ltr'><strong>minoribus.</strong></span> 
     </span>
    </p>
   </div>
   <div class='ocr_carea' id='block_1_28' title="bbox 738 1208 1386 1266">
    <p class='ocr_par' dir='ltr' id='par_1_28' title="bbox 738 1208 1386 1266">
     <span class='ocr_line' id='line_1_28' title="bbox 738 1208 1386 1266; baseline 0.002 -4"><span class='ocrx_word' id='word_1_148' title='bbox 738 1208 1025 1265; x_wconf 82' lang='lat' dir='ltr'><strong>Periander</strong></span> <span class='ocrx_word' id='word_1_149' title='bbox 1067 1208 1386 1266; x_wconf 81' lang='lat' dir='ltr'><strong>Corinthius.</strong></span> 
     </span>
    </p>
   </div>
   <div class='ocr_carea' id='block_1_29' title="bbox 334 1343 1408 1415">
    <p class='ocr_par' dir='ltr' id='par_1_29' title="bbox 334 1343 1408 1415">
     <span class='ocr_line' id='line_1_29' title="bbox 334 1343 1408 1415; baseline 0 -15"><span class='ocrx_word' id='word_1_150' title='bbox 334 1343 639 1415; x_wconf 83' lang='lat' dir='ltr'><strong>Numquam</strong></span> <span class='ocrx_word' id='word_1_151' title='bbox 669 1344 944 1414; x_wconf 88' lang='lat' dir='ltr'><strong>discrepat</strong></span> <span class='ocrx_word' id='word_1_152' title='bbox 970 1344 1101 1400; x_wconf 87' lang='lat' dir='ltr'><strong>utile</strong></span> <span class='ocrx_word' id='word_1_153' title='bbox 1124 1360 1154 1400; x_wconf 87' lang='lat' dir='ltr'><strong>a</strong></span> <span class='ocrx_word' id='word_1_154' title='bbox 1185 1343 1408 1401; x_wconf 75' lang='lat' dir='ltr'><strong>decoro;</strong></span> 
     </span>
    </p>
   </div>
   <div class='ocr_carea' id='block_1_30' title="bbox 261 1435 1282 1508">
    <p class='ocr_par' dir='ltr' id='par_1_30' title="bbox 261 1435 1282 1508">
     <span class='ocr_line' id='line_1_30' title="bbox 261 1435 1282 1508; baseline 0 -16"><span class='ocrx_word' id='word_1_155' title='bbox 261 1435 398 1492; x_wconf 88' lang='lat' dir='ltr'><strong>Plus</strong></span> <span class='ocrx_word' id='word_1_156' title='bbox 425 1447 513 1492; x_wconf 85' lang='lat' dir='ltr'><strong>est</strong></span> <span class='ocrx_word' id='word_1_157' title='bbox 543 1437 832 1504; x_wconf 88' lang='lat' dir='ltr'><strong>sollicitus,</strong></span> <span class='ocrx_word' id='word_1_158' title='bbox 867 1441 1040 1508; x_wconf 85' lang='lat' dir='ltr'><strong>magis</strong></span> <span class='ocrx_word' id='word_1_159' title='bbox 1065 1437 1282 1493; x_wconf 85' lang='lat' dir='ltr'><strong>beatus.</strong></span> 
     </span>
    </p>
   </div>
   <div class='ocr_carea' id='block_1_31' title="bbox 259 1528 1394 1602">
    <p class='ocr_par' dir='ltr' id='par_1_31' title="bbox 259 1528 1394 1602">
     <span class='ocr_line' id='line_1_31' title="bbox 259 1528 1394 1602; baseline 0 -18"><span class='ocrx_word' id='word_1_160' title='bbox 259 1528 488 1585; x_wconf 83' lang='lat' dir='ltr'><strong>Mortem</strong></span> <span class='ocrx_word' id='word_1_161' title='bbox 513 1540 703 1600; x_wconf 90' lang='lat' dir='ltr'><strong>optare</strong></span> <span class='ocrx_word' id='word_1_162' title='bbox 734 1531 958 1595; x_wconf 87' lang='lat' dir='ltr'><strong>malum,</strong></span> <span class='ocrx_word' id='word_1_163' title='bbox 995 1531 1189 1586; x_wconf 88' lang='lat' dir='ltr'><strong>timere</strong></span> <span class='ocrx_word' id='word_1_164' title='bbox 1219 1531 1394 1602; x_wconf 84' lang='lat' dir='ltr'><strong>pejus.</strong></span> 
     </span>
    </p>
   </div>
   <div class='ocr_carea' id='block_1_32' title="bbox 262 1624 1350 1697">
    <p class='ocr_par' dir='ltr' id='par_1_32' title="bbox 262 1624 1350 1697">
     <span class='ocr_line' id='line_1_32' title="bbox 262 1624 1350 1697; baseline 0.002 -17"><span class='ocrx_word' id='word_1_165' title='bbox 262 1624 427 1680; x_wconf 79' lang='lat' dir='ltr'><strong>Faxis</strong></span> <span class='ocrx_word' id='word_1_166' title='bbox 456 1634 516 1679; x_wconf 91' lang='lat' dir='ltr'><strong>ut</strong></span> <span class='ocrx_word' id='word_1_167' title='bbox 544 1625 737 1692; x_wconf 88' lang='lat' dir='ltr'><strong>libeat,</strong></span> <span class='ocrx_word' id='word_1_168' title='bbox 770 1625 917 1697; x_wconf 82' lang='lat' dir='ltr'><strong>quod</strong></span> <span class='ocrx_word' id='word_1_169' title='bbox 961 1635 1045 1683; x_wconf 86' lang='lat' dir='ltr'><strong>est</strong></span> <span class='ocrx_word' id='word_1_170' title='bbox 1071 1642 1320 1684; x_wconf 87' lang='lat' dir='ltr'><strong>necesse.</strong></span> <span class='ocrx_word' id='word_1_171' title='bbox 1346 1665 1350 1668; x_wconf 88' lang='grc'><strong>-</strong></span> 
     </span>
    </p>
   </div>
   <div class='ocr_carea' id='block_1_33' title="bbox 264 1718 1241 1785">
    <p class='ocr_par' dir='ltr' id='par_1_33' title="bbox 264 1718 1241 1785">
     <span class='ocr_line' id='line_1_33' title="bbox 264 1718 1241 1785; baseline 0.002 -11"><span class='ocrx_word' id='word_1_172' title='bbox 264 1718 450 1774; x_wconf 82' lang='lat' dir='ltr'><strong>Multis</strong></span> <span class='ocrx_word' id='word_1_173' title='bbox 481 1719 765 1785; x_wconf 88' lang='lat' dir='ltr'><strong>terribilis,</strong></span> <span class='ocrx_word' id='word_1_174' title='bbox 794 1729 986 1775; x_wconf 87' lang='lat' dir='ltr'><strong>caveto</strong></span> <span class='ocrx_word' id='word_1_175' title='bbox 1015 1721 1241 1776; x_wconf 88' lang='lat' dir='ltr'><strong>multos.</strong></span> 
     </span>
    </p>
   </div>
   <div class='ocr_carea' id='block_1_34' title="bbox 259 1808 1150 1880">
    <p class='ocr_par' dir='ltr' id='par_1_34' title="bbox 259 1808 1150 1880">
     <span class='ocr_line' id='line_1_34' title="bbox 259 1808 1150 1880; baseline 0 -15"><span class='ocrx_word' id='word_1_176' title='bbox 259 1808 320 1865; x_wconf 89' lang='lat' dir='ltr'><strong>Si</strong></span> <span class='ocrx_word' id='word_1_177' title='bbox 351 1809 566 1864; x_wconf 80' lang='lat' dir='ltr'><strong>fortuna</strong></span> <span class='ocrx_word' id='word_1_178' title='bbox 586 1811 760 1880; x_wconf 81' lang='lat' dir='ltr'><strong>juvat,</strong></span> <span class='ocrx_word' id='word_1_179' title='bbox 787 1822 978 1868; x_wconf 87' lang='lat' dir='ltr'><strong>caveto</strong></span> <span class='ocrx_word' id='word_1_180' title='bbox 1014 1811 1150 1874; x_wconf 88' lang='lat' dir='ltr'><strong>tolli.</strong></span> 
     </span>
    </p>
   </div>
   <div class='ocr_carea' id='block_1_35' title="bbox 259 1897 3368 1978">
    <p class='ocr_par' dir='ltr' id='par_1_35' title="bbox 259 1897 3368 1978">
     <span class='ocr_line' id='line_1_35' title="bbox 259 1897 3368 1978; baseline -0.001 -18"><span class='ocrx_word' id='word_1_181' title='bbox 259 1902 320 1960; x_wconf 92' lang='lat' dir='ltr'><strong>Si</strong></span> <span class='ocrx_word' id='word_1_182' title='bbox 352 1903 566 1960; x_wconf 81' lang='lat' dir='ltr'><strong>fortuna</strong></span> <span class='ocrx_word' id='word_1_183' title='bbox 599 1913 768 1974; x_wconf 88' lang='lat' dir='ltr'><strong>tonat,</strong></span> <span class='ocrx_word' id='word_1_184' title='bbox 803 1916 996 1962; x_wconf 85' lang='lat' dir='ltr'><strong>caveto</strong></span> <span class='ocrx_word' id='word_1_185' title='bbox 1028 1907 1221 1978; x_wconf 86' lang='lat' dir='ltr'><strong>mergi.</strong></span> <span class='ocrx_word' id='word_1_186' title='bbox 2179 1897 2260 1956; x_wconf 84' lang='lat' dir='ltr'><strong>De</strong></span> <span class='ocrx_word' id='word_1_187' title='bbox 2285 1898 2468 1958; x_wconf 78' lang='lat' dir='ltr'><strong>iisdem</strong></span> <span class='ocrx_word' id='word_1_188' title='bbox 2490 1907 2685 1968; x_wconf 82' lang='lat' dir='ltr'><strong>septem</strong></span> <span class='ocrx_word' id='word_1_189' title='bbox 2717 1898 3084 1971; x_wconf 76' lang='lat' dir='ltr'><strong>Sapientibut,</strong></span> <span class='ocrx_word' id='word_1_190' title='bbox 3113 1917 3138 1961; x_wconf 76' lang='grc' dir='ltr'><em>ε</em></span> <span class='ocrx_word' id='word_1_191' title='bbox 3166 1899 3368 1958; x_wconf 76' lang='lat' dir='ltr'><strong>Crteco.</strong></span> 
     </span>
    </p>
   </div>
   <div class='ocr_carea' id='block_1_36' title="bbox 2050 1990 3428 2061">
    <p class='ocr_par' dir='ltr' id='par_1_36' title="bbox 2050 1990 3428 2061">
     <span class='ocr_line' id='line_1_36' title="bbox 2050 1990 3428 2061; baseline 0.001 -15"><span class='ocrx_word' id='word_1_192' title='bbox 2050 1990 2306 2060; x_wconf 87' lang='lat' dir='ltr'><strong>Septenis</strong></span> <span class='ocrx_word' id='word_1_193' title='bbox 2340 1991 2568 2060; x_wconf 79' lang='lat' dir='ltr'><strong>patriam</strong></span> <span class='ocrx_word' id='word_1_194' title='bbox 2599 1991 2936 2061; x_wconf 87' lang='lat' dir='ltr'><strong>sapientum,</strong></span> <span class='ocrx_word' id='word_1_195' title='bbox 2971 1993 3214 2059; x_wconf 85' lang='lat' dir='ltr'><strong>nomina,</strong></span> <span class='ocrx_word' id='word_1_196' title='bbox 3243 2008 3428 2060; x_wconf 80' lang='lat' dir='ltr'><strong>voces,</strong></span> 
     </span>
    </p>
   </div>
   <div class='ocr_carea' id='block_1_37' title="bbox 1979 2080 3579 2156">
    <p class='ocr_par' dir='ltr' id='par_1_37' title="bbox 1979 2080 3579 2156">
     <span class='ocr_line' id='line_1_37' title="bbox 1979 2080 3579 2156; baseline 0.004 -21"><span class='ocrx_word' id='word_1_197' title='bbox 1979 2080 2240 2140; x_wconf 82' lang='lat' dir='ltr'><strong>Versibus</strong></span> <span class='ocrx_word' id='word_1_198' title='bbox 2259 2083 2572 2153; x_wconf 82' lang='lat' dir='ltr'><strong>expediam:</strong></span> <span class='ocrx_word' id='word_1_199' title='bbox 2596 2099 2692 2140; x_wconf 90' lang='lat' dir='ltr'><strong>sua</strong></span> <span class='ocrx_word' id='word_1_200' title='bbox 2716 2099 2988 2156; x_wconf 86' lang='lat' dir='ltr'><strong>quemque</strong></span> <span class='ocrx_word' id='word_1_201' title='bbox 3002 2085 3344 2144; x_wconf 85' lang='lat' dir='ltr'><strong>monostieha</strong></span> <span class='ocrx_word' id='word_1_202' title='bbox 3361 2085 3579 2144; x_wconf 83' lang='lat' dir='ltr'><strong>dicent:</strong></span> 
     </span>
    </p>
   </div>
   <div class='ocr_carea' id='block_1_38' title="bbox 1976 2174 3484 2248">
    <p class='ocr_par' dir='ltr' id='par_1_38' title="bbox 1976 2174 3484 2248">
     <span class='ocr_line' id='line_1_38' title="bbox 1976 2174 3484 2248; baseline 0.002 -19"><span class='ocrx_word' id='word_1_203' title='bbox 1976 2174 2137 2230; x_wconf 91' lang='lat' dir='ltr'><strong>Chilo</strong></span> <span class='ocrx_word' id='word_1_204' title='bbox 2166 2176 2251 2230; x_wconf 93' lang='lat' dir='ltr'><strong>cui</strong></span> <span class='ocrx_word' id='word_1_205' title='bbox 2285 2176 2458 2246; x_wconf 84' lang='lat' dir='ltr'><strong>patria</strong></span> <span class='ocrx_word' id='word_1_206' title='bbox 2486 2186 2569 2233; x_wconf 86' lang='lat' dir='ltr'><strong>est</strong></span> <span class='ocrx_word' id='word_1_207' title='bbox 2596 2175 2981 2246; x_wconf 70' lang='lat' dir='ltr'><strong>Lacedaemon,</strong></span> <span class='ocrx_word' id='word_1_208' title='bbox 3022 2176 3199 2234; x_wconf 85' lang='lat' dir='ltr'><strong>Nosce</strong></span> <span class='ocrx_word' id='word_1_209' title='bbox 3232 2178 3484 2248; x_wconf 87' lang='lat' dir='ltr'><strong>teipsum.</strong></span> 
     </span>
    </p>
   </div>
   <div class='ocr_carea' id='block_1_39' title="bbox 1977 2266 3536 2340">
    <p class='ocr_par' dir='ltr' id='par_1_39' title="bbox 1977 2266 3536 2340">
     <span class='ocr_line' id='line_1_39' title="bbox 1977 2266 3536 2340; baseline 0.003 -18"><span class='ocrx_word' id='word_1_210' title='bbox 1977 2266 2294 2333; x_wconf 75' lang='lat' dir='ltr'><strong>Periander,</strong></span> <span class='ocrx_word' id='word_1_211' title='bbox 2328 2268 2624 2340; x_wconf 88' lang='lat' dir='ltr'><strong>Trepidam</strong></span> <span class='ocrx_word' id='word_1_212' title='bbox 2658 2269 2969 2336; x_wconf 88' lang='lat' dir='ltr'><strong>moderare,</strong></span> <span class='ocrx_word' id='word_1_213' title='bbox 3002 2268 3342 2338; x_wconf 89' lang='lat' dir='ltr'><strong>Corinthius,</strong></span> <span class='ocrx_word' id='word_1_214' title='bbox 3376 2271 3536 2336; x_wconf 84' lang='lat' dir='ltr'><strong>iram.</strong></span> 
     </span>
    </p>
   </div>
   <div class='ocr_carea' id='block_1_40' title="bbox 1982 2365 3250 2438">
    <p class='ocr_par' dir='ltr' id='par_1_40' title="bbox 1982 2365 3250 2438">
     <span class='ocr_line' id='line_1_40' title="bbox 1982 2365 3250 2438; baseline 0 -18"><span class='ocrx_word' id='word_1_215' title='bbox 1982 2365 2059 2420; x_wconf 86' lang='lat' dir='ltr'><strong>Ex</strong></span> <span class='ocrx_word' id='word_1_216' title='bbox 2089 2365 2432 2438; x_wconf 75' lang='lat' dir='ltr'><strong>Mitylentcis,</strong></span> <span class='ocrx_word' id='word_1_217' title='bbox 2461 2365 2695 2422; x_wconf 90' lang='lat' dir='ltr'><strong>Nimium</strong></span> <span class='ocrx_word' id='word_1_218' title='bbox 2725 2366 2824 2432; x_wconf 88' lang='lat' dir='ltr'><strong>nil,</strong></span> <span class='ocrx_word' id='word_1_219' title='bbox 2853 2365 3094 2424; x_wconf 82' lang='lat' dir='ltr'><strong>Pittacus</strong></span> <span class='ocrx_word' id='word_1_220' title='bbox 3119 2365 3250 2421; x_wconf 87' lang='lat' dir='ltr'><strong>oris.</strong></span> 
     </span>
    </p>
   </div>
   <div class='ocr_carea' id='block_1_41' title="bbox 1981 2457 3522 2530">
    <p class='ocr_par' dir='ltr' id='par_1_41' title="bbox 1981 2457 3522 2530">
     <span class='ocr_line' id='line_1_41' title="bbox 1981 2457 3522 2530; baseline 0.002 -17"><span class='ocrx_word' id='word_1_221' title='bbox 1981 2457 2291 2520; x_wconf 73' lang='lat' dir='ltr'><strong>Mensarum</strong></span> <span class='ocrx_word' id='word_1_222' title='bbox 2317 2461 2607 2530; x_wconf 83' lang='lat' dir='ltr'><strong>optimum,</strong></span> <span class='ocrx_word' id='word_1_223' title='bbox 2636 2460 2714 2517; x_wconf 89' lang='lat' dir='ltr'><strong>ait</strong></span> <span class='ocrx_word' id='word_1_224' title='bbox 2739 2460 3038 2518; x_wconf 76' lang='lat' dir='ltr'><strong>Cleobulus</strong></span> <span class='ocrx_word' id='word_1_225' title='bbox 3068 2459 3322 2527; x_wconf 90' lang='lat' dir='ltr'><strong>Lindius,</strong></span> <span class='ocrx_word' id='word_1_226' title='bbox 3357 2460 3409 2516; x_wconf 92' lang='lat' dir='ltr'><strong>in</strong></span> <span class='ocrx_word' id='word_1_227' title='bbox 3444 2477 3522 2520; x_wconf 89' lang='lat' dir='ltr'><strong>re.</strong></span> 
     </span>
    </p>
   </div>
   <div class='ocr_carea' id='block_1_42' title="bbox 1977 2551 3367 2623">
    <p class='ocr_par' dir='ltr' id='par_1_42' title="bbox 1977 2551 3367 2623">
     <span class='ocr_line' id='line_1_42' title="bbox 1977 2551 3367 2623; baseline 0.001 -17"><span class='ocrx_word' id='word_1_228' title='bbox 1977 2552 2308 2623; x_wconf 68' lang='lat' dir='ltr'><strong>Exspectare</strong></span> <span class='ocrx_word' id='word_1_229' title='bbox 2334 2553 2502 2609; x_wconf 85' lang='lat' dir='ltr'><strong>Solon</strong></span> <span class='ocrx_word' id='word_1_230' title='bbox 2526 2552 2688 2610; x_wconf 80' lang='lat' dir='ltr'><strong>ﬁnem</strong></span> <span class='ocrx_word' id='word_1_231' title='bbox 2713 2551 2896 2622; x_wconf 82' lang='lat' dir='ltr'><strong>docet,</strong></span> <span class='ocrx_word' id='word_1_232' title='bbox 2928 2561 3082 2611; x_wconf 85' lang='lat' dir='ltr'><strong>ortus</strong></span> <span class='ocrx_word' id='word_1_233' title='bbox 3118 2552 3367 2613; x_wconf 85' lang='lat' dir='ltr'><strong>Athenis.</strong></span> 
     </span>
    </p>
   </div>
   <div class='ocr_carea' id='block_1_43' title="bbox 1978 2644 3353 2716">
    <p class='ocr_par' dir='ltr' id='par_1_43' title="bbox 1978 2644 3353 2716">
     <span class='ocr_line' id='line_1_43' title="bbox 1978 2644 3353 2716; baseline 0 -16"><span class='ocrx_word' id='word_1_234' title='bbox 1978 2644 2169 2701; x_wconf 91' lang='lat' dir='ltr'><strong>Plures</strong></span> <span class='ocrx_word' id='word_1_235' title='bbox 2199 2661 2323 2704; x_wconf 81' lang='lat' dir='ltr'><strong>esse</strong></span> <span class='ocrx_word' id='word_1_236' title='bbox 2347 2646 2471 2704; x_wconf 85' lang='lat' dir='ltr'><strong>Bias</strong></span> <span class='ocrx_word' id='word_1_237' title='bbox 2502 2661 2726 2716; x_wconf 86' lang='lat' dir='ltr'><strong>pravos,</strong></span> <span class='ocrx_word' id='word_1_238' title='bbox 2759 2661 2922 2716; x_wconf 89' lang='lat' dir='ltr'><strong>quem</strong></span> <span class='ocrx_word' id='word_1_239' title='bbox 2955 2646 3104 2706; x_wconf 83' lang='lat' dir='ltr'><strong>clara</strong></span> <span class='ocrx_word' id='word_1_240' title='bbox 3135 2645 3353 2702; x_wconf 85' lang='lat' dir='ltr'><strong>Priene.</strong></span> 
     </span>
    </p>
   </div>
   <div class='ocr_carea' id='block_1_44' title="bbox 1977 2739 3368 2811">
    <p class='ocr_par' dir='ltr' id='par_1_44' title="bbox 1977 2739 3368 2811">
     <span class='ocr_line' id='line_1_44' title="bbox 1977 2739 3368 2811; baseline 0.001 -17"><span class='ocrx_word' id='word_1_241' title='bbox 1977 2739 2164 2807; x_wconf 84' lang='lat' dir='ltr'><strong>Mileti,</strong></span> <span class='ocrx_word' id='word_1_242' title='bbox 2194 2740 2440 2811; x_wconf 85' lang='lat' dir='ltr'><strong>Fugisse.</strong></span> <span class='ocrx_word' id='word_1_243' title='bbox 2477 2741 2698 2810; x_wconf 83' lang='lat' dir='ltr'><strong>Thales,</strong></span> <span class='ocrx_word' id='word_1_244' title='bbox 2726 2741 3062 2805; x_wconf 87' lang='lat' dir='ltr'><strong>vadimonia,</strong></span> <span class='ocrx_word' id='word_1_245' title='bbox 3095 2740 3368 2799; x_wconf 89' lang='lat' dir='ltr'><strong>alumnus.</strong></span> 
     </span>
    </p>
   </div>
   <div class='ocr_carea' id='block_1_45' title="bbox 1711 2855 2227 2996">
    <p class='ocr_par' dir='ltr' id='par_1_45' title="bbox 1711 2855 2227 2996">
     <span class='ocr_line' id='line_1_45' title="bbox 1711 2855 2227 2996; baseline -0.002 -4"><span class='ocrx_word' id='word_1_246' title='bbox 1711 2855 2227 2996; x_wconf 87' lang='lat' dir='ltr'><strong>IDYLLIA.</strong></span> 
     </span>
    </p>
   </div>
   <div class='ocr_carea' id='block_1_46' title="bbox 1904 3029 3166 3104">
    <p class='ocr_par' dir='ltr' id='par_1_46' title="bbox 1904 3029 3166 3104">
     <span class='ocr_line' id='line_1_46' title="bbox 1904 3029 3166 3104; baseline 0.01 -21"><span class='ocrx_word' id='word_1_247' title='bbox 1904 3029 1950 3092; x_wconf 88' lang='lat' dir='ltr'><strong>C</strong></span> <span class='ocrx_word' id='word_1_248' title='bbox 1985 3029 2098 3085; x_wconf 90' lang='lat' dir='ltr'><strong>llos</strong></span> <span class='ocrx_word' id='word_1_249' title='bbox 2123 3029 2288 3102; x_wconf 83' lang='lat' dir='ltr'><strong>igitur</strong></span> <span class='ocrx_word' id='word_1_250' title='bbox 2314 3031 2468 3087; x_wconf 88' lang='lat' dir='ltr'><strong>nobis</strong></span> <span class='ocrx_word' id='word_1_251' title='bbox 2503 3032 2642 3087; x_wconf 88' lang='lat' dir='ltr'><strong>trina</strong></span> <span class='ocrx_word' id='word_1_252' title='bbox 2667 3032 2866 3103; x_wconf 89' lang='lat' dir='ltr'><strong>pietate</strong></span> <span class='ocrx_word' id='word_1_253' title='bbox 2897 3032 3166 3104; x_wconf 76' lang='lat' dir='ltr'><strong>vigentes.</strong></span> 
     </span>
    </p>
   </div>
   <div class='ocr_carea' id='block_1_47' title="bbox 1985 3122 3320 3196">
    <p class='ocr_par' dir='ltr' id='par_1_47' title="bbox 1985 3122 3320 3196">
     <span class='ocr_line' id='line_1_47' title="bbox 1985 3122 3320 3196; baseline 0.002 -18"><span class='ocrx_word' id='word_1_254' title='bbox 1985 3123 2250 3180; x_wconf 67' lang='lat' dir='ltr'><strong>[tectores</strong></span> <span class='ocrx_word' id='word_1_255' title='bbox 2274 3132 2434 3179; x_wconf 88' lang='lat' dir='ltr'><strong>terrae</strong></span> <span class='ocrx_word' id='word_1_256' title='bbox 2464 3122 2736 3194; x_wconf 83' lang='lat' dir='ltr'><strong>placidos,</strong></span> <span class='ocrx_word' id='word_1_257' title='bbox 2761 3125 2994 3196; x_wconf 88' lang='lat' dir='ltr'><strong>coelique</strong></span> <span class='ocrx_word' id='word_1_258' title='bbox 3020 3126 3320 3194; x_wconf 85' lang='lat' dir='ltr'><strong>ministros,</strong></span> 
     </span>
    </p>
   </div>
   <div class='ocr_carea' id='block_1_48' title="bbox 1984 3218 3477 3292">
    <p class='ocr_par' dir='ltr' id='par_1_48' title="bbox 1984 3218 3477 3292">
     <span class='ocr_line' id='line_1_48' title="bbox 1984 3218 3477 3292; baseline 0.003 -19"><span class='ocrx_word' id='word_1_259' title='bbox 1984 3218 2206 3274; x_wconf 87' lang='lat' dir='ltr'><strong>Christe</strong></span> <span class='ocrx_word' id='word_1_260' title='bbox 2233 3219 2374 3290; x_wconf 89' lang='lat' dir='ltr'><strong>apud</strong></span> <span class='ocrx_word' id='word_1_261' title='bbox 2404 3228 2672 3276; x_wconf 65' lang='lat' dir='ltr'><strong>aeternum</strong></span> <span class='ocrx_word' id='word_1_262' title='bbox 2701 3218 2990 3289; x_wconf 83' lang='lat' dir='ltr'><strong>placabilis</strong></span> <span class='ocrx_word' id='word_1_263' title='bbox 3019 3235 3210 3277; x_wconf 78' lang='lat' dir='ltr'><strong>assere</strong></span> <span class='ocrx_word' id='word_1_264' title='bbox 3242 3230 3477 3292; x_wconf 84' lang='lat' dir='ltr'><strong>patrem.</strong></span> 
     </span>
    </p>
   </div>
   <div class='ocr_carea' id='block_1_49' title="bbox 2565 3332 3006 3390">
    <p class='ocr_par' dir='ltr' id='par_1_49' title="bbox 2565 3332 3006 3390">
     <span class='ocr_line' id='line_1_49' title="bbox 2565 3332 3006 3390; baseline 0.005 -2"><span class='ocrx_word' id='word_1_265' title='bbox 2565 3332 2899 3390; x_wconf 73' lang='lat' dir='ltr'><strong>IDYLLIUM</strong></span> <span class='ocrx_word' id='word_1_266' title='bbox 2942 3335 3006 3390; x_wconf 88' lang='lat' dir='ltr'><strong>ll.</strong></span> 
     </span>
    </p>
   </div>
   <div class='ocr_carea' id='block_1_50' title="bbox 2114 3427 3459 3501">
    <p class='ocr_par' dir='ltr' id='par_1_50' title="bbox 2114 3427 3459 3501">
     <span class='ocr_line' id='line_1_50' title="bbox 2114 3427 3459 3501; baseline 0.004 -19"><span class='ocrx_word' id='word_1_267' title='bbox 2114 3427 2397 3501; x_wconf 84' lang='lat' dir='ltr'><strong>Epicedion</strong></span> <span class='ocrx_word' id='word_1_268' title='bbox 2427 3431 2481 3484; x_wconf 82' lang='lat' dir='ltr'><strong>in</strong></span> <span class='ocrx_word' id='word_1_269' title='bbox 2513 3439 2711 3498; x_wconf 82' lang='lat' dir='ltr'><strong>patrem</strong></span> <span class='ocrx_word' id='word_1_270' title='bbox 2733 3446 2887 3484; x_wconf 80' lang='lat' dir='ltr'><strong>suum</strong></span> <span class='ocrx_word' id='word_1_271' title='bbox 2917 3428 3124 3485; x_wconf 72' lang='lat' dir='ltr'><strong>Iulium</strong></span> <span class='ocrx_word' id='word_1_272' title='bbox 3147 3430 3459 3488; x_wconf 82' lang='lat' dir='ltr'><strong>Ausonium.</strong></span> 
     </span>
    </p>
   </div>
   <div class='ocr_carea' id='block_1_51' title="bbox 788 2043 1340 2104">
    <p class='ocr_par' dir='ltr' id='par_1_51' title="bbox 788 2043 1340 2104">
     <span class='ocr_line' id='line_1_51' title="bbox 788 2043 1340 2104; baseline 0.002 -5"><span class='ocrx_word' id='word_1_273' title='bbox 788 2043 952 2100; x_wconf 83' lang='lat' dir='ltr'><strong>Solon</strong></span> <span class='ocrx_word' id='word_1_274' title='bbox 993 2044 1340 2104; x_wconf 80' lang='lat' dir='ltr'><strong>Atheniensis.</strong></span> 
     </span>
    </p>
   </div>
   <div class='ocr_carea' id='block_1_52' title="bbox 336 2179 1794 2251">
    <p class='ocr_par' dir='ltr' id='par_1_52' title="bbox 336 2179 1794 2251">
     <span class='ocr_line' id='line_1_52' title="bbox 336 2179 1794 2251; baseline 0.001 -15"><span class='ocrx_word' id='word_1_275' title='bbox 336 2179 475 2237; x_wconf 87' lang='lat' dir='ltr'><strong>Dico</strong></span> <span class='ocrx_word' id='word_1_276' title='bbox 508 2190 641 2238; x_wconf 86' lang='lat' dir='ltr'><strong>tunc</strong></span> <span class='ocrx_word' id='word_1_277' title='bbox 675 2180 892 2242; x_wconf 86' lang='lat' dir='ltr'><strong>beatam</strong></span> <span class='ocrx_word' id='word_1_278' title='bbox 932 2182 1098 2240; x_wconf 83' lang='lat' dir='ltr'><strong>vitam</strong></span> <span class='ocrx_word' id='word_1_279' title='bbox 1127 2197 1250 2240; x_wconf 83' lang='lat' dir='ltr'><strong>cum</strong></span> <span class='ocrx_word' id='word_1_280' title='bbox 1281 2190 1504 2251; x_wconf 75' lang='lat' dir='ltr'><strong>peraCIa</strong></span> <span class='ocrx_word' id='word_1_281' title='bbox 1538 2181 1643 2240; x_wconf 84' lang='lat' dir='ltr'><strong>fata</strong></span> <span class='ocrx_word' id='word_1_282' title='bbox 1665 2181 1794 2242; x_wconf 87' lang='lat' dir='ltr'><strong>sint.</strong></span> 
     </span>
    </p>
   </div>
   <div class='ocr_carea' id='block_1_53' title="bbox 268 2274 1866 2347">
    <p class='ocr_par' dir='ltr' id='par_1_53' title="bbox 268 2274 1866 2347">
     <span class='ocr_line' id='line_1_53' title="bbox 268 2274 1866 2347; baseline 0.001 -16"><span class='ocrx_word' id='word_1_283' title='bbox 268 2274 375 2332; x_wconf 88' lang='lat' dir='ltr'><strong>Par</strong></span> <span class='ocrx_word' id='word_1_284' title='bbox 405 2275 520 2345; x_wconf 89' lang='lat' dir='ltr'><strong>pari</strong></span> <span class='ocrx_word' id='word_1_285' title='bbox 549 2275 768 2347; x_wconf 77' lang='lat' dir='ltr'><strong>jngator</strong></span> <span class='ocrx_word' id='word_1_286' title='bbox 795 2276 1021 2346; x_wconf 82' lang='lat' dir='ltr'><strong>conjux.</strong></span> <span class='ocrx_word' id='word_1_287' title='bbox 1068 2275 1346 2342; x_wconf 76' lang='lat' dir='ltr'><strong>Quidquid</strong></span> <span class='ocrx_word' id='word_1_288' title='bbox 1389 2276 1585 2347; x_wconf 84' lang='lat' dir='ltr'><strong>impar,</strong></span> <span class='ocrx_word' id='word_1_289' title='bbox 1615 2275 1866 2335; x_wconf 81' lang='lat' dir='ltr'><strong>dissidet.</strong></span> 
     </span>
    </p>
   </div>
   <div class='ocr_carea' id='block_1_54' title="bbox 261 2367 1661 2438">
    <p class='ocr_par' dir='ltr' id='par_1_54' title="bbox 261 2367 1661 2438">
     <span class='ocr_line' id='line_1_54' title="bbox 261 2367 1661 2438; baseline -0.001 -12"><span class='ocrx_word' id='word_1_290' title='bbox 261 2367 382 2426; x_wconf 90' lang='lat' dir='ltr'><strong>Non</strong></span> <span class='ocrx_word' id='word_1_291' title='bbox 403 2375 566 2426; x_wconf 89' lang='lat' dir='ltr'><strong>erunt</strong></span> <span class='ocrx_word' id='word_1_292' title='bbox 597 2369 835 2426; x_wconf 80' lang='lat' dir='ltr'><strong>honores</strong></span> <span class='ocrx_word' id='word_1_293' title='bbox 864 2385 1121 2438; x_wconf 87' lang='lat' dir='ltr'><strong>umquam</strong></span> <span class='ocrx_word' id='word_1_294' title='bbox 1156 2368 1367 2428; x_wconf 90' lang='lat' dir='ltr'><strong>fortuiti</strong></span> <span class='ocrx_word' id='word_1_295' title='bbox 1392 2369 1661 2426; x_wconf 87' lang='lat' dir='ltr'><strong>muneris.</strong></span> 
     </span>
    </p>
   </div>
   <div class='ocr_carea' id='block_1_55' title="bbox 263 2461 1829 2534">
    <p class='ocr_par' dir='ltr' id='par_1_55' title="bbox 263 2461 1829 2534">
     <span class='ocr_line' id='line_1_55' title="bbox 263 2461 1829 2534; baseline 0.001 -18"><span class='ocrx_word' id='word_1_296' title='bbox 263 2461 416 2520; x_wconf 83' lang='lat' dir='ltr'><strong>Clam</strong></span> <span class='ocrx_word' id='word_1_297' title='bbox 436 2477 706 2534; x_wconf 77' lang='lat' dir='ltr'><strong>eoarguas</strong></span> <span class='ocrx_word' id='word_1_298' title='bbox 739 2461 1134 2533; x_wconf 85' lang='lat' dir='ltr'><strong>propinquum,</strong></span> <span class='ocrx_word' id='word_1_299' title='bbox 1169 2462 1450 2534; x_wconf 82' lang='lat' dir='ltr'><strong>propalant</strong></span> <span class='ocrx_word' id='word_1_300' title='bbox 1493 2461 1829 2520; x_wconf 82' lang='lat' dir='ltr'><strong>laudaveris.</strong></span> 
     </span>
    </p>
   </div>
   <div class='ocr_carea' id='block_1_56' title="bbox 264 2552 1695 2624">
    <p class='ocr_par' dir='ltr' id='par_1_56' title="bbox 264 2552 1695 2624">
     <span class='ocr_line' id='line_1_56' title="bbox 264 2552 1695 2624; baseline 0 -16"><span class='ocrx_word' id='word_1_301' title='bbox 264 2552 556 2615; x_wconf 83' lang='lat' dir='ltr'><strong>Pulchrius</strong></span> <span class='ocrx_word' id='word_1_302' title='bbox 588 2554 764 2611; x_wconf 84' lang='lat' dir='ltr'><strong>multo</strong></span> <span class='ocrx_word' id='word_1_303' title='bbox 794 2554 998 2624; x_wconf 87' lang='lat' dir='ltr'><strong>parari,</strong></span> <span class='ocrx_word' id='word_1_304' title='bbox 1033 2570 1194 2624; x_wconf 87' lang='lat' dir='ltr'><strong>quam</strong></span> <span class='ocrx_word' id='word_1_305' title='bbox 1227 2554 1403 2610; x_wconf 88' lang='lat' dir='ltr'><strong>creari</strong></span> <span class='ocrx_word' id='word_1_306' title='bbox 1433 2552 1695 2612; x_wconf 87' lang='lat' dir='ltr'><strong>nobilem.</strong></span> 
     </span>
    </p>
   </div>
   <div class='ocr_carea' id='block_1_57' title="bbox 264 2645 1728 2718">
    <p class='ocr_par' dir='ltr' id='par_1_57' title="bbox 264 2645 1728 2718">
     <span class='ocr_line' id='line_1_57' title="bbox 264 2645 1728 2718; baseline -0.001 -16"><span class='ocrx_word' id='word_1_307' title='bbox 264 2645 428 2708; x_wconf 77' lang='lat' dir='ltr'><strong>Certa</strong></span> <span class='ocrx_word' id='word_1_308' title='bbox 459 2649 503 2704; x_wconf 85' lang='lat' dir='ltr'><strong>si</strong></span> <span class='ocrx_word' id='word_1_309' title='bbox 527 2648 755 2706; x_wconf 83' lang='lat' dir='ltr'><strong>decreta</strong></span> <span class='ocrx_word' id='word_1_310' title='bbox 783 2662 906 2706; x_wconf 80' lang='lat' dir='ltr'><strong>sors</strong></span> <span class='ocrx_word' id='word_1_311' title='bbox 930 2658 1039 2714; x_wconf 86' lang='lat' dir='ltr'><strong>est,</strong></span> <span class='ocrx_word' id='word_1_312' title='bbox 1071 2648 1202 2718; x_wconf 87' lang='lat' dir='ltr'><strong>quid</strong></span> <span class='ocrx_word' id='word_1_313' title='bbox 1235 2662 1429 2704; x_wconf 87' lang='lat' dir='ltr'><strong>cavere</strong></span> <span class='ocrx_word' id='word_1_314' title='bbox 1453 2646 1728 2716; x_wconf 83' lang='lat' dir='ltr'><strong>proderit?</strong></span> 
     </span>
    </p>
   </div>
   <div class='ocr_carea' id='block_1_58' title="bbox 267 2739 1713 2812">
    <p class='ocr_par' dir='ltr' id='par_1_58' title="bbox 267 2739 1713 2812">
     <span class='ocr_line' id='line_1_58' title="bbox 267 2739 1713 2812; baseline -0.001 -16"><span class='ocrx_word' id='word_1_315' title='bbox 267 2739 398 2798; x_wconf 84' lang='lat' dir='ltr'><strong>Sive</strong></span> <span class='ocrx_word' id='word_1_316' title='bbox 427 2741 538 2800; x_wconf 88' lang='lat' dir='ltr'><strong>sint</strong></span> <span class='ocrx_word' id='word_1_317' title='bbox 569 2743 776 2800; x_wconf 90' lang='lat' dir='ltr'><strong>incerta</strong></span> <span class='ocrx_word' id='word_1_318' title='bbox 810 2751 1026 2808; x_wconf 88' lang='lat' dir='ltr'><strong>cuncta,</strong></span> <span class='ocrx_word' id='word_1_319' title='bbox 1055 2740 1184 2812; x_wconf 86' lang='lat' dir='ltr'><strong>quid</strong></span> <span class='ocrx_word' id='word_1_320' title='bbox 1217 2740 1407 2798; x_wconf 87' lang='lat' dir='ltr'><strong>timere</strong></span> <span class='ocrx_word' id='word_1_321' title='bbox 1423 2741 1713 2798; x_wconf 79' lang='lat' dir='ltr'><strong>convenit?</strong></span> 
     </span>
    </p>
   </div>
   <div class='ocr_carea' id='block_1_59' title="bbox 861 3031 1276 3090">
    <p class='ocr_par' dir='ltr' id='par_1_59' title="bbox 861 3031 1276 3090">
     <span class='ocr_line' id='line_1_59' title="bbox 861 3031 1276 3090; baseline -0.005 -2"><span class='ocrx_word' id='word_1_322' title='bbox 861 3031 1195 3090; x_wconf 76' lang='lat' dir='ltr'><strong>IDYLLIUM</strong></span> <span class='ocrx_word' id='word_1_323' title='bbox 1237 3033 1276 3087; x_wconf 87' lang='grc' dir='ltr'><strong>Ι.</strong></span> 
     </span>
    </p>
   </div>
   <div class='ocr_carea' id='block_1_60' title="bbox 627 3146 1514 3202">
    <p class='ocr_par' dir='ltr' id='par_1_60' title="bbox 627 3146 1514 3202">
     <span class='ocr_line' id='line_1_60' title="bbox 627 3146 1514 3202; baseline -0.001 -1"><span class='ocrx_word' id='word_1_324' title='bbox 627 3146 822 3202; x_wconf 83' lang='lat' dir='ltr'><strong>Versus</strong></span> <span class='ocrx_word' id='word_1_325' title='bbox 852 3147 1138 3202; x_wconf 82' lang='lat' dir='ltr'><strong>Paschales</strong></span> <span class='ocrx_word' id='word_1_326' title='bbox 1169 3147 1339 3202; x_wconf 85' lang='lat' dir='ltr'><strong>Proca</strong></span> <span class='ocrx_word' id='word_1_327' title='bbox 1372 3146 1514 3200; x_wconf 85' lang='lat' dir='ltr'><strong>dicti.</strong></span> 
     </span>
    </p>
   </div>
   <div class='ocr_carea' id='block_1_61' title="bbox 347 3259 1756 3322">
    <p class='ocr_par' dir='ltr' id='par_1_61' title="bbox 347 3259 1756 3322">
     <span class='ocr_line' id='line_1_61' title="bbox 347 3259 1756 3322; baseline -0.004 -4"><span class='ocrx_word' id='word_1_328' title='bbox 347 3262 540 3318; x_wconf 90' lang='lat' dir='ltr'><strong>Sancta</strong></span> <span class='ocrx_word' id='word_1_329' title='bbox 571 3261 835 3318; x_wconf 87' lang='lat' dir='ltr'><strong>salutiferi</strong></span> <span class='ocrx_word' id='word_1_330' title='bbox 873 3261 1396 3319; x_wconf 83' lang='lat' dir='ltr'><strong>rcdcuntsolemnia</strong></span> <span class='ocrx_word' id='word_1_331' title='bbox 1435 3259 1708 3322; x_wconf 77' lang='lat' dir='ltr'><strong>CHRISTI</strong></span> <span class='ocrx_word' id='word_1_332' title='bbox 1745 3277 1756 3312; x_wconf 90' lang='lat'><strong>:</strong></span> 
     </span>
    </p>
   </div>
   <div class='ocr_carea' id='block_1_62' title="bbox 273 3354 1442 3428">
    <p class='ocr_par' dir='ltr' id='par_1_62' title="bbox 273 3354 1442 3428">
     <span class='ocr_line' id='line_1_62' title="bbox 273 3354 1442 3428; baseline -0.003 -15"><span class='ocrx_word' id='word_1_333' title='bbox 273 3355 343 3413; x_wconf 86' lang='lat' dir='ltr'><strong>Et</strong></span> <span class='ocrx_word' id='word_1_334' title='bbox 369 3356 562 3413; x_wconf 89' lang='lat' dir='ltr'><strong>devota</strong></span> <span class='ocrx_word' id='word_1_335' title='bbox 594 3356 664 3428; x_wconf 92' lang='lat' dir='ltr'><strong>pii</strong></span> <span class='ocrx_word' id='word_1_336' title='bbox 691 3357 967 3411; x_wconf 88' lang='lat' dir='ltr'><strong>celebrant</strong></span> <span class='ocrx_word' id='word_1_337' title='bbox 991 3354 1196 3426; x_wconf 83' lang='lat' dir='ltr'><strong>jejunia</strong></span> <span class='ocrx_word' id='word_1_338' title='bbox 1229 3365 1442 3428; x_wconf 62' lang='lat' dir='ltr'><strong>mystae.</strong></span> 
     </span>
    </p>
   </div>
   <div class='ocr_carea' id='block_1_63' title="bbox 278 3447 1645 3518">
    <p class='ocr_par' dir='ltr' id='par_1_63' title="bbox 278 3447 1645 3518">
     <span class='ocr_line' id='line_1_63' title="bbox 278 3447 1645 3518; baseline -0.003 -13"><span class='ocrx_word' id='word_1_339' title='bbox 278 3449 351 3505; x_wconf 85' lang='lat' dir='ltr'><strong>At</strong></span> <span class='ocrx_word' id='word_1_340' title='bbox 377 3463 477 3503; x_wconf 87' lang='lat' dir='ltr'><strong>nos</strong></span> <span class='ocrx_word' id='word_1_341' title='bbox 507 3456 770 3502; x_wconf 88' lang='lat' dir='ltr'><strong>aeternum</strong></span> <span class='ocrx_word' id='word_1_342' title='bbox 803 3447 1124 3502; x_wconf 88' lang='lat' dir='ltr'><strong>cohibentes</strong></span> <span class='ocrx_word' id='word_1_343' title='bbox 1156 3457 1381 3518; x_wconf 88' lang='lat' dir='ltr'><strong>pectore</strong></span> <span class='ocrx_word' id='word_1_344' title='bbox 1417 3449 1645 3512; x_wconf 90' lang='lat' dir='ltr'><strong>cultum,</strong></span> 
     </span>
    </p>
   </div>
   <div class='ocr_carea' id='block_1_64' title="bbox 281 3539 1695 3611">
    <p class='ocr_par' dir='ltr' id='par_1_64' title="bbox 281 3539 1695 3611">
     <span class='ocr_line' id='line_1_64' title="bbox 281 3539 1695 3611; baseline -0.004 -13"><span class='ocrx_word' id='word_1_345' title='bbox 281 3542 745 3598; x_wconf 87' lang='lat' dir='ltr'><strong>lntemcratorum</strong></span> <span class='ocrx_word' id='word_1_346' title='bbox 776 3539 887 3594; x_wconf 90' lang='lat' dir='ltr'><strong>vim</strong></span> <span class='ocrx_word' id='word_1_347' title='bbox 931 3540 1319 3596; x_wconf 88' lang='lat' dir='ltr'><strong>continuamus</strong></span> <span class='ocrx_word' id='word_1_348' title='bbox 1352 3540 1641 3595; x_wconf 88' lang='lat' dir='ltr'><strong>honorum.</strong></span> <span class='ocrx_word' id='word_1_349' title='bbox 1691 3608 1695 3611; x_wconf 17' lang='grc' dir='ltr'><strong>ε</strong></span> 
     </span>
    </p>
   </div>
   <div class='ocr_carea' id='block_1_65' title="bbox 275 3631 1595 3704">
    <p class='ocr_par' dir='ltr' id='par_1_65' title="bbox 275 3631 1595 3704">
     <span class='ocr_line' id='line_1_65' title="bbox 275 3631 1595 3704; baseline -0.006 -12"><span class='ocrx_word' id='word_1_350' title='bbox 275 3636 471 3692; x_wconf 82' lang='lat' dir='ltr'><strong>Annua</strong></span> <span class='ocrx_word' id='word_1_351' title='bbox 503 3647 637 3690; x_wconf 88' lang='lat' dir='ltr'><strong>cura</strong></span> <span class='ocrx_word' id='word_1_352' title='bbox 670 3631 864 3696; x_wconf 84' lang='lat' dir='ltr'><strong>sacris,</strong></span> <span class='ocrx_word' id='word_1_353' title='bbox 892 3632 1037 3704; x_wconf 87' lang='lat' dir='ltr'><strong>jugis</strong></span> <span class='ocrx_word' id='word_1_354' title='bbox 1077 3633 1385 3690; x_wconf 86' lang='lat' dir='ltr'><strong>reverentia</strong></span> <span class='ocrx_word' id='word_1_355' title='bbox 1417 3631 1595 3687; x_wconf 92' lang='lat' dir='ltr'><strong>nobis.</strong></span> 
     </span>
    </p>
   </div>
   <div class='ocr_carea' id='block_1_66' title="bbox 354 3727 1842 3800">
    <p class='ocr_par' dir='ltr' id='par_1_66' title="bbox 354 3727 1842 3800">
     <span class='ocr_line' id='line_1_66' title="bbox 354 3727 1842 3800; baseline -0.002 -18"><span class='ocrx_word' id='word_1_356' title='bbox 354 3728 543 3799; x_wconf 66' lang='lat' dir='ltr'><strong>Magne</strong></span> <span class='ocrx_word' id='word_1_357' title='bbox 570 3727 732 3782; x_wconf 86' lang='lat' dir='ltr'><strong>Pater</strong></span> <span class='ocrx_word' id='word_1_358' title='bbox 763 3742 971 3792; x_wconf 90' lang='lat' dir='ltr'><strong>rerum,</strong></span> <span class='ocrx_word' id='word_1_359' title='bbox 1001 3727 1084 3782; x_wconf 91' lang='lat' dir='ltr'><strong>cui</strong></span> <span class='ocrx_word' id='word_1_360' title='bbox 1119 3737 1285 3796; x_wconf 90' lang='lat' dir='ltr'><strong>terra,</strong></span> <span class='ocrx_word' id='word_1_361' title='bbox 1319 3738 1373 3784; x_wconf 90' lang='lat' dir='ltr'><strong>et</strong></span> <span class='ocrx_word' id='word_1_362' title='bbox 1396 3735 1622 3800; x_wconf 88' lang='lat' dir='ltr'><strong>pontus,</strong></span> <span class='ocrx_word' id='word_1_363' title='bbox 1649 3734 1702 3782; x_wconf 90' lang='lat' dir='ltr'><strong>et</strong></span> <span class='ocrx_word' id='word_1_364' title='bbox 1730 3739 1842 3792; x_wconf 90' lang='lat' dir='ltr'><strong>aer,</strong></span> 
     </span>
    </p>
   </div>
   <div class='ocr_carea' id='block_1_67' title="bbox 280 3818 1638 3892">
    <p class='ocr_par' dir='ltr' id='par_1_67' title="bbox 280 3818 1638 3892">
     <span class='ocr_line' id='line_1_67' title="bbox 280 3818 1638 3892; baseline -0.002 -16"><span class='ocrx_word' id='word_1_365' title='bbox 280 3819 619 3890; x_wconf 85' lang='lat' dir='ltr'><strong>Tartaraque</strong></span> <span class='ocrx_word' id='word_1_366' title='bbox 643 3827 698 3874; x_wconf 88' lang='lat' dir='ltr'><strong>et</strong></span> <span class='ocrx_word' id='word_1_367' title='bbox 729 3818 855 3889; x_wconf 91' lang='lat' dir='ltr'><strong>picti</strong></span> <span class='ocrx_word' id='word_1_368' title='bbox 881 3820 1056 3875; x_wconf 84' lang='lat' dir='ltr'><strong>servit</strong></span> <span class='ocrx_word' id='word_1_369' title='bbox 1089 3820 1240 3892; x_wconf 88' lang='lat' dir='ltr'><strong>plaga</strong></span> <span class='ocrx_word' id='word_1_370' title='bbox 1273 3820 1442 3876; x_wconf 90' lang='lat' dir='ltr'><strong>lactea</strong></span> <span class='ocrx_word' id='word_1_371' title='bbox 1473 3819 1596 3876; x_wconf 89' lang='lat' dir='ltr'><strong>coeli</strong></span> <span class='ocrx_word' id='word_1_372' title='bbox 1625 3837 1638 3873; x_wconf 91' lang='lat'><strong>:</strong></span> 
     </span>
    </p>
   </div>
   <div class='ocr_carea' id='block_1_68' title="bbox 282 3912 1884 3986">
    <p class='ocr_par' dir='ltr' id='par_1_68' title="bbox 282 3912 1884 3986">
     <span class='ocr_line' id='line_1_68' title="bbox 282 3912 1884 3986; baseline -0.002 -16"><span class='ocrx_word' id='word_1_373' title='bbox 282 3913 456 3970; x_wconf 80' lang='lat' dir='ltr'><strong>Noxia</strong></span> <span class='ocrx_word' id='word_1_374' title='bbox 481 3928 642 3983; x_wconf 89' lang='lat' dir='ltr'><strong>quem</strong></span> <span class='ocrx_word' id='word_1_375' title='bbox 676 3912 943 3968; x_wconf 85' lang='lat' dir='ltr'><strong>scelerum</strong></span> <span class='ocrx_word' id='word_1_376' title='bbox 967 3913 1152 3985; x_wconf 89' lang='lat' dir='ltr'><strong>plebes</strong></span> <span class='ocrx_word' id='word_1_377' title='bbox 1175 3914 1374 3981; x_wconf 88' lang='lat' dir='ltr'><strong>tremit,</strong></span> <span class='ocrx_word' id='word_1_378' title='bbox 1395 3913 1644 3986; x_wconf 87' lang='lat' dir='ltr'><strong>almaque</strong></span> <span class='ocrx_word' id='word_1_379' title='bbox 1671 3927 1884 3974; x_wconf 86' lang='lat' dir='ltr'><strong>rursum</strong></span> 
     </span>
    </p>
   </div>
   <div class='ocr_carea' id='block_1_69' title="bbox 281 4005 1606 4079">
    <p class='ocr_par' dir='ltr' id='par_1_69' title="bbox 281 4005 1606 4079">
     <span class='ocr_line' id='line_1_69' title="bbox 281 4005 1606 4079; baseline -0.001 -17"><span class='ocrx_word' id='word_1_380' title='bbox 281 4005 645 4062; x_wconf 89' lang='lat' dir='ltr'><strong>Concelebrat</strong></span> <span class='ocrx_word' id='word_1_381' title='bbox 663 4007 804 4062; x_wconf 90' lang='lat' dir='ltr'><strong>votis</strong></span> <span class='ocrx_word' id='word_1_382' title='bbox 835 4008 1136 4063; x_wconf 89' lang='lat' dir='ltr'><strong>animarum</strong></span> <span class='ocrx_word' id='word_1_383' title='bbox 1170 4007 1327 4064; x_wconf 84' lang='lat' dir='ltr'><strong>turba</strong></span> <span class='ocrx_word' id='word_1_384' title='bbox 1357 4008 1566 4079; x_wconf 87' lang='lat' dir='ltr'><strong>piarum</strong></span> <span class='ocrx_word' id='word_1_385' title='bbox 1594 4027 1606 4061; x_wconf 92' lang='lat'>:</span> 
     </span>
    </p>
   </div>
   <div class='ocr_carea' id='block_1_70' title="bbox 286 4099 1781 4178">
    <p class='ocr_par' dir='ltr' id='par_1_70' title="bbox 286 4099 1781 4178">
     <span class='ocr_line' id='line_1_70' title="bbox 286 4099 1781 4178; baseline 0.002 -24"><span class='ocrx_word' id='word_1_386' title='bbox 286 4100 367 4154; x_wconf 91' lang='lat' dir='ltr'><strong>Tu</strong></span> <span class='ocrx_word' id='word_1_387' title='bbox 399 4099 579 4156; x_wconf 81' lang='lat' dir='ltr'><strong>brevis</strong></span> <span class='ocrx_word' id='word_1_388' title='bbox 609 4102 753 4156; x_wconf 90' lang='lat' dir='ltr'><strong>hunc</strong></span> <span class='ocrx_word' id='word_1_389' title='bbox 780 4101 882 4156; x_wconf 84' lang='lat' dir='ltr'><strong>aevi</strong></span> <span class='ocrx_word' id='word_1_390' title='bbox 911 4117 1156 4168; x_wconf 88' lang='lat' dir='ltr'><strong>cursum,</strong></span> <span class='ocrx_word' id='word_1_391' title='bbox 1185 4105 1532 4178; x_wconf 79' lang='lat' dir='ltr'><strong>celeremque</strong></span> <span class='ocrx_word' id='word_1_392' title='bbox 1561 4102 1781 4158; x_wconf 81' lang='lat' dir='ltr'><strong>caducae</strong></span> 
     </span>
    </p>
   </div>
   <div class='ocr_carea' id='block_1_71' title="bbox 287 4192 1596 4250">
    <p class='ocr_par' dir='ltr' id='par_1_71' title="bbox 287 4192 1596 4250">
     <span class='ocr_line' id='line_1_71' title="bbox 287 4192 1596 4250; baseline 0 -2"><span class='ocrx_word' id='word_1_393' title='bbox 287 4192 479 4248; x_wconf 84' lang='lat' dir='ltr'><strong>Finem</strong></span> <span class='ocrx_word' id='word_1_394' title='bbox 511 4193 710 4248; x_wconf 86' lang='lat' dir='ltr'><strong>animae</strong></span> <span class='ocrx_word' id='word_1_395' title='bbox 732 4193 903 4249; x_wconf 87' lang='lat' dir='ltr'><strong>donas</strong></span> <span class='ocrx_word' id='word_1_396' title='bbox 944 4203 1163 4250; x_wconf 64' lang='lat' dir='ltr'><strong>(eterna:</strong></span> <span class='ocrx_word' id='word_1_397' title='bbox 1193 4209 1418 4250; x_wconf 85' lang='lat' dir='ltr'><strong>munere</strong></span> <span class='ocrx_word' id='word_1_398' title='bbox 1450 4195 1596 4248; x_wconf 63' lang='lat' dir='ltr'><strong>vitae.</strong></span> 
     </span>
    </p>
   </div>
   <div class='ocr_carea' id='block_1_72' title="bbox 285 4283 1721 4358">
    <p class='ocr_par' dir='ltr' id='par_1_72' title="bbox 285 4283 1721 4358">
     <span class='ocr_line' id='line_1_72' title="bbox 285 4283 1721 4358; baseline 0.001 -18"><span class='ocrx_word' id='word_1_399' title='bbox 285 4283 369 4340; x_wconf 88' lang='lat' dir='ltr'><strong>Ttt</strong></span> <span class='ocrx_word' id='word_1_400' title='bbox 391 4286 551 4342; x_wconf 83' lang='lat' dir='ltr'><strong>mites</strong></span> <span class='ocrx_word' id='word_1_401' title='bbox 592 4286 770 4357; x_wconf 85' lang='lat' dir='ltr'><strong>legum</strong></span> <span class='ocrx_word' id='word_1_402' title='bbox 801 4288 1058 4354; x_wconf 87' lang='lat' dir='ltr'><strong>monitus,</strong></span> <span class='ocrx_word' id='word_1_403' title='bbox 1085 4301 1381 4357; x_wconf 90' lang='lat' dir='ltr'><strong>sacrosque</strong></span> <span class='ocrx_word' id='word_1_404' title='bbox 1424 4286 1721 4358; x_wconf 86' lang='lat' dir='ltr'><strong>prephetas</strong></span> 
     </span>
    </p>
   </div>
   <div class='ocr_carea' id='block_1_73' title="bbox 287 4377 1674 4450">
    <p class='ocr_par' dir='ltr' id='par_1_73' title="bbox 287 4377 1674 4450">
     <span class='ocr_line' id='line_1_73' title="bbox 287 4377 1674 4450; baseline 0.002 -19"><span class='ocrx_word' id='word_1_405' title='bbox 287 4377 542 4433; x_wconf 79' lang='lat' dir='ltr'><strong>Humano</strong></span> <span class='ocrx_word' id='word_1_406' title='bbox 574 4379 820 4448; x_wconf 89' lang='lat' dir='ltr'><strong>impertis</strong></span> <span class='ocrx_word' id='word_1_407' title='bbox 839 4379 1052 4450; x_wconf 79' lang='lat' dir='ltr'><strong>generi,</strong></span> <span class='ocrx_word' id='word_1_408' title='bbox 1087 4394 1383 4450; x_wconf 89' lang='lat' dir='ltr'><strong>servasque</strong></span> <span class='ocrx_word' id='word_1_409' title='bbox 1424 4388 1674 4450; x_wconf 89' lang='lat' dir='ltr'><strong>nepotes,</strong></span> 
     </span>
    </p>
   </div>
   <div class='ocr_carea' id='block_1_74' title="bbox 291 4469 1788 4545">
    <p class='ocr_par' dir='ltr' id='par_1_74' title="bbox 291 4469 1788 4545">
     <span class='ocr_line' id='line_1_74' title="bbox 291 4469 1788 4545; baseline 0.001 -19"><span class='ocrx_word' id='word_1_410' title='bbox 291 4469 588 4539; x_wconf 90' lang='lat' dir='ltr'><strong>Deceptum</strong></span> <span class='ocrx_word' id='word_1_411' title='bbox 619 4471 909 4527; x_wconf 87' lang='lat' dir='ltr'><strong>miseratus</strong></span> <span class='ocrx_word' id='word_1_412' title='bbox 941 4471 1112 4525; x_wconf 89' lang='lat' dir='ltr'><strong>Adam</strong></span> <span class='ocrx_word' id='word_1_413' title='bbox 1150 4489 1162 4524; x_wconf 91' lang='lat'><strong>:</strong></span> <span class='ocrx_word' id='word_1_414' title='bbox 1201 4487 1360 4541; x_wconf 89' lang='lat' dir='ltr'><strong>quem</strong></span> <span class='ocrx_word' id='word_1_415' title='bbox 1385 4482 1540 4545; x_wconf 81' lang='lat' dir='ltr'><strong>capta</strong></span> <span class='ocrx_word' id='word_1_416' title='bbox 1565 4472 1788 4528; x_wconf 89' lang='lat' dir='ltr'><strong>venenis</strong></span> 
     </span>
    </p>
   </div>
   <div class='ocr_carea' id='block_1_75' title="bbox 290 4563 1534 4634">
    <p class='ocr_par' dir='ltr' id='par_1_75' title="bbox 290 4563 1534 4634">
     <span class='ocr_line' id='line_1_75' title="bbox 290 4563 1534 4634; baseline 0.002 -13"><span class='ocrx_word' id='word_1_417' title='bbox 290 4563 570 4634; x_wconf 83' lang='lat' dir='ltr'><strong>Implicuit</strong></span> <span class='ocrx_word' id='word_1_418' title='bbox 595 4565 804 4620; x_wconf 88' lang='lat' dir='ltr'><strong>socium</strong></span> <span class='ocrx_word' id='word_1_419' title='bbox 848 4563 1058 4621; x_wconf 90' lang='lat' dir='ltr'><strong>blandis</strong></span> <span class='ocrx_word' id='word_1_420' title='bbox 1091 4567 1371 4621; x_wconf 90' lang='lat' dir='ltr'><strong>erroribus</strong></span> <span class='ocrx_word' id='word_1_421' title='bbox 1402 4565 1534 4624; x_wconf 89' lang='lat' dir='ltr'><strong>Eva.</strong></span> 
     </span>
    </p>
   </div>
   <div class='ocr_carea' id='block_1_76' title="bbox 290 4653 1898 4732">
    <p class='ocr_par' dir='ltr' id='par_1_76' title="bbox 290 4653 1898 4732">
     <span class='ocr_line' id='line_1_76' title="bbox 290 4653 1898 4732; baseline 0.002 -22"><span class='ocrx_word' id='word_1_422' title='bbox 290 4653 377 4710; x_wconf 88' lang='lat' dir='ltr'><strong>Tu</strong></span> <span class='ocrx_word' id='word_1_423' title='bbox 401 4655 646 4722; x_wconf 86' lang='lat' dir='ltr'><strong>verbum,</strong></span> <span class='ocrx_word' id='word_1_424' title='bbox 670 4655 828 4711; x_wconf 85' lang='lat' dir='ltr'><strong>Pater</strong></span> <span class='ocrx_word' id='word_1_425' title='bbox 854 4657 1022 4722; x_wconf 90' lang='lat' dir='ltr'><strong>alme,</strong></span> <span class='ocrx_word' id='word_1_426' title='bbox 1052 4666 1229 4723; x_wconf 88' lang='lat' dir='ltr'><strong>tuum,</strong></span> <span class='ocrx_word' id='word_1_427' title='bbox 1256 4669 1575 4732; x_wconf 91' lang='lat' dir='ltr'><strong>natumque,</strong></span> <span class='ocrx_word' id='word_1_428' title='bbox 1601 4657 1898 4730; x_wconf 88' lang='lat' dir='ltr'><strong>deumque,</strong></span> 
     </span>
    </p>
   </div>
   <div class='ocr_carea' id='block_1_77' title="bbox 295 4749 1760 4826">
    <p class='ocr_par' dir='ltr' id='par_1_77' title="bbox 295 4749 1760 4826">
     <span class='ocr_line' id='line_1_77' title="bbox 295 4749 1760 4826; baseline 0.004 -20"><span class='ocrx_word' id='word_1_429' title='bbox 295 4749 563 4808; x_wconf 89' lang='lat' dir='ltr'><strong>Concedis</strong></span> <span class='ocrx_word' id='word_1_430' title='bbox 588 4753 749 4808; x_wconf 89' lang='lat' dir='ltr'><strong>terris</strong></span> <span class='ocrx_word' id='word_1_431' title='bbox 780 4761 972 4819; x_wconf 91' lang='lat' dir='ltr'><strong>totum,</strong></span> <span class='ocrx_word' id='word_1_432' title='bbox 1006 4753 1369 4824; x_wconf 88' lang='lat' dir='ltr'><strong>similemque,</strong></span> <span class='ocrx_word' id='word_1_433' title='bbox 1401 4771 1722 4826; x_wconf 85' lang='lat' dir='ltr'><strong>paremque,</strong></span> <span class='ocrx_word' id='word_1_434' title='bbox 1757 4794 1760 4796; x_wconf 59' lang='grc' dir='ltr'><em>η</em></span> 
     </span>
    </p>
   </div>
   <div class='ocr_carea' id='block_1_78' title="bbox 296 4845 1627 4919">
    <p class='ocr_par' dir='ltr' id='par_1_78' title="bbox 296 4845 1627 4919">
     <span class='ocr_line' id='line_1_78' title="bbox 296 4845 1627 4919; baseline 0.002 -17"><span class='ocrx_word' id='word_1_435' title='bbox 296 4845 378 4902; x_wconf 79' lang='lat' dir='ltr'><strong>Ex</strong></span> <span class='ocrx_word' id='word_1_436' title='bbox 410 4863 541 4903; x_wconf 88' lang='lat' dir='ltr'><strong>vero</strong></span> <span class='ocrx_word' id='word_1_437' title='bbox 571 4863 788 4914; x_wconf 90' lang='lat' dir='ltr'><strong>verum,</strong></span> <span class='ocrx_word' id='word_1_438' title='bbox 825 4848 1057 4919; x_wconf 88' lang='lat' dir='ltr'><strong>vivaque</strong></span> <span class='ocrx_word' id='word_1_439' title='bbox 1085 4847 1154 4902; x_wconf 91' lang='lat' dir='ltr'><strong>ab</strong></span> <span class='ocrx_word' id='word_1_440' title='bbox 1185 4848 1392 4917; x_wconf 87' lang='lat' dir='ltr'><strong>origine</strong></span> <span class='ocrx_word' id='word_1_441' title='bbox 1421 4849 1627 4905; x_wconf 89' lang='lat' dir='ltr'><strong>vivum.</strong></span> 
     </span>
    </p>
   </div>
   <div class='ocr_carea' id='block_1_79' title="bbox 294 4938 1631 4996">
    <p class='ocr_par' dir='ltr' id='par_1_79' title="bbox 294 4938 1631 4996">
     <span class='ocr_line' id='line_1_79' title="bbox 294 4938 1631 4996; baseline -0.001 -1"><span class='ocrx_word' id='word_1_442' title='bbox 294 4938 392 4995; x_wconf 80' lang='lat' dir='ltr'><strong>Ille</strong></span> <span class='ocrx_word' id='word_1_443' title='bbox 421 4941 528 4996; x_wconf 90' lang='lat' dir='ltr'><strong>tuis</strong></span> <span class='ocrx_word' id='word_1_444' title='bbox 558 4939 755 4996; x_wconf 89' lang='lat' dir='ltr'><strong>doctus</strong></span> <span class='ocrx_word' id='word_1_445' title='bbox 783 4940 1010 4995; x_wconf 91' lang='lat' dir='ltr'><strong>monitis</strong></span> <span class='ocrx_word' id='word_1_446' title='bbox 1039 4940 1140 4996; x_wconf 90' lang='lat' dir='ltr'><strong>hoc</strong></span> <span class='ocrx_word' id='word_1_447' title='bbox 1173 4939 1382 4995; x_wconf 84' lang='lat' dir='ltr'><strong>addidit</strong></span> <span class='ocrx_word' id='word_1_448' title='bbox 1414 4956 1582 4996; x_wconf 91' lang='lat' dir='ltr'><strong>unum</strong></span> <span class='ocrx_word' id='word_1_449' title='bbox 1619 4959 1631 4994; x_wconf 92' lang='lat'><strong>:</strong></span> 
     </span>
    </p>
   </div>
   <div class='ocr_carea' id='block_1_80' title="bbox 297 5031 1689 5106">
    <p class='ocr_par' dir='ltr' id='par_1_80' title="bbox 297 5031 1689 5106">
     <span class='ocr_line' id='line_1_80' title="bbox 297 5031 1689 5106; baseline -0.001 -16"><span class='ocrx_word' id='word_1_450' title='bbox 297 5031 372 5090; x_wconf 84' lang='lat' dir='ltr'><strong>Ut</strong></span> <span class='ocrx_word' id='word_1_451' title='bbox 404 5048 570 5104; x_wconf 90' lang='lat' dir='ltr'><strong>super</strong></span> <span class='ocrx_word' id='word_1_452' title='bbox 594 5047 882 5103; x_wconf 63' lang='lat' dir='ltr'><strong>(equoreas</strong></span> <span class='ocrx_word' id='word_1_453' title='bbox 915 5034 1078 5088; x_wconf 87' lang='lat' dir='ltr'><strong>nabat</strong></span> <span class='ocrx_word' id='word_1_454' title='bbox 1102 5034 1194 5106; x_wconf 89' lang='lat' dir='ltr'><strong>qui</strong></span> <span class='ocrx_word' id='word_1_455' title='bbox 1227 5035 1466 5106; x_wconf 88' lang='lat' dir='ltr'><strong>Spiritus</strong></span> <span class='ocrx_word' id='word_1_456' title='bbox 1491 5035 1689 5103; x_wconf 89' lang='lat' dir='ltr'><strong>undas,</strong></span> 
     </span>
    </p>
   </div>
   <div class='ocr_carea' id='block_1_81' title="bbox 299 5125 1652 5198">
    <p class='ocr_par' dir='ltr' id='par_1_81' title="bbox 299 5125 1652 5198">
     <span class='ocr_line' id='line_1_81' title="bbox 299 5125 1652 5198; baseline 0 -16"><span class='ocrx_word' id='word_1_457' title='bbox 299 5125 460 5197; x_wconf 88' lang='lat' dir='ltr'><strong>Pigra</strong></span> <span class='ocrx_word' id='word_1_458' title='bbox 493 5125 790 5181; x_wconf 88' lang='lat' dir='ltr'><strong>immortali</strong></span> <span class='ocrx_word' id='word_1_459' title='bbox 819 5135 1098 5198; x_wconf 82' lang='lat' dir='ltr'><strong>vegetaret</strong></span> <span class='ocrx_word' id='word_1_460' title='bbox 1127 5127 1369 5183; x_wconf 85' lang='lat' dir='ltr'><strong>membra</strong></span> <span class='ocrx_word' id='word_1_461' title='bbox 1413 5129 1652 5184; x_wconf 88' lang='lat' dir='ltr'><strong>lavacro.</strong></span> 
     </span>
    </p>
   </div>
   <div class='ocr_carea' id='block_1_82' title="bbox 299 5219 1660 5294">
    <p class='ocr_par' dir='ltr' id='par_1_82' title="bbox 299 5219 1660 5294">
     <span class='ocr_line' id='line_1_82' title="bbox 299 5219 1660 5294; baseline 0.002 -19"><span class='ocrx_word' id='word_1_462' title='bbox 299 5219 470 5275; x_wconf 84' lang='lat' dir='ltr'><strong>Trina</strong></span> <span class='ocrx_word' id='word_1_463' title='bbox 508 5219 662 5291; x_wconf 85' lang='lat' dir='ltr'><strong>fides,</strong></span> <span class='ocrx_word' id='word_1_464' title='bbox 699 5229 922 5277; x_wconf 90' lang='lat' dir='ltr'><strong>auctore</strong></span> <span class='ocrx_word' id='word_1_465' title='bbox 952 5238 1090 5289; x_wconf 89' lang='lat' dir='ltr'><strong>uno;</strong></span> <span class='ocrx_word' id='word_1_466' title='bbox 1133 5238 1258 5294; x_wconf 87' lang='lat' dir='ltr'><strong>spes</strong></span> <span class='ocrx_word' id='word_1_467' title='bbox 1287 5234 1434 5280; x_wconf 88' lang='lat' dir='ltr'><strong>certa</strong></span> <span class='ocrx_word' id='word_1_468' title='bbox 1465 5224 1660 5280; x_wconf 87' lang='lat' dir='ltr'><strong>salutis</strong></span> 
     </span>
    </p>
   </div>
   <div class='ocr_carea' id='block_1_83' title="bbox 1986 3544 3549 3620">
    <p class='ocr_par' dir='ltr' id='par_1_83' title="bbox 1986 3544 3549 3620">
     <span class='ocr_line' id='line_1_83' title="bbox 1986 3544 3549 3620; baseline 0.003 -20"><span class='ocrx_word' id='word_1_469' title='bbox 1986 3544 2215 3601; x_wconf 91' lang='lat' dir='ltr'><strong>Nomine</strong></span> <span class='ocrx_word' id='word_1_470' title='bbox 2240 3560 2341 3620; x_wconf 88' lang='lat' dir='ltr'><strong>ego</strong></span> <span class='ocrx_word' id='word_1_471' title='bbox 2369 3545 2665 3614; x_wconf 86' lang='lat' dir='ltr'><strong>Ausonius,</strong></span> <span class='ocrx_word' id='word_1_472' title='bbox 2705 3561 2812 3600; x_wconf 88' lang='lat' dir='ltr'><strong>non</strong></span> <span class='ocrx_word' id='word_1_473' title='bbox 2849 3544 3075 3602; x_wconf 89' lang='lat' dir='ltr'><strong>ultimtts</strong></span> <span class='ocrx_word' id='word_1_474' title='bbox 3101 3555 3218 3602; x_wconf 86' lang='lat' dir='ltr'><strong>arte</strong></span> <span class='ocrx_word' id='word_1_475' title='bbox 3250 3549 3509 3610; x_wconf 88' lang='lat' dir='ltr'><strong>medendi</strong></span> <span class='ocrx_word' id='word_1_476' title='bbox 3535 3567 3549 3605; x_wconf 87' lang='lat'><strong>:</strong></span> 
     </span>
    </p>
   </div>
   <div class='ocr_carea' id='block_1_84' title="bbox 2059 3636 3293 3707">
    <p class='ocr_par' dir='ltr' id='par_1_84' title="bbox 2059 3636 3293 3707">
     <span class='ocr_line' id='line_1_84' title="bbox 2059 3636 3293 3707; baseline 0.002 -16"><span class='ocrx_word' id='word_1_477' title='bbox 2059 3637 2126 3692; x_wconf 86' lang='lat' dir='ltr'><strong>Et</strong></span> <span class='ocrx_word' id='word_1_478' title='bbox 2153 3651 2272 3691; x_wconf 88' lang='lat' dir='ltr'><strong>mea</strong></span> <span class='ocrx_word' id='word_1_479' title='bbox 2293 3636 2341 3691; x_wconf 89' lang='lat' dir='ltr'><strong>si</strong></span> <span class='ocrx_word' id='word_1_480' title='bbox 2365 3650 2555 3690; x_wconf 90' lang='lat' dir='ltr'><strong>nosses</strong></span> <span class='ocrx_word' id='word_1_481' title='bbox 2588 3646 2853 3706; x_wconf 88' lang='lat' dir='ltr'><strong>tempora,</strong></span> <span class='ocrx_word' id='word_1_482' title='bbox 2881 3637 3089 3707; x_wconf 89' lang='lat' dir='ltr'><strong>primus</strong></span> <span class='ocrx_word' id='word_1_483' title='bbox 3119 3653 3293 3698; x_wconf 88' lang='lat' dir='ltr'><strong>eram.</strong></span> 
     </span>
    </p>
   </div>
   <div class='ocr_carea' id='block_1_85' title="bbox 1991 3728 3230 3800">
    <p class='ocr_par' dir='ltr' id='par_1_85' title="bbox 1991 3728 3230 3800">
     <span class='ocr_line' id='line_1_85' title="bbox 1991 3728 3230 3800; baseline 0.002 -16"><span class='ocrx_word' id='word_1_484' title='bbox 1991 3728 2212 3785; x_wconf 85' lang='lat' dir='ltr'><strong>Vicinas</strong></span> <span class='ocrx_word' id='word_1_485' title='bbox 2245 3729 2410 3785; x_wconf 90' lang='lat' dir='ltr'><strong>urbes</strong></span> <span class='ocrx_word' id='word_1_486' title='bbox 2445 3728 2584 3783; x_wconf 91' lang='lat' dir='ltr'><strong>colui</strong></span> <span class='ocrx_word' id='word_1_487' title='bbox 2616 3729 2905 3800; x_wconf 88' lang='lat' dir='ltr'><strong>patriaque</strong></span> <span class='ocrx_word' id='word_1_488' title='bbox 2935 3728 3230 3800; x_wconf 89' lang='lat' dir='ltr'><strong>domoque,</strong></span> 
     </span>
    </p>
   </div>
   <div class='ocr_carea' id='block_1_86' title="bbox 2064 3819 3196 3891">
    <p class='ocr_par' dir='ltr' id='par_1_86' title="bbox 2064 3819 3196 3891">
     <span class='ocr_line' id='line_1_86' title="bbox 2064 3819 3196 3891; baseline 0.001 -16"><span class='ocrx_word' id='word_1_489' title='bbox 2064 3821 2287 3876; x_wconf 83' lang='lat' dir='ltr'><strong>Vasates</strong></span> <span class='ocrx_word' id='word_1_490' title='bbox 2313 3819 2512 3891; x_wconf 88' lang='lat' dir='ltr'><strong>patria,</strong></span> <span class='ocrx_word' id='word_1_491' title='bbox 2543 3819 2640 3878; x_wconf 87' lang='lat' dir='ltr'><strong>sed</strong></span> <span class='ocrx_word' id='word_1_492' title='bbox 2681 3819 2796 3876; x_wconf 89' lang='lat' dir='ltr'><strong>lare</strong></span> <span class='ocrx_word' id='word_1_493' title='bbox 2827 3820 3196 3890; x_wconf 76' lang='lat' dir='ltr'><strong>Burdigalam.</strong></span> 
     </span>
    </p>
   </div>
   <div class='ocr_carea' id='block_1_87' title="bbox 1989 3913 3376 3984">
    <p class='ocr_par' dir='ltr' id='par_1_87' title="bbox 1989 3913 3376 3984">
     <span class='ocr_line' id='line_1_87' title="bbox 1989 3913 3376 3984; baseline -0.001 -14"><span class='ocrx_word' id='word_1_494' title='bbox 1989 3914 2152 3970; x_wconf 89' lang='lat' dir='ltr'><strong>Curia</strong></span> <span class='ocrx_word' id='word_1_495' title='bbox 2181 3930 2266 3970; x_wconf 89' lang='lat' dir='ltr'><strong>me</strong></span> <span class='ocrx_word' id='word_1_496' title='bbox 2299 3913 2519 3983; x_wconf 77' lang='lat' dir='ltr'><strong>duplex,</strong></span> <span class='ocrx_word' id='word_1_497' title='bbox 2554 3922 2609 3969; x_wconf 90' lang='lat' dir='ltr'><strong>et</strong></span> <span class='ocrx_word' id='word_1_498' title='bbox 2635 3922 2862 3984; x_wconf 89' lang='lat' dir='ltr'><strong>uterque</strong></span> <span class='ocrx_word' id='word_1_499' title='bbox 2891 3925 3113 3968; x_wconf 90' lang='lat' dir='ltr'><strong>senatus</strong></span> <span class='ocrx_word' id='word_1_500' title='bbox 3143 3913 3376 3970; x_wconf 86' lang='lat' dir='ltr'><strong>habebat</strong></span> 
     </span>
    </p>
   </div>
   <div class='ocr_carea' id='block_1_88' title="bbox 2063 4005 3224 4077">
    <p class='ocr_par' dir='ltr' id='par_1_88' title="bbox 2063 4005 3224 4077">
     <span class='ocr_line' id='line_1_88' title="bbox 2063 4005 3224 4077; baseline -0.003 -13"><span class='ocrx_word' id='word_1_501' title='bbox 2063 4007 2301 4064; x_wconf 86' lang='lat' dir='ltr'><strong>Muneris</strong></span> <span class='ocrx_word' id='word_1_502' title='bbox 2321 4017 2615 4073; x_wconf 83' lang='lat' dir='ltr'><strong>exsortem,</strong></span> <span class='ocrx_word' id='word_1_503' title='bbox 2645 4008 2864 4062; x_wconf 89' lang='lat' dir='ltr'><strong>nomine</strong></span> <span class='ocrx_word' id='word_1_504' title='bbox 2888 4005 3224 4077; x_wconf 89' lang='lat' dir='ltr'><strong>participem.</strong></span> 
     </span>
    </p>
   </div>
   <div class='ocr_carea' id='block_1_89' title="bbox 1992 4097 3538 4172">
    <p class='ocr_par' dir='ltr' id='par_1_89' title="bbox 1992 4097 3538 4172">
     <span class='ocr_line' id='line_1_89' title="bbox 1992 4097 3538 4172; baseline -0.004 -14"><span class='ocrx_word' id='word_1_505' title='bbox 1992 4101 2110 4158; x_wconf 90' lang='lat' dir='ltr'><strong>Non</strong></span> <span class='ocrx_word' id='word_1_506' title='bbox 2135 4102 2386 4172; x_wconf 84' lang='lat' dir='ltr'><strong>epulens,</strong></span> <span class='ocrx_word' id='word_1_507' title='bbox 2422 4116 2521 4156; x_wconf 90' lang='lat' dir='ltr'><strong>nec</strong></span> <span class='ocrx_word' id='word_1_508' title='bbox 2543 4115 2733 4172; x_wconf 83' lang='lat' dir='ltr'><strong>egens,</strong></span> <span class='ocrx_word' id='word_1_509' title='bbox 2769 4114 2966 4171; x_wconf 87' lang='lat' dir='ltr'><strong>parcus</strong></span> <span class='ocrx_word' id='word_1_510' title='bbox 2995 4099 3115 4154; x_wconf 87' lang='lat' dir='ltr'><strong>sine</strong></span> <span class='ocrx_word' id='word_1_511' title='bbox 3147 4097 3399 4154; x_wconf 90' lang='lat' dir='ltr'><strong>sordibus</strong></span> <span class='ocrx_word' id='word_1_512' title='bbox 3430 4100 3538 4170; x_wconf 86' lang='lat' dir='ltr'><strong>cgi.</strong></span> 
     </span>
    </p>
   </div>
   <div class='ocr_carea' id='block_1_90' title="bbox 2069 4193 3499 4268">
    <p class='ocr_par' dir='ltr' id='par_1_90' title="bbox 2069 4193 3499 4268">
     <span class='ocr_line' id='line_1_90' title="bbox 2069 4193 3499 4268; baseline 0 -19"><span class='ocrx_word' id='word_1_513' title='bbox 2069 4196 2304 4261; x_wconf 84' lang='lat' dir='ltr'><strong>Victum,</strong></span> <span class='ocrx_word' id='word_1_514' title='bbox 2336 4195 2600 4262; x_wconf 88' lang='lat' dir='ltr'><strong>habitum,</strong></span> <span class='ocrx_word' id='word_1_515' title='bbox 2635 4209 2815 4254; x_wconf 88' lang='lat' dir='ltr'><strong>mores</strong></span> <span class='ocrx_word' id='word_1_516' title='bbox 2843 4209 3060 4268; x_wconf 88' lang='lat' dir='ltr'><strong>semper</strong></span> <span class='ocrx_word' id='word_1_517' title='bbox 3087 4193 3278 4254; x_wconf 81' lang='lat' dir='ltr'><strong>cadent</strong></span> <span class='ocrx_word' id='word_1_518' title='bbox 3310 4193 3499 4250; x_wconf 75' lang='lat' dir='ltr'><strong>habui.</strong></span> 
     </span>
    </p>
   </div>
   <div class='ocr_carea' id='block_1_91' title="bbox 1995 4285 3525 4358">
    <p class='ocr_par' dir='ltr' id='par_1_91' title="bbox 1995 4285 3525 4358">
     <span class='ocr_line' id='line_1_91' title="bbox 1995 4285 3525 4358; baseline 0 -14"><span class='ocrx_word' id='word_1_519' title='bbox 1995 4287 2262 4356; x_wconf 81' lang='lat' dir='ltr'><strong>Sermone</strong></span> <span class='ocrx_word' id='word_1_520' title='bbox 2293 4287 2651 4358; x_wconf 87' lang='lat' dir='ltr'><strong>impromptus</strong></span> <span class='ocrx_word' id='word_1_521' title='bbox 2682 4285 2832 4340; x_wconf 84' lang='lat' dir='ltr'><strong>Latio</strong></span> <span class='ocrx_word' id='word_1_522' title='bbox 2872 4305 2885 4344; x_wconf 88' lang='lat'><strong>:</strong></span> <span class='ocrx_word' id='word_1_523' title='bbox 2915 4301 3102 4346; x_wconf 81' lang='lat' dir='ltr'><strong>verum</strong></span> <span class='ocrx_word' id='word_1_524' title='bbox 3137 4286 3314 4342; x_wconf 78' lang='lat' dir='ltr'><strong>Attica</strong></span> <span class='ocrx_word' id='word_1_525' title='bbox 3343 4286 3525 4358; x_wconf 78' lang='lat' dir='ltr'><strong>lingua</strong></span> 
     </span>
    </p>
   </div>
   <div class='ocr_carea' id='block_1_92' title="bbox 2070 4377 2969 4450">
    <p class='ocr_par' dir='ltr' id='par_1_92' title="bbox 2070 4377 2969 4450">
     <span class='ocr_line' id='line_1_92' title="bbox 2070 4377 2969 4450; baseline -0.004 -12"><span class='ocrx_word' id='word_1_526' title='bbox 2070 4380 2296 4438; x_wconf 81' lang='lat' dir='ltr'><strong>Suffecit</strong></span> <span class='ocrx_word' id='word_1_527' title='bbox 2325 4378 2454 4434; x_wconf 88' lang='lat' dir='ltr'><strong>culti</strong></span> <span class='ocrx_word' id='word_1_528' title='bbox 2489 4377 2711 4436; x_wconf 89' lang='lat' dir='ltr'><strong>vocibus</strong></span> <span class='ocrx_word' id='word_1_529' title='bbox 2742 4378 2969 4450; x_wconf 87' lang='lat' dir='ltr'><strong>eloquii.</strong></span> 
     </span>
    </p>
   </div>
   <div class='ocr_carea' id='block_1_93' title="bbox 2000 4471 3474 4545">
    <p class='ocr_par' dir='ltr' id='par_1_93' title="bbox 2000 4471 3474 4545">
     <span class='ocr_line' id='line_1_93' title="bbox 2000 4471 3474 4545; baseline -0.003 -13"><span class='ocrx_word' id='word_1_530' title='bbox 2000 4475 2183 4532; x_wconf 91' lang='lat' dir='ltr'><strong>Obtuli</strong></span> <span class='ocrx_word' id='word_1_531' title='bbox 2215 4489 2373 4545; x_wconf 90' lang='lat' dir='ltr'><strong>opem</strong></span> <span class='ocrx_word' id='word_1_532' title='bbox 2407 4473 2618 4529; x_wconf 90' lang='lat' dir='ltr'><strong>cunctis</strong></span> <span class='ocrx_word' id='word_1_533' title='bbox 2646 4472 2999 4543; x_wconf 85' lang='lat' dir='ltr'><strong>poscentibus</strong></span> <span class='ocrx_word' id='word_1_534' title='bbox 3019 4471 3153 4528; x_wconf 88' lang='lat' dir='ltr'><strong>artis</strong></span> <span class='ocrx_word' id='word_1_535' title='bbox 3179 4471 3474 4544; x_wconf 64' lang='lat' dir='ltr'><strong>incmptm:</strong></span> 
     </span>
    </p>
   </div>
   <div class='ocr_carea' id='block_1_94' title="bbox 2071 4563 3170 4640">
    <p class='ocr_par' dir='ltr' id='par_1_94' title="bbox 2071 4563 3170 4640">
     <span class='ocr_line' id='line_1_94' title="bbox 2071 4563 3170 4640; baseline -0.006 -15"><span class='ocrx_word' id='word_1_536' title='bbox 2071 4569 2426 4640; x_wconf 86' lang='lat' dir='ltr'><strong>Officiumque</strong></span> <span class='ocrx_word' id='word_1_537' title='bbox 2453 4580 2634 4626; x_wconf 88' lang='lat' dir='ltr'><strong>meum</strong></span> <span class='ocrx_word' id='word_1_538' title='bbox 2669 4579 2792 4621; x_wconf 90' lang='lat' dir='ltr'><strong>cum</strong></span> <span class='ocrx_word' id='word_1_539' title='bbox 2825 4565 3021 4634; x_wconf 87' lang='lat' dir='ltr'><strong>pietate</strong></span> <span class='ocrx_word' id='word_1_540' title='bbox 3053 4563 3170 4620; x_wconf 85' lang='lat' dir='ltr'><strong>fuit.</strong></span> 
     </span>
    </p>
   </div>
   <div class='ocr_carea' id='block_1_95' title="bbox 2001 4656 3309 4728">
    <p class='ocr_par' dir='ltr' id='par_1_95' title="bbox 2001 4656 3309 4728">
     <span class='ocr_line' id='line_1_95' title="bbox 2001 4656 3309 4728; baseline -0.008 -9"><span class='ocrx_word' id='word_1_541' title='bbox 2001 4661 2273 4719; x_wconf 87' lang='lat' dir='ltr'><strong>Judieium</strong></span> <span class='ocrx_word' id='word_1_542' title='bbox 2301 4660 2369 4715; x_wconf 89' lang='lat' dir='ltr'><strong>de</strong></span> <span class='ocrx_word' id='word_1_543' title='bbox 2392 4675 2478 4715; x_wconf 89' lang='lat' dir='ltr'><strong>me</strong></span> <span class='ocrx_word' id='word_1_544' title='bbox 2507 4657 2688 4716; x_wconf 90' lang='lat' dir='ltr'><strong>studui</strong></span> <span class='ocrx_word' id='word_1_545' title='bbox 2721 4666 2977 4728; x_wconf 71' lang='lat' dir='ltr'><strong>prmstarc</strong></span> <span class='ocrx_word' id='word_1_546' title='bbox 3000 4656 3265 4714; x_wconf 87' lang='lat' dir='ltr'><strong>bonorum</strong></span> <span class='ocrx_word' id='word_1_547' title='bbox 3297 4672 3309 4709; x_wconf 89' lang='lat'><strong>:</strong></span> 
     </span>
    </p>
   </div>
   <div class='ocr_carea' id='block_1_96' title="bbox 2074 4749 3276 4829">
    <p class='ocr_par' dir='ltr' id='par_1_96' title="bbox 2074 4749 3276 4829">
     <span class='ocr_line' id='line_1_96' title="bbox 2074 4749 3276 4829; baseline -0.009 -17"><span class='ocrx_word' id='word_1_548' title='bbox 2074 4757 2193 4829; x_wconf 86' lang='lat' dir='ltr'><strong>Ipse</strong></span> <span class='ocrx_word' id='word_1_549' title='bbox 2223 4754 2354 4810; x_wconf 90' lang='lat' dir='ltr'><strong>mihi</strong></span> <span class='ocrx_word' id='word_1_550' title='bbox 2386 4767 2702 4825; x_wconf 87' lang='lat' dir='ltr'><strong>numquam,</strong></span> <span class='ocrx_word' id='word_1_551' title='bbox 2728 4750 2912 4824; x_wconf 87' lang='lat' dir='ltr'><strong>judice</strong></span> <span class='ocrx_word' id='word_1_552' title='bbox 2942 4764 3050 4815; x_wconf 91' lang='lat' dir='ltr'><strong>me,</strong></span> <span class='ocrx_word' id='word_1_553' title='bbox 3078 4749 3276 4819; x_wconf 88' lang='lat' dir='ltr'><strong>placui.</strong></span> 
     </span>
    </p>
   </div>
   <div class='ocr_carea' id='block_1_97' title="bbox 2007 4841 3205 4906">
    <p class='ocr_par' dir='ltr' id='par_1_97' title="bbox 2007 4841 3205 4906">
     <span class='ocr_line' id='line_1_97' title="bbox 2007 4841 3205 4906; baseline -0.008 0"><span class='ocrx_word' id='word_1_554' title='bbox 2007 4849 2196 4906; x_wconf 82' lang='lat' dir='ltr'><strong>Officia</strong></span> <span class='ocrx_word' id='word_1_555' title='bbox 2226 4849 2282 4904; x_wconf 91' lang='lat' dir='ltr'><strong>in</strong></span> <span class='ocrx_word' id='word_1_556' title='bbox 2312 4849 2518 4906; x_wconf 89' lang='lat' dir='ltr'><strong>multos</strong></span> <span class='ocrx_word' id='word_1_557' title='bbox 2545 4845 2762 4902; x_wconf 82' lang='lat' dir='ltr'><strong>diverso</strong></span> <span class='ocrx_word' id='word_1_558' title='bbox 2797 4842 2980 4904; x_wconf 83' lang='lat' dir='ltr'><strong>debita</strong></span> <span class='ocrx_word' id='word_1_559' title='bbox 3019 4841 3167 4898; x_wconf 90' lang='lat' dir='ltr'><strong>cultu</strong></span> <span class='ocrx_word' id='word_1_560' title='bbox 3191 4883 3205 4906; x_wconf 93' lang='lat'><strong>,</strong></span> 
     </span>
    </p>
   </div>
   <div class='ocr_carea' id='block_1_98' title="bbox 2081 4933 3210 5010">
    <p class='ocr_par' dir='ltr' id='par_1_98' title="bbox 2081 4933 3210 5010">
     <span class='ocr_line' id='line_1_98' title="bbox 2081 4933 3210 5010; baseline -0.006 -15"><span class='ocrx_word' id='word_1_561' title='bbox 2081 4940 2363 5006; x_wconf 88' lang='lat' dir='ltr'><strong>Personis,</strong></span> <span class='ocrx_word' id='word_1_562' title='bbox 2396 4937 2628 5003; x_wconf 90' lang='lat' dir='ltr'><strong>meritis,</strong></span> <span class='ocrx_word' id='word_1_563' title='bbox 2661 4945 2904 5010; x_wconf 88' lang='lat' dir='ltr'><strong>tempore</strong></span> <span class='ocrx_word' id='word_1_564' title='bbox 2933 4933 3210 4989; x_wconf 88' lang='lat' dir='ltr'><strong>distribui.</strong></span> 
     </span>
    </p>
   </div>
   <div class='ocr_carea' id='block_1_99' title="bbox 2012 5025 3360 5094">
    <p class='ocr_par' dir='ltr' id='par_1_99' title="bbox 2012 5025 3360 5094">
     <span class='ocr_line' id='line_1_99' title="bbox 2012 5025 3360 5094; baseline -0.012 -2"><span class='ocrx_word' id='word_1_565' title='bbox 2012 5033 2227 5092; x_wconf 87' lang='lat' dir='ltr'><strong>Litibus</strong></span> <span class='ocrx_word' id='word_1_566' title='bbox 2255 5029 2492 5087; x_wconf 86' lang='lat' dir='ltr'><strong>abstinui</strong></span> <span class='ocrx_word' id='word_1_567' title='bbox 2524 5048 2538 5086; x_wconf 88' lang='lat'>:</span> <span class='ocrx_word' id='word_1_568' title='bbox 2571 5045 2681 5084; x_wconf 90' lang='lat' dir='ltr'><strong>non</strong></span> <span class='ocrx_word' id='word_1_569' title='bbox 2708 5026 2856 5094; x_wconf 78' lang='lat' dir='ltr'><strong>auxi,</strong></span> <span class='ocrx_word' id='word_1_570' title='bbox 2888 5042 2995 5082; x_wconf 92' lang='lat' dir='ltr'><strong>non</strong></span> <span class='ocrx_word' id='word_1_571' title='bbox 3027 5025 3197 5082; x_wconf 91' lang='lat' dir='ltr'><strong>minui</strong></span> <span class='ocrx_word' id='word_1_572' title='bbox 3226 5039 3360 5082; x_wconf 84' lang='lat' dir='ltr'><strong>rent.</strong></span> 
     </span>
    </p>
   </div>
   <div class='ocr_carea' id='block_1_100' title="bbox 2084 5117 3306 5191">
    <p class='ocr_par' dir='ltr' id='par_1_100' title="bbox 2084 5117 3306 5191">
     <span class='ocr_line' id='line_1_100' title="bbox 2084 5117 3306 5191; baseline -0.009 -6"><span class='ocrx_word' id='word_1_573' title='bbox 2084 5127 2268 5188; x_wconf 84' lang='lat' dir='ltr'><strong>indice</strong></span> <span class='ocrx_word' id='word_1_574' title='bbox 2299 5141 2385 5184; x_wconf 86' lang='lat' dir='ltr'><strong>me</strong></span> <span class='ocrx_word' id='word_1_575' title='bbox 2425 5123 2626 5188; x_wconf 89' lang='lat' dir='ltr'><strong>nullus,</strong></span> <span class='ocrx_word' id='word_1_576' title='bbox 2656 5121 2753 5177; x_wconf 86' lang='lat' dir='ltr'><strong>sed</strong></span> <span class='ocrx_word' id='word_1_577' title='bbox 2776 5135 2951 5191; x_wconf 88' lang='lat' dir='ltr'><strong>neque</strong></span> <span class='ocrx_word' id='word_1_578' title='bbox 2985 5128 3122 5175; x_wconf 87' lang='lat' dir='ltr'><strong>teste</strong></span> <span class='ocrx_word' id='word_1_579' title='bbox 3144 5117 3306 5189; x_wconf 76' lang='lat' dir='ltr'><strong>petit.</strong></span> 
     </span>
    </p>
   </div>
   <div class='ocr_carea' id='block_1_101' title="bbox 2018 5207 3422 5289">
    <p class='ocr_par' dir='ltr' id='par_1_101' title="bbox 2018 5207 3422 5289">
     <span class='ocr_line' id='line_1_101' title="bbox 2018 5207 3422 5289; baseline -0.011 -13"><span class='ocrx_word' id='word_1_580' title='bbox 2018 5221 2188 5276; x_wconf 88' lang='lat' dir='ltr'><strong>Invidi</strong></span> <span class='ocrx_word' id='word_1_581' title='bbox 2221 5231 2529 5289; x_wconf 83' lang='lat' dir='ltr'><strong>numquam.</strong></span> <span class='ocrx_word' id='word_1_582' title='bbox 2562 5214 2776 5288; x_wconf 84' lang='lat' dir='ltr'><strong>Cupcrc</strong></span> <span class='ocrx_word' id='word_1_583' title='bbox 2801 5221 2963 5283; x_wconf 87' lang='lat' dir='ltr'><strong>atque</strong></span> <span class='ocrx_word' id='word_1_584' title='bbox 2989 5210 3195 5269; x_wconf 89' lang='lat' dir='ltr'><strong>ambire</strong></span> <span class='ocrx_word' id='word_1_585' title='bbox 3226 5207 3422 5279; x_wconf 85' lang='lat' dir='ltr'><strong>refugi.</strong></span> 
     </span>
    </p>
   </div>
   <div class='ocr_carea' id='block_1_102' title="bbox 302 5309 1751 5386">
    <p class='ocr_par' dir='ltr' id='par_1_102' title="bbox 302 5309 1751 5386">
     <span class='ocr_line' id='line_1_102' title="bbox 302 5309 1751 5386; baseline 0.001 -20"><span class='ocrx_word' id='word_1_586' title='bbox 302 5309 462 5366; x_wconf 83' lang='lat' dir='ltr'><strong>Hunc</strong></span> <span class='ocrx_word' id='word_1_587' title='bbox 495 5326 783 5367; x_wconf 88' lang='lat' dir='ltr'><strong>numerum</strong></span> <span class='ocrx_word' id='word_1_588' title='bbox 809 5313 1016 5384; x_wconf 71' lang='lat' dir='ltr'><strong>juncus</strong></span> <span class='ocrx_word' id='word_1_589' title='bbox 1047 5314 1346 5371; x_wconf 89' lang='lat' dir='ltr'><strong>virtutibus</strong></span> <span class='ocrx_word' id='word_1_590' title='bbox 1373 5314 1751 5386; x_wconf 88' lang='lat' dir='ltr'><strong>amplectenti.</strong></span> 
     </span>
    </p>
   </div>
   <div class='ocr_carea' id='block_1_103' title="bbox 305 5401 1641 5478">
    <p class='ocr_par' dir='ltr' id='par_1_103' title="bbox 305 5401 1641 5478">
     <span class='ocr_line' id='line_1_103' title="bbox 305 5401 1641 5478; baseline 0.003 -20"><span class='ocrx_word' id='word_1_591' title='bbox 305 5401 439 5458; x_wconf 90' lang='lat' dir='ltr'><strong>Tale</strong></span> <span class='ocrx_word' id='word_1_592' title='bbox 469 5412 525 5460; x_wconf 91' lang='lat' dir='ltr'><strong>et</strong></span> <span class='ocrx_word' id='word_1_593' title='bbox 555 5406 789 5460; x_wconf 87' lang='lat' dir='ltr'><strong>terrenis</strong></span> <span class='ocrx_word' id='word_1_594' title='bbox 822 5406 1101 5478; x_wconf 81' lang='lat' dir='ltr'><strong>Specimen</strong></span> <span class='ocrx_word' id='word_1_595' title='bbox 1138 5413 1418 5477; x_wconf 83' lang='lat' dir='ltr'><strong>spectatur</strong></span> <span class='ocrx_word' id='word_1_596' title='bbox 1447 5408 1499 5462; x_wconf 92' lang='lat' dir='ltr'><strong>in</strong></span> <span class='ocrx_word' id='word_1_597' title='bbox 1528 5407 1641 5462; x_wconf 91' lang='lat' dir='ltr'><strong>oris</strong></span> 
     </span>
    </p>
   </div>
   <div class='ocr_carea' id='block_1_104' title="bbox 307 5496 1776 5570">
    <p class='ocr_par' dir='ltr' id='par_1_104' title="bbox 307 5496 1776 5570">
     <span class='ocr_line' id='line_1_104' title="bbox 307 5496 1776 5570; baseline 0 -19"><span class='ocrx_word' id='word_1_598' title='bbox 307 5496 589 5566; x_wconf 85' lang='lat' dir='ltr'><strong>Augustus</strong></span> <span class='ocrx_word' id='word_1_599' title='bbox 618 5496 857 5568; x_wconf 83' lang='lat' dir='ltr'><strong>genitor,</strong></span> <span class='ocrx_word' id='word_1_600' title='bbox 895 5497 1174 5568; x_wconf 87' lang='lat' dir='ltr'><strong>geminum</strong></span> <span class='ocrx_word' id='word_1_601' title='bbox 1207 5507 1358 5555; x_wconf 91' lang='lat' dir='ltr'><strong>sator</strong></span> <span class='ocrx_word' id='word_1_602' title='bbox 1386 5499 1776 5570; x_wconf 85' lang='lat' dir='ltr'><strong>Augustorum.</strong></span> 
     </span>
    </p>
   </div>
   <div class='ocr_carea' id='block_1_105' title="bbox 309 5589 1832 5664">
    <p class='ocr_par' dir='ltr' id='par_1_105' title="bbox 309 5589 1832 5664">
     <span class='ocr_line' id='line_1_105' title="bbox 309 5589 1832 5664; baseline 0.001 -19"><span class='ocrx_word' id='word_1_603' title='bbox 309 5589 412 5656; x_wconf 85' lang='lat' dir='ltr'><strong>Qui</strong></span> <span class='ocrx_word' id='word_1_604' title='bbox 439 5591 684 5662; x_wconf 90' lang='lat' dir='ltr'><strong>fratrem,</strong></span> <span class='ocrx_word' id='word_1_605' title='bbox 718 5601 1034 5661; x_wconf 90' lang='lat' dir='ltr'><strong>natumque,</strong></span> <span class='ocrx_word' id='word_1_606' title='bbox 1063 5593 1150 5662; x_wconf 90' lang='lat' dir='ltr'><strong>pio</strong></span> <span class='ocrx_word' id='word_1_607' title='bbox 1181 5593 1500 5663; x_wconf 83' lang='lat' dir='ltr'><strong>complexus</strong></span> <span class='ocrx_word' id='word_1_608' title='bbox 1538 5599 1832 5664; x_wconf 89' lang='lat' dir='ltr'><strong>utrumque</strong></span> 
     </span>
    </p>
   </div>
   <div class='ocr_carea' id='block_1_106' title="bbox 311 5683 1778 5762">
    <p class='ocr_par' dir='ltr' id='par_1_106' title="bbox 311 5683 1778 5762">
     <span class='ocr_line' id='line_1_106' title="bbox 311 5683 1778 5762; baseline 0.004 -24"><span class='ocrx_word' id='word_1_609' title='bbox 311 5683 568 5751; x_wconf 89' lang='lat' dir='ltr'><strong>Numine,</strong></span> <span class='ocrx_word' id='word_1_610' title='bbox 600 5686 842 5757; x_wconf 88' lang='lat' dir='ltr'><strong>partitur</strong></span> <span class='ocrx_word' id='word_1_611' title='bbox 870 5703 1120 5760; x_wconf 85' lang='lat' dir='ltr'><strong>regnum,</strong></span> <span class='ocrx_word' id='word_1_612' title='bbox 1163 5705 1339 5762; x_wconf 89' lang='lat' dir='ltr'><strong>neque</strong></span> <span class='ocrx_word' id='word_1_613' title='bbox 1370 5689 1564 5746; x_wconf 88' lang='lat' dir='ltr'><strong>dividit</strong></span> <span class='ocrx_word' id='word_1_614' title='bbox 1587 5705 1778 5757; x_wconf 91' lang='lat' dir='ltr'><strong>unum,</strong></span> 
     </span>
    </p>
   </div>
   <div class='ocr_carea' id='block_1_107' title="bbox 317 5779 1680 5858">
    <p class='ocr_par' dir='ltr' id='par_1_107' title="bbox 317 5779 1680 5858">
     <span class='ocr_line' id='line_1_107' title="bbox 317 5779 1680 5858; baseline 0.001 -21"><span class='ocrx_word' id='word_1_615' title='bbox 317 5779 512 5837; x_wconf 87' lang='lat' dir='ltr'><strong>Omnia</strong></span> <span class='ocrx_word' id='word_1_616' title='bbox 539 5781 690 5839; x_wconf 88' lang='lat' dir='ltr'><strong>solus</strong></span> <span class='ocrx_word' id='word_1_617' title='bbox 711 5779 949 5855; x_wconf 89' lang='lat' dir='ltr'><strong>habens,</strong></span> <span class='ocrx_word' id='word_1_618' title='bbox 973 5794 1138 5858; x_wconf 90' lang='lat' dir='ltr'><strong>atque</strong></span> <span class='ocrx_word' id='word_1_619' title='bbox 1168 5786 1350 5845; x_wconf 89' lang='lat' dir='ltr'><strong>omnia</strong></span> <span class='ocrx_word' id='word_1_620' title='bbox 1375 5785 1680 5858; x_wconf 86' lang='lat' dir='ltr'><strong>dilargitus.</strong></span> 
     </span>
    </p>
   </div>
   <div class='ocr_carea' id='block_1_108' title="bbox 2091 5300 3242 5380">
    <p class='ocr_par' dir='ltr' id='par_1_108' title="bbox 2091 5300 3242 5380">
     <span class='ocr_line' id='line_1_108' title="bbox 2091 5300 3242 5380; baseline -0.013 -10"><span class='ocrx_word' id='word_1_621' title='bbox 2091 5314 2305 5380; x_wconf 87' lang='lat' dir='ltr'><strong>Jurare,</strong></span> <span class='ocrx_word' id='word_1_622' title='bbox 2339 5319 2434 5366; x_wconf 89' lang='lat' dir='ltr'><strong>aut</strong></span> <span class='ocrx_word' id='word_1_623' title='bbox 2463 5309 2657 5368; x_wconf 84' lang='lat' dir='ltr'><strong>falsum</strong></span> <span class='ocrx_word' id='word_1_624' title='bbox 2683 5305 2888 5371; x_wconf 87' lang='lat' dir='ltr'><strong>dicere,</strong></span> <span class='ocrx_word' id='word_1_625' title='bbox 2922 5319 3020 5375; x_wconf 87' lang='lat' dir='ltr'><strong>par</strong></span> <span class='ocrx_word' id='word_1_626' title='bbox 3051 5300 3242 5356; x_wconf 86' lang='lat' dir='ltr'><strong>habui.</strong></span> 
     </span>
    </p>
   </div>
   <div class='ocr_carea' id='block_1_109' title="bbox 2023 5392 3325 5472">
    <p class='ocr_par' dir='ltr' id='par_1_109' title="bbox 2023 5392 3325 5472">
     <span class='ocr_line' id='line_1_109' title="bbox 2023 5392 3325 5472; baseline -0.015 -6"><span class='ocrx_word' id='word_1_627' title='bbox 2023 5409 2211 5466; x_wconf 87' lang='lat' dir='ltr'><strong>Factio</strong></span> <span class='ocrx_word' id='word_1_628' title='bbox 2240 5423 2325 5462; x_wconf 90' lang='lat' dir='ltr'><strong>me</strong></span> <span class='ocrx_word' id='word_1_629' title='bbox 2352 5405 2455 5460; x_wconf 89' lang='lat' dir='ltr'><strong>sibi</strong></span> <span class='ocrx_word' id='word_1_630' title='bbox 2484 5419 2615 5469; x_wconf 89' lang='lat' dir='ltr'><strong>non,</strong></span> <span class='ocrx_word' id='word_1_631' title='bbox 2643 5417 2757 5458; x_wconf 89' lang='lat' dir='ltr'><strong>non</strong></span> <span class='ocrx_word' id='word_1_632' title='bbox 2787 5396 3096 5472; x_wconf 86' lang='lat' dir='ltr'><strong>conjuratio</strong></span> <span class='ocrx_word' id='word_1_633' title='bbox 3119 5392 3325 5466; x_wconf 80' lang='lat' dir='ltr'><strong>junxit.</strong></span> 
     </span>
    </p>
   </div>
   <div class='ocr_carea' id='block_1_110' title="bbox 2097 5489 3050 5558">
    <p class='ocr_par' dir='ltr' id='par_1_110' title="bbox 2097 5489 3050 5558">
     <span class='ocr_line' id='line_1_110' title="bbox 2097 5489 3050 5558; baseline -0.015 0"><span class='ocrx_word' id='word_1_634' title='bbox 2097 5501 2324 5558; x_wconf 86' lang='lat' dir='ltr'><strong>Sincere</strong></span> <span class='ocrx_word' id='word_1_635' title='bbox 2352 5496 2494 5554; x_wconf 90' lang='lat' dir='ltr'><strong>colui</strong></span> <span class='ocrx_word' id='word_1_636' title='bbox 2524 5493 2731 5550; x_wconf 79' lang='lat' dir='ltr'><strong>fmdcre</strong></span> <span class='ocrx_word' id='word_1_637' title='bbox 2759 5489 3050 5548; x_wconf 89' lang='lat' dir='ltr'><strong>amicitias.</strong></span> 
     </span>
    </p>
   </div>
   <div class='ocr_carea' id='block_1_111' title="bbox 2028 5577 3414 5660">
    <p class='ocr_par' dir='ltr' id='par_1_111' title="bbox 2028 5577 3414 5660">
     <span class='ocr_line' id='line_1_111' title="bbox 2028 5577 3414 5660; baseline -0.013 -10"><span class='ocrx_word' id='word_1_638' title='bbox 2028 5595 2266 5652; x_wconf 83' lang='lat' dir='ltr'><strong>Felicem</strong></span> <span class='ocrx_word' id='word_1_639' title='bbox 2292 5591 2447 5660; x_wconf 89' lang='lat' dir='ltr'><strong>scivi,</strong></span> <span class='ocrx_word' id='word_1_640' title='bbox 2482 5604 2590 5645; x_wconf 88' lang='lat' dir='ltr'><strong>non</strong></span> <span class='ocrx_word' id='word_1_641' title='bbox 2620 5585 2736 5657; x_wconf 91' lang='lat' dir='ltr'><strong>qui,</strong></span> <span class='ocrx_word' id='word_1_642' title='bbox 2767 5581 2911 5654; x_wconf 91' lang='lat' dir='ltr'><strong>quod</strong></span> <span class='ocrx_word' id='word_1_643' title='bbox 2934 5579 3122 5648; x_wconf 88' lang='lat' dir='ltr'><strong>vellet,</strong></span> <span class='ocrx_word' id='word_1_644' title='bbox 3151 5577 3378 5638; x_wconf 88' lang='lat' dir='ltr'><strong>haberet</strong></span> <span class='ocrx_word' id='word_1_645' title='bbox 3403 5596 3414 5631; x_wconf 89' lang='lat'>:</span> 
     </span>
    </p>
   </div>
   <div class='ocr_carea' id='block_1_112' title="bbox 2103 5673 3346 5756">
    <p class='ocr_par' dir='ltr' id='par_1_112' title="bbox 2103 5673 3346 5756">
     <span class='ocr_line' id='line_1_112' title="bbox 2103 5673 3346 5756; baseline -0.015 -13"><span class='ocrx_word' id='word_1_646' title='bbox 2103 5685 2210 5744; x_wconf 88' lang='lat' dir='ltr'><strong>Sed</strong></span> <span class='ocrx_word' id='word_1_647' title='bbox 2240 5683 2334 5756; x_wconf 88' lang='lat' dir='ltr'><strong>qui</strong></span> <span class='ocrx_word' id='word_1_648' title='bbox 2362 5698 2457 5756; x_wconf 87' lang='lat' dir='ltr'><strong>per</strong></span> <span class='ocrx_word' id='word_1_649' title='bbox 2481 5681 2650 5736; x_wconf 89' lang='lat' dir='ltr'><strong>fatum</strong></span> <span class='ocrx_word' id='word_1_650' title='bbox 2675 5691 2783 5733; x_wconf 89' lang='lat' dir='ltr'><strong>non</strong></span> <span class='ocrx_word' id='word_1_651' title='bbox 2807 5673 2935 5730; x_wconf 87' lang='lat' dir='ltr'><strong>data</strong></span> <span class='ocrx_word' id='word_1_652' title='bbox 2962 5687 3073 5728; x_wconf 87' lang='lat' dir='ltr'><strong>non</strong></span> <span class='ocrx_word' id='word_1_653' title='bbox 3100 5680 3346 5742; x_wconf 87' lang='lat' dir='ltr'><strong>cuperet.</strong></span> 
     </span>
    </p>
   </div>
   <div class='ocr_carea' id='block_1_113' title="bbox 2033 5761 3426 5844">
    <p class='ocr_par' dir='ltr' id='par_1_113' title="bbox 2033 5761 3426 5844">
     <span class='ocr_line' id='line_1_113' title="bbox 2033 5761 3426 5844; baseline -0.015 -6"><span class='ocrx_word' id='word_1_654' title='bbox 2033 5779 2151 5838; x_wconf 88' lang='lat' dir='ltr'><strong>Non</strong></span> <span class='ocrx_word' id='word_1_655' title='bbox 2179 5783 2516 5844; x_wconf 85' lang='lat' dir='ltr'><strong>occursator,</strong></span> <span class='ocrx_word' id='word_1_656' title='bbox 2543 5786 2652 5830; x_wconf 90' lang='lat' dir='ltr'><strong>non</strong></span> <span class='ocrx_word' id='word_1_657' title='bbox 2683 5768 2958 5842; x_wconf 80' lang='lat' dir='ltr'><strong>garrulus,</strong></span> <span class='ocrx_word' id='word_1_658' title='bbox 2988 5761 3147 5822; x_wconf 88' lang='lat' dir='ltr'><strong>obvia</strong></span> <span class='ocrx_word' id='word_1_659' title='bbox 3174 5777 3426 5832; x_wconf 86' lang='lat' dir='ltr'><strong>cernens,</strong></span> 
     </span>
    </p>
   </div>
  </div>
