4108 6188
480 208 584 270 879

550 320 732 380 Valvis
754 323 811 375 et
830 313 955 374 velo
986 309 1209 369 condita
1240 320 1349 366 non
1371 302 1503 362 adii.

478 419 721 485 Famam,
747 426 869 484 quae
900 418 1085 483 posset
1105 406 1271 461 vitam
1300 401 1543 457 lacerare
1569 394 1858 457 bonorum,

549 510 667 568 Non
691 507 858 565 tinxi:
890 514 945 562 et
973 516 1159 560 veram
1189 498 1237 555 si
1259 494 1500 562 scierim,
1535 487 1694 546 tacui.

475 607 564 665 Ira
592 602 780 678 procul
809 619 822 656 :
853 613 981 668 spes
1003 609 1143 653 vana
1173 588 1361 663 procul
1392 605 1407 644 :
1440 580 1630 657 procul
1653 578 1813 635 anxia
1839 588 2003 642 cura;

551 672 718 770 Inque
738 694 898 753 bonis
929 690 1211 747 hominum
1235 681 1429 756 gaudia
1462 678 1597 734 falsa
1625 672 1834 748 procul.

480 789 649 848 Vitati
669 796 865 853 enatus,
890 783 1195 856 ejuratique
1218 774 1504 841 tumultus,

476 884 546 941 Et
570 895 788 952 semper
815 880 957 934 [ioue
981 873 1288 947 principum
1317 862 1593 923 amicitize.

479 945 791 1046 Deliquisse
820 969 960 1026 nihil
984 945 1295 1036 numquam
1325 955 1543 1016 laudem
1570 964 1694 1010 esse
1729 945 1937 1021 putavi,

552 1072 730 1141 Atque
755 1066 929 1122 bonos
957 1074 1137 1117 mores
1162 1056 1369 1126 legibus
1390 1046 1647 1106 antetuli.

489 1162 659 1221 lrasci
687 1166 1000 1232 proruptus,
1034 1145 1324 1225 properavi
1349 1141 1589 1200 condere
1620 1145 1856 1194 motum:

552 1254 731 1325 Atque
761 1251 896 1307 mihi
931 1259 1121 1320 plenas
1152 1257 1249 1315 pro
1278 1239 1508 1296 levitate
1532 1231 1684 1289 dedi.

476 1304 803 1418 Conjtigium
833 1304 1134 1415 per-lustra
1152 1304 1376 1398 novem,
1418 1328 1536 1384 sine
1561 1320 1815 1388 crimine,
1852 1327 2083 1375 concors
2183 1307 2310 1365 Haec
2345 1304 2480 1363 mihi
2510 1319 2543 1359 n

554 1417 735 1496 Unum
768 1434 935 1491 habui
964 1450 977 1486 :
1008 1439 1198 1503 gnatos
1223 1434 1478 1498 quattuor
1506 1417 1796 1476 edidimus.

479 1531 664 1589 Prima
688 1527 824 1585 obiit
842 1526 1087 1590 lactans;
1117 1529 1176 1577 at
1193 1519 1285 1591 qui
1315 1516 1417 1573 luit
1438 1511 1661 1570 ultimus
1683 1504 1810 1575 sivi,

551 1624 849 1681 Pubertate
872 1619 996 1696 rudi
1025 1632 1136 1673 non
1161 1611 1310 1670 rudis
1332 1606 1561 1665 interiit.

488 1716 757 1775 Maximus
786 1713 854 1769 ad
879 1692 1154 1767 summum
1183 1704 1402 1762 culmen
1437 1696 1689 1772 pervenit
1718 1692 2010 1754 honorum,

553 1807 853 1865 Praefectus
871 1803 1063 1869 Gallis,
1097 1807 1154 1856 et
1174 1796 1384 1867 Libyas,
1416 1802 1472 1849 et
1504 1790 1683 1854 Latio,

480 1897 855 1969 Tranquillus,
883 1895 1146 1961 clemens,
1179 1889 1373 1952 oculis,
1401 1899 1554 1951 voce,
1587 1896 1685 1938 ore
1720 1891 1972 1945 serenus,

553 1993 612 2048 In
641 1991 890 2062 genitore
919 2001 1019 2043 suo
1050 1991 1236 2041 mente
1263 1980 1555 2049 animoque
1584 1984 1760 2047 pater.

487 2061 664 2155 Hujus
684 2097 788 2155 ego
815 2090 868 2138 et
896 2087 1104 2142 natum,
1134 2085 1190 2132 et
1218 2085 1475 2146 generum
1500 2082 1601 2140 pro
1625 2063 1853 2123 consule
1877 2061 2007 2119 vidi.

551 2175 755 2232 Consul
788 2182 848 2229 ut
870 2173 989 2243 ipse
1018 2170 1182 2237 foret,
1208 2181 1333 2237 spes
1365 2163 1495 2219 mihi
1524 2169 1673 2217 certa
1709 2157 1829 2212 luit.

480 2268 778 2328 Matronale
801 2267 967 2321 decus
988 2259 1233 2335 possedit
1258 2258 1388 2314 lilia.
1417 2255 1585 2325 Cujus

554 2360 787 2433 Egregia
813 2366 867 2414 et
897 2366 1079 2427 nupta:
1106 2354 1224 2409 laus
1254 2360 1393 2418 erat,
1428 2357 1483 2404 et
1508 2346 1722 2404 viduae:

477 2431 626 2524 Qua:â€”
649 2431 786 2516 nati,
814 2448 1147 2521 generisque
1187 2450 1242 2500 et
1271 2437 1587 2515 progeneri.
1629 2434 1807 2497 Simul
1836 2431 2086 2491 omnium

552 2541 836 2612 Multiplici
863 2540 1107 2596 illustres
1139 2534 1278 2591 vidit
1310 2535 1521 2590 honore
1545 2532 1762 2587 domus.

477 2639 602 2711 ipse
629 2651 732 2694 nec
757 2634 1045 2701 affectans,
1078 2643 1181 2687 nec
1210 2628 1547 2685 detrectator
1582 2623 1875 2691 honorum,

555 2728 850 2786 Prmfectus
877 2723 1058 2797 magni
1082 2737 1367 2793 nuncupor
1388 2717 1613 2791 Illyrici.

485 2821 617 2879 llaec
643 2836 731 2876 me
760 2819 995 2875 fortuna:
1025 2818 1172 2887 larga
1201 2813 1538 2886 indulgentia
1570 2810 1764 2877 suasit,

558 2912 791 2970 Numine
816 2910 1066 2977 adorato,
1092 2910 1219 2965 vitae
1240 2907 1446 2964 abitum
1478 2913 1690 2976 petere.

488 3005 565 3062 Ne
595 3004 890 3062 fortunatae
920 3002 1156 3072 spatium
1188 2997 1507 3056 inviolabile
1531 2997 1661 3052 vita}

558 3095 732 3152 Fatali
760 3095 1020 3149 admorsu
1059 3094 1359 3163 stringeret
1382 3090 1492 3144 ulla
1519 3087 1658 3144 dies.

488 3186 710 3246 Obtinui
740 3203 753 3238 :
801 3184 1110 3253 auditaeque
1151 3196 1343 3252 preces
1375 3196 1391 3239 :
1423 3194 1601 3249 spem,
1630 3185 1776 3248 vota,
1808 3176 2084 3247 timorem,

559 3280 783 3351 Sopitus
815 3275 1031 3348 placido
1054 3275 1183 3342 line,
1209 3272 1464 3345 relinquo
1483 3271 1630 3328 aliis.

484 3375 631 3430 Inter
656 3378 973 3439 maerentes,
1005 3368 1103 3425 sed
1133 3384 1240 3424 non
1268 3382 1371 3439 ego
1399 3376 1650 3433 moestus,
1683 3366 1892 3422 amicos

560 3462 851 3536 Dispositis
876 3460 1020 3533 jacui
1051 3459 1261 3517 funeris
1282 3459 1547 3516 arbitriis.

489 3554 795 3627 Nonaginta
818 3567 994 3609 annos
1022 3552 1218 3608 baculo
1244 3552 1389 3620 sine,
1418 3565 1657 3622 corpore
1687 3557 1805 3608 toto

492 3646 685 3719 Exegi,
714 3645 927 3702 cunctis
954 3644 1169 3715 integer
1197 3643 1415 3699 ciliciis.
1792 3660 1797 3663 -

491 3739 621 3796 llaec
650 3738 982 3810 quicumque
1018 3737 1189 3807 leges,
1232 3750 1339 3791 non
1372 3735 1741 3806 aspernabere
1768 3734 1905 3792 lari:

562 3830 710 3887 Talis
730 3829 841 3886 vita
868 3828 991 3898 tibi,
1033 3828 1215 3900 qualia
1245 3836 1370 3884 vota
1398 3827 1551 3883 mihi.

1062 3959 1392 4018 IDYLLIUM
1441 3960 1527 4018 Ill.

1071 4077 1290 4133 Ausonii
1311 4075 1514 4132 villula:

506 4196 670 4256 Salve
693 4195 1050 4253 incrediolum
1073 4193 1343 4265 majorum
1374 4208 1539 4266 regna
1571 4208 1839 4265 meorum,

567 4290 723 4361 Quod
752 4304 1007 4361 proavus,
1040 4288 1183 4359 quod
1205 4304 1361 4355 avus,
1389 4287 1530 4360 quod
1561 4276 1711 4359 pater
1741 4288 1992 4345 excoluit.

494 4385 650 4456 Quod
681 4383 813 4440 mihi
833 4382 946 4454 jam
976 4382 1181 4450 senior,
1204 4389 1494 4452 properata
1519 4392 1718 4450 morte,
1746 4381 2019 4454 relinquit.

569 4479 722 4535 Eheu
748 4478 761 4533 l
794 4475 1078 4533 nolueram
1106 4484 1216 4530 tam
1250 4475 1358 4531 cito
1390 4489 1550 4546 posse
1581 4474 1710 4530 frui.

495 4574 652 4629 Justa
681 4569 900 4642 quidem
929 4568 1101 4624 series
1130 4567 1268 4637 patri
1299 4566 1595 4623 succedere
1628 4580 1850 4622 :vcrum

569 4663 704 4719 Esse
727 4660 888 4717 simul
916 4659 1193 4725 dominos,
1222 4658 1432 4728 gratior
1453 4657 1589 4714 ordo
1618 4658 1739 4729 piis.

499 4754 656 4813 Nunc
685 4753 840 4809 labor
865 4760 923 4808 et
941 4767 1087 4808 cura:
1116 4765 1235 4808 mea
1266 4758 1412 4806 sunt.
1438 4749 1568 4805 Sola
1597 4758 1725 4806 ante
1750 4750 1998 4823 voluptas

573 4844 830 4902 Partibus
869 4844 923 4899 in
954 4843 1173 4899 nostris.
1193 4842 1401 4900 Caetera
1434 4840 1606 4914 patris
1632 4851 1808 4898 erant.

504 4936 737 4995 Parvum
764 4931 1144 5003 haerediolum,
1178 4931 1351 4988 fateor
1376 4974 1391 4997 ,
1420 4932 1515 4989 sed
1544 4933 1688 4988 nulla
1716 4933 1816 4990 fuit
1840 4949 1928 4992 res

574 5028 748 5098 Parva
777 5038 1031 5097 umquam
1062 5025 1381 5095 :equanimis
1410 5041 1423 5077 :
1455 5023 1593 5080 adde
1615 5025 1778 5082 etiam
1802 5027 2093 5084 unanimis.

499 5123 584 5182 Ex
611 5121 793 5179 animo
815 5136 928 5177 rem
955 5130 1102 5176 stare
1121 5134 1336 5190 aequum
1358 5127 1511 5191 puto,
1531 5136 1638 5175 non
1659 5122 1897 5179 animum
1917 5137 1982 5181 ex
2011 5138 2091 5180 rc.

570 5215 779 5271 Cuncta
809 5213 957 5285 cupit
991 5214 1233 5279 Croesus,
1266 5211 1534 5283 Diogenes
1565 5213 1794 5270 nihilum
1820 5231 1835 5281 ;

495 5307 715 5379 Spargit
735 5303 1045 5377 Aristippus
1075 5302 1269 5359 mediis
1300 5304 1354 5359 in
1383 5301 1638 5375 Syrtibus
1665 5319 1891 5374 aurum;

568 5404 748 5461 Aurea
768 5418 878 5459 non
901 5402 1037 5459 satis
1067 5410 1151 5457 est
1180 5398 1348 5472 Lydia
1380 5405 1492 5457 tota
1515 5400 1693 5457 Midas.

492 5496 590 5552 Cui
623 5495 806 5551 nullus
836 5494 958 5549 linis
986 5491 1265 5565 cupiendi,
1296 5500 1379 5548 cst
1407 5492 1586 5550 nullus
1617 5493 1871 5551 habendi.

562 5585 659 5642 Ille
687 5584 882 5657 opibus
903 5584 1098 5641 modus
1125 5591 1227 5649 cst,
1261 5599 1422 5655 quem
1460 5592 1668 5641 statuas
1699 5586 1903 5641 animo.

493 5674 691 5734 Verum
718 5690 847 5748 ager
875 5675 979 5733 iste
1002 5690 1156 5733 meus
1177 5684 1411 5747 quantus
1439 5676 1534 5746 sit,
1559 5692 1758 5735 nosce:
1788 5680 1952 5736 etiam
1999 5696 2088 5741 me

1867 170 2048 234 DECll
2089 162 2364 228 AUSONll
3424 216 3429 221 ,

2099 290 2149 348 Î‘
2246 276 2503 343 Noveris,
2535 280 2589 329 et
2614 269 2762 327 noris
2790 275 2842 323 te
2872 258 3175 337 quoque,si
3210 255 3355 330 potis
3376 268 3439 310 es
3470 268 3484 306 :

2179 340 2515 444 Quamquam
2542 362 2765 422 difï¬cile
2795 368 2878 417 est
2904 372 2966 413 se
3007 365 3253 411 noscere.
3279 350 3435 407 Î“Î½á¿¶Î¸Î¹
3461 340 3707 401 ÏƒÎµÎ±Ï…Ï„á½¸Î½.

3668 131 3786 193 880

2250 439 2422 535 Quam
2453 455 2965 535 propereâ€˜legimns,
2998 462 3106 505 tam
3143 447 3252 502 cito
3283 439 3634 514 negligimus.

2178 558 2309 632 Agri
2333 557 2421 614 bis
2446 566 2665 613 centum
2689 551 2811 606 colo
2838 548 3026 619 jugera
3050 560 3066 611 ;
3101 542 3260 597 vinea
3290 547 3509 593 centum

2251 649 2544 722 iugeribus
2563 644 2788 710 colitur,
2810 647 3075 713 prataque
3094 631 3402 691 dimidium.

2178 742 2332 802 Silva
2359 755 2523 812 supra
2546 736 2776 808 duplum
2808 746 2973 803 quam
2998 738 3177 800 prata,
3200 733 3256 780 et
3283 724 3465 787 vinea,
3491 728 3548 775 et
3568 729 3792 773 arvum.

2252 833 2446 891 Cultor
2467 830 2583 901 agri
2615 828 2773 885 nobis
2795 839 2898 881 nec
2925 826 3201 893 superest,
3234 831 3334 871 nec
3362 814 3538 869 abest.

2182 930 2330 989 Fons
2361 936 2584 1000 prOpter
2613 931 2913 995 puteusque
2941 914 3148 979 brevis,
3175 922 3289 968 tum
3312 921 3484 980 purus
3504 914 3563 962 et
3580 900 3789 960 amnis.

2253 1026 2489 1094 Naviger
2510 1022 2598 1077 hic
2616 1018 2824 1076 relluus
2851 1030 2940 1072 me
2963 1011 3134 1077 vehit,
3175 1024 3241 1064 ac
3267 1005 3498 1063 revehit.

2181 1119 2507 1179 Conduntur
2534 1114 2749 1170 fructus
2774 1109 3049 1182 geminum
3070 1104 3205 1160 mihi
3227 1115 3447 1168 semper
3476 1099 3529 1153 in
3557 1111 3794 1152 annum.

2254 1215 2354 1273 Cui
2380 1227 2491 1268 non
2521 1210 2683 1281 longa
2713 1217 2908 1278 penus,
2931 1200 3057 1257 huic
3072 1211 3291 1270 quoque
3313 1193 3566 1267 proinpta
3587 1191 3796 1281 fames.â€˜

2548 1278 2839 1372 ecvprocul
2887 1294 3023 1352 urbe
3050 1292 3154 1348 sita
3182 1299 3284 1356 est,
3334 1302 3435 1344 nec
3464 1297 3697 1424 prorss:
3724 1278 3801 1334 ad

3514 1371 3525 1424 l
3553 1383 3619 1424 ur
3698 1380 3750 1420 m
3786 1376 3801 1417 :

3514 1371 3535 1443 1,
3553 1371 3750 1424 urbem
3786 1376 3809 1417 :

2254 1490 2334 1546 Ne
2355 1488 2530 1562 patiar
2558 1483 2738 1550 turba,
2768 1487 2938 1551 utque
2965 1474 3125 1533 bonis
3156 1472 3349 1544 potiar.

2187 1583 2256 1640 Et
2284 1581 2537 1654 quotiens
2564 1584 2778 1634 mutare
2807 1574 2985 1630 locum
3015 1567 3235 1624 fastidia
3256 1570 3475 1634 cogunt.

2113 1682 2163 1745 B
2258 1677 2502 1734 Transeo
2530 1690 2543 1726 :
2573 1679 2631 1728 et
2659 1664 2889 1724 alternis
2917 1676 3067 1730 rure,
3088 1659 3175 1716 vel
3201 1658 3335 1714 urbe
3364 1656 3537 1713 fruor.

2738 1794 3081 1857 lDYLLlUM
3122 1793 3213 1850 lV.

2187 1923 2270 1979 Ad
2298 1928 2533 1994 nepotem
2559 1916 2849 1974 Ausonium
2880 1911 3234 1986 protrepticon
3260 1907 3326 1962 de
3361 1903 3538 1961 studio
3573 1902 3794 1977 puerili.

2434 2034 2702 2091 AUSONIUS
2744 2030 3022 2086 HESPERIO
3049 2024 3164 2095 ï¬lio
3184 2037 3280 2079 suo
3306 2019 3551 2076 salutent.

2260 2150 2545 2217 Libellum,
2568 2163 2723 2219 quem
2752 2145 2821 2199 ad
2848 2141 3155 2215 nepotulum
3174 2154 3347 2194 meum
3373 2133 3572 2192 sororis
3599 2140 3702 2188 tua
3728 2132 3812 2202 ï¬-

2188 2245 2321 2299 lium
2339 2243 2508 2297 instar
2537 2235 2843 2310 protreptici
2864 2235 3118 2300 luseram,
3149 2239 3393 2285 venturas
3424 2226 3525 2297 ipsi
3565 2221 3811 2296 prtemissâ€˜

2187 2334 2480 2407 legendum.
2516 2329 2631 2386 Hoc
2654 2330 2791 2385 enim
2815 2327 2983 2382 malui
3009 2340 3165 2394 quam
3188 2324 3301 2395 ipse
3322 2321 3559 2384 recitare,
3587 2325 3719 2372 esset
3740 2322 3813 2369 stt

2188 2427 2282 2482 tibi
2308 2442 2527 2482 censura
2555 2423 2794 2491 liberior,
2820 2437 2936 2494 qua:
2966 2419 3169 2474 duabus
3215 2416 3388 2471 causis
3432 2411 3675 2485 impediri
3710 2426 3813 2465 so-

2187 2518 2301 2576 let:
2337 2517 2489 2588 Quod
2516 2516 2692 2573 aureis
2718 2506 2925 2570 nostras
2965 2510 3150 2566 audita
3190 2507 3418 2564 velocius
3458 2521 3614 2577 quam
3660 2504 3812 2558 lecta

2189 2618 2523 2683 prwtereunt,
2553 2617 2602 2662 et
2631 2605 2774 2677 quod
2795 2603 3067 2661 sinceritas
3080 2598 3368 2675 judicandi
3410 2595 3685 2669 prwsmtia
3710 2609 3810 2648 re-

2188 2702 2398 2758 citantis
2421 2709 2688 2756 oneratur.
2714 2697 2765 2752 Î
2772 2713 2873 2752 unc
2903 2694 2996 2751 tibi
3024 2702 3303 2762 utrumque
3347 2692 3605 2761 integrum
3647 2686 3810 2759 (non

2187 2793 2356 2850 obstat
2384 2793 2545 2847 nostri
2567 2787 2929 2864 verecundia).
2961 2786 3069 2843 Sed
3091 2785 3219 2839 heus
3242 2793 3322 2851 tu,
3355 2782 3435 2850 ï¬li
3465 2780 3807 2847 dulcissime,

2188 2887 2357 2942 habeo
2385 2884 2527 2955 quod
2548 2884 2881 2951 admoneam,
2910 2881 2955 2937 si
2980 2895 3083 2950 qua
3122 2876 3213 2932 tibi
3234 2875 3400 2932 multo
3434 2875 3537 2930 sint
3562 2872 3806 2944 {acutius

2193 2980 2530 3047 concinnata,
2553 2975 2927 3048 quamverius,
2959 2981 3008 3029 et
3042 2972 3158 3045 plus
3200 2969 3410 3036 coloris,
3454 2982 3606 3038 quam
3654 2966 3809 3021 succi

2113 3068 2161 3131 C
2192 3072 2380 3128 habere
2400 3072 2697 3136 videantur,
2720 3069 2832 3140 ipse
2860 3067 3031 3122 sciens
3048 3068 3215 3136 ï¬‚uere
3236 3063 3483 3134 permisi,
3523 3060 3810 3115 venustula

2195 3173 2251 3219 ut
2276 3172 2442 3219 essent
2471 3162 2659 3235 magis,
2683 3176 2841 3233 quant
2869 3156 3141 3229 forticula,
3170 3158 3337 3212 instar
3365 3155 3642 3226 virginum,
3665 3168 3807 3223 quas

2194 3266 2387 3311 matres
2416 3254 2626 3311 student
2651 3253 2891 3309 demissis
2917 3249 3173 3315 humeris,
3194 3252 3391 3322 junceo
3417 3255 3617 3318 pectore
3644 3260 3764 3301 esse
3783 3281 3807 3311 ,

2194 3359 2253 3406 ut
2281 3350 2504 3423 graciles
2534 3351 2659 3404 sint.
2691 3348 2849 3403 Nosti
2871 3355 3081 3402 caztera.
3109 3344 3451 3416 Superest,ut
3465 3341 3627 3407 dicas,
3653 3338 3810 3408 Quid

2193 3443 2413 3498 moraris
2430 3441 2821 3515 judicatiouem
2842 3455 3010 3494 nteant
3037 3437 3102 3493 de
3131 3453 3215 3503 eo,
3242 3436 3383 3507 quod
3410 3436 3520 3505 ipse
3560 3448 3809 3504 pronun-

2194 3536 2296 3592 tias
2321 3551 2431 3591 esse
2474 3533 2824 3589 mendosum?
2868 3529 3055 3587 Dicam
3102 3529 3320 3595 scilicet,
3372 3544 3454 3582 me
3494 3525 3811 3598 Irujusmodi

2193 3627 2426 3684 uersibus
2446 3628 2577 3699 [oris
2599 3625 2896 3682 erubescere
2923 3666 2939 3694 ,
2970 3624 3082 3679 Itazc
3102 3622 3255 3678 anuis
3280 3622 3422 3676 illius
3453 3621 3616 3691 magis
3636 3634 3810 3689 quam

2192 3723 2320 3778 meis
2340 3721 2548 3795 scripsi,
2571 3731 2659 3776 aut
2681 3724 2903 3793 fortasse
2931 3726 2979 3775 et
2997 3719 3146 3783 meis,
3167 3715 3247 3779 Î´á½¶Ï‚
3270 3715 3457 3778 Ï€Î±á¿–Î´ÎµÏ‚
3476 3715 3523 3771 Î¿á¼±
3542 3718 3809 3791 Î³á½³ÏÎ¿Î½Ï„ÎµÏ‚.

2195 3813 2277 3869 Ad
2297 3829 2572 3881 summam,
2607 3814 2777 3868 valeat
2803 3812 3093 3869 austeritas
3117 3819 3230 3879 tua,
3258 3809 3387 3865 mihi
3426 3825 3547 3864 cum
3591 3808 3814 3877 infante

2195 3908 2332 3963 ratio
2356 3918 2456 3964 est.
2492 3906 2640 3976 Vale,
2670 3907 2751 3977 ï¬li
2775 3904 3102 3961 dulcissime.

2269 4020 2413 4078 Sunt
2439 4020 2605 4077 etiam
2633 4020 2801 4076 Musis
2822 4035 2923 4076 sua
2953 4018 3200 4084 ludicra;
3233 4016 3392 4074 mista
3417 4014 3692 4073 Camenis

2197 4110 2319 4169 Otia
2345 4121 2493 4178 sunt,
2527 4111 2736 4168 mellite
2765 4126 2978 4182 nepos;
3005 4126 3107 4167 nec
3130 4125 3349 4181 semper
3368 4108 3554 4166 acerbi

2199 4203 2435 4260 Exercet
2456 4217 2657 4272 pueros
2678 4217 2783 4260 vox
2814 4200 3107 4274 imperiosa
3135 4201 3405 4273 magistri.

2198 4294 2306 4351 Sed
2335 4294 2528 4365 requie
2556 4293 2837 4365 studiique
2863 4292 3015 4351 vices
3036 4300 3150 4349 rata
3176 4301 3423 4363 tempora
3448 4301 3689 4349 servant.

2201 4386 2272 4442 Et
2297 4386 2432 4443 satis
2454 4395 2540 4443 est
2565 4402 2738 4458 puero
2767 4386 2998 4444 memori
3032 4385 3230 4458 legisse
3256 4385 3508 4442 libenter.

2119 4449 2177 4513 D
2202 4479 2273 4536 Et
2301 4494 2519 4538 cessare
2541 4449 2684 4537 licet.
2717 4479 2881 4536 Graio
2903 4449 3115 4536 Schola
3135 4478 3359 4536 nomine
3382 4478 3524 4535 dicta
3552 4486 3661 4547 est,

2199 4573 2356 4630 Justa
2389 4570 2701 4628 laboriferis
2733 4571 3040 4627 tribuantur
3077 4580 3137 4627 ut
3156 4571 3267 4627 otia
3297 4569 3480 4627 Musis.

2197 4663 2315 4734 Quo
2343 4664 2514 4735 magis
2543 4662 2816 4719 alternum
2838 4671 3027 4719 certus
3050 4661 3347 4720 succedere
3367 4661 3578 4730 ludum,

2200 4758 2363 4815 Disce
2384 4757 2578 4814 libens.
2610 4757 2857 4830 Longum
2883 4756 3190 4814 delenitura
3232 4755 3476 4812 laborem

2200 4849 2493 4906 intervalla
2525 4848 2736 4905 damus.
2771 4847 3018 4907 Studium
3053 4847 3260 4919 puerile
3291 4847 3512 4915 fatiscit,

2200 4940 2349 4998 Lazta
2377 4941 2483 4998 nisi
2510 4942 2745 4999 austeris
2771 4941 3051 4998 varientur
3080 4941 3214 4997 festa
3243 4940 3519 5012 profestis.

2198 5033 2357 5090 Disce
2379 5033 2576 5104 libens,
2610 5033 2786 5090 tetrici
2812 5048 2915 5090 nec
2943 5032 3295 5105 praeceptoris
3333 5031 3581 5088 habenas

2200 5126 2510 5196 Detestare,
2544 5143 2734 5199 nepos.
2761 5126 3069 5199 Numquam
3093 5125 3317 5182 horrida
3337 5124 3510 5182 forma
3527 5125 3810 5199 magistri.

2197 5220 2297 5278 Ille
2319 5220 2447 5278 licet
2476 5221 2650 5277 tristis
2675 5221 2832 5278 senio
2849 5262 2864 5288 ,
2893 5234 2997 5277 nec
3022 5234 3158 5277 voce
3186 5232 3437 5287 serenus,

2198 5312 2409 5385 Aspera
2436 5319 2733 5369 contracta:
2760 5313 3044 5369 minitetur
3067 5312 3253 5384 jurgia
3290 5311 3504 5380 frontis,

2195 5403 2500 5475 Numquam
2533 5405 2782 5461 immanis
2814 5405 2923 5462 erit
2950 5405 3148 5477 placita
3180 5403 3533 5462 assuetudine
3551 5403 3765 5477 vultus,

2194 5497 2297 5565 Qui
2322 5498 2492 5554 semel
2517 5497 2794 5556 imbuerit.
2824 5498 3006 5569 Rugas
3038 5498 3270 5555 nutricis
3297 5498 3523 5570 amabit,

2193 5589 2298 5659 Qui
2324 5591 2525 5664 refugit
2545 5601 2799 5650 matrem.
2830 5593 3068 5664 Pappos,
3098 5593 3361 5665 aviasque
3390 5600 3691 5651 trementes

2195 5681 2525 5741 Anteferunt
2551 5685 2799 5757 patribus
2825 5683 2931 5742 seri
2961 5699 3104 5743 nova
3132 5699 3262 5743 cura
3288 5692 3540 5757 nepotes.
