4108 6188
328 269 429 325 88f

323 385 416 442 Sic
443 397 624 456 neque
651 382 873 439 Peliden
905 384 1149 440 terrebat
1169 383 1410 440 Achillea
1443 381 1646 439 Chiron

321 475 642 532 Thessalico
667 475 965 545 permixtus
992 491 1135 546 equo
1161 495 1172 528 :
1200 491 1300 530 nec
1331 474 1524 544 pinifer
1555 474 1708 528 Atlas

319 569 868 642 Amphitryoniadein
893 584 1118 639 puerum
1155 568 1290 623 :sed
1325 568 1556 624 blandus
1581 577 1814 639 uterque

319 664 547 720 Milibus
571 663 822 732 alloquiis
851 671 1068 718 teneros
1096 662 1374 717 mulcebat
1393 659 1664 716 alumnos.

317 756 399 813 Tu
417 769 717 826 quoqueue
737 764 945 810 metuas
974 773 985 807 :
1011 756 1259 825 quamvis
1281 754 1469 810 schola
1494 754 1722 809 verbere
1746 751 1918 809 multo

314 854 591 924 lncrepet,
613 861 669 908 et
699 853 1003 908 truculenta
1031 867 1198 908 senex
1227 862 1382 922 gerat
1403 868 1500 907 ora
1531 853 1808 922 magister.

314 948 626 1018 Degeneres
652 945 867 1000 animos
900 945 1061 1000 timor
1087 946 1264 1015 arguit
1290 961 1305 999 :
1341 953 1397 998 at
1425 945 1516 998 tibi
1547 951 1734 998 consta

312 1040 654 1111 Intrepidus,
694 1054 794 1094 nec
824 1047 878 1096 te
913 1041 1143 1106 clamor,
1179 1041 1459 1110 plagaeque
1488 1047 1770 1105 sonantes,

309 1133 424 1189 Nec
448 1131 730 1188 matutinis
766 1134 935 1202 agitet
968 1131 1200 1187 formido
1226 1133 1328 1187 sub
1355 1132 1506 1186 horis
1534 1148 1546 1184 :

309 1226 468 1295 Quod
493 1237 770 1296 sceptrum
798 1225 973 1281 vibrat
1003 1225 1216 1293 ferulze,
1249 1225 1394 1296 quod
1429 1226 1599 1280 multa
1622 1223 1869 1296 supellex

309 1318 531 1388 Virgea,
563 1317 710 1388 quod
741 1317 1197 1378 fallaxscuticam
1224 1317 1477 1387 praetexit
1498 1317 1642 1371 aluta
1679 1334 1689 1368 :

308 1408 469 1478 Quod
493 1407 706 1464 fervent
738 1408 951 1478 trepido
983 1409 1243 1463 subsellia
1274 1417 1453 1464 vestra
1487 1410 1741 1463 tttmultu.

307 1503 512 1572 Pompa
540 1503 666 1568 loci,
697 1512 750 1556 et
780 1502 905 1557 vani
930 1501 1168 1572 fugiatur
1191 1517 1357 1558 scena
1385 1502 1618 1556 timoris.

305 1594 433 1649 Ilzec
461 1593 592 1649 olim
624 1596 950 1664 genitorque
981 1603 1126 1660 tuus,
1147 1595 1494 1665 genitrixque
1522 1595 1694 1650 secuti

303 1685 565 1741 Sceuram
595 1685 817 1758 placido
848 1685 980 1740 mibi
1010 1688 1352 1756 pet-mulsere
1383 1699 1682 1742 senectam.

303 1775 385 1832 'I‘u
413 1775 652 1844 senium,
691 1778 1070 1849 quodcumque
1102 1793 1270 1850 super
1298 1779 1608 1835 labentibus
1639 1781 1798 1835 annis

302 1868 432 1924 Fata
459 1868 691 1934 dabunt,
723 1869 815 1940 qui
851 1885 1052 1925 nomen
1083 1872 1168 1926 avi
1202 1871 1347 1940 geris
1376 1871 1558 1927 indole
1590 1873 1790 1942 prima,

301 1959 482 2016 Prinne
511 1975 701 2031 nepos,
728 1961 813 2016 vel
839 1977 896 2017 re
921 1962 1005 2017 vel
1032 1977 1129 2032 spe
1149 1964 1282 2018 mihi
1326 1980 1492 2035 porge
1513 1963 1822 2020 fruendum.

298 2052 453 2108 Nunc
477 2067 579 2124 ego
595 2063 648 2109 te
679 2068 909 2123 puerum
947 2072 960 2108 :
989 2069 1116 2110 mox
1145 2056 1198 2110 in
1225 2054 1557 2126 juvenilibus
1585 2057 1766 2121 annis,

298 2145 525 2217 Jamque
545 2147 720 2201 virum
743 2161 989 2212 cernam,
1023 2147 1068 2203 si
1091 2147 1203 2203 fors
1233 2149 1304 2202 ita
1327 2148 1590 2218 jusserit;
1621 2158 1716 2205 aut
1742 2149 1788 2204 si

301 2241 506 2296 Invidia
529 2251 632 2309 est,
665 2243 897 2312 sperabo
926 2253 1126 2308 tamen,
1163 2259 1264 2300 nec
1289 2255 1414 2299 vota
1439 2245 1714 2312 fatiscent,

296 2334 368 2390 Ut
401 2335 592 2404 patris,
624 2344 790 2406 utque
820 2337 923 2391 mei
955 2351 1065 2392 non
1095 2337 1404 2400 immemor,
1437 2337 1605 2392 ardua
1637 2353 1858 2408 semper

295 2428 527 2484 Praemia
551 2429 824 2486 Musarum
854 2431 1045 2501 cupias
1071 2447 1086 2486 :
1115 2431 1382 2487 facundus
1413 2441 1468 2488 et
1509 2432 1639 2488 olim

293 2520 408 2576 Hac
436 2520 689 2591 gradiare
719 2523 830 2589 via,
863 2538 966 2594 qua
997 2537 1099 2579 nos
1128 2525 1508 2594 praecessimus
1536 2543 1548 2578 :
1578 2533 1634 2580 et
1662 2524 1750 2580 cui

291 2611 595 2668 Proconsul
622 2616 858 2684 genitor,
885 2617 1172 2684 praefectus
1197 2618 1494 2672 avunculus
1523 2619 1743 2673 instant.

296 2704 524 2776 Perlege
551 2708 932 2778 quodcumque
954 2717 1038 2765 est
1067 2709 1440 2765 memorabile.
1460 2709 1615 2764 Priva
1631 2709 1887 2765 monebo.

290 2797 553 2852 Conditor
585 2799 802 2868 Iliados,
835 2809 886 2856 et
917 2800 1171 2856 amabilis
1202 2816 1327 2856 orsa
1357 2801 1638 2856 Menandri

290 2891 606 2948 Evolvenda
629 2893 745 2948 tibi.
780 2894 858 2949 Tu
887 2895 1033 2950 flexu
1065 2903 1122 2950 et
1151 2897 1401 2951 acumine
1432 2896 1580 2951 vocis

288 2981 614 3040 Innumeros
636 3000 893 3041 numeros
919 2987 1095 3043 doctis
1122 2989 1442 3043 accentibus
1473 2987 1629 3044 effer.

288 3073 638 3148 Aﬂ‘ectusque
669 3079 888 3147 impone
922 3079 1130 3150 legens.
1162 3081 1450 3138 Distinctio
1474 3095 1696 3136 sensum

287 3170 484 3240 Auget,
507 3181 558 3226 et
593 3172 801 3242 ignavis
830 3173 961 3228 dant
987 3173 1265 3229 intervalla
1291 3175 1552 3244 vigorem.

287 3261 582 3332 Ecquando
614 3264 717 3319 ista
749 3281 884 3320 meae
910 3270 1226 3338 contingent
1252 3267 1394 3323 dona
1437 3267 1718 3324 senectae?

285 3357 517 3424 Quando
547 3359 715 3413 oblita
747 3359 878 3414 mihi
913 3369 990 3414 tot
1013 3363 1278 3429 carmina,
1299 3373 1483 3433 totque
1516 3378 1612 3433 per
1638 3377 1812 3418 aevum

283 3448 542 3505 Connexa
575 3449 844 3517 historiae,
879 3466 1072 3507 soccos
1101 3455 1385 3524 aulmaqtte
1416 3471 1630 3527 regum,

284 3545 354 3600 Et
380 3544 629 3611 melicos,
665 3543 974 3616 lyricosque
1004 3546 1196 3602 modos
1217 3547 1529 3618 przefando,
1561 3549 1810 3616 novabis,

283 3634 674 3706 Obductosquc
707 3639 824 3693 seni
852 3633 1018 3693 facies
1048 3653 1378 3709 puerascere
1404 3643 1637 3695 sensus?

283 3730 362 3787 Te
389 3739 690 3802 praeeunte,
727 3748 918 3804 nepos,
952 3735 1222 3789 modulata
1252 3744 1497 3805 poemata
1529 3735 1737 3803 Flacci,

282 3821 700 3892 Altisonumque
729 3822 926 3878 iterum
957 3823 1036 3878 fas
1059 3832 1144 3878 est
1169 3823 1423 3880 didicisse
1445 3825 1748 3881 Maronem.

281 3911 328 3968 Τ
332 3929 362 3966 u
389 3929 627 3984 quoque,
655 3914 746 3981 qui
779 3914 992 3970 Latium
1019 3916 1161 3971 lecto
1185 3931 1439 3972 sermone
1461 3917 1682 3974 Terenti

280 4006 490 4073 Comis,
514 4017 568 4062 et
595 4007 822 4062 astricto
854 4009 1130 4077 percurris
1158 4009 1357 4078 pulpita
1399 4023 1586 4076 socco,

281 4099 365 4154 Ad
398 4114 535 4154 nova
567 4100 657 4153 vix
683 4115 981 4155 memorem
1013 4101 1255 4155 diverbia
1283 4115 1420 4170 coge
1445 4111 1743 4157 senectam.

281 4191 399 4248 Jam
433 4190 662 4256 facinus,
695 4189 948 4258 Catilina,
983 4199 1153 4258 tuum,
1206 4191 1504 4262 Lepidique
1547 4193 1838 4248 tumultum
1861 4234 1878 4262 ,

279 4287 363 4343 Ab
391 4284 598 4356 Lepido
623 4295 682 4340 et
709 4283 900 4340 Catulo
938 4286 1047 4356 jam
1080 4301 1168 4340 res
1193 4294 1248 4341 et
1270 4294 1516 4356 tempora
1547 4285 1736 4342 Romae

278 4378 466 4446 Orsus,
502 4379 586 4433 bis
608 4393 769 4434 senos
793 4378 994 4434 seriem
1021 4388 1290 4434 connecto
1321 4395 1416 4448 per
1445 4395 1637 4434 annos.

276 4472 395 4526 Jam
424 4471 543 4541 lego
571 4472 711 4525 civili
741 4470 960 4525 mistmn
987 4481 1232 4524 mavorte
1259 4469 1528 4526 duellum.

276 4566 442 4621 Movit
468 4566 610 4637 quod
638 4567 788 4622 socio
820 4565 1095 4623 Sertorius
1123 4568 1276 4622 exsul
1310 4566 1486 4623 Ibero.

275 4661 385 4718 Nec
417 4663 566 4717 rudis
593 4665 708 4717 lizec
737 4679 868 4716 avus
897 4662 1186 4730 admoneo,
1211 4664 1304 4720 sed
1337 4666 1487 4721 mille
1515 4665 1763 4724 docendo

276 4753 497 4823 Ingenia
526 4763 805 4822 expertus.
842 4754 1039 4810 Multos
1072 4755 1398 4811 lactantibus
1436 4759 1596 4814 annis

276 4845 397 4916 Ipse
421 4847 529 4900 alui
563 4847 916 4917 :gremioque
940 4848 1156 4912 fovens,
1189 4857 1245 4903 et
1275 4865 1556 4906 murmura
1585 4853 1825 4923 solvens,

274 4939 465 5010 Eripni
497 4949 742 4996 tenerum
773 4942 986 4997 blandis
1017 4944 1320 4998 nutricibus
1348 4960 1543 5000 aevum.
1679 4950 1684 4954 ’

274 5033 395 5088 Mox
428 5048 628 5102 pueros
650 5033 798 5089 molli
831 5034 1040 5088 monitu
1071 5043 1128 5091 et
1153 5035 1442 5092 formidine
1467 5037 1574 5093 leni

271 5125 500 5192 Pellexi,
529 5136 587 5182 ut
611 5127 767 5182 mites
789 5136 1044 5197 peterent
1069 5144 1168 5199 per
1195 5130 1394 5186 acerba
1424 5133 1720 5202 profectus,

270 5216 524 5287 Carpturi
556 5218 772 5273 dulcem
799 5216 1033 5273 fructum
1059 5221 1258 5276 radicis
1288 5237 1508 5279 amarze.

272 5309 420 5365 Idem
444 5309 734 5380 vesticipes
755 5320 904 5366 motu
929 5311 1042 5380 jam
1066 5314 1284 5384 puberis
1312 5317 1435 5384 :evi,

269 5402 352 5459 Ad
379 5418 586 5470 mores,
612 5413 864 5475 artesque
891 5404 1084 5472 bonas,
1114 5405 1374 5478 fandique
1403 5411 1645 5481 vigorem

268 5494 507 5550 Produxi
536 5510 550 5548 :
584 5511 908 5567 quamquam
937 5498 1221 5568 imperium
1249 5501 1464 5556 cervice
1495 5515 1756 5576 negarent

269 5587 461 5655 Ferre,
497 5602 597 5643 nec
625 5589 847 5644 insertis
873 5591 1180 5659 praeberent
1202 5606 1296 5646 ora
1326 5592 1547 5664 lupatis.

268 5680 453 5736 Ardua
491 5682 803 5751 temperies,
833 5683 970 5739 dura
1002 5685 1367 5754 experientia,
1402 5703 1558 5744 rarus

271 5773 537 5844 Eventus,
567 5776 730 5847 longo
759 5792 942 5835 rerum
973 5787 1247 5850 spectatus
1271 5779 1339 5834 ab
1367 5795 1489 5845 usu,

1827 264 2124 325 IDYLLIA.

1956 383 2006 442 Δ
2034 378 2104 436 Ut
2133 392 2281 454 regat
2307 383 2597 442 indocilem
2621 386 2767 442 mitis
2794 399 3023 444 censura
3051 387 3352 459 juventam.

3519 271 3625 327 882

2026 473 2159 542 Qua:
2184 475 2418 531 tolerata
2444 477 2603 544 mihi,
2633 478 2811 534 donec
2833 479 2948 549 jam
2978 495 3219 534 aerumna
3246 480 3486 549 juvaret,

2025 565 2356 637 Leniretque
2388 584 2486 624 usu
2511 569 2648 624 bona
2677 574 3014 626 consuetudo
3037 572 3300 626 laborem.

2023 658 2209 715 Donec
2240 659 2307 716 ad
2331 661 2587 732 Augustae
2619 663 2704 732 pia
2736 678 2962 719 munera
2993 663 3297 732 disciplina:

2019 751 2266 819 Accirer,
2297 757 2563 825 varioque
2583 757 2903 828 accingerer
2929 767 3119 812 auctus
3144 758 3350 814 honore
3375 775 3392 814 :

2018 845 2200 904 Aurea
2224 861 2346 902 cum
2379 863 2574 919 parere
2605 849 2739 904 mihi
2773 851 2970 920 palatia
2994 851 3232 920 jussum.

2018 943 2263 1011 Absistat
2292 942 2543 1000 Nemesis
2575 963 2589 998 :
2623 944 2762 1000 ferat
2786 954 2840 1002 et
2871 943 3093 1000 fortuna
3117 945 3417 1015 jocantcm.

2017 1034 2258 1090 Prmsedi
2291 1035 2543 1106 imperio,
2569 1037 2696 1091 dum
2728 1046 3088 1107 praetextatus
3121 1038 3174 1093 in
3200 1046 3374 1104 ostro,

2016 1124 2085 1180 Et
2102 1134 2340 1196 sceptro,
2367 1136 2420 1181 et
2446 1127 2606 1194 solio,
2631 1127 2736 1181 sibi
2769 1127 2992 1198 praefert
3020 1130 3143 1198 jura
3176 1129 3445 1199 magistri,

2016 1217 2360 1288 Majoresque
2383 1227 2541 1288 putat
2569 1227 2784 1275 nostros
2807 1221 3082 1291 Augusms
3112 1220 3373 1278 honores.

2013 1310 2162 1379 Quos
2191 1327 2318 1366 mox
2339 1312 2558 1367 sublimi
2583 1321 2828 1369 maturus
2859 1314 3084 1384 protulit
3111 1311 3273 1370 auctu
3305 1333 3318 1368 :

2012 1404 2265 1468 Quaestor
2289 1411 2353 1459 ut
2374 1403 2656 1476 Augustis,
2693 1407 2856 1476 patri,
2885 1415 3124 1477 natoque
3150 1421 3370 1463 crearer
3404 1425 3418 1463 :

2012 1495 2084 1552 Ut
2117 1497 2491 1567 praefecturam
2522 1499 2815 1568 duplicem,
2849 1500 3152 1572 sellamque
3178 1500 3422 1556 curulem
3451 1543 3466 1567 ,

2013 1587 2082 1643 Ut
2107 1589 2370 1656 trabeam,
2407 1590 2718 1660 pictamque
2741 1601 3087 1662 togam,mea
3118 1594 3344 1663 praemia
3370 1633 3388 1662 ,
3421 1594 3612 1649 consul

2009 1681 2272 1738 luduerer
2301 1701 2312 1736 :
2346 1683 2611 1755 fastisque
2639 1685 2776 1740 meis
2811 1685 3066 1755 prmlatus
3090 1686 3338 1744 haberer.

1936 1765 1985 1826 B
2013 1772 2106 1829 His
2135 1789 2237 1845 ego
2261 1775 2491 1845 quaesivi
2526 1776 2782 1832 meritum
2813 1781 3185 1850 quamgrande
3210 1783 3392 1854 nepoti

2005 1864 2206 1922 Consul
2228 1881 2367 1922 avus
2394 1885 2408 1922 :
2442 1869 2732 1939 lumenque
2761 1878 2873 1924 tua:
2903 1872 3176 1940 prmluceo
3205 1873 3352 1928 vitae.

2001 1957 2261 2024 Quamvis
2289 1967 2344 2014 et
2375 1959 2886 2030 patriojarndudum
2912 1963 3133 2019 nomine
3163 1965 3368 2030 clarus,

2001 2048 2200 2104 Posses
2226 2061 2476 2119 ornatus,
2497 2066 2688 2122 posses
2716 2053 3018 2110 honoratus
3041 2055 3228 2112 haberi
3262 2075 3276 2112 :

2000 2145 2251 2202 Accessit
2283 2157 2463 2202 tamen
2491 2163 2561 2203 ex
2593 2149 2752 2205 nobis
2785 2149 2962 2207 honor
2985 2151 3247 2224 inclytus.
3273 2151 3429 2209 Hunc
3454 2163 3510 2209 tu

1999 2236 2195 2306 Effice,
2227 2255 2296 2294 ne
2323 2240 2391 2294 sit
2417 2255 2555 2295 onus
2589 2259 2600 2294 :
2639 2257 2735 2312 per
2767 2251 2821 2298 te
2848 2253 2908 2299 ut
2938 2247 3212 2300 connixus
3242 2245 3295 2300 in
3323 2246 3492 2301 altum

1996 2329 2349 2387 Couscendas
2383 2350 2395 2384 :
2428 2349 2727 2404 speresque
2753 2345 2899 2399 tuos,
2933 2346 2986 2391 te
3008 2339 3257 2402 consule,
3291 2337 3490 2396 fasces.

2572 2466 2908 2525 IDYLLIUM
2957 2469 3023 2525 V.

2122 2558 2494 2615 Genethliacon
2519 2561 2588 2615 ad
2619 2566 2857 2618 eumdem
2885 2565 3178 2621 Ausonium
3209 2577 3466 2640 nepotem.

2064 2673 2316 2732 Carmina
2343 2678 2514 2746 prima
2545 2677 2641 2733 tibi
2669 2693 2791 2734 cum
2817 2678 2928 2749 jam
2951 2681 3250 2751 puerilibus
3280 2684 3439 2738 annis

1993 2766 2262 2823 Traderet
2301 2769 2507 2824 assidui
2540 2772 2883 2841 permulcens
2913 2786 3044 2827 cura
3065 2775 3332 2845 magistri,

1992 2861 2377 2932 Imbueretque
2407 2878 2578 2918 novas
2604 2880 2789 2932 aures,
2821 2882 3126 2938 sensusque
3151 2885 3414 2941 sequaces
3441 2915 3456 2938 ,

1995 2955 2064 3011 Ut
2097 2959 2512 3028 reSpondendas
2539 2960 2707 3016 docili
2737 2976 2950 3033 quoque
2977 2979 3259 3020 murmure
3287 2981 3453 3021 voces

1995 3050 2299 3108 Emendata
2329 3053 2449 3110 rudi
2481 3057 2754 3126 proferret
2785 3055 2967 3127 lingua
2997 3057 3199 3128 palato,

1907 3141 1958 3207 Ο
1993 3145 2314 3202 Addidimus
2347 3149 2424 3203 nil
2459 3150 2614 3205 triste
2633 3164 2796 3205 senes
2831 3167 2844 3204 :
2872 3166 2942 3206 ne
2970 3166 3101 3206 cura
3133 3153 3387 3209 monendi

1991 3237 2261 3304 Laederet,
2286 3247 2380 3294 aut
2403 3241 2594 3296 dulces
2623 3249 2814 3310 gustus
2844 3243 3063 3298 vitiaret
3084 3245 3302 3300 amaris.

1989 3332 2064 3385 At
2093 3330 2279 3400 modo,
2305 3347 2428 3388 cum
2455 3343 2605 3388 motu
2629 3334 2943 3404 vigcasjam
2978 3337 3198 3405 puberis
3226 3340 3324 3394 mvi
3346 3381 3358 3404 ,

1990 3422 2289 3494 Fortiaque
2313 3440 2341 3478 a
2367 3426 2570 3482 teneris
2599 3427 2778 3497 possis
2800 3442 3118 3495 secernere;
3145 3441 3199 3486 et
3225 3432 3339 3502 ipse

1989 3515 2317 3572 Admonitor
2345 3534 2671 3588 morumque
2699 3520 2817 3586 tibi,
2851 3519 3108 3591 fandique
3137 3523 3305 3579 videri
3333 3542 3347 3578 :

1990 3609 2194 3680 Accipe
2225 3624 2332 3665 non
2361 3620 2631 3682 praecepta
2657 3612 2900 3683 quidem,
2933 3615 3028 3671 sed
3059 3626 3181 3672 vota
3206 3621 3477 3688 precantis

1990 3702 2057 3758 Et
2079 3704 2348 3773 gratantis
2375 3705 2484 3772 avi,
2510 3707 2706 3760 festum
2737 3705 2804 3762 ad
2827 3707 3073 3765 solemne
3103 3712 3331 3781 nepotis.

1988 3907 2256 3978 Adnuito,
2287 3917 2348 3964 ut
2379 3911 2634 3968 reducem
2667 3913 2901 3970 fatorum
2930 3931 2958 3970 a
2989 3916 3096 3972 ﬁne
3125 3929 3403 3975 senectam

1985 4001 2189 4072 Sospes
2219 4019 2373 4074 agam
2410 4023 2422 4057 :
2457 4004 2768 4078 festumque
2789 4008 2954 4075 diem,
2981 4010 3334 4083 dubitataque
3360 4028 3580 4070 cernam

1987 4093 2203 4164 Sidera,
2236 4096 2486 4167 deposito
2518 4113 2687 4170 prope
2711 4103 3084 4158 conclamatus
3108 4105 3162 4159 in
3188 4122 3325 4160 aevo.

1987 4184 2125 4253 Hoc,
2153 4187 2356 4243 mellite
2388 4204 2578 4259 nepos,
2611 4190 2890 4260 duplicato
2931 4193 3118 4249 fenore
3145 4206 3360 4264 partum

1984 4277 2161 4333 Natali
2190 4280 2485 4337 accedente
2516 4290 2610 4336 tuo
2643 4301 2654 4335 :
2685 4300 2990 4354 munusque
3015 4286 3206 4342 salutis

1984 4370 2205 4426 Plenius
2236 4373 2338 4427 hoc
2363 4382 2582 4440 nostrze,
2617 4375 2760 4445 quod
2785 4376 2898 4446 jam
2927 4378 3021 4434 tibi
3051 4380 3272 4448 puberis
3293 4381 3396 4435 aevi

1985 4463 2198 4519 Crescit
2221 4463 2418 4530 honos,
2439 4467 2804 4538 juvenemque
2816 4485 2980 4525 senex
2997 4471 3106 4540 jam
3123 4487 3290 4527 cerno
3304 4481 3573 4543 nepotem.

1893 4525 1950 4586 Β
1979 4555 2140 4611 Sexta
2171 4554 2264 4611 tibi
2293 4557 2410 4612 haec
2439 4561 2615 4636 primo
2638 4570 2843 4616 remeat
2864 4525 3102 4619 trieteris
3127 4565 3196 4618 ab
3222 4525 3386 4634 anno,

1977 4647 2314 4719 Septembris
2341 4652 2486 4708 notis
2509 4651 2754 4710 referens
2783 4656 3055 4712 natalibus
3083 4657 3222 4725 idus,

1977 4739 2104 4796 Idus
2134 4741 2276 4798 alma
2309 4741 2450 4811 dies,
2483 4746 2656 4816 geniis
2677 4762 2892 4818 quoque
2910 4749 3054 4804 culta
3080 4749 3328 4806 deorum.

1976 4831 2220 4890 Sextiles
2249 4835 2449 4893 l‘Iecate
2494 4839 2718 4893 Latonia
2749 4839 2989 4895 vindicat
3016 4840 3174 4907 idus;

1977 4924 2284 4982 Mercurius
2313 4928 2476 4984 Maias
2496 4945 2817 5001 superorum
2841 4931 3128 5002 adjunctus
3161 4935 3374 4989 honori.

1977 5017 2243 5074 Octobres
2265 5020 2394 5075 olim
2416 5023 2636 5091 genitus
2659 5025 2810 5080 Maro
2832 5025 3047 5081 dedicat
3071 5027 3213 5084 idus.

1977 5109 2105 5166 Idus
2125 5125 2271 5182 Saepe
2297 5112 2445 5168 colas
2468 5113 2700 5170 bissenis
2726 5119 3004 5173 mensibus
3027 5133 3242 5182 omnes,

1976 5203 2202 5261 Ausonii
2231 5207 2558 5278 quicumque
2585 5211 2690 5264 mei
2719 5212 3084 5269 celebraveris
3105 5212 3248 5268 Idus.

2053 5296 2204 5367 Vale,
2237 5312 2408 5370 nepos
2439 5298 2777 5358 dulcissime.

2540 5436 2871 5494 IDYLLIUM
2913 5437 2998 5494 Vl.

2465 5549 2539 5606 Cu
2546 5552 2668 5621 pido
2698 5555 2839 5606 cruci
2863 5535 3088 5624 afﬁxus.

2256 5665 2525 5722 Ausomus
2563 5665 2839 5724 Gascomo
2877 5667 2990 5738 ﬁlio
3027 5670 3266 5727 salutem.

2049 5786 2127 5841 An
2157 5799 2400 5855 umquam
2423 5783 2595 5842 vidisti
2623 5784 2865 5842 nebulam
2893 5787 3082 5860 pictam
3104 5789 3157 5846 in
3187 5791 3423 5862 pariete?
3453 5790 3578 5850 Vid-
