2054 3094
243 114 298 143 885

943 112 1032 142 DECII
1053 112 1191 143 AUSONll

1844 113 1907 143 884

243 172 288 198 isti
308 171 394 206 utique
415 174 438 197 et
456 170 604 199 meministi.
631 170 730 198 Treviri
755 169 849 205 quippe
877 170 904 198 in
933 170 1046 197 triclinio
1061 170 1255 204 AQuasiuter
1268 170 1371 198 medias
1386 170 1471 198 furva)
1487 170 1610 206 caliginis
1620 170 1744 200 umbram

244 218 320 246 rEoli
335 218 424 252 fucata
447 221 483 244 est
501 218 608 253 pictura
630 217 684 245 lure
700 225 710 244 :
722 216 877 252 Cupidinem
894 218 965 244 eruti
989 218 1047 253 afﬁ-

247 270 313 300 gunt
330 264 448 292 mulieres
464 264 613 296 amatrices,
625 272 677 291 non
690 264 747 291 ista:
767 265 799 291 de
819 268 909 292 nostro
928 265 1023 292 εωσυΙο
1037 284 1045 298 ,

248 320 307 348 quw
320 318 412 348 sponte
425 317 542 346 peccant,
560 311 605 338 sed
617 311 670 338 illte
683 312 808 345 heroicis,
824 319 882 345 quas
901 311 950 338 sibi
972 311 1047 347 igno-

249 363 334 390 scunt,
348 363 371 384 et
383 358 499 392 plectunt
513 358 598 390 deum,
612 365 722 393 quarunt
738 362 835 393 portent
851 358 879 384 in
900 357 1048 393 lugentibus

248 405 347 440 campis
360 403 437 430 Maro
449 408 684 431 nosterenumerat.
694 403 774 431 Hanc
786 412 832 439 ego
842 403 981 440 imaginem
991 411 1049 438 spe-

248 453 286 479 cie
299 456 323 478 et
342 455 492 487 argumento
511 451 623 478 miratus
644 459 710 478 smn.
729 450 846 486 Denique
861 450 975 477 mirandi
989 455 1047 477 stn-

251 497 475 533 poremtraustuli
500 497 534 523 ad
559 497 681 533 ineptiam
705 497 838 532 poetandi.
867 496 933 523 Mihi
955 501 1049 531 printer

249 546 342 572 lemma
351 545 416 571 nihil
427 543 523 580 placet.
535 543 588 571 Sed
595 543 746 570 commendo
760 543 804 569 tibi
819 550 930 570 errorem
941 550 1026 569 meum
1038 550 1048 569 .-

248 599 335 619 mvvos
349 596 460 622 nostros,
476 595 499 617 et
511 590 644 617 cicatrices
667 597 801 623 ornamus;
820 597 865 616 nec
890 589 938 615 soli
961 593 1050 615 nostra

249 638 311 665 vitio
327 645 446 673 peccasse
461 637 589 671 contenti,
606 635 759 669 a/Tectamus
774 640 936 663 utamentur.
956 635 1050 662 Verum

210 713 213 715 ,
251 684 316 719 quid
332 693 377 719 ego
391 684 453 711 huic
467 683 561 719 eclogte
575 683 692 710 studiose
703 681 966 718 patrocinar?Certus
980 689 1048 715 sunt,

252 731 430 766 quodcumque
446 738 530 756 meum
545 729 643 761 scieris,
658 728 767 761 (intubis,
782 728 851 763 quod
865 727 947 763 magis
958 735 1050 762 spero,

251 785 330 812 quam
343 781 370 804 ut
384 776 488 803 Iaudes.
504 774 578 809 Vale,
596 783 626 802 at:
641 774 721 809 dilige
736 778 877 809 parentem.

290 877 370 904 Aeris
386 876 412 903 in
424 876 538 910 campis,
558 879 689 902 memorat
703 882 772 910 quos
785 874 858 902 Musa
871 873 987 902 Maronis
1001 895 1008 906 ,

252 923 373 959 Myrteus
388 927 511 950 amentes
526 922 572 950 ubi
588 923 665 949 lucus
679 926 777 958 opacat.
788 926 923 954 amantes,

254 970 335 1005 Orgia
349 968 483 997 ducebant
494 968 637 1001 Heroides,
650 973 678 995 et
690 975 737 995 sua
754 974 879 1002 quaeque,

255 1016 291 1044 Ut
306 1015 443 1051 quondam
457 1014 626 1048 occiderant,
637 1014 703 1041 lellti
717 1018 878 1049 argumenta
890 1013 1034 1049 gerebant,

255 1063 387 1090 Errantes
398 1062 466 1089 silva
480 1060 506 1088 iu
527 1068 636 1096 magna,
649 1066 676 1088 et
691 1061 741 1088 sub
756 1060 814 1087 luce
829 1059 944 1094 maligna

255 1109 330 1136 Inter
345 1108 564 1143 arundineasque
580 1114 672 1134 comas
683 1125 690 1139 ,
707 1106 902 1141 gravidumque
924 1112 1054 1140 papaver,

255 1156 288 1183 Et
303 1156 398 1183 tacitos
413 1155 471 1182 sine
484 1154 544 1182 labe
557 1154 643 1186 lacus,
660 1154 720 1181 sine
735 1160 873 1180 murmure
885 1152 956 1180 rivos
973 1161 979 1178 :

255 1202 374 1235 Quorum
387 1209 434 1236 per
448 1201 522 1236 ripas
535 1200 665 1229 nelml050
679 1199 780 1227 lumine
795 1203 920 1225 marcent

255 1248 324 1275 Fleti
338 1248 401 1274 olim
417 1255 512 1282 regum
527 1252 553 1274 et
569 1254 713 1280 puerorum
731 1246 840 1273 nomina
852 1244 943 1278 liores,

257 1296 371 1323 Mirator
386 1294 540 1328 Narcissus,
555 1298 582 1321 et
595 1293 742 1322 (Ebulides
755 1292 933 1328 Hyacinthus,

259 1342 294 1369 Et
307 1340 409 1368 Crocus
424 1341 605 1372 auricomans,
622 1344 650 1367 et
664 1340 768 1367 murice
784 1339 873 1373 pictus
887 1339 1001 1373 Adonis,

259 1388 292 1415 Et
304 1389 407 1422 tragico
419 1387 535 1422 scriptus
546 1387 645 1422 gemitu
657 1386 822 1414 Salaminius
836 1386 912 1413 Eas.

258 1434 354 1460 Omnia
369 1441 430 1468 qum
443 1433 570 1469 lacrymis
581 1437 609 1460 et
620 1432 757 1460 amoribus
769 1432 848 1460 auxia
863 1433 967 1460 tumetis

260 1481 395 1508 Exercent
408 1484 543 1507 memores
557 1479 628 1506 obitu
643 1479 697 1514 jam
714 1483 801 1506 morte
816 1479 938 1509 dolores,

259 1526 363 1553 Rursus
377 1526 403 1553 in
420 1526 549 1553 alIliSslllll
562 1531 692 1553 revocant
705 1526 835 1552 lleroldas
848 1530 948 1551 aevum.

260 1572 415 1598 Fulmineos
428 1571 536 1598 Semele
550 1572 661 1605 derepta
675 1578 805 1604 puerpera
823 1577 915 1604 partus

259 1617 352 1648 Dellet,
369 1622 394 1643 et
410 1616 548 1642 muhusu’ts
562 1616 686 1642 lacerans
702 1622 749 1649 por
763 1616 851 1642 inania
867 1623 951 1642 cunas

261 1662 379 1689 Ventilat
395 1663 518 1697 ignavum
535 1662 653 1689 simulati
668 1662 788 1694 fulminis
805 1662 904 1696 ignem.

226 1704 228 1707 ’
258 1709 335 1735 Irrita
348 1709 417 1736 dona
432 1714 563 1743 querens,
583 1715 648 1734 sexu
663 1708 756 1743 gavisa
769 1708 849 1740 virili,

261 1755 355 1783 Moeret
366 1755 391 1782 in
407 1759 546 1790 auttquam
561 1754 649 1782 tia-nis
662 1759 787 1782 I'GVUealﬂ
802 1756 923 1789 ligurum.

1099 217 1215 252 Dispulit
1230 217 1400 245 inconsultus
1416 217 1499 245 Amor
1512 217 1691 246 stridentibus
1704 218 1769 247 alis.

1099 264 1243 299 Agnovere
1258 271 1352 292 omnes
1365 271 1479 299 puerum
1498 273 1504 291 ἒ
1523 264 1695 300 memorique
1710 273 1824 293 recursu

1099 310 1277 339 Communem
1292 318 1405 338 sensere
1412 319 1500 343 reum,
1509 319 1672 347 quamquam
1681 312 1791 341 humida
1798 313 1908 340 circum

1099 357 1198 386 Nubila
1214 362 1241 386 et
1255 359 1357 385 auratis
1372 358 1502 394 fulgentia
1518 359 1625 394 cingula
1635 359 1735 393 bullis,

1101 405 1134 433 Et
1149 405 1317 440 pharetram,
1334 410 1362 433 et
1373 406 1463 434 rutilae
1475 405 1611 433 fuscarent
1624 406 1764 442 lampadas
1785 407 1878 443 ignem
1898 416 1908 436 :

1101 453 1262 488 Agnoscunt
1277 458 1366 481 tamen
1385 462 1392 480 :
1405 458 1432 481 et
1445 462 1543 482 vanum
1558 454 1666 482 vibrare
1679 454 1800 489 vigorem

1101 498 1259 534 Occipiunt:
1271 499 1432 534 hostemque
1448 507 1530 527 unum
1547 499 1606 526 loca
1623 507 1677 527 non
1697 507 1746 528 sua
1770 505 1883 530 nactum
1898 522 1907 535 ,

1101 543 1170 571 Cum
1188 544 1278 579 pigros
1292 550 1384 580 ageret
1395 545 1478 572 densa
1492 545 1541 573 sub
1554 550 1634 573 nocte
1650 546 1769 580 volatus,

1102 590 1184 618 Facta
1200 590 1271 618 nube
1288 591 1619 626 premnnt;trepidantem
1635 597 1661 619 et
1677 600 1752 620 cassa
1760 598 1908 628 parantem

1101 635 1232 671 Sull‘ugia,
1251 637 1278 664 in
1293 642 1394 664 coetum
1412 637 1509 665 medias
1525 643 1632 665 traxere
1648 644 1776 667 caterva).
1792 630 1796 633 ’

1103 682 1223 716 Eligitur
1238 687 1336 710 moesto
1348 688 1454 718 myrtus
1471 683 1613 711 notissima
1630 684 1703 716 luco,

1103 729 1237 757 Invidiosa
1250 729 1330 758 deum
1344 730 1443 765 poenis.
1456 730 1631 759 Cruciarerat
1646 731 1701 759 illic

1105 778 1203 812 Spreta
1218 778 1283 805 olim
1299 785 1447 806 memorem
1464 778 1580 806 Veneris
1595 779 1759 815 Proserpina
1783 780 1909 809 Adoniu.

1106 825 1191 859 llujus
1205 825 1231 852 in
1246 825 1357 852 excelso
1373 831 1536 860 suspensum
1550 825 1644 860 stipite
1660 826 1800 861 Amorem,

1068 857 1092 888 Β
1106 857 1266 900 Devinctum
1280 876 1340 907 post
1353 857 1428 907 terga
1439 879 1547 905 manus,
1563 857 1764 907 substrictaque
1788 857 1890 909 plantis

1106 918 1218 946 Vincula
1232 923 1403 951 monentem,
1421 912 1497 946 nullo
1511 918 1697 946 moderamine
1711 926 1800 953 potate

1106 964 1226 1000 Alliguut
1243 973 1249 991 :
1265 972 1328 992 reus
1343 968 1385 992 est
1400 964 1460 992 sine
1475 964 1599 997 crimine,
1614 964 1707 999 judice
1722 965 1799 993 nullo

1105 1010 1256 1038 Accusatus
1268 1010 1363 1038 Amor.
1378 1009 1412 1037 Se
1426 1009 1542 1045 quisque
1555 1010 1701 1038 absolvere
1714 1010 1807 1046 gestit,

1106 1058 1264 1086 Transierat
1276 1063 1304 1085 ut
1321 1059 1443 1093 proprias
1458 1058 1545 1085 aliena
1560 1058 1585 1085 in
1600 1059 1713 1086 crimina
1728 1059 1834 1095 culpas.

1106 1105 1217 1132 Cuncta:
1232 1105 1430 1138 exprobrantes
1448 1098 1553 1131 tolerati
1566 1105 1679 1140 insignia
1694 1105 1760 1132 lethi

1107 1150 1269 1185 Expediunt.
1287 1149 1350 1177 llaec
1365 1157 1440 1177 arma
1456 1154 1563 1185 putant,
1577 1150 1636 1178 hinc
1652 1150 1718 1178 ultio
1733 1151 1833 1184 dulcis,

1107 1197 1143 1225 Ut
1157 1204 1211 1232 quo
1225 1203 1339 1232 qumque
1356 1196 1446 1231 periit,
1463 1196 1571 1224 studeat
1583 1198 1681 1232 punire
1691 1197 1799 1226 dolore.

1108 1243 1172 1271 llaec
1185 1244 1311 1279 laqueum
1328 1247 1416 1276 tenet,
1433 1243 1490 1271 lucc
1502 1243 1620 1278 speciem
1640 1244 1778 1272 mucronis
1799 1245 1911 1273 inanem

1109 1290 1227 1324 Ingerit:
1245 1289 1289 1316 illa
1305 1296 1386 1317 cavo;
1400 1297 1505 1321 amnes,
1523 1297 1673 1324 rupemque
1688 1290 1823 1325 lragnsmn
1834 1312 1843 1324 ,

1108 1335 1255 1370 lnsauiquc
1271 1342 1373 1362 mentm
1387 1335 1483 1370 pelagi,
1500 1340 1523 1362 et
1538 1336 1596 1363 sine
1609 1335 1736 1363 ﬂuctibus
1750 1344 1857 1371 :rquor.

1108 1382 1248 1409 Nonnulla:
1265 1382 1387 1409 ﬂammas
1402 1382 1536 1415 quatiunt,
1556 1383 1716 1417 trepidoque
1733 1383 1873 1410 minantur

1109 1428 1261 1456 Stridentes
1277 1428 1352 1455 nullo
1365 1428 1426 1462 igne
1438 1428 1520 1455 iaces.
1541 1428 1679 1455 lleeindit
1693 1429 1815 1455 adultum

1108 1475 1213 1511 Myrrha
1225 1479 1330 1502 uterum
1344 1475 1471 1510 lacrymis
1483 1474 1654 1508 lugentibus;
1668 1474 1749 1510 inque
1761 1479 1908 1510 paventem

1110 1522 1238 1549 Gemmea
1255 1520 1363 1548 [letiferi
1378 1521 1515 1555 jaculatur
1529 1521 1639 1548 succina
1654 1522 1754 1548 trunci.

1111 1567 1239 1600 Qua:dam
1257 1566 1443 1601 ignoscenlum
1461 1566 1552 1601 specie
1567 1567 1682 1594 ludibria
1700 1572 1804 1594 tantum

1111 1613 1173 1641 Sola
1187 1613 1279 1639 volunt
1295 1622 1300 1639 :
1318 1613 1405 1648 stylus
1419 1617 1447 1639 ut
1462 1614 1549 1640 tenuis
1562 1613 1612 1640 sub
1627 1613 1752 1640 acumine
1766 1614 1861 1648 puncti

1111 1659 1210 1686 Eliciat
1227 1664 1360 1692 tenerum,
1378 1659 1412 1686 de
1427 1667 1481 1694 quo
1497 1659 1567 1686 Rosa
1586 1666 1660 1690 nata,
1678 1668 1816 1687 cruorem.

1111 1705 1164 1731 Aut
1178 1705 1242 1739 ptthi
1257 1698 1420 1731 admoveant
1437 1705 1583 1740 petulantia
1599 1706 1699 1732 lumina
1716 1705 1818 1741 lychni.

1110 1750 1170 1785 Ipsa
1185 1752 1267 1778 etiam
1284 1750 1365 1778 simili
1380 1751 1495 1785 genitrix
1515 1752 1628 1778 obnoxia
1642 1751 1728 1785 culpa:

264 1802 379 1828 Vulnera
396 1802 481 1828 stt-cat
492 1801 580 1828 adhuc
597 1801 726 1829 Procris:
741 1802 907 1837 Cephallque
917 1806 1057 1829 cruentam
1111 1798 1189 1825 Alma
1208 1798 1295 1825 Venus
1312 1803 1400 1824 tantos
1417 1802 1540 1832 penetrat
1556 1805 1650 1824 secura
1669 1798 1809 1825 tumultus.

259 1848 352 1883 Diligit
367 1853 395 1876 et
411 1855 537 1883 percussa
553 1856 674 1876 tnauutn.
691 1849 755 1876 Fert
767 1848 866 1876 l'umidn
882 1854 950 1876 testa

261 1894 375 1922 Lumina
389 1895 511 1922 Sestiaca
526 1903 646 1928 pra-ceps
661 1895 694 1922 de
709 1900 785 1922 turre
801 1896 900 1930 puella.

261 1942 295 1967 lit
311 1941 344 1968 de
357 1941 484 1969 nimboso
499 1941 596 1968 saltum
613 1941 731 1969 Leucate
744 1942 865 1969 minatur

261 1988 380 2016 lllascula
397 1987 536 2021 Lesbiacis
547 1987 659 2022 Sappho
672 1980 790 2022 peritura
806 1989 924 2024 sagittis.

261 2034 417 2061 llarmoniat
429 2034 519 2061 cultus
535 2033 667 2069 Eriphyla
682 2039 779 2062 mmstu
796 2038 912 2068 recusat,

260 2080 355 2108 infelix
371 2084 448 2112 nato,
464 2087 515 2107 nec
528 2080 665 2108 fortunata
680 2080 787 2108 marito.

260 2126 328 2154 Tota
344 2134 453 2162 quoque
467 2127 550 2154 aeria:
561 2126 660 2155 Minoia
676 2126 766 2154 fabula
778 2126 878 2160 Cretas,

259 2173 430 2200 Picturarum
442 2172 527 2200 instar
538 2173 612 2200 tenui
625 2173 675 2200 sub
690 2173 806 2209 imagine
819 2174 917 2201 vibrat.

260 2219 395 2254 Pasiphae
407 2219 478 2247 nivei
488 2220 612 2255 sequitur
626 2220 737 2256 vestigia
752 2221 832 2248 tauri.

261 2268 335 2295 Licia
348 2268 399 2295 fert
411 2267 561 2302 glomerata
576 2275 657 2295 manu
673 2268 782 2296 deserta
797 2268 926 2295 Ariadne.

261 2313 383 2348 Respicit
395 2314 514 2348 abjeetas
530 2313 679 2348 desperans
690 2313 803 2341 Phaedra
819 2314 941 2342 tabellas.

260 2359 325 2386 Haec
341 2360 465 2394 laqueum
477 2360 546 2395 gerit
562 2368 568 2386 :
585 2359 644 2387 haec
657 2367 735 2387 Vanaa
747 2359 892 2387 simulacra
906 2367 1014 2387 coronae
1031 2368 1038 2387 :

260 2404 389 2432 Daedalis:
406 2405 488 2440 pudet
503 2405 574 2433 hanc
588 2405 707 2434 latebras
720 2406 985 2440 subiissejuvenctu.

259 2453 415 2487 Praereptas
426 2453 550 2486 queritur
566 2461 614 2488 per
628 2453 716 2480 inania
728 2453 827 2488 gaudia
839 2457 932 2480 noctes

259 2499 408 2527 Laodamia
422 2499 489 2527 duas
502 2500 557 2527 vivi
567 2500 706 2535 iunctique
720 2500 821 2527 mariti.

257 2548 339 2575 Parte
355 2551 447 2574 truces
462 2546 513 2573 alia
529 2546 632 2574 strictis
644 2546 822 2574 mucronibus
837 2553 934 2574 omnes

257 2594 293 2621 Et
308 2593 420 2627 Thisbe,
436 2598 464 2621 et
477 2592 593 2626 Canace,
609 2598 637 2621 et
652 2593 761 2622 Sidonis
777 2595 869 2622 horret-
886 2594 984 2622 Elissa.

258 2640 389 2675 Conjugis
399 2640 467 2672 haec,
477 2640 535 2668 haec
547 2640 641 2675 patris,
649 2645 677 2668 et
684 2640 742 2667 haec
748 2640 820 2675 gerit
827 2640 942 2676 hospitis
949 2646 1055 2668 ensem.

257 2686 336 2713 Errat
349 2691 376 2714 et
387 2688 443 2721 ipsa
457 2687 533 2719 olim,
547 2687 635 2722 qualis
651 2694 699 2722 per
715 2687 819 2714 Latmia
833 2694 898 2714 saxa

254 2731 461 2767 Endymioneos
475 2733 555 2764 solita
570 2733 699 2761 atl‘ectare
712 2740 838 2767 sopores,

256 2776 325 2804 Cum
339 2778 409 2810 face,
422 2783 450 2806 et
465 2781 599 2814 astrigero
611 2779 764 2807 diademate
777 2779 853 2807 Luna
870 2780 999 2807 bicornis.

255 2824 370 2850 Centum
386 2824 447 2852 alite
461 2829 583 2852 veterum
596 2826 747 2854 recolentes
758 2826 870 2854 vulnera
882 2831 1016 2861 amorum,

257 2867 386 2898 Dulcibus
401 2875 428 2898 et
443 2871 547 2900 mustis
560 2871 683 2901 reiovcut
699 2877 833 2901 tormenta
848 2872 979 2908 querelis.

1111 1844 1165 1871 Nec
1178 1839 1366 1871 circumvento
1382 1851 1533 1879 properans
1548 1843 1676 1879 suffragia
1691 1849 1754 1871 nato

1111 1891 1255 1918 Terrorem
1270 1891 1428 1926 ingeminat,
1443 1891 1616 1926 stimulisque
1632 1891 1758 1918 accendit
1771 1891 1875 1919 amaris

1110 1937 1251 1972 Ancipites
1266 1937 1348 1965 furias
1366 1946 1372 1964 :
1389 1937 1499 1972 natique
1514 1938 1540 1964 in
1556 1937 1670 1965 crimina
1685 1938 1792 1965 enttfert

1111 1984 1233 2011 Dedecus
1247 1984 1305 2018 ipsa
1321 1992 1399 2012 suurn
1418 1993 1423 2011 :
1440 1985 1511 2019 quod
1527 1984 1633 2012 vincula
1649 1992 1720 2012 etrca
1737 1985 1827 2012 mariti

1110 2030 1249 2065 Deprenso
1264 2030 1382 2058 Mavorte
1396 2030 1458 2057 tulit
1476 2039 1482 2057 :
1498 2031 1569 2065 quod
1586 2030 1657 2065 pube
1672 2030 1796 2066 pudenda

1110 2076 1321 2110 Hellespontiaci
1338 2076 1441 2104 ridetur
1455 2076 1541 2103 forma
1558 2076 1660 2111 Priapi.

1108 2123 1185 2156 Quod
1200 2124 1317 2151 crudelis
1331 2123 1422 2159 Eryx;
1440 2123 1511 2158 quod
1527 2123 1637 2150 semivir
1653 2122 1909 2158 Hermaphroditus.

1109 2172 1164 2199 Nec
1179 2172 1245 2199 satis
1261 2173 1286 2199 in
1302 2171 1405 2203 verbis.
1424 2172 1512 2199 lioseo
1529 2171 1617 2199 Venus
1631 2179 1712 2198 aurea
1726 2175 1801 2198 serto

1071 2236 1098 2266 D
1111 2219 1270 2247 llltnrentem
1286 2219 1373 2254 pulsat
1388 2226 1512 2253 puerum,
1527 2223 1554 2246 et
1568 2218 1690 2253 graviora
1706 2221 1860 2252 paventem.

1111 2266 1164 2293 Ulli
1179 2273 1344 2301 purpureum
1359 2266 1476 2292 muICato
1492 2272 1607 2299 corpore
1623 2271 1713 2292 rorem

1112 2312 1206 2339 Sutilis
1221 2312 1354 2346 expressit
1368 2311 1466 2339 crebro
1482 2319 1543 2339 rosa
1561 2311 1675 2338 verbere
1692 2319 1697 2336 ε
1713 2317 1784 2345 qttte,
1799 2310 1854 2343 jam

1111 2358 1204 2385 Tincta
1221 2359 1305 2392 prius,
1321 2358 1401 2385 traxit
1416 2358 1524 2384 rutilum
1542 2358 1627 2391 magis
1643 2357 1718 2391 ignea
1735 2356 1834 2383 fucum.

1111 2404 1174 2431 lude
1191 2409 1279 2431 truces
1295 2404 1418 2431 cecidere
1433 2404 1512 2430 mium
1529 2411 1536 2430 :
1551 2402 1722 2437 viudictaqne
1736 2401 1824 2435 major

1111 2453 1230 2480 Crimine
1245 2453 1299 2479 visa
1315 2461 1375 2484 suo,
1394 2452 1524 2479 Venerem
1543 2451 1643 2478 factura
1662 2456 1815 2478 nocentem.

1111 2499 1177 2533 lpszr
1194 2500 1365 2526 intercedunt
1383 2499 1523 2531 Heroides,
1539 2502 1564 2524 et
1579 2506 1625 2524 sua
1638 2505 1751 2532 qua-que

1111 2547 1215 2573 Funera
1230 2547 1331 2573 crudeli
1348 2546 1451 2573 malunt
1468 2545 1602 2572 ascribere
1617 2546 1683 2571 l'ato.

1111 2593 1176 2619 Tum
1194 2598 1284 2626 grates
1300 2593 1342 2626 pia
1359 2598 1445 2619 mater
1459 2592 1511 2625 agit
1528 2591 1646 2618 (:t‘ssisse
1663 2591 1799 2621 dolentes,

1111 2640 1143 2666 lit
1156 2639 1320 2666 condonatas
1336 2646 1419 2673 puero
1431 2638 1569 2665 dimittere
1585 2638 1688 2672 culpas.

1145 2686 1220 2711 Talia
1243 2684 1381 2712 nocturnis
1395 2685 1458 2711 olim
1475 2684 1619 2711 simulacra
1637 2683 1728 2718 ﬁguris

1108 2732 1243 2758 Exercent
1258 2732 1388 2765 trepidam
1403 2739 1479 2757 casm
1494 2737 1597 2758 terrore
1612 2730 1741 2765 quietem,

1108 2780 1172 2811 Qum
1189 2784 1328 2813 postquam
1347 2779 1428 2805 multa
1444 2786 1587 2813 perpessus
1603 2782 1682 2804 nocte
1694 2776 1798 2810 (liquido

1110 2826 1220 2860 l'lll‘ugit;
1235 2827 1309 2860 pulsa
1326 2826 1432 2852 tandem
1449 2826 1563 2859 caligine
1580 2826 1668 2852 somni

1110 2874 1202 2900 livolat
1220 2874 1250 2900 ad
1269 2881 1392 2908 supcrOs,
1412 2879 1542 2909 portaque
1558 2872 1647 2902 evadit
1661 2872 1774 2901 eburna.
