4108 6188
317 267 424 328 885

873 377 1206 439 IDYLLIUM
1255 378 1371 439 Ἧι.

1002 493 1232 550 Bissula.

615 613 639 642 "-
670 612 937 668 Ausouws
978 613 1164 670 PAULO
1202 630 1296 669 suo
1333 614 1572 668 salutem.

399 727 669 783 Pervincis
701 737 892 793 tamen,
925 736 974 781 et
1002 736 1182 800 operta
1205 727 1480 783 Musarum
1501 744 1734 783 mearum
1759 765 1774 794 ,
1796 727 1922 801 qua:

321 823 594 877 initiorum
637 821 841 876 velabat
863 821 1188 892 obscuritas,
1234 838 1545 893 quamquam
1598 839 1703 877 non
1744 823 1922 894 profaa

322 935 419 972 nus
445 916 718 986 irrumpis,
755 913 923 970 Paule
953 916 1276 971 charissime.
1322 916 1566 984 Quamvis
1586 916 1720 970 enim
1743 925 1792 971 te
1817 931 1920 970 non

318 1015 436 1084 ejus
465 1011 609 1082 vulgi
635 1009 946 1079 existimem,
987 1012 1129 1081 quod
1174 1009 1434 1066 Horatius
1465 1018 1604 1066 arcet
1635 1012 1874 1084 ingressu
1899 1051 1916 1077 ,

317 1116 492 1159 tanton
520 1120 615 1159 sua
641 1104 826 1173 cuique
853 1120 1023 1158 sacra.
1055 1105 1167 1158 Nec
1188 1105 1326 1159 idem
1352 1104 1528 1161 Cereri
1545 1105 1684 1176 quod
1710 1105 1916 1173 Libero,

315 1201 479 1256 etiam
503 1200 597 1255 sub
619 1199 800 1255 iisdem
832 1199 1135 1254 cultoribus.
1165 1197 1414 1253 Poemata
1436 1215 1554 1268 qua:
1570 1200 1625 1254 in
1650 1200 1918 1255 alumnam

317 1309 484 1348 meam
499 1295 742 1359 luseram,
761 1291 916 1345 rudia
941 1301 990 1346 et
1012 1292 1256 1345 inchoata
1273 1293 1343 1345 ad
1357 1293 1649 1347 domesticae
1673 1293 1920 1349 solatium

315 1389 609 1454 cantilenae,
643 1402 758 1441 cum
777 1386 888 1440 sine
914 1395 1055 1440 metu
1083 1396 1130 1440 et
1157 1403 1352 1441 arcana
1373 1389 1646 1442 securitate
1675 1390 1915 1459 {rueren-

315 1491 424 1546 tur,
448 1480 682 1552 proferre
711 1479 779 1532 ad
801 1477 969 1532 lucem
995 1477 1280 1552 caligantia
1304 1479 1512 1550 coegisti
1538 1495 1557 1533 :
1595 1480 1916 1535 verecundia:

315 1591 442 1628 mea?
469 1573 662 1627 scilicet
693 1572 920 1640 spolium
952 1573 1278 1642 concupisti,
1325 1581 1417 1625 aut
1442 1582 1694 1642 quantum
1738 1572 1828 1626 tibi
1855 1574 1911 1626 in

315 1681 396 1720 me
412 1667 554 1737 juris
573 1674 706 1718 esset
731 1665 794 1717 ab
817 1665 974 1718 invito
1001 1665 1245 1719 indicari.
1275 1665 1377 1720 Na:
1396 1674 1452 1719 tu
1469 1665 1758 1722 Alexandri
1784 1665 1909 1721 Ma-

1815 253 2117 327 lDYLLlA.

3529 260 3643 332 886

2330 372 2414 434 Ad
2437 379 2702 455 pictorem,
2734 379 2799 436 de
2825 379 3048 438 Bissqu
3069 379 3312 455 imagine.

2098 493 2309 554 Bissula
2336 511 2438 561 nec
2466 498 2627 566 ceris,
2661 512 2762 555 nec
2791 497 2915 555 fuco
2943 498 3223 556 imitabilis
3251 497 3386 568 ullo,

2026 589 2279 647 Naturale
2306 590 2474 648 decus
2503 591 2640 647 ﬁctae
2659 606 2764 647 non
2794 591 3104 648 commodat
3133 592 3262 649 arti.

2025 683 2274 756 Sandyx,
2305 691 2359 740 et
2385 699 2629 754 cerussa,
2664 685 2800 741 alias
2827 685 3079 742 simulate
3105 685 3334 757 puellas,

2025 775 2371 846 Temperiem
2387 775 2530 833 hanc
2552 777 2734 833 vultus
2747 779 2917 835 nescit
2933 795 3284 851 manus,ergo
3295 780 3616 854 age,pictor,

2025 869 2294 926 Puniceas
2322 870 2596 926 confunde
2623 886 2808 942 rosas,
2841 879 2896 928 et
2924 873 3036 929 lilia
3069 872 3261 929 misce.

2024 962 2233 1036 Quique
2257 964 2360 1020 erit
2386 979 2454 1021 ex
2480 963 2586 1020 illis
2610 965 2762 1022 color
2790 966 2954 1034 aeris,
2984 965 3103 1038 ipse
3134 965 3206 1022 sit
3233 965 3365 1024 oris.

2631 1081 2716 1135 Ad
2755 1082 3009 1136 eumdem.

2024 1190 2257 1262 Pingerc
2283 1190 2329 1246 si
2356 1200 2597 1247 nostram
2628 1193 2806 1263 pictor
2836 1193 3116 1251 meditaris
3141 1193 3438 1261 alumnam,

2094 1283 2309 1339 AEmula
2335 1283 2623 1356 CecrOpias
2651 1300 2740 1342 ars
2768 1286 3010 1344 imitetur
3035 1301 3186 1359 apes.

2555 1401 2887 1462 IDYLLIUM
2940 1403 3078 1462 VIII.

2025 1515 2264 1572 Precatio
2307 1518 2520 1592 Ausonii
2566 1521 2793 1576 consulis
2831 1521 3114 1592 designati,
3162 1521 3329 1592 pridie
3373 1519 3619 1579 kalendas

2440 1591 2684 1646 Januarii
2725 1591 2955 1662 fascibus
2975 1591 3217 1664 sumptis.

2018 1705 2053 1751 ε’
2091 1705 2244 1774 Jane,
2269 1707 2394 1764 veni
2429 1714 2648 1763 :'novus
2678 1723 2838 1774 anne,
2865 1708 3019 1764 veni:
3053 1717 3311 1766 renovate
3338 1703 3619 1778 veni,Sol,

316 1759 524 1812 cedonis
550 1757 892 1826 pervicaciam
920 1773 1290 1828 supergressus
1316 1800 1330 1824 ,
1359 1759 1445 1828 qui
1473 1758 1654 1828 fatalis
1675 1760 1801 1830 jugi
1834 1759 1912 1814 lo-
1940 1777 1990 1844 Β
2015 1757 3265 1856 C

315 1869 397 1919 ra,
422 1869 538 1906 cum
564 1849 764 1907 solvere
783 1868 885 1906 non
905 1861 1098 1922 posset,
1123 1852 1364 1920 abscidit,
1394 1861 1439 1906 et
1454 1850 1664 1923 Pythia:
1677 1868 1907 1922 specum,

314 1947 453 2019 quod
476 1948 624 2016 nefas
650 1956 758 2000 erat
785 1955 977 2015 petere,
1007 1947 1316 2016 penetravit.
1346 1945 1503 2001 Utere
1527 1947 1688 2016 igitur
1719 1955 1771 2000 ut
1812 1947 1913 2002 tuis

319 2040 442 2110 pari
458 2041 604 2110 jure,
627 2038 718 2092 sed
745 2038 937 2108 ﬁducia
965 2037 1187 2105 dispari.
1225 2038 1428 2109 Quippe
1449 2046 1538 2091 tua
1569 2047 1781 2108 possunt
1818 2055 1912 2110 po-

313 2132 497 2204 pulum
525 2148 629 2186 non
658 2133 858 2199 timere,
887 2131 1014 2185 meis
1040 2132 1194 2184 etiam
1223 2133 1360 2184 intra
1380 2145 1458 2184 me
1485 2129 1743 2185 erubesco.

388 2271 455 2328 Ut
484 2271 724 2337 voluisti,
749 2269 932 2334 Paule,
965 2275 1194 2323 cunctos
1223 2267 1450 2323 Bissula:
1477 2281 1668 2324 versus
1697 2265 1862 2324 habes
1891 2283 1906 2326 :

312 2363 566 2419 Lusimns
595 2378 730 2434 quos
760 2363 811 2416 in
845 2361 1037 2419 Saeva:
1065 2358 1293 2430 gratiam
1338 2359 1692 2428 virgunculae,

310 2459 490 2515 Otium
523 2458 692 2527 magis
722 2457 996 2524 foventes,
1029 2469 1192 2524 quam
1220 2452 1503 2509 studentes
1531 2453 1764 2524 gloriae.)

309 2555 392 2610 Ttt
428 2552 688 2608 molestus
717 2550 986 2621 ﬂagitator
1015 2548 1134 2619 lege
1164 2547 1395 2603 molesta
1425 2547 1688 2602 carmina.

309 2646 466 2714 Tibi,
507 2643 648 2716 quod
693 2641 927 2711 intristi,
958 2639 1298 2697 exedendum
1341 2649 1456 2706 est;
1489 2638 1568 2694 sic
1600 2649 1760 2695 vetus
1783 2655 1907 2697 ver-

1471 2731 1619 2804 [qbum
1644 2729 1832 2802 jubet;

311 2828 636 2901 Compedes,
667 2842 800 2900 quas
831 2827 947 2897 ipse
979 2825 1128 2891 fecit,
1158 2824 1306 2896 ipsus
1334 2833 1394 2879 ut
1422 2832 1600 2895 gestet
1626 2822 1796 2880 faber.

728 2967 810 3020 Ad
847 2965 1086 3050 lectorem
1112 2963 1272 3032 hujus
1299 2961 1479 3017 libelli.

307 3085 577 3142 Carminis
606 3082 869 3154 incompti
899 3092 1113 3138 tenuem
1147 3080 1353 3136 lecture
1384 3079 1650 3149 libellum,

383 3179 528 3234 Pone
561 3177 934 3249 supercilium.
1127 3173 1134 3180 ’

307 3274 463 3330 Seria
490 3273 784 3327 contractis
809 3271 1054 3341 expende
1087 3275 1333 3341 poemata
1365 3267 1534 3338 rugis.

378 3366 486 3420 Nos
517 3363 816 3434 Thymelen
843 3362 1144 3431 sequimur.

305 3457 520 3514 Bissula
547 3456 598 3510 in
633 3453 733 3508 hoc
763 3453 986 3508 schedio
1017 3451 1346 3516 cantabitur,
1376 3457 1468 3504 aut
1495 3451 1773 3506 Erasinus.

381 3547 684 3610 Admoneo,
710 3553 834 3600 ante
861 3539 1032 3600 bibas.

305 3641 515 3710 chnnis
548 3639 620 3694 nil
652 3637 853 3707 scribo,
885 3651 1068 3693 meum
1102 3641 1224 3706 post
1253 3635 1444 3705 pocula
1475 3635 1518 3691 si
1548 3635 1669 3706 quis

381 3730 616 3802 Legerit,
652 3729 738 3784 hic
768 3729 968 3801 sapiat.

310 3823 418 3879 Sed
447 3821 618 3893 magis
652 3821 740 3876 hic
769 3821 974 3891 sapiet,
1002 3818 1046 3874 si
1074 3815 1311 3875 dormiet
1344 3835 1356 3873 :
1390 3823 1444 3874 et
1475 3826 1628 3889 putet
1659 3818 1757 3874 ista

381 3918 603 3975 Somnia
631 3916 796 3972 missa
828 3917 953 3972 sibi.

315 4057 414 4112 Ubi
455 4065 580 4112 nata
620 4055 686 4109 sit
728 4053 959 4122 Bissula,
1003 4062 1052 4108 et
1089 4053 1344 4136 quomodo
1383 4051 1437 4107 in
1476 4068 1662 4106 manus
1708 4051 1908 4108 domini

998 4134 1210 4180 venerit.

314 4241 519 4296 Bissula
547 4249 696 4296 trans
716 4239 953 4311 gelidum
975 4241 1144 4308 stirpe
1166 4247 1220 4294 et
1243 4237 1358 4294 lare
1388 4246 1604 4306 prosata
1629 4237 1904 4308 Rhenum,

382 4333 609 4390 Conscia
639 4332 911 4389 nascentis
937 4330 1151 4386 Bissula
1186 4328 1440 4396 Danubii,

313 4425 480 4497 Capta
511 4441 697 4492 manu,
726 4426 822 4481 sed
852 4427 1013 4479 missa
1045 4440 1231 4491 manu,
1261 4423 1574 4478 dominatur
1601 4422 1654 4476 in
1684 4421 1800 4492 ejus

387 4518 626 4584 Deliciis,
656 4519 812 4588 cujus
840 4516 1029 4572 bellica
1063 4517 1242 4588 praeda
1272 4517 1393 4570 fuit.
1611 4581 1614 4588 1

313 4611 482 4666 Matre
510 4625 726 4676 carens,
762 4611 991 4666 nutricis
1031 4625 1214 4681 egens,
1246 4611 1474 4666 nescivit
1505 4611 1655 4667 hcrai

385 4704 1164 4775 lmperinm...........

315 4795 568 4852 Fortunae
601 4811 666 4852 ac
696 4795 887 4866 patriae
915 4810 1034 4865 qua!
1063 4794 1205 4850 nulla
1237 4796 1529 4866 Opprobria
1561 4794 1754 4861 sensit,

389 4887 534 4943 Illico
563 4887 848 4958 inexperto
880 4888 1046 4942 libera
1079 4887 1326 4942 servitio.

316 4979 406 5035 Sic
434 4979 604 5034 Latiis
637 4990 837 5035 mutata
871 4980 1048 5043 bonis,
1081 4979 1346 5035 Germana
1377 4991 1626 5035 maneret

388 5070 457 5126 Ut
486 5071 674 5139 facies,
706 5071 894 5126 oculos
922 5073 1148 5138 caerula,
1179 5072 1315 5126 ﬂava
1345 5086 1550 5127 comas.

312 5164 632 5234 Ambiguam
675 5164 834 5219 modo
869 5165 1046 5235 lingua
1079 5165 1224 5230 facit,
1257 5165 1417 5220 modo
1447 5167 1618 5220 forma
1650 5167 1905 5238 puellam,

387 5255 513 5310 Haec
539 5255 732 5312 Rheno
757 5259 993 5327 genitam
1027 5256 1304 5326 praedicat,
1340 5257 1455 5311 haec
1485 5256 1657 5313 Latio.

835 5389 914 5444 De
952 5389 1131 5446 eadem
1159 5391 1385 5447 Bissula.

386 5503 671 5570 Delicium,
704 5504 1000 5569 blanditiae,
1034 5503 1211 5571 ludus,
1244 5521 1416 5573 amor,
1451 5505 1722 5578 voluptas,

316 5601 575 5666 Barbara,
605 5598 700 5654 sed
729 5615 848 5669 qua:
876 5599 1057 5655 Latias
1087 5599 1263 5653 vincis
1294 5599 1512 5654 alumna
1540 5616 1730 5672 pupas,

318 5692 532 5749 Bissula
558 5707 754 5748 nomen
789 5702 987 5748 tenerae
1015 5693 1336 5748 rusticulum
1366 5695 1584 5763 puellae,

319 5785 670 5843 llorridulum
701 5801 810 5842 non
844 5787 1042 5856 solitis,
1074 5785 1170 5844 sed
1200 5787 1426 5848 domino
1457 5798 1764 5849 venustum.

1933 4543 1987 4616 1)

2017 1892 2227 1964 Ecquid
2260 1892 2328 1948 ab
2353 1895 2592 1964 Augusta
2621 1907 2764 1948 nunc
2794 1894 3076 1963 majestate
3105 1895 3431 1961 secundum,

2015 1986 2172 2055 Quod
2203 1987 2440 2053 mireris,
2472 1985 2678 2043 habes?
2708 1987 2876 2043 Roma
2909 1987 3020 2055 illa,
3051 1986 3354 2061 domusque
3375 1986 3610 2057 Quirini,

2015 2079 2084 2134 Et
2113 2089 2233 2146 toga
2266 2082 2524 2152 purpurei
2555 2081 2788 2136 rutilans
2820 2089 3080 2152 praetexta
3107 2081 3304 2153 senati,

2013 2171 2131 2228 Hoc
2155 2173 2331 2242 capite
2356 2175 2574 2229 aeternis
2605 2175 2782 2246 signat
2807 2190 2902 2230 sua
2944 2184 3184 2246 tempora
3218 2175 3418 2232 Fastis.

2013 2264 2194 2332 Anne,
2227 2265 2383 2341 bonis
2413 2275 2590 2336 coepte
2617 2268 2894 2337 auspiciis,
2929 2267 2995 2322 da
3026 2284 3154 2324 vere
3182 2269 3384 2325 salubri

2011 2358 2242 2428 Apricas
2267 2367 2550 2413 ventorum
2579 2359 2812 2426 animas,
2844 2359 2911 2414 da
2940 2359 3150 2415 roscida
3177 2359 3390 2417 Cancro

2013 2448 2279 2518 Solstitia,
2315 2458 2370 2506 et
2401 2449 2635 2520 gelidum
2667 2449 2896 2506 Boream
2923 2449 3338 2520 Septembribus
3365 2451 3535 2508 horis.

2012 2543 2257 2600 Mordeat
2285 2541 2589 2600 Autumnus
2618 2541 2786 2612 frigus
2811 2543 3012 2598 subtile
3042 2545 3294 2614 pruinas;

2011 2637 2079 2693 Et
2108 2646 2324 2693 tenuata
2355 2636 2532 2692 modis
2555 2645 2735 2692 cesset
2762 2635 3126 2692 mediocribus
3153 2635 3360 2694 IEstas.

2011 2729 2324 2786 Sementem
2356 2737 2516 2784 notus
2547 2727 2845 2784 humiﬂcet.
2881 2727 2963 2801 Sit
2990 2728 3187 2785 Bruma
3219 2727 3436 2799 nivalis,

2012 2823 2148 2878 Dum
2180 2833 2335 2894 pater
2365 2822 2570 2894 antiqui
2596 2831 2888 2879 renovatur
2916 2822 3142 2879 Martius
3167 2825 3319 2881 anni.
3351 2890 3354 2892 γ

2011 2916 2194 2986 Spiret
2222 2916 2452 2972 odorato
2481 2915 2674 2971 ﬂorum
2707 2931 2845 2972 nova
2875 2916 3050 2987 gratia
3079 2916 3240 2985 Maio,

2010 3010 2183 3066 Julius
2209 3020 2264 3066 et
2299 3020 2510 3081 segetes
2538 3019 2758 3082 coquat,
2792 3019 2848 3066 et
2877 3025 3028 3066 mare
3058 3019 3323 3082 temperet
3351 3011 3532 3070 Euris.

2009 3103 2184 3158 Sirius
2214 3101 2495 3158 ardentem
2521 3118 2627 3158 non
2652 3110 2848 3172 augeat
2877 3101 2999 3172 igne
3025 3101 3287 3159 Leonem.

1935 3173 1982 3238 α
2014 3195 2261 3251 Discolor
2285 3195 2546 3250 arboreos
2579 3195 2748 3250 variet
2779 3193 3018 3250 Pomona
3046 3208 3291 3265 sapores.

2010 3288 2222 3358 Mitiget
2251 3295 2564 3352 autumnus,
2596 3287 2739 3358 quod
2771 3287 3124 3343 maturaverit
3153 3296 3335 3357 aestas,

2010 3380 2078 3436 Et
2104 3380 2332 3451 genialis
2362 3379 2537 3436 hiems
2563 3390 2715 3451 parta
2743 3380 2847 3435 sibi
2879 3379 3006 3436 dote
3033 3380 3265 3436 fruatur.

2008 3471 2209 3528 Pacem
2239 3470 2474 3527 mundus
2501 3479 2626 3541 agat
2659 3489 2671 3525 :
2703 3485 2804 3526 nec
2835 3470 3046 3526 turbida
3073 3472 3251 3528 sidera
3283 3483 3530 3544 regnent.

2007 3563 2168 3619 Nulla
2201 3573 2343 3628 tuos,
2376 3561 2629 3627 Gradive,
2658 3561 2896 3617 oﬂ'endat
2920 3561 3076 3618 stella
3111 3573 3355 3634 penates,

2009 3656 2142 3723 Quae
2166 3669 2273 3711 non
2306 3670 2460 3726 aequa
2492 3653 2587 3709 tibi
2620 3671 2635 3709 :
2665 3669 2773 3710 non
2804 3653 3065 3726 Cynthia;
3098 3671 3206 3712 non
3231 3659 3378 3720 celer
3400 3661 3571 3717 Arcas

2011 3747 2298 3802 Finitimus
2329 3746 2488 3802 terris
2522 3763 2534 3800 :
2568 3759 2674 3800 non
2709 3755 2788 3812 tu,
2819 3746 3072 3815 Saturne,
3106 3761 3368 3819 supremo

2013 3839 2211 3896 Ultitne
2239 3839 2487 3895 circuitu.
2518 3838 2710 3894 Procul
2740 3852 2770 3893 a
2796 3838 3065 3910 Pyroente
3092 3848 3332 3897 remotus

2011 3934 2382 4006 Tranquillum
2415 3932 2730 4005 properabis
2762 3933 2885 3989 iter.
2916 3932 3026 3989 Vos
3057 3935 3304 3992 cominus
3330 3938 3422 4006 ile,

2011 4027 2181 4084 Stella
2212 4027 2487 4097 salutigeri
2518 4025 2687 4092 Jovis,
2717 4035 2773 4081 et
2800 4023 3093 4096 Cythereie
3124 4027 3354 4100 VeSper.

2012 4119 2428 4190 Nonnumquam
2474 4117 2778 4188 hospitibus
2804 4118 2975 4174 facilis
3006 4119 3284 4190 Cyllenius
3310 4121 3472 4177 adsit.

2081 4215 2238 4281 Jane,
2255 4213 2376 4267 veni
2403 4229 2416 4267 :
2443 4226 2613 4266 novus
2634 4227 2794 4278 anne,
2810 4211 2932 4267 veni
2959 4228 2974 4265 :
2997 4220 3256 4270 renovate
3279 4215 3422 4282 veni,
3450 4215 3567 4272 Sol.

2013 4306 2268 4362 Hostibus
2295 4303 2546 4360 edomitis
2577 4319 2678 4374 qua
2705 4302 2934 4358 Francia
2961 4305 3127 4359 mixta
3157 4303 3351 4362 Suevis

2010 4398 2196 4454 Certat
2222 4396 2288 4450 ad
2319 4394 2658 4465 obsequium,
2690 4395 2858 4450 Latiis
2889 4403 2947 4451 ut
2974 4397 3169 4453 militet
3194 4399 3360 4455 armis
3391 4419 3404 4453 :

2011 4493 2128 4560 Qua
2159 4506 2290 4563 vaga
2313 4490 2659 4547 Sauromates
2687 4490 2786 4544 sibi
2805 4490 3065 4558 junxerat
3093 4492 3306 4570 agmina
3335 4489 3534 4559 Chuni,

2013 4585 2237 4655 Quaque
2261 4583 2422 4640 Getes
2447 4581 2610 4638 sociis
2638 4581 2876 4636 Histrum
2907 4581 3204 4638 assultabat
3233 4582 3440 4638 Alanis.

2012 4677 2130 4732 Hoc
2160 4677 2288 4731 mihi
2321 4674 2651 4746 praepetibus
2676 4673 2899 4728 victoria
2929 4673 3139 4729 nuntiat
3168 4675 3288 4729 alis.

2012 4767 2131 4823 Jam
2162 4769 2310 4823 venit
2341 4769 2635 4838 Augustus,
2671 4773 2888 4820 nostros
2921 4774 2980 4820 ut
3009 4775 3190 4822 comat
3219 4767 3475 4838 honores,

2013 4857 2207 4913 Ofﬁcio
2237 4873 2530 4925 exornans,
2564 4870 2699 4927 quos
2728 4855 3054 4926 participare
3079 4859 3340 4928 cupisset.

2083 4951 2375 5019 Jane,veni
2407 4969 2421 5004 :
2455 4965 2626 5004 novus
2652 4964 2813 5016 anne,
2838 4951 2962 5005 veni
2991 4969 3003 5004 :
3029 4961 3290 5010 renovate
3316 4953 3462 5021 veni,
3487 4952 3602 5010 Sol.

2011 5044 2188 5099 Aurea
2218 5053 2470 5109 venturo,
2501 5042 2615 5107 Sol,
2650 5043 2865 5112 porrige
2895 5039 3085 5110 gaudia
3117 5045 3258 5100 Jano
3288 5064 3301 5100 :

2018 5137 2273 5193 Fascibus
2299 5137 2524 5192 Ausonii
2552 5135 2814 5190 succedet
2840 5134 3024 5190 Caesar
3052 5137 3103 5190 in
3135 5153 3361 5203 annum,

2013 5231 2268 5299 Quintam
2297 5226 2544 5283 Romulei
2574 5233 2897 5297 praetextam
2928 5229 3206 5284 habiturus
3238 5229 3480 5284 honoris.

2016 5324 2160 5380 Ecce
2188 5323 2280 5378 ubi
2307 5337 2366 5377 se
2394 5321 2634 5377 cumulat
2663 5337 2780 5378 mea
2814 5333 3054 5395 purpura
3088 5322 3330 5394 (mitibus
3355 5323 3479 5378 audi

2017 5416 2254 5473 Auribus
2280 5415 2402 5482 hoc,
2434 5413 2726 5486 Nemesis),
2763 5423 2884 5486 post
2911 5430 2998 5470 me
3023 5413 3276 5486 dignatur
3299 5416 3430 5472 oriri

2019 5511 2292 5581 Augustus
2316 5507 2525 5564 consul.
2559 5507 2688 5564 Plus
2718 5512 2878 5578 quam
2907 5503 3153 5563 conferre
3182 5505 3396 5564 videtur

1975 5652 1980 5656 .
2017 5606 2098 5660 Me
2127 5605 2227 5660 sibi
2267 5623 2280 5658 :
2309 5603 2400 5674 qui
2423 5603 2585 5672 jussit
2614 5608 2828 5657 nostros
2859 5600 3172 5672 prmcedcre
3202 5595 3395 5659 fasces.

2087 5698 2242 5765 Jane,
2265 5696 2386 5751 veni
2420 5713 2431 5748 :
2469 5709 2640 5751 novus
2669 5693 3277 5763 amre,vcni:renovate
3309 5695 3460 5768 veni,
3489 5681 3615 5770 Sol;

2017 5791 2163 5865 Cogc
2193 5798 2480 5850 secuturos
2508 5789 2590 5848 bis
2622 5803 2750 5847 sena
2780 5797 2880 5862 per
2909 5788 3049 5846 osna
3077 5801 3314 5863 menses,
