2054 3094
244 110 297 142 887

247 167 287 195 Tu
302 167 436 202 tropicum
450 167 501 195 soli
516 167 549 195 da
565 166 677 200 cedere;
694 174 790 195 rursus
802 171 829 196 et
842 167 917 196 illum

246 213 333 248 Terga
349 213 425 246 dare.
444 218 472 241 ttt
485 214 585 249 duplex
601 215 720 249 tropicus
736 214 854 242 varietur
868 214 901 241 ab
915 219 1000 247 astro,

246 259 281 287 Et
295 265 391 295 quater
404 269 418 287 a
433 261 520 288 ternis
535 266 663 295 properet
679 262 792 288 mutatio
806 261 902 296 signis.

247 305 369 333 IEstivos
385 306 493 341 impelle
509 307 577 341 dies,
594 307 772 342 brumamque
788 312 940 335 morantem

246 352 376 380 Noctibus
396 353 534 380 acceleret
548 353 697 387 promissus
710 353 827 380 Cicsaris
842 360 939 381 annus.

247 398 325 425 Illum
347 406 398 433 ego
417 399 440 425 si
457 406 579 433 cernant,
596 405 652 426 tum
673 404 768 434 terque
782 404 931 434 quaterque
942 399 1047 433 beatus,

248 443 325 471 Tunc
340 451 388 472 ero
403 443 443 471 bis
457 445 570 479 consul,
585 449 649 472 tunc
666 450 772 480 tangam
786 447 887 472 vertice
900 445 1009 473 coelum.

535 510 701 539 IDYLLIUM
716 511 762 539 lx.

405 568 470 596 Item
488 570 600 604 precatio
615 568 731 596 kalendis
746 568 892 596 Jamtariis.

286 629 375 664 Anne,
388 629 467 656 hortis
480 633 569 664 coepte
583 629 722 664 auspiciis,
739 629 826 656 felicia
841 629 930 657 cernis

249 676 376 704 Corisulis
392 676 505 703 Ausonii
521 675 683 712 primordia,
697 683 793 711 prome
803 683 959 709 coruscum,

251 722 297 751 Sol
313 726 427 754 teternc,
443 727 523 757 caput
540 731 545 748 :
563 722 855 757 solitoquejllustriur,
870 722 943 750 almo

249 768 364 797 Lumine
385 776 552 804 purpureum
563 769 644 804 jubar
658 776 756 796 exsere
770 769 839 796 lucis
856 769 929 796 lio.i-.

249 816 339 849 Anne,
356 822 433 851 pater
446 823 550 848 rerum,
565 824 633 851 quas
648 816 709 843 .lani
726 824 819 843 mense
835 816 960 844 bifrontis

249 862 343 890 Volvis
355 863 381 889 in
395 862 539 890 hihernttm
554 862 661 897 glaciali
678 863 730 889 [inc
746 862 934 896 Decembrem,

249 909 339 940 Anne,
356 908 428 940 veni,
451 914 478 934 et
490 906 589 934 festum
604 907 704 935 veteris
719 915 805 935 novus
817 908 908 942 aspice
923 908 997 936 Jani.

251 954 394 981 Solemnes
411 953 527 988 pervade
541 954 608 986 vias,
623 954 785 989 hissenaqne
800 955 899 982 mundo

251 999 391 1027 Curricula
407 1001 520 1035 mquatis
533 1000 643 1027 varians
658 1008 705 1035 per
721 1005 842 1036 tempora
855 1001 950 1036 signis,

252 1045 422 1081 Prmcipitem
439 1050 539 1074 mtcrna
556 1047 647 1081 perfer
667 1047 801 1082 vertigine
817 1055 943 1081 cursum;

253 1092 298 1120 Sic
314 1100 399 1126 prono
411 1098 517 1127 raptata
532 1093 597 1128 polo
612 1094 748 1120 contraria
764 1093 883 1121 thhus

255 1139 288 1167 Ut
304 1143 439 1167 momenta
457 1140 526 1167 ferat
537 1145 645 1168 servata
661 1145 740 1176 parte
755 1140 873 1174 dierum,

254 1185 287 1212 Et
301 1192 386 1213 novus
401 1186 514 1213 hiberno
530 1191 639 1221 reparet
655 1194 702 1214 sua
718 1187 820 1215 lumina
838 1188 926 1221 pulsu.

253 1232 390 1259 Menstrua
407 1237 447 1259 ter
458 1232 549 1260 decies
562 1233 677 1260 redeunt
690 1234 753 1261 dum
768 1241 868 1261 cornua
885 1234 979 1267 Luam,

254 1277 382 1311 Exortus,
399 1278 544 1313 obitusque
559 1288 638 1306 manu
653 1280 780 1307 volvente
793 1281 905 1313 rotabis,

252 1323 416 1358 Legitimum
433 1324 526 1353 Phoabi
541 1326 672 1354 cohibens
686 1334 735 1361 per
749 1328 826 1362 signa
841 1332 969 1355 meatum.

548 1394 710 1424 lDYLLlUM
744 1396 776 1424 Χ.

590 1453 714 1482 Mosella.

289 1508 461 1537 Trausieram
474 1511 594 1539 celerem
610 1512 742 1541 nebuloso
758 1513 858 1542 lumine
873 1513 988 1549 Navam,

254 1554 352 1582 Addita
368 1556 482 1583 miratus
493 1558 577 1584 Veteri
594 1565 661 1585 nova
674 1560 772 1586 muania
788 1561 848 1588 vico
867 1570 872 1586 :

256 1600 385 1635 Equavit
402 1601 492 1628 Latias
508 1603 551 1630 tthi
566 1604 700 1638 quondam
716 1604 801 1632 Gallia
813 1605 921 1633 Cannas
938 1617 944 1633 :

254 1646 412 1681 lnﬂetmque
426 1647 520 1681 jaccnt
534 1649 629 1684 inopes
644 1657 724 1685 super
739 1657 803 1678 arva
818 1658 946 1680 catervas.

255 1691 333 1719 Unde
348 1692 399 1719 iter
411 1693 566 1729 ingrediens
582 1702 726 1723 nemorosa
739 1703 788 1731 per
799 1697 858 1724 avia
873 1698 972 1732 soluat,

256 1738 290 1766 Et
304 1739 376 1767 nulla
391 1740 502 1768 humani
517 1748 645 1777 spectans
661 1743 772 1779 vestigia
788 1745 890 1778 cultus,

254 1786 393 1815 Prauereo
406 1792 527 1816 arentem
543 1790 699 1818 sitientibus
711 1792 830 1826 undique
845 1793 926 1820 terris

254 1833 441 1868 Dumnissnm,
453 1835 596 1870 riguaSque
611 1837 723 1871 perenni
741 1837 814 1865 fonte
825 1838 974 1871 Tabernas,

253 1880 381 1917 Arvaque
394 1881 586 1910 Sauromatum
603 1891 689 1918 nuper
704 1889 803 1912 metata
818 1885 923 1912 colonis
939 1895 944 1911 :

255 1928 290 1955 Et
305 1929 413 1957 tandem
430 1930 522 1965 primis
534 1931 674 1965 Belgarum
686 1932 831 1966 conspicor
846 1933 901 1960 oris

254 1973 447 2010 Nivomagum,
463 1976 516 2003 divi
531 1983 619 2005 castra
634 1978 735 2014 inclyta
748 1977 931 2006 Constantini.

256 2020 353 2049 Purior
366 2021 409 2049 hic
422 2023 524 2057 campis
540 2030 587 2051 aer
606 2033 612 2050 :
625 2023 798 2059 Phoebusque
813 2032 911 2053 sereno

255 2067 371 2096 Lumine
386 2077 551 2105 purpureum
564 2076 668 2099 reserat
677 2072 732 2106 jam
748 2072 831 2099 sudus
840 2072 997 2108 Olympum.

255 2114 311 2143 Nec
323 2115 380 2149 jam
396 2117 530 2145 consertis
545 2125 593 2152 per
604 2122 696 2146 mutua
710 2118 817 2146 vincula
831 2119 912 2147 ramis
1003 2115 1013 2124 ⁸

255 2162 393 2195 Qurcritur
408 2163 551 2191 exclusum
566 2163 642 2192 viridi
657 2165 774 2200 caligine
786 2166 884 2193 omium
902 2174 908 2192 :

256 2209 310 2237 Sed
324 2209 455 2245 liquidum
468 2208 561 2245 jubar,
578 2216 605 2238 et
620 2212 728 2239 rutilam
742 2213 891 2242 visentibus
903 2213 1017 2241 aethram

254 2256 352 2284 Libera
365 2258 500 2293 perspicui
513 2266 564 2286 non
580 2259 679 2287 invidet
692 2268 758 2289 aura
771 2262 835 2289 dici.

254 2303 283 2330 In
300 2304 419 2338 speciem
433 2312 493 2332 cum
510 2313 553 2332 tne
566 2306 672 2340 patriae,
686 2308 842 2344 cultumque
857 2309 968 2336 nitentis

254 2348 407 2384 Burdigala:
422 2351 522 2378 blando
537 2352 698 2387 pepulerunt
714 2356 805 2382 omnia
819 2356 889 2388 visu,

254 2395 379 2423 Culmina
393 2397 515 2425 villarum
525 2419 533 2431 ,
547 2399 729 2433 pendentibus
742 2401 813 2428 edita
828 2401 905 2436 ripis.

255 2443 290 2471 Et
302 2442 401 2471 virides
417 2443 523 2472 Baccho
537 2445 632 2479 colles,
647 2451 673 2474 et
687 2454 794 2475 amoma
808 2447 908 2475 ﬂucnta

253 2490 470 2518 Subtcrlabentis
488 2491 569 2518 tacito
584 2499 694 2520 rumore
708 2493 839 2521 Mosellaz.

291 2537 383 2571 Salve,
398 2537 485 2565 amnis
500 2537 609 2566 laudate
623 2539 705 2574 agris,
716 2540 822 2567 laudate
838 2540 943 2567 colonis
953 2561 960 2573 ,

254 2583 366 2618 Dignata
383 2583 501 2619 imperio
515 2584 614 2612 debent
629 2585 673 2612 cui
685 2587 784 2614 moenia
796 2586 885 2621 Belgae
900 2596 904 2612 ;

252 2630 349 2658 Amnis
362 2629 501 2659 odorifero
512 2630 577 2667 juga
592 2631 662 2671 vitea
677 2632 781 2660 consite
797 2633 915 2666 Baccho,

251 2677 363 2705 Consite
376 2677 530 2712 gramineas
544 2678 632 2705 amnis
647 2678 809 2706 viridissimo
824 2679 898 2714 ripas
913 2689 918 2706 :

252 2723 384 2759 Naviger,
401 2729 430 2751 ut
445 2724 574 2760 pelagus;
589 2725 706 2753 devean
723 2733 824 2760 pronus
840 2726 867 2754 in
881 2725 977 2761 undas,

253 2769 289 2798 Ut
303 2770 419 2803 ﬂuvius;
434 2771 574 2806 vitreoque
588 2771 664 2800 lacus
677 2771 781 2800 imitate
793 2772 943 2807 profundo;

252 2816 289 2843 Et
303 2816 376 2843 rivos
389 2816 494 2851 trepido
506 2817 576 2851 potis
591 2818 758 2853 aequiparare
769 2823 871 2852 meatu,

253 2861 287 2888 Et
299 2861 401 2895 liquido
411 2863 515 2896 gelidos
527 2862 616 2892 fontes
630 2864 788 2899 praecellere
801 2869 879 2901 potu,

941 109 1033 139 DECII
1051 109 1190 140 AUSONII

1059 165 1084 196 A
1098 166 1193 194 Omnia
1206 165 1280 195 solus
1296 166 1390 200 habes,
1402 174 1465 202 quae
1478 166 1549 199 fons,
1563 174 1624 202 quas
1637 167 1724 200 rivus,
1736 172 1764 195 et
1777 169 1882 201 amnis,

1842 113 1904 142 888

1101 212 1133 240 Et
1147 213 1232 246 lacus,
1248 218 1276 241 et
1289 213 1360 241 bivio
1375 213 1476 241 reﬂuus
1491 213 1646 241 manamine
1662 219 1771 248 ponttts.

1099 258 1139 286 Tu
1153 259 1267 294 placidis
1281 259 1423 294 prolapsus
1437 260 1527 294 aquis,
1542 267 1591 286 nec
1606 267 1744 287 murmura
1757 261 1831 288 venti

1100 305 1169 339 Ulla,
1186 314 1235 334 nec
1250 306 1350 335 occulti
1365 307 1468 342 pateris
1481 307 1629 334 luctamina
1646 307 1714 334 saxi.

1099 352 1158 380 Non
1171 359 1316 387 superante
1328 353 1396 380 vado
1411 353 1520 387 rapidos
1535 360 1664 387 reparare
1676 357 1785 381 meatus

1099 398 1222 434 Cogeris,
1236 402 1377 426 exstantes
1391 398 1481 426 tnedio
1496 405 1549 425 non
1562 405 1671 433 :equore
1687 401 1773 426 terras

1099 444 1268 479 Interceptus
1282 444 1366 472 habes
1384 454 1389 470 :
1404 445 1469 479 justi
1486 453 1521 473 ne
1536 444 1629 472 demat
1643 445 1771 473 honorem

1101 491 1232 525 Nominis,
1248 491 1389 519 exclusum
1402 491 1423 518 si
1438 491 1540 519 dividat
1556 491 1645 519 insula
1659 492 1770 520 ﬂumen.

1101 536 1140 564 Tu
1152 536 1272 571 duplices
1285 537 1382 565 sortite
1394 538 1463 568 vias.
1480 542 1508 564 ct
1518 545 1579 565 cum
1596 545 1677 565 amne
1692 539 1815 566 secundo

1101 582 1220 619 Deﬂuis,
1237 587 1265 611 ut
1280 583 1383 611 celeres
1399 582 1498 611 feriant
1511 583 1577 610 vada
1593 584 1698 611 concita
1714 585 1782 611 remi
1800 595 1806 611 :

1102 628 1136 656 Et
1146 636 1208 656 cum
1221 637 1269 664 per
1284 629 1369 663 ripas,
1384 636 1515 664 nusquam
1530 634 1658 658 cessante
1669 630 1802 664 remulco,

1102 675 1248 703 lntemtunt
1260 676 1330 703 collo
1346 677 1478 703 malorum
1494 676 1602 704 vincula
1616 682 1715 704 nautae.

1102 721 1161 756 lpse
1176 726 1236 749 tuos
1249 722 1374 757 quotiens
1388 721 1495 750 miraris
1507 722 1535 749 in
1549 730 1628 750 amne
1640 730 1782 756 recursus,

1102 768 1303 804 Legitimosquc
1315 774 1393 804 ptttas
1408 777 1493 804 prope
1504 769 1614 804 segnius
1631 770 1669 797 ire
1684 770 1808 797 meatus?

1103 815 1143 842 Tu
1160 823 1247 851 neque
1265 816 1399 851 limigeuis
1416 817 1502 851 ripam
1518 817 1677 851 pnetexeris
1692 817 1772 851 ulvis,

1064 860 1088 891 B
1102 860 1156 888 Nec
1169 861 1245 896 piger
1257 861 1397 889 immundo
1414 861 1556 896 perfundis
1570 862 1759 897 littoratceno,

1102 908 1177 936 Sicca
1193 908 1240 936 sed
1252 908 1278 936 in
1293 909 1380 944 prima
1393 910 1515 944 aspergis
1530 910 1641 945 vestigia
1656 910 1778 946 lympha.

1139 955 1147 981 l
1164 963 1246 988 nunc,
1258 960 1286 983 et
1299 955 1424 991 Phrygiis
1437 956 1496 984 sola
1510 956 1581 983 levia
1593 964 1706 988 consere
1717 957 1829 991 crustis,

1102 1001 1230 1029 Tendens
1246 1009 1427 1029 marmoreum
1444 1002 1568 1037 laqueata
1585 1010 1633 1037 per
1648 1003 1715 1030 atria
1728 1011 1871 1039 eaumum.

1103 1047 1152 1074 Ast
1166 1055 1217 1082 ego
1228 1047 1373 1083 despectis,
1390 1056 1449 1083 qua:
1461 1056 1560 1076 census
1573 1056 1693 1084 opesque
1705 1049 1854 1082 dederunt,

1103 1093 1211 1121 Natura:
1227 1094 1346 1122 mirabor
1359 1101 1436 1129 opus,
1451 1103 1515 1127 non,
1531 1102 1596 1122 cura
1613 1100 1753 1129 llt‘pdllllll,

1104 1140 1231 1176 Laztaque
1242 1141 1355 1176 jacturis
1370 1142 1414 1169 ubi
1429 1142 1581 1169 luxuriatur
1595 1146 1712 1177 egestas.

1105 1187 1154 1214 llic
1169 1186 1263 1215 solida:
1276 1192 1402 1215 sternunt
1416 1187 1557 1215 [tumentia
1573 1188 1665 1215 littora
1680 1195 1781 1221 arenze,

1105 1234 1159 1261 Nec
1178 1234 1300 1261 retinent
1314 1241 1451 1262 memores
1467 1235 1581 1270 vestigia
1596 1242 1690 1270 pressa
1704 1234 1814 1270 ﬁguras.

1105 1281 1243 1316 Spectaris
1258 1282 1345 1308 vitreo
1358 1289 1407 1317 per
1420 1281 1489 1308 levia
1506 1286 1578 1316 terga
1593 1281 1739 1316 profundo,

1106 1327 1209 1355 Secreti
1223 1328 1290 1355 nihil
1304 1328 1392 1355 amnis
1404 1327 1517 1355 habens.
1530 1327 1619 1362 thue
1634 1327 1721 1355 almus
1732 1332 1829 1363 aperto

1105 1374 1237 1402 Panditur
1252 1374 1351 1401 intuitu
1364 1374 1471 1409 liquidis
1484 1374 1622 1402 obtutihtts
1637 1382 1695 1407 aer,

1105 1419 1160 1448 Nec
1175 1420 1271 1456 placidi
1286 1420 1431 1455 prohibent
1444 1421 1538 1448 oculos
1553 1428 1600 1456 per
1615 1420 1703 1448 inania
1718 1421 1791 1448 venti
1806 1430 1812 1447 :

1106 1465 1152 1494 Sic
1165 1466 1288 1494 demersa
1301 1466 1395 1502 procul
1409 1466 1524 1495 durante
1535 1475 1583 1502 per
1594 1467 1690 1494 intima
1701 1467 1762 1494 visu

1105 1511 1260 1545 Cernimus,
1274 1515 1421 1548 arcanique
1436 1518 1510 1549 patet
1524 1514 1662 1548 penetrale
1676 1513 1770 1541 ﬂuenti
1789 1522 1795 1539 :

1068 1550 1093 1582 Ο
1108 1558 1174 1587 Cum
1191 1560 1258 1587 vada
1271 1561 1332 1588 lene
1342 1565 1443 1593 meant,
1458 1561 1620 1596 liquidarum
1636 1565 1664 1589 et
1673 1561 1764 1596 lapsus
1774 1568 1908 1595 aquarum

1109 1607 1202 1634 Prodit
1215 1608 1330 1636 crerulea
1346 1608 1483 1643 disperSas
1498 1608 1558 1635 luce
1574 1608 1673 1643 ﬁguras
1689 1617 1695 1634 :

1107 1654 1184 1687 Quod
1198 1654 1300 1682 sulcata
1315 1654 1365 1682 levi
1380 1654 1513 1689 crispatur
1528 1662 1611 1681 arena
1625 1658 1714 1682 meatu
1727 1663 1733 1680 :

1108 1701 1236 1729 inclinata
1252 1705 1372 1728 tremunt
1385 1701 1462 1728 viridi
1478 1702 1550 1736 quod
1566 1701 1686 1736 gramina
1702 1700 1795 1728 fundo.

1108 1747 1195 1781 thue
1209 1748 1260 1775 sub
1275 1746 1398 1782 ingenuis
1414 1747 1521 1781 agitata:
1537 1747 1657 1774 fontibus
1674 1746 1766 1774 herba-

1107 1793 1254 1821 Vibrantes
1267 1794 1404 1828 patiuntur
1417 1801 1501 1829 aquas
1518 1803 1524 1820 :
1542 1794 1682 1829 lueetque,
1697 1794 1816 1828 latetque

1106 1839 1233 1868 Calculus
1249 1849 1255 1866 :
1272 1844 1300 1867 et
1316 1840 1428 1868 viridem
1441 1840 1583 1876 distinguit
1598 1840 1690 1876 glarea
1707 1847 1842 1867 muscum.

1106 1885 1174 1913 Nota
1189 1885 1345 1913 Caledoiiiis
1360 1886 1422 1913 talis
1438 1887 1540 1921 pictura
1555 1886 1705 1919 Britannis,

1107 1931 1174 1960 Cum
1189 1932 1288 1960 virides
1303 1933 1388 1968 algas,
1407 1938 1433 1960 et
1449 1933 1531 1960 rubra
1547 1933 1658 1961 corallia
1674 1932 1759 1960 nudat

1107 1978 1217 2011 Estus,
1232 1983 1258 2006 et
1271 1978 1394 2006 albentes
1407 1979 1574 2006 concharum
1588 1979 1708 2014 germina
1725 1979 1832 2011 baccas,

1108 2025 1274 2060 Delieiasque
1286 2025 1424 2053 hominum
1437 2025 1596 2060 locupletes,
1604 2032 1717 2060 qumque
1727 2025 1779 2052 sub
1788 2023 1871 2052 undis

1107 2071 1274 2098 Assimulant
1287 2077 1395 2099 nostros
1411 2072 1512 2100 imitata
1527 2072 1638 2099 monilia
1653 2072 1755 2099 cultus.

1108 2118 1183 2145 Haud
1199 2117 1280 2146 aliter
1292 2118 1404 2153 placidae
1416 2119 1511 2146 suluer
1527 2118 1593 2145 vada
1608 2118 1668 2145 la-ta
1682 2117 1814 2150 Mosellze,

1108 2164 1216 2201 Detegit
1231 2165 1367 2192 admixtos
1383 2173 1435 2192 non
1451 2165 1580 2193 concolor
1595 2165 1679 2192 herba
1695 2164 1812 2200 lapillos.

1107 2212 1229 2239 [utentes
1243 2216 1333 2239 tamen
1348 2220 1432 2247 usque
1445 2212 1538 2239 oculos
1553 2220 1647 2239 errore
1660 2212 1771 2247 fatigant

1066 2245 1094 2275 Β
1107 2259 1306 2287 lnterludentes
1319 2260 1444 2287 examina
1456 2260 1558 2287 ltthrica
1573 2258 1670 2295 pisces.

1108 2307 1161 2334 Sed
1179 2315 1266 2341 neque
1281 2312 1320 2333 tot
1334 2308 1448 2341 spei-ica,
1464 2307 1670 2341 obliquitosque
1685 2310 1802 2337 natatus,

1107 2355 1227 2387 Qua-que
1242 2361 1289 2387 per
1306 2354 1448 2379 adversum
1466 2353 1614 2380 suecedunt
1627 2353 1733 2387 agtnina
1749 2352 1859 2385 ﬂumen,

1108 2403 1286 2437 Nominaque,
1300 2409 1323 2429 et
1340 2408 1452 2429 cunctus
1468 2409 1619 2429 numerosa!
1635 2401 1727 2436 stirpis
1739 2401 1877 2434 alumnos,

1110 2449 1195 2474 Fdere
1212 2449 1259 2474 las.
1277 2448 1352 2474 llaml
1366 2449 1412 2474 ille
1424 2449 1495 2481 sinit,
1508 2448 1549 2474 cui
1563 2455 1626 2475 cura
1639 2447 1766 2475 secunda:

1106 2496 1206 2526 Soitis,
1220 2498 1246 2520 et
1263 2494 1382 2529 :rquorci
1398 2495 1478 2521 cessit
1497 2495 1578 2521 tutela
1597 2494 1730 2520 tridentis.

1142 2542 1178 2567 ’l‘n
1194 2542 1258 2567 mihi
1276 2542 1409 2568 llntnineis
1425 2541 1572 2568 hahitatrix
1586 2541 1649 2568 Nais
1664 2540 1689 2567 in
1707 2540 1775 2573 oris,

1105 2588 1275 2623 Sqnatnigeri
1289 2589 1378 2623 gregis
1400 2589 1449 2615 mle
1463 2588 1577 2618 choros;
1588 2587 1745 2622 liquidoque
1758 2587 1809 2614 sub
1823 2585 1904 2613 alveo

1106 2634 1212 2661 Disscre
1223 2635 1340 2661 ca'rnlco
1356 2635 1494 2661 ﬂuitantes
1509 2642 1589 2660 amne
1603 2639 1735 2660 catervas.

1141 2682 1292 2715 Squamcus
1309 2683 1450 2716 therbosas
1465 2682 1560 2716 Capito
1577 2682 1720 2708 interlucet
1733 2687 1842 2713 arenas,

1105 2727 1217 2754 Visccre
1232 2735 1286 2762 pra:
1302 2732 1395 2754 tenero
1413 2728 1501 2754 fartim
1518 2733 1675 2761 congestus,
1691 2727 1794 2759 aristis,

1105 2773 1157 2800 Nec
1174 2773 1319 2800 duraturus
1336 2778 1395 2808 post
1411 2773 1470 2800 bina
1484 2773 1598 2801 trihoria
1611 2773 1721 2800 mensis.

1105 2819 1304 2854 Purpnreisqne
1318 2819 1397 2846 Salar
1412 2819 1534 2846 stellatus
1548 2824 1655 2854 tergora
1671 2819 1763 2854 guttis,

1106 2864 1138 2890 Et
1150 2865 1224 2891 ttttllo
1239 2865 1325 2900 spiua‘
1342 2866 1480 2893 ttociturus
1499 2866 1621 2894 acumine
1635 2865 1720 2898 licdo,

1953 2985 2040 3059 li
