4108 6188
328 253 436 312 889

328 373 715 446 Eﬂugieusque
742 373 928 431 oculos
951 374 1117 432 celeri
1142 374 1278 432 levis
1304 373 1505 431 Umbra
1537 383 1745 433 natatu.

326 469 517 540 Tuque
544 484 642 540 per
668 469 876 541 obliqui
904 471 1086 528 fauces
1113 485 1312 530 vexale
1345 473 1562 543 Saravi,

325 565 440 632 Qua
467 565 554 619 bis
580 573 731 619 terna
762 564 1001 622 fremunt
1026 569 1334 638 scOpulosis
1359 571 1503 626 ostia
1534 572 1687 642 pilis,

326 657 466 714 Cum
497 657 775 714 deﬂuxiin
807 659 964 715 fama:
992 662 1218 730 majoris
1253 664 1304 718 in
1335 679 1576 732 amnem,

323 751 580 808 Liberior
609 752 767 807 laxos
791 767 1039 825 exerces,
1065 755 1260 825 Barbe,
1296 766 1536 813 natatus.

323 847 406 902 'l‘u
441 846 633 900 melior
657 842 845 916 pejore
865 861 1006 919 aevo,
1039 849 1134 904 tibi
1155 849 1386 922 conligit
1405 851 1556 907 omni

321 939 637 1008 Spirantum
669 954 734 994 ex
761 955 996 996 numero
1019 955 1126 996 non
1157 942 1437 998 inlaudata
1461 953 1744 1000 senectus.

323 1034 437 1091 Nec
468 1043 523 1090 te
549 1035 786 1090 Puniceo
817 1036 1136 1091 rutilantem
1164 1038 1376 1094 viscere
1399 1079 1413 1102 ,
1456 1038 1676 1106 Salmo,

323 1127 684 1200 Transierim,
710 1129 833 1182 lata:
855 1130 1011 1198 cujus
1035 1146 1165 1200 vaga
1191 1132 1423 1187 verbera
1451 1134 1639 1188 caudae

322 1199 548 1291 Gurgite
575 1220 645 1276 de
672 1220 855 1277 medio
876 1236 1121 1277 summas
1153 1223 1470 1278 referuntur
1497 1225 1550 1279 in
1579 1224 1776 1290 undas,

325 1314 593 1369 Occullus
625 1311 842 1382 placido
880 1328 1004 1368 cum
1037 1314 1292 1383 proditur
1321 1331 1538 1385 aequore
1567 1318 1778 1387 pulsus.

325 1407 406 1462 'l‘n
434 1408 664 1463 loricato
695 1423 1024 1476 squamosas
1050 1421 1292 1480 pectore,
1325 1410 1563 1467 frontem

323 1500 618 1569 Lubricus,
651 1511 708 1556 et
738 1502 920 1558 dubiaa
955 1504 1200 1560 facturus
1232 1506 1430 1560 fercula
1456 1520 1650 1570 meum,

320 1596 595 1666 Tempora
621 1596 906 1666 longarum
937 1597 1049 1654 fers
1079 1601 1394 1670 incorrupte
1418 1616 1716 1665 morarum,

322 1687 612 1760 l’rzesignis
634 1690 866 1744 maculis
895 1691 1093 1760 capitis
1123 1710 1137 1746 :
1171 1693 1261 1747 cui
1287 1693 1509 1763 prodiga
1544 1703 1700 1748 nutat

321 1780 510 1845 Alvus,
537 1780 888 1851 opimamque
918 1782 1096 1838 ﬂuens
1126 1784 1422 1839 abdomine
1453 1794 1667 1839 venter.

317 1875 562 1943 Qumque
587 1889 686 1944 per
712 1874 1012 1943 Illyricum,
1043 1891 1142 1947 per
1181 1887 1370 1947 stagna
1404 1877 1700 1934 binominis
1729 1879 1875 1948 Istri,

318 1966 646 2037 Sptlmarum
680 1967 897 2024 indiciis
934 1971 1172 2038 capt-ris,
1204 1971 1452 2039 Mustela,
1479 1979 1802 2042 natantum,

320 2059 378 2114 lu
412 2052 660 2115 nostrum
683 2060 945 2116 subvecta
981 2061 1204 2125 fretum,
1235 2079 1303 2118 ne
1332 2063 1436 2117 lata
1469 2064 1705 2118 Mosella:

322 2151 573 2207 Flumina
606 2161 713 2208 tam
746 2152 955 2208 celebri
984 2153 1443 2209 defraudarentur
1467 2154 1716 2208 alumno.

321 2246 458 2315 Quis
487 2254 541 2301 te
569 2256 782 2301 naturae
812 2247 984 2316 pinxit
1006 2248 1196 2302 color?
1226 2259 1347 2303 atra
1372 2262 1609 2319 superne

316 2339 525 2395 Puncta
557 2350 745 2396 uolant
775 2350 1008 2412 tergum,
1038 2359 1158 2411 (Illic
1194 2342 1341 2399 lutea
1370 2344 1568 2399 circuit
1602 2344 1727 2400 lris.

321 2433 554 2489 Lubrica
586 2435 854 2491 curruleus
887 2437 1139 2505 perducit
1165 2445 1379 2507 tergora
1411 2438 1586 2494 fucus.

314 2525 575 2595 Corporis
604 2526 672 2580 ad
705 2527 941 2582 medium
967 2528 1152 2583 fartim
1177 2529 1523 2599 pinguescis;
1557 2541 1610 2584 at
1634 2531 1786 2586 illinc

322 2617 502 2688 Usque
524 2617 626 2673 sub
657 2629 960 2676 extremam
985 2621 1222 2692 squallet
1251 2621 1392 2678 cutis
1406 2623 1556 2678 arida
1589 2624 1841 2680 caudam.

318 2716 510 2774 Necte
547 2717 777 2774 delicias
815 2733 1157 2784 mensarum,
1186 2719 1378 2788 Perca,
1413 2719 1609 2788 silebo,

319 2810 654 2880 Amnigenos
682 2813 824 2866 inter
852 2812 1031 2880 pisces
1053 2811 1324 2882 dignande
1351 2814 1604 2877 marinis,

317 2905 485 2959 Solus
517 2906 762 2973 puniceis
797 2905 971 2961 facilis
999 2908 1342 2964 contendere
1374 2909 1560 2963 mullis
1593 2928 1604 2961 :

317 2996 452 3051 Nam
480 3013 655 3068 neque
683 3007 877 3068 gustus
902 3000 1069 3063 iners,
1087 3000 1372 3070 solidoque
1401 3002 1453 3056 in
1477 3017 1711 3070 corpore
1735 3010 1919 3072 partes

316 3085 626 3157 Segmentis
653 3089 989 3155 cocunt,sed
1015 3089 1388 3147 dissociantur
1414 3093 1624 3146 aristis.

319 3179 421 3236 Hic
444 3182 610 3236 etiam
634 3182 790 3237 Latio
819 3183 964 3238 risus
982 3185 1344 3252 przrnomine,
1369 3185 1556 3240 cultor

316 3269 669 3341 Slagnorum,
693 3276 937 3344 querulis
966 3276 1049 3331 vis
1069 3275 1420 3331 infestissima
1449 3278 1621 3344 ranis,

313 3360 535 3426 Lucius,
570 3364 838 3418 obscuras
862 3364 991 3418 ulva
1020 3379 1289 3434 C(Bnoque
1317 3368 1546 3422 lacunas

312 3453 566 3509 Obsidet.
590 3453 687 3508 ilic
720 3454 902 3508 nullos
932 3470 1245 3510 mensarum
1277 3458 1446 3512 lectus
1472 3460 1540 3514 ad
1581 3445 1734 3528 usus,

313 3545 520 3600 Fervet
547 3545 774 3601 fumosis
798 3547 946 3602 olido
974 3548 1167 3604 nidore
1198 3552 1442 3620 popinis.

313 3639 450 3708 Quis
478 3655 586 3694 neu
608 3648 666 3695 et
692 3640 896 3696 virides
924 3642 1072 3712 vulgi
1097 3643 1290 3697 solatia
1323 3644 1522 3699 Tincas

314 3731 559 3795 Norit,el
588 3731 862 3787 Alburnos
895 3733 1134 3802 praedam
1165 3736 1466 3802 puerilibus
1491 3736 1689 3801 hamis,

318 3823 736 3897 Stridentesque
767 3825 900 3882 focis
933 3829 1157 3897 opsonia
1192 3829 1363 3898 plebis
1386 3831 1654 3884 Alausas?

317 3917 506 3988 Teque
525 3919 668 3974 inter
689 3919 904 3990 species
933 3921 1206 3992 geminas,
1231 3931 1598 3994 neutrumque
1625 3932 1682 3978 et
1709 3932 1916 3979 utrum-

1737 4015 1754 4086 [
1775 4031 1907 4085 que,

317 4101 420 4170 Qui
453 4100 686 4157 necdum
719 4102 926 4172 Salmo,
960 4118 1066 4160 nec
1097 4105 1201 4174 iam
1233 4105 1416 4170 Salar,
1449 4107 1842 4178 ambiguusque

319 4193 616 4248 Ambovum
642 4195 821 4249 medio
849 4194 1011 4251 Furio
1037 4197 1354 4266 intercepto
1386 4198 1486 4252 sub
1511 4199 1664 4253 aevo?

315 4286 396 4342 Tu
429 4304 644 4358 quoque
670 4288 953 4346 ﬂumineas
981 4291 1123 4345 inter
1154 4293 1510 4348 memorande
1549 4293 1842 4361 cohortes,

316 4383 516 4449 Gobio,
543 4399 650 4439 non
683 4386 858 4455 major
887 4386 1122 4457 geminis
1149 4387 1267 4441 sine
1297 4387 1489 4457 pollice
1517 4388 1734 4456 palmis,

315 4475 676 4547 Przrpinguis,
709 4488 876 4545 teres,
905 4480 1129 4548 ovipara
1159 4479 1474 4549 cougestior
1503 4480 1660 4544 alvo;

314 4567 841 4640 Propexiquejubas
873 4573 1118 4627 imitatus
1141 4573 1316 4628 aniu
1347 4574 1528 4628 Bal-bi.

313 4661 467 4716 Nunc
499 4678 665 4732 pecus
695 4679 1008 4734 aequoreum
1033 4666 1412 4732 celebrabere,
1452 4683 1649 4734 magne
1677 4667 1864 4724 Silure
1894 4684 1906 4720 :

311 4754 483 4820 Quem
516 4755 668 4809 velut
691 4759 876 4812 Acueo
906 4757 1228 4828 perductum
1257 4770 1471 4827 tergora
1505 4762 1650 4814 olivo

309 4847 658 4902 Amnicolam
691 4849 954 4919 Delphina
981 4865 1130 4904 reor.
1155 4849 1248 4906 Sic
1277 4866 1373 4922 per
1403 4853 1543 4907 freta
1577 4869 1837 4923 magnum

313 4939 560 5006 Laberis,
595 4951 649 4996 et
682 4943 826 5013 longi
850 4947 939 4998 vix
973 4945 1224 5015 corporis
1255 4949 1468 5016 agmina
1501 4948 1692 5012 solvis,

316 5032 425 5087 Aut
450 5032 707 5088 brevibus
724 5034 950 5090 defensa
978 5036 1154 5104 vadis,
1191 5050 1277 5090 aut
1309 5039 1548 5092 ﬂuminis
1581 5041 1743 5095 ulvis.

313 5127 380 5177 At
413 5140 537 5178 cum
563 5125 895 5194 tranquillos
920 5128 1131 5182 moliris
1163 5129 1215 5182 in
1245 5145 1404 5183 amne
1431 5142 1670 5197 meatus,

311 5215 390 5268 'l‘e
421 5216 631 5270 virides
661 5218 814 5288 ripte,
852 5229 902 5273 te
929 5219 1128 5274 caerula
1162 5221 1319 5275 turba
1353 5234 1661 5288 natantum,

317 5306 398 5361 Te
419 5307 646 5378 liquida:
674 5311 944 5366 mirantur
973 5327 1162 5382 aqum;
1187 5312 1511 5369 diffunditur
1540 5316 1699 5371 alveo

322 5398 527 5466 IEstus,
557 5411 612 5456 et
635 5405 872 5459 extremi
897 5415 1228 5473 procurrunt
1251 5411 1496 5477 margine
1512 5409 1728 5464 ﬂuetus.

314 5490 460 5546 Talis
490 5494 802 5551 Atlantiaco
833 5496 1106 5565 quondam
1134 5497 1339 5553 balaena
1365 5501 1662 5568 profundo,

315 5583 448 5637 Cum
473 5594 636 5640 vento
664 5595 882 5644 motuve
914 5605 1014 5644 suo
1044 5590 1256 5645 telluris
1286 5591 1351 5645 ad
1394 5607 1520 5647 oras

315 5675 570 5743 Pellitur,
598 5681 889 5737 exclusmn
920 5683 1088 5737 fundit
1120 5699 1290 5750 mare,
1320 5702 1622 5757 magnaque
1645 5702 1874 5760 surgunt

315 5769 582 5842 λείψω-τι,
601 5775 868 5847 vicinique
899 5777 1092 5833 li'ncnl
1115 5779 1433 5836 lli-crescere
1455 5791 1691 5838 "lOlllCS-

1841 259 2143 318 IDYLLIA.

1945 386 2000 442 Α
2025 378 2124 434 llic
2148 387 2349 443 tamen,
2365 379 2453 434 hic
2478 389 2685 437 nostra:
2706 381 2854 438 mitis
2877 381 3092 438 Balacua
3121 380 3380 452 Mosellre,

1937 4531 1992 4591 D

3517 269 3620 325 890

2029 474 2213 530 Exitio
2240 476 2429 544 procul
2457 487 2564 543 est,
2595 492 2906 547 magnoque
2933 478 3106 533 honor
3133 479 3352 535 additus
3380 480 3548 536 amni.

2099 567 2216 622 .lam
2243 568 2476 639 liquidas
2507 582 2788 638 spectasse
2819 571 2956 638 vias,
2991 581 3048 626 et
3075 571 3281 628 lubrica
3325 573 3504 643 pisces

2028 659 2280 730 Agmina,
2308 661 2748 734 multiplicesque
2769 667 2904 718 satis
2933 679 3254 720 numerasse
3274 676 3550 723 catervas.

2030 755 2291 811 lnducant
2311 757 2474 810 aliam
2507 757 2822 826 spectacula
2853 759 2994 814 vitea
3031 774 3282 829 pompam
3318 778 3330 813 :

2029 851 2449 923 Sollicilenlque
2476 869 2649 924 vagos
2680 853 2939 910 baccheia
2967 870 3192 910 munera
3221 857 3366 910 visus
3392 874 3404 910 :

2026 945 2140 1014 Qua
2169 946 2421 1001 sublimis
2444 961 2583 1015 apex
2620 947 2782 1017 longo
2808 964 2974 1017 super
3003 948 3167 1004 ardua
3201 959 3378 1004 tractu

2027 1039 2095 1094 Et
2126 1053 2314 1109 rupes,
2348 1047 2404 1094 et
2439 1039 2785 1110 apricajugi,
2809 1041 3115 1112 ﬂexusque,
3144 1042 3403 1113 sinusque

2028 1128 2244 1184 Vilibus
2271 1139 2588 1202 assurgunt,
2622 1133 2969 1202 naturalique
2996 1133 3232 1190 theatro.

2025 1219 2340 1276 Gauranum
2364 1222 2442 1278 sic
2468 1223 2608 1277 alma
2627 1223 2815 1294 jugum
2849 1223 3123 1280 vindemia
3149 1226 3334 1294 vestit,

2029 1315 2088 1370 Et
2120 1314 2450 1385 Rhodopen,
2477 1317 2818 1386 proprioque
2848 1318 3021 1372 nitent
3071 1318 3298 1388 Pangaea
3330 1317 3510 1390 Lymo.

2024 1405 2117 1462 Sic
2140 1407 2281 1462 viret
2308 1406 2566 1462 Ismarius
2595 1423 2764 1479 super
2788 1424 3006 1479 aequora
3039 1409 3268 1464 Thracia
3298 1411 3474 1464 collis.

2024 1497 2118 1553 Sic
2141 1513 2260 1552 mea
2290 1496 2580 1554 ﬂaventem
2611 1499 2844 1570 pingunt
2872 1489 3058 1555 vinela
3089 1501 3446 1556 Garumnam.

2024 1594 2266 1649 Summis
2289 1596 2490 1665 quippe
2513 1594 2664 1665 iugis
2696 1594 2970 1650 tendentis
2992 1597 3044 1649 iu
3076 1596 3266 1650 ultima
3295 1595 3453 1660 clivi,

2023 1686 2348 1740 Conseritur
2371 1685 2532 1741 viridi
2567 1685 2803 1742 ﬂuvialis
2827 1702 3014 1756 margo
3047 1686 3229 1758 Lyzco.

1950 1773 1997 1833 B
2025 1780 2168 1835 La'ta
2203 1794 2426 1849 operum
2461 1779 2671 1848 plebes,
2703 1778 3135 1849 festinantesquc
3152 1780 3333 1834 coloni

2027 1873 2245 1926 Vertico
2273 1888 2419 1926 nunc
2450 1885 2666 1926 summo
2689 1882 3009 1940 properant,
3034 1887 3182 1926 nunc
3209 1871 3404 1940 dejugc
3431 1871 3620 1936 dorso,

2021 1961 2310 2018 Certantcs
2338 1963 2549 2017 stolidis
2577 1963 2930 2017 clamoribus.
2964 1961 3096 2017 lude
3125 1965 3302 2016 viator
3455 2021 3459 2024 ,

2021 2056 2284 2126 Riparum
2314 2055 2560 2126 subjecta
2586 2065 2792 2124 terens,
2817 2056 2945 2112 hinc
2976 2057 3159 2110 navita
3189 2055 3406 2119 labens,

2023 2151 2228 2206 Probra
2259 2157 2463 2205 canunt
2491 2149 2630 2205 seris
2661 2149 2994 2208 cultoribus:
3028 2149 3257 2217 astrepit
3290 2149 3411 2202 ollis

2022 2243 2090 2298 Et
2111 2259 2296 2313 rupes,
2328 2251 2386 2298 et
2404 2241 2541 2297 silva
2565 2251 2830 2308 tremens,
2857 2250 2915 2297 et
2937 2255 3208 2296 concavus
3237 2240 3430 2294 amnis.

2091 2337 2204 2392 Nec
2232 2336 2381 2391 solos
2407 2336 2688 2391 hominum
2712 2336 2952 2392 delectat
2979 2349 3140 2390 scena
3166 2336 3436 2389 locorum.

2024 2433 2123 2488 Hic
2152 2446 2254 2503 ego
2286 2441 2342 2487 et
2369 2439 2616 2501 agrestes
2640 2429 2896 2500 Satyros,
2930 2438 2984 2483 et
3010 2430 3202 2498 glauca
3236 2435 3454 2482 tuentes

2019 2528 2242 2594 Naidas,
2273 2527 2536 2583 extremis
2562 2526 2783 2582 credam
2817 2539 3148 2580 concurrere
3173 2523 3329 2592 ripis,

2020 2620 2363 2690 Capripedes
2391 2620 2561 2689 agitat
2588 2635 2717 2674 cum
2747 2619 2870 2674 lrcta
2895 2618 3165 2688 protervia
3202 2617 3400 2682 Panas,

2019 2717 2400 2786 lnsullantque
2428 2715 2606 2781 vadis,
2626 2713 2972 2784 lrepidasque
2999 2712 3100 2767 sub
3131 2725 3292 2766 amne
3324 2721 3549 2765 sorores

2019 2812 2273 2876 Terrenl,
2302 2810 2520 2865 indocili
2554 2809 2836 2879 pulsantes
2865 2807 3094 2863 verbere
3119 2805 3359 2860 ﬂuctum.

2019 2905 2180 2973 Saepe
2206 2904 2371 2960 etiam
2396 2903 2588 2958 mediis
2609 2901 2784 2957 furata
2809 2916 2840 2956 e
2865 2899 3096 2955 collibus
3122 2914 3252 2954 uvas

2021 2996 2164 3052 Inter
2185 2996 2444 3052 Oreiadas
2476 2995 2697 3065 Panope
2729 2992 2964 3049 ﬂuvialis
2988 2993 3213 3055 amicas,

2021 3091 2179 3162 Fugit
2204 3091 2436 3145 lascivos
2475 3089 2734 3159 paganica
2765 3087 2984 3142 numina
3017 3085 3254 3140 Faunos.

1941 3153 1987 3214 (ἶ
2027 3153 2235 3238 Dicitur
2267 3193 2322 3238 et
2353 3182 2532 3237 medio
2557 3197 2679 3237 cum
2705 3183 2784 3235 sol
2810 3180 2964 3234 stetit
2992 3179 3184 3250 igneus
3214 3177 3371 3244 orbe,

2023 3279 2102 3333 Ad
2135 3293 2423 3334 commune
2453 3276 2673 3340 fretum,
2706 3274 2935 3346 Satyros
2961 3275 3272 3341 vitreasque
3300 3283 3546 3335 sorores,

2017 3373 2315 3428 Consortcs
2344 3371 2625 3427 celebrare
2649 3373 2885 3434 choros;
2909 3384 3028 3424 cum
3055 3367 3286 3438 praabuit
3308 3367 3473 3421 horas

2016 3466 2271 3521 Secretas
2297 3464 2580 3519 hominum
2611 3471 2756 3518 coetu
2789 3461 3108 3531 ﬂagrantior
3137 3468 3326 3514 testas.

2017 3557 2169 3613 Tunc
2199 3556 2526 3610 insultantes
2567 3569 2667 3609 sua
2691 3569 2791 3622 per
2818 3552 2954 3607 freta
2988 3551 3176 3606 ludere
3205 3549 3508 3621 Nymphas,

2018 3650 2086 3705 Et
2103 3651 2332 3720 Satyros
2359 3662 2600 3702 mersare
2625 3643 3156 3714 vadis,rudibusque
3185 3641 3404 3697 natandi

2018 3740 2122 3796 Per
2154 3740 2361 3795 medias
2392 3739 2542 3796 exire
2565 3752 2792 3796 manus:
2816 3737 2943 3792 dum
2978 3735 3184 3791 lubrica
3215 3734 3344 3790 salsi

2017 3834 2256 3890 Membra
2287 3841 2501 3904 petunt,
2533 3831 2878 3903 liquidosque
2914 3829 3098 3886 fovent
3131 3843 3230 3900 pro
3252 3839 3483 3897 corpore
3516 3824 3619 3879 llu-

3409 3922 3573 3993 [ctus.

2018 4023 2122 4080 Sed
2157 4038 2261 4078 non
2294 4022 2409 4078 hcce
2430 4031 2670 4102 spectata
2701 4022 2816 4088 ulli,
2853 4037 2954 4078 nec
2993 4020 3207 4091 cognita
3239 4007 3383 4084 visu,

2019 4118 2125 4172 Fas
2152 4117 2282 4172 mihi
2306 4117 2374 4171 sit
2401 4132 2499 4187 pro
2521 4125 2677 4186 parte
2702 4115 2887 4185 loqui;
2913 4123 3126 4171 secreta
3159 4122 3387 4180 tegatur,

2019 4212 2090 4267 Et
2118 4211 2407 4266 commissa
2423 4209 2537 4266 suis
2568 4209 2736 4264 lateat
2762 4208 3070 4263 reverentia
3104 4207 3250 4262 rivis.

2021 4304 2114 4359 Illa
2138 4302 2359 4358 fruenda
2391 4302 2568 4372 palam
2601 4302 2832 4371 species,
2859 4315 2983 4354 cum
3002 4300 3228 4369 glaucus
3258 4311 3433 4367 opaco

2021 4395 2332 4465 ReSpoudel
2359 4394 2480 4448 colli
2515 4392 2710 4448 ﬂuvius
2737 4409 2751 4457 ;
2784 4392 3040 4448 fiondcre
3071 4391 3328 4445 videntur

2021 4486 2290 4541 Fluminei
2322 4487 2534 4550 latices,
2563 4494 2618 4541 et
2644 4485 2869 4555 palmite
2901 4484 3146 4538 consitus
3179 4481 3377 4534 amnis.

2018 4582 2152 4648 Quis
2180 4581 2331 4636 color
2350 4581 2440 4636 ille
2459 4579 2632 4646 vadis,
2663 4594 2816 4634 seras
2843 4593 2966 4634 cum
2991 4576 3216 4645 protulit
3242 4573 3466 4628 umbras

2022 4677 2320 4744 Hesperus,
2341 4685 2396 4729 et
2428 4673 2584 4728 viridi
2619 4671 2899 4743 profundit
2933 4679 3119 4726 monte
3149 4665 3470 4724 Mosellam?

2018 4767 2153 4823 Tota
2189 4775 2380 4821 natant
2409 4763 2608 4834 crispis
2633 4764 2762 4835 juga
2785 4762 3045 4829 molibus,
3087 4769 3144 4816 et
3173 4760 3358 4816 tremit
3388 4758 3588 4815 absens

2017 4856 2334 4930 Pampinus,
2362 4868 2418 4914 et
2452 4859 2644 4912 vitreis
2676 4854 2946 4910 vindemia
2980 4862 3161 4924 turget
3194 4853 3246 4908 ili
3271 4852 3468 4916 undis;

2020 4955 2361 5006 Annumerat
2383 4949 2590 5003 virides
2621 4949 2836 5004 derisus
2861 4946 3039 5001 navita
3069 4948 3234 5012 vites,

2023 5042 2211 5098 Navita
2245 5041 2503 5096 caudireo
2531 5041 2747 5095 ﬂuitans
2779 5056 2946 5107 super
2982 5054 3198 5109 aequora
3234 5037 3434 5100 lembo,

2023 5133 2129 5189 Per
2155 5132 2390 5189 medium
2422 5148 2527 5201 qua
2555 5147 2676 5185 sese
2707 5135 2854 5186 amni
2875 5129 3162 5186 confundit
3182 5129 3364 5196 imago

2024 5227 2212 5292 Collis,
2243 5235 2299 5282 et
2320 5227 2633 5281 umbrarum
2657 5222 2892 5279 confinia
2925 5222 3170 5277 conserit
3199 5218 3393 5274 amnis.

2097 5320 2223 5375 llzcc
2273 5331 2490 5390 quoque
2547 5331 2709 5388 quam
2752 5315 2944 5371 dulces
2974 5314 3258 5369 celebrant
3306 5308 3614 5380 spectacula

3306 5404 3577 5477 [pompas,

2016 5505 2344 5575 Remipedes
2366 5502 2546 5560 medio
2573 5511 2790 5558 certant
2818 5516 2942 5556 cum
2971 5499 3198 5554 ﬂumine
3222 5497 3411 5562 lembi,

2019 5599 2084 5652 Et
2112 5599 2292 5651 varios
2315 5597 2505 5652 ineunt
2528 5595 2724 5658 ﬂexus,
2754 5591 3067 5661 viridesque
3097 5605 3190 5660 per
3223 5603 3349 5644 oras

2017 5691 2302 5758 Striuguut
2327 5688 2558 5743 atlonsis
2589 5687 2844 5757 pulieutia
2871 5683 3116 5754 germina
3147 5683 3323 5754 pratis
3351 5685 3364 5736 !

2019 5784 2298 5854 Puppibus
2325 5795 2372 5834 et
2413 5785 2587 5853 proris
2620 5784 2830 5834 alacres
2860 5778 3061 5849 gestire
3085 5777 3399 5848 magistros,
