2054 3094
230 137 280 172 89f

229 199 424 235 Impubemque
437 204 547 226 manum
561 204 644 233 super
663 198 770 226 amnica
795 201 870 233 terga
884 198 1027 233 vagantem
1042 193 1067 225 A

230 247 298 274 Dum
315 249 420 279 spectat
434 244 561 277 transire,
578 244 640 271 dein
652 251 699 272 sua
712 244 784 272 seria
801 245 866 271 ludo

230 291 378 319 Posthabet
391 300 396 317 :
409 290 530 318 excludit
542 294 648 318 veteres
659 298 728 317 nova
742 290 829 325 gratia
840 297 931 318 curas.

230 338 313 365 Tales
326 338 447 364 Cutnano
460 336 602 371 despectat
614 337 641 363 in
652 343 761 371 mquore
773 336 852 363 ludos

230 386 323 419 Liber,
337 385 479 420 sulphurei
496 393 557 413 cum
574 393 622 420 per
635 386 698 421 juga
710 386 814 413 consita
826 386 922 419 Gauri,

230 433 336 467 Perque
353 432 503 466 vaporiferi
519 432 642 466 graditur
663 432 754 459 vineta
767 431 884 464 Vesevi;

231 479 298 507 Cum
314 478 416 513 Venus,
433 478 552 506 Actiacis
568 478 758 513 Augusti-beta
773 479 928 513 triumphis,

231 525 338 553 Ludere
352 524 469 552 lascivos
485 524 540 551 fera
553 524 646 558 pratlia
661 524 744 559 jussit
758 525 885 559 Amores,

232 570 328 604 Qualia
344 569 456 597 Niliacae
469 569 570 597 classes
580 570 721 605 Latiaeque
734 570 860 598 triremes

233 617 333 645 Subter
348 616 499 651 Apollinem
514 622 659 652 gesserunt
674 617 818 644 Leucados
829 625 922 650 arces;

234 664 289 690 Aut
300 662 458 696 Pompeiani
474 662 613 697 Mylasena
635 663 755 697 pericula
773 663 835 690 bclli

236 709 363 736 Euboicae
379 708 502 736 referunt
514 717 561 743 per
581 711 686 736 Averna
703 711 828 736 sonantia
843 710 960 745 cymbae,

235 756 372 783 Innocuos
387 756 487 782 ratium
501 756 606 791 pulsus,
624 764 783 792 pugnasque
794 757 916 791 iocantes

237 801 421 835 Naumachirc,
434 801 525 829 Sicqu
537 803 631 837 quales
642 807 782 837 spectante
797 804 908 837 Peloro,

236 847 376 875 Czeruleu's
390 847 470 874 viridi
480 853 589 882 reparat
601 849 651 875 sub
666 848 784 883 imagine
798 854 907 883 pontus.

237 894 296 922 Non
311 894 391 921 aliam
408 895 527 928 speciem
540 895 928 930 petulmttibusadditephebis

239 941 437 975 Pubcrtasque,
451 942 604 976 amnisque,
621 946 648 969 et
660 942 724 976 picti
741 947 827 969 rostra
849 943 961 978 phaseli.

238 987 473 1023 llosﬂyperionio
488 994 549 1014 eum
560 988 599 1014 sol
614 988 762 1022 perfuderit
773 994 852 1022 τρέω,

237 1034 340 1062 Reddit
355 1033 477 1060 nautales
494 1034 582 1061 vitreo
593 1034 644 1061 sub
656 1035 761 1069 gurgite
774 1035 886 1069 formas,

239 1081 272 1108 Et
285 1080 383 1115 redigit
396 1079 500 1114 pandas
515 1081 614 1107 inversi
631 1081 754 1115 corporis
770 1082 892 1108 umbras.

240 1127 329 1162 thue
342 1127 426 1162 agiles
438 1132 528 1153 motus
543 1127 639 1154 dextra
659 1128 782 1162 laevaque
798 1128 982 1163 frequentant,

241 1174 275 1201 Et
288 1174 463 1201 commutatis
475 1174 613 1201 alternant
628 1174 752 1208 pondera
766 1175 860 1208 remis,

242 1220 318 1248 Unda
334 1221 417 1248 refert
431 1221 498 1247 alios
508 1221 652 1248 simulacra
669 1221 807 1249 humentia
821 1226 929 1250 nautas.

240 1268 300 1303 Ipsa
314 1275 363 1295 suo
377 1267 475 1302 gaudet
491 1268 666 1296 simulamine
681 1270 788 1296 nautica
802 1270 897 1305 pubes,

242 1314 364 1342 Fallaees
377 1307 463 1341 fluvio
486 1316 583 1342 mirata
604 1315 695 1343 redire
710 1316 820 1351 figuras.

243 1361 289 1389 Sic
304 1361 349 1388 ubi
366 1362 533 1397 compositos
549 1366 718 1390 ostentatura
734 1364 859 1398 capillos,

243 1408 409 1436 Candenlem
426 1409 479 1436 late
495 1409 598 1444 speculi
613 1410 782 1445 explorantis
798 1411 929 1439 honorem

244 1454 309 1482 Cum
324 1454 439 1489 primum
451 1455 540 1482 chirm
555 1457 646 1483 nutrix
662 1456 785 1483 admovit
800 1457 931 1491 alumnw,

245 1502 318 1529 Laeta
331 1502 458 1538 ignorate
472 1502 571 1530 fruitur
586 1504 741 1539 virguncula
763 1504 840 1538 ludo,

244 1547 440 1582 Germana'que
455 1553 532 1583 putat
549 1549 662 1576 formam
685 1555 809 1585 spectare
822 1551 933 1585 puellm:

245 1594 344 1620 Oscula
358 1593 471 1628 fulgenti
485 1594 532 1620 dat
552 1602 605 1621 non
621 1596 764 1623 referenda
778 1598 899 1630 metallo,

245 1639 299 1666 Aut
315 1639 383 1666 fixas
400 1644 542 1674 przetentat
554 1648 630 1675 acus,
648 1645 693 1668 aut
714 1641 814 1670 frontis
830 1644 862 1670 ad
876 1650 952 1671 oram

245 1685 367 1712 Vibratis
380 1690 482 1720 coaptat
494 1686 585 1721 digitis
600 1689 748 1717 extendere
763 1690 853 1718 crines
868 1699 875 1717 :

246 1731 321 1758 Talis
335 1732 367 1759 ad
378 1732 534 1768 trinhrarum
545 1733 660 1762 ludibria
675 1735 782 1764 nautica
798 1737 883 1771 pubes

246 1777 388 1812 Ambiguis
401 1778 500 1806 fruitur
514 1780 569 1806 veri
586 1780 702 1816 falsique
722 1782 826 1817 figuris.

282 1826 341 1853 .lam
358 1833 422 1853 vero
438 1834 565 1855 accessus
580 1827 674 1856 faciles
688 1836 740 1864 qua
754 1831 812 1865 ripa
827 1830 974 1866 ministrat,

247 1871 391 1900 Scrutatur
413 1878 470 1901 toto
487 1874 640 1909 pupulatrix
653 1876 731 1903 turba
748 1877 881 1910 profundo

247 1918 304 1946 Heu
316 1920 322 1945 !
335 1920 405 1947 male
420 1920 545 1948 defensos
558 1922 689 1955 penetrali
703 1922 813 1951 flamine
824 1923 934 1958 pisces!

248 1965 298 1993 llic
311 1966 401 1993 medio
415 1968 509 2001 procul
525 1975 603 1995 amne
620 1969 729 1996 trahens
744 1969 882 1997 bumentia
906 1971 970 2004 lina,

248 2010 364 2038 Nodosis
380 2011 493 2046 decepta
510 2013 595 2048 plagis
609 2014 733 2041 examina
749 2015 844 2047 vertit;

248 2056 298 2083 Ast
311 2057 354 2084 hic
366 2059 514 2093 tranquillo
530 2067 584 2093 qua
596 2060 695 2088 labitur
705 2062 812 2096 agmine
826 2062 938 2097 fiumen,

250 2102 328 2129 Ducit
341 2105 468 2132 corticeis
477 2105 608 2133 fluitantia
626 2107 692 2134 retia
704 2107 798 2142 signis.

1043 887 1072 919 Β

1056 1584 1078 1615 C

249 2148 297 2175 Ille
311 2153 400 2176 autem
415 2151 535 2186 seopulis
551 2153 688 2188 subjectus
700 2162 804 2190 pronus
818 2156 845 2183 in
862 2156 958 2192 undas,

250 2195 366 2223 Inclinat
380 2198 459 2224 lenta.-
478 2205 601 2227 convexa
616 2202 756 2228 cacumina
771 2203 865 2238 virgze,

250 2241 361 2270 lndutos
376 2245 446 2270 escis
459 2244 564 2278 jaciens
579 2245 726 2274 lethalibus
738 2247 846 2276 hamos.

249 2288 323 2322 Quos
338 2290 431 2324 ignara
447 2291 501 2318 doli
513 2298 654 2327 postquam
675 2302 742 2329 vaga
759 2295 837 2321 turba
850 2299 989 2323 natantum

249 2334 372 2364 Rictibus
383 2336 491 2369 invasit,
502 2338 656 2373 patulaeque
669 2347 716 2372 per
731 2340 824 2367 intima
839 2340 931 2368 fauces

248 2382 313 2408 Sera
326 2383 452 2410 occultati
466 2390 612 2412 senserunt
627 2385 736 2413 vulnera
751 2386 826 2420 ferri,

250 2429 317 2456 Dum
335 2431 481 2466 trepidant,
498 2432 570 2459 subit
583 2433 721 2465 indicium,
736 2434 881 2470 crispoque
898 2436 1008 2463 tremori

252 2476 387 2504 Vibrantis
400 2482 464 2504 sene
481 2484 579 2506 nutans
592 2480 727 2507 consentit
744 2480 876 2508 harundo.

249 2523 304 2551 Nec
319 2533 394 2552 mora
411 2534 416 2552 :
431 2530 456 2553 ct
469 2533 610 2554 excussam
627 2527 753 2554 stridenti
774 2529 891 2555 verbere
907 2528 1025 2563 prtedam

249 2571 363 2599 Dextera
381 2571 408 2598 in
421 2572 561 2607 obliquum
574 2577 663 2608 raptat
678 2581 754 2609 puer.
768 2574 875 2609 Excipit
889 2574 974 2602 ictum

247 2618 374 2652 Spiritus,
394 2624 422 2646 ut
437 2619 531 2647 fractis
545 2620 678 2655 quondam
694 2626 742 2656 per
756 2622 837 2649 inane
848 2621 962 2657 flagellis

248 2665 320 2691 Aura
333 2670 436 2700 erepat,
450 2671 578 2702 motoque
589 2667 781 2695 assibilataere
795 2672 902 2695 ventus.

248 2710 392 2738 Exsultant
410 2712 468 2739 uda:
482 2721 565 2747 super
581 2714 655 2741 arida
671 2722 735 2741 saxa
748 2716 860 2750 rapinar,

218 2755 220 2758 ’
248 2758 367 2786 Luciferi
380 2768 422 2792 lue
439 2766 538 2794 pavent
552 2758 660 2788 letbalia
674 2762 725 2789 tela
743 2762 809 2790 diei.

248 2806 354 2839 Quique
370 2808 420 2833 sub
433 2815 512 2835 amne
527 2815 577 2835 suo
589 2810 686 2836 mansit
701 2810 786 2844 vigor,
802 2817 866 2837 aerc
878 2815 972 2838 nostro

249 2852 345 2885 Segnis
361 2853 495 2892 anhelatis
509 2855 590 2881 vitam
605 2855 740 2882 consumit
761 2855 787 2882 in
799 2856 881 2882 auris.

250 2897 309 2926 Jam
321 2898 398 2933 piger
409 2899 528 2927 invalido
542 2900 663 2928 vibratur
676 2908 793 2935 corpore
809 2901 932 2935 plausus;

1056 2273 1083 2306 D

923 130 1014 170 osori
1034 128 1172 168 AtiSONu

1823 131 1882 167 892

1081 196 1200 232 Torpida
1222 196 1364 232 supremos
1374 195 1477 232 patitur
1489 194 1545 230 jam
1558 193 1645 223 cauda
1660 196 1805 229 tremores,

1079 243 1134 271 Nec
1145 248 1246 271 coeunt
1257 244 1357 276 rictus;
1374 243 1488 271 haustas
1503 242 1551 270 sed
1570 241 1690 270 hiatibus
1708 249 1789 270 auras

1080 289 1178 317 Reddit
1193 289 1349 317 mortiferas
1361 289 1506 325 exspirans
1517 288 1755 325 branchiaﬂatus.
1797 314 1801 318 .

1081 337 1127 366 Sic
1141 337 1185 364 ubi
1200 337 1311 365 fabriles
1325 341 1434 365 exercet
1447 336 1562 371 spiritus
1574 337 1662 372 ignes,

1082 384 1187 418 Accipit
1198 384 1304 411 alterno
1316 383 1480 418 cohibetque
1492 383 1626 410 foramine
1639 386 1734 410 ventos

1082 432 1173 460 Lanea
1184 432 1301 466 sagineis
1313 431 1437 459 alludens
1451 432 1547 466 parma
1557 430 1690 458 eavcrnis.

1082 480 1142 508 Vidi
1157 483 1266 514 egomet
1277 478 1408 514 quosdam
1423 477 1487 506 Iethi
1503 477 1553 505 sub
1570 477 1625 505 fine
1640 480 1788 505 trementes

1082 526 1233 561 Collegisse
1247 525 1352 552 animas
1366 532 1372 551 ξ
1391 532 1453 551 mox
1472 524 1497 551 in
1513 523 1630 551 sublime
1643 523 1754 557 citatos,

1083 572 1189 600 Cernua
1201 571 1351 606 subjectum
1368 577 1489 606 praeceps
1503 570 1568 598 dare
1583 577 1702 604 corpora
1718 570 1744 597 in
1761 576 1884 602 amnem,

1086 620 1295 655 Desperatarum
1312 618 1447 653 potientes
1469 624 1562 644 rursus
1576 623 1718 652 aquarum.

1085 669 1159 702 Quos
1175 666 1262 701 impos
1277 665 1368 693 damni
1382 672 1448 700 puer
1465 664 1633 692 inconsultus
1647 664 1681 690 ab
1696 664 1750 690 allo

1087 713 1205 748 Itnpetit,
1221 717 1248 740 et
1259 711 1361 739 stolido
1378 714 1470 745 captat
1496 717 1628 745 prensare
1644 714 1747 737 natatu.

1087 760 1132 788 Sic
1148 758 1337 786 Anthedonius
1350 757 1449 785 Boeotia
1465 764 1515 792 per
1531 757 1600 784 freta
1614 757 1735 784 Glaucus

1087 805 1215 833 Gramina
1227 809 1337 840 gustatu
1354 808 1496 839 postquam
1509 802 1628 830 exitialia
1648 803 1740 830 Circes

1089 852 1234 887 Expertus,
1248 855 1356 886 carptas
1368 849 1540 877 moribundis
1557 849 1675 883 piscibus
1686 848 1787 876 herbas

1088 897 1219 933 Sumpsit,
1237 897 1411 932 Carpathium
1424 895 1507 923 subiit
1520 902 1606 923 novus
1618 894 1709 923 accola
1724 900 1849 930 pontum.

1090 945 1138 973 llle
1152 944 1238 972 hamis
1250 948 1276 971 et
1289 948 1348 971 rete
1361 947 1470 978 potens,
1488 946 1626 970 scrutator
1639 942 1727 977 operti

1089 992 1205 1024 Nereos,
1217 997 1372 1025 aequoream
1388 989 1483 1016 solitus
1499 992 1664 1016 convertere
1677 988 1795 1024 Tethyn,

1090 1040 1163 1067 Inter
1178 1038 1299 1073 captivas
1314 1037 1432 1064 fluitavit
1442 1036 1535 1071 praedo
1547 1040 1685 1063 catervas.

1090 1085 1168 1112 Talia
1182 1083 1343 1116 despectant
1353 1083 1435 1118 longo
1451 1090 1498 1117 per
1509 1081 1609 1109 caerula
1622 1086 1707 1109 tractu

1090 1131 1246 1160 Pcudentes
1258 1130 1330 1157 saxis
1346 1128 1456 1156 instanti
1477 1128 1596 1156 culmine
1611 1128 1691 1155 villae.

1090 1179 1163 1213 Quas
1174 1177 1278 1205 medius
1292 1176 1396 1203 dirimit
1408 1176 1526 1202 sinuosis
1539 1174 1655 1202 flexibus
1669 1181 1766 1202 errans

1091 1225 1197 1258 Amnis,
1215 1228 1243 1251 et
1257 1223 1375 1250 alternas
1389 1225 1501 1249 comunt
1517 1221 1642 1255 praetoria
1662 1220 1745 1255 ripas.

1128 1270 1193 1304 Quis
1207 1269 1291 1297 modo
1302 1269 1453 1296 Sestiacnm
1467 1268 1586 1302 pelagus,
1600 1266 1781 1301 Nepheleidos
1797 1264 1894 1293 Ilelles

1092 1317 1197 1352 Aﬂquor
1212 1315 1354 1351 :Abydeni
1369 1314 1436 1341 freta
1448 1314 1509 1349 quis
1526 1314 1639 1340 miretur
1652 1312 1772 1348 ephebi?

1092 1363 1159 1398 Quis
1170 1360 1354 1390 Chalcedonio
1365 1364 1533 1387 constratum
1553 1360 1587 1387 ab
1602 1359 1694 1387 littore
1711 1363 1837 1394 pontum,

1093 1409 1175 1444 Regis
1191 1416 1260 1443 opus
1274 1407 1372 1442 Magni,
1389 1406 1485 1434 mediis
1502 1406 1621 1440 Euripus
1636 1406 1680 1434 ubi
1691 1405 1770 1433 undis

1093 1456 1264 1491 Europaeque
1275 1455 1401 1489 Asiaeque
1415 1457 1489 1480 vetat
1503 1460 1670 1480 concurrere
1684 1452 1793 1480 terras?

1093 1504 1151 1531 Non
1166 1503 1211 1531 hic
1222 1503 1280 1530 dira
1296 1502 1357 1529 freti
1374 1501 1475 1533 rabies,
1488 1508 1542 1528 non
1555 1507 1625 1527 saeva
1641 1499 1779 1527 furentum

1095 1550 1192 1578 Prmlia
1205 1549 1368 1581 Caurornm.
1391 1548 1467 1575 Licet
1483 1547 1527 1575 hic
1542 1546 1705 1575 commercia
1722 1546 1819 1581 lingua!

1094 1597 1224 1632 Jungere,
1242 1600 1269 1624 et
1282 1596 1388 1622 alterno
1403 1601 1559 1622 sermonem
1577 1597 1669 1620 texere
1685 1592 1773 1627 pulsu.

1095 1642 1195 1670 Blanda
1208 1642 1364 1669 salutiferas
1381 1640 1543 1675 permiscent
1560 1639 1654 1666 littora
1672 1644 1764 1672 voces,

1094 1690 1128 1717 Et
1142 1696 1236 1720 voces.
1247 1693 1273 1716 ct
1289 1694 1358 1722 pene
1373 1694 1479 1714 manus.
1497 1686 1664 1713 Resonantia
1681 1685 1820 1719 utrimque

1095 1735 1184 1763 Verba
1196 1734 1290 1767 refert,
1302 1732 1399 1760 mediis
1412 1731 1549 1760 concurrit
1564 1731 1692 1758 fluctibus
1707 1730 1793 1757 Echo.

1130 1782 1180 1816 Qui
1194 1780 1276 1816 potis,
1293 1781 1450 1807 innumeros
1465 1778 1620 1813 cultusque,
1632 1777 1796 1812 habitusque
1821 1779 1896 1803 rete-

1785 1822 1876 1859 [sens,

1094 1876 1219 1904 Pandere
1236 1874 1383 1902 Iectonicas
1400 1881 1448 1908 per
1461 1873 1567 1908 singula
1581 1872 1684 1907 praedia
1701 1871 1819 1898 formas!

1095 1923 1154 1950 Non
1166 1922 1217 1948 hoc
1228 1925 1338 1956 spernat
1351 1927 1419 1955 opus
1430 1919 1580 1955 Gortynius
1594 1919 1689 1953 aliger,
1704 1917 1770 1945 tedis

1095 1967 1228 1996 Conditor
1242 1967 1381 1999 Euboicm,
1396 1974 1475 1993 casus
1488 1973 1569 2001 quem
1581 1965 1684 1999 fingere
1698 1965 1725 1992 in
1740 1971 1809 1991 auro

1095 2014 1245 2042 Conantem
1262 2013 1372 2047 Icarios,
1388 2013 1466 2047 patrii
1484 2012 1611 2047 pepulere
1626 2011 1744 2039 dolores.

1095 2060 1154 2088 Non
1166 2060 1245 2088 Philo
1255 2060 1418 2094 Cecropius;
1433 2066 1485 2086 non
1498 2058 1542 2094 qui
1559 2058 1684 2085 laudatus
1698 2057 1732 2085 ab
1744 2057 1820 2085 hoste

1096 2107 1175 2135 Clara
1188 2106 1324 2143 Syracosii
1340 2106 1422 2133 traxit
1439 2106 1589 2133 certamina
1605 2104 1676 2132 belli.

1096 2154 1201 2182 Forsan
1217 2159 1243 2181 et
1258 2153 1378 2188 insignes
1394 2152 1588 2186 hominumque
1603 2157 1774 2186 operumque
1785 2149 1895 2177 labores

1097 2200 1145 2228 Hic
1161 2200 1254 2227 habuit
1268 2199 1375 2227 decimo
1389 2198 1527 2226 celebrata
1541 2198 1679 2225 volumine
1698 2197 1777 2225 Marci

1097 2246 1269 2277 IIebdomas;
1284 2245 1328 2272 hic
1343 2244 1409 2272 clari
1419 2244 1531 2279 viguere
1542 2243 1705 2271 Menecratis
1717 2248 1803 2275 artes,

1099 2295 1185 2327 Atque
1201 2292 1298 2326 Ephesi
1314 2294 1435 2325 spectata
1450 2297 1556 2322 manus,
1574 2290 1615 2317 vel
1631 2290 1657 2316 in
1670 2297 1733 2317 arce
1747 2289 1876 2316 Mincrrte

1098 2341 1208 2368 lctinns.
1224 2340 1327 2373 magico
1340 2339 1380 2366 cui
1399 2343 1497 2365 noctua
1514 2338 1609 2372 pcrlita
1623 2338 1684 2364 fuco

1097 2387 1187 2413 Allicit
1204 2394 1282 2413 omne
1297 2393 1382 2420 genus
1397 2386 1533 2419 volucres,
1550 2385 1712 2420 pcritnitque
1728 2383 1839 2411 tuendo.

1097 2433 1228 2460 Conditor
1241 2433 1283 2459 hic
1297 2433 1386 2459 forsan
1400 2432 1482 2458 fuerit
1496 2432 1680 2459 I‘tolcrnaidos
1692 2431 1760 2458 aula:

1099 2480 1273 2509 Dinochaics,
1293 2479 1399 2512 quatlro
1415 2478 1456 2504 cui
1473 2479 1497 2504 in
1513 2478 1617 2513 fastigia
1630 2486 1699 2505 eono

1097 2526 1196 2559 Surgit,
1214 2531 1239 2552 et
1252 2526 1308 2559 ipsa
1321 2533 1385 2552 suas
1401 2526 1536 2552 Consumit
1553 2525 1676 2561 I‘yrantis
1692 2525 1812 2557 umbras,

1098 2573 1193 2599 Jussus
1209 2572 1243 2598 ob
1256 2573 1350 2599 incesti
1369 2573 1412 2607 qui
1429 2572 1566 2605 quondam
1583 2572 1669 2599 laxius
1684 2573 1786 2599 arnoris

1098 2619 1232 2646 Arsinoen
1247 2618 1338 2645 l‘harii
1356 2618 1493 2652 suspendit
1509 2619 1534 2644 in
1549 2625 1612 2644 acre
1628 2618 1734 2652 templi.

1098 2666 1190 2699 Spirat
1206 2665 1275 2691 enim
1292 2664 1353 2691 tecti
1367 2665 1501 2691 testudine
1512 2672 1575 2691 vera
1591 2664 1731 2698 Magnetis,

1100 2710 1368 2745 Allictaniquetrahit
1379 2710 1479 2737 ferrato
1494 2710 1569 2737 crine
1585 2711 1711 2744 puellam.

1100 2758 1154 2785 llos
1165 2766 1230 2792 ergo
1243 2762 1289 2783 aut
1301 2758 1396 2784 horum
1413 2756 1516 2784 similes
1528 2762 1569 2784 est
1583 2757 1697 2784 credere
1709 2756 1822 2790 dignum

1099 2806 1241 2840 Belgarum
1259 2805 1284 2831 in
1302 2806 1379 2831 terris
1395 2811 1491 2831 scenas
1504 2805 1625 2836 posuisse
1633 2804 1787 2836 domorum,

1100 2852 1206 2879 Molitos
1217 2852 1304 2878 celsas
1320 2851 1392 2877 fluvii
1408 2850 1580 2878 decoramina
1599 2851 1687 2877 villas.

1102 2900 1164 2927 nam
1181 2904 1221 2927 est
1234 2899 1315 2928 nativi
1329 2897 1450 2927 sublimis
1464 2898 1490 2926 in
1506 2905 1604 2934 aggere
1614 2897 1690 2931 saxi;
