4108 6188
323 263 433 322 893
1823 259 2121 322 IDYLLIA.
3515 261 3623 322 89‘

323 383 452 438 llaec
474 379 845 452 procurrentis
874 379 1091 436 fundata
1121 378 1406 450 crepidine
1429 377 1594 450 ripte;
1946 377 2000 438 Δ
2099 376 2477 448 Salve,magne
2499 389 2696 448 parens
2723 377 3047 450 frugumque
3068 379 3356 452 virumque
3374 379 3620 439 Mosella.

325 478 454 533 llaec
491 475 717 545 refugit,
746 485 1073 547 captumque
1099 476 1218 531 sinu
1242 473 1346 530 sibi
1371 473 1610 529 vindicat
1636 487 1883 530 amnem.
2029 469 2106 524 Tc
2131 470 2260 526 clari
2288 484 2564 541 proceres,
2599 478 2651 524 te
2677 469 2820 524 bello
2841 469 3077 526 exercita
3108 472 3298 542 pubes,

327 573 421 629 illa
457 581 650 628 tenens
677 571 892 635 collem,
926 571 1019 642 qui
1046 571 1308 640 plurimus
1333 570 1582 626 imminet
1607 569 1778 639 amni,
2028 565 2244 620 fEmula
2273 573 2326 620 te
2356 565 2522 620 Latia:
2551 563 2773 620 decorat
2797 564 3047 621 facundia
3080 566 3298 636 linguae.

324 667 567 735 Usurpat
592 663 779 720 faciles
809 675 907 734 per
936 664 1106 730 culta,
1135 678 1233 734 per
1256 677 1450 734 aspera
1484 663 1670 729 visus;
2028 659 2167 726 Quin
2190 658 2351 714 etiam
2381 671 2581 726 mores,
2611 667 2668 714 et
2689 658 2869 713 iactum
2903 658 3077 714 fronte
3105 673 3296 715 severa

333 761 514 830 thue
534 759 648 815 suis
675 758 871 812 fruitur
901 757 1058 812 dives
1085 757 1388 827 speculatio
1418 756 1597 812 terris.
2028 751 2332 824 ingenium,
2359 764 2548 808 natura
2581 753 2686 808 tuis
2716 753 2987 810 concessit
3017 753 3273 809 alumnis.

328 853 470 921 Quin
493 852 656 907 etiam
681 849 848 920 riguis
881 849 1071 904 humili
1099 847 1236 918 pede
1265 847 1484 903 condita
1520 847 1690 915 pratis
2028 849 2138 904 Nec
2168 847 2282 904 sola
2319 851 2569 917 antiquos
2592 854 2831 903 ostentat
2859 846 3029 902 Roma
3060 846 3292 902 Catones
3323 863 3335 902 :

330 945 661 1013 Compensat
693 940 823 996 celsi
849 941 988 996 bona
1020 939 1290 995 naturalia
1321 940 1544 1006 montis,
2029 944 2136 997 Aut
2166 957 2304 997 unus
2336 950 2541 996 tantum
2567 941 2695 1008 justi
2721 948 2996 1011 spectator
3016 949 3071 996 et
3097 941 3237 1011 mqui

330 1035 664 1105 Sublimique
695 1033 911 1089 minans
942 1032 1196 1102 irrumpit
1219 1032 1272 1086 in
1303 1031 1510 1086 aethera
1545 1039 1711 1099 tecto,
2028 1033 2204 1089 Pollet
2227 1032 2510 1094 Aristides,
2543 1040 2862 1100 veteresque
2887 1031 3122 1086 illustrat
3144 1033 3407 1088 Athenas.

326 1129 618 1186 Ostentans
645 1126 834 1192 altam,
862 1123 1070 1181 Pharos
1094 1133 1153 1180 ut
1181 1123 1550 1194 Memphitica,
1597 1123 1812 1176 turrim.
2029 1124 2232 1180 Verum
2262 1140 2362 1194 ego
2387 1123 2515 1192 quid
2547 1124 2684 1178 laxis
2713 1123 2936 1178 nimium
2966 1123 3226 1194 Spatiatus
3252 1123 3482 1180 habenis

326 1222 467 1278 Huic
495 1220 776 1292 proprium
800 1227 885 1274 est
906 1219 1122 1273 clausos
1148 1226 1409 1286 conseptu
1441 1216 1653 1285 gurgite
1677 1214 1852 1285 pisces
2030 1219 2215 1274 Victus
2236 1233 2422 1274 amore
2447 1217 2523 1272 tui
2543 1217 2812 1288 praeconia
2840 1217 3028 1273 detero
3049 1217 3073 1268 ’ἐ
3097 1217 3292 1284 conde,

328 1314 556 1385 Apricas
583 1311 933 1382 scopulorum
967 1310 1106 1364 inter
1135 1319 1359 1378 captare
1384 1305 1630 1360 novales.
2028 1310 2176 1366 Musa
2204 1309 2422 1381 chelyn,
2456 1308 2625 1378 pulsis
2656 1319 2904 1364 extremo
2929 1310 3174 1365 carmine
3203 1311 3406 1366 nervis.

329 1409 456 1464 Haec
483 1407 711 1462 summis
735 1405 915 1460 innixa
946 1403 1091 1475 jugis
1113 1403 1350 1458 labentia
1381 1400 1569 1456 subter
2029 1404 2266 1474 Tempus
2287 1405 2411 1470 erit,
2445 1417 2569 1460 cum
2601 1418 2690 1458 tne
2724 1402 2917 1458 studiis
2946 1401 3200 1474 ignobilis
3229 1404 3308 1458 oti

327 1501 578 1556 Flumina
605 1500 866 1570 despectu
889 1499 999 1569 jam
1029 1498 1304 1567 caligante
1333 1503 1534 1550 tuetur.
2029 1497 2352 1552 Mulcentem
2381 1511 2564 1561 curas,
2593 1495 2840 1566 senilque
2860 1496 3040 1566 aprica
3073 1497 3368 1564 foventem,

329 1596 478 1652 Atria
512 1594 640 1664 quid
665 1609 962 1650 memorem
985 1592 1346 1647 viridantibus
1375 1589 1541 1645 assita
1575 1587 1782 1658 pratis?
2031 1589 2270 1645 Materiae
2297 1588 2643 1645 commendet
2674 1589 2848 1644 honos
2881 1608 2892 1641 :
2919 1605 3043 1644 cum
3073 1589 3211 1646 facta
3244 1591 3444 1646 viritim

327 1683 751 1752 lnntnnerisque
777 1697 942 1751 super
967 1682 1210 1736 nutantia
1235 1688 1376 1735 tecta
1408 1677 1711 1732 columnis?
2030 1684 2316 1754 Belgarum
2336 1726 2350 1750 ,
2387 1683 2701 1754 patriosque
2736 1697 2926 1738 canam
2956 1683 3151 1739 decora
3185 1684 3383 1756 inclyta
3424 1695 3624 1740 mores.

327 1776 468 1844 Quid
498 1791 620 1846 qua:
646 1774 937 1843 sulphurea
960 1772 1266 1828 substructa
1289 1769 1571 1840 crepidine
1606 1766 1817 1820 fumant
1953 1766 2002 1827 B
2030 1777 2210 1832 Mollia
2244 1776 2426 1831 subtili
2452 1777 2661 1831 neptim
2680 1775 2810 1830 mihi
2835 1779 3071 1832 carmina
3103 1778 3195 1834 mo

333 1871 554 1936 Balnea,
592 1868 821 1924 ferventi
845 1883 966 1923 cum
990 1866 1250 1922 Mulciber
1279 1865 1502 1919 haustus
1531 1871 1741 1933 operto,
1849 1941 1853 1946 ι
2027 1869 2294 1938 Pierides,
2321 1870 2577 1939 tenuique
2595 1877 2748 1939 aptas
2764 1870 3104 1941 subtegmine
3133 1871 3266 1935 telas

328 1960 513 2016 Volvit
535 1960 818 2015 anltel-tlas
843 1959 1068 2014 tectoria
1093 1973 1187 2027 per
1209 1971 1344 2011 cava
1373 1955 1643 2018 ﬂammas.
2025 1963 2350 2019 Percurrent
2383 1981 2397 2017 :
2439 1962 2655 2018 dabitur
2694 1963 2896 2019 nostris
2936 1980 3152 2036 quoque
3189 1977 3431 2036 purpura
3462 1966 3618 2021 fusis.

334 2052 605 2108 Inclusum
637 2053 948 2122 glomerans
977 2059 1112 2106 testu
1139 2051 1460 2119 exspirante
1482 2037 1779 2118 vaporem?
2026 2055 2158 2123 Quis
2205 2053 2335 2109 mihi
2373 2064 2483 2109 tum
2525 2069 2634 2110 non
2665 2054 2843 2111 dictus
2868 2057 2971 2112 erit
3001 2058 3024 2110 τ
3064 2059 3378 2114 memorabo
3413 2059 3625 2130 quietos

330 2145 452 2200 Vidi
485 2160 586 2216 ego
613 2145 863 2200 defessos
884 2143 1059 2199 multo
1085 2141 1286 2198 sudore
1307 2141 1508 2195 lavacri
2025 2146 2309 2217 Agricolas
2339 2165 2350 2199 :
2383 2145 2672 2218 legumque
2700 2155 2872 2216 catos,
2908 2148 3158 2218 fandique
3205 2159 3476 2220 potentes,

331 2239 626 2294 Fastidisse
652 2238 803 2294 lacus
825 2248 879 2293 et
909 2237 1107 2308 frigora
1139 2236 1492 2306 piscinarum,
2025 2237 2345 2293 Praesidium
2373 2239 2610 2294 Subiime
2637 2241 2742 2295 reis
2769 2257 2782 2296 :
2805 2257 2940 2311 quos
2967 2243 3116 2296 curia
3147 2257 3390 2298 smnmos

331 2334 400 2389 L‘t
429 2334 564 2388 vivis
593 2331 904 2387 fruerentur
939 2331 1127 2401 aquis;
1156 2344 1284 2384 mox
1314 2342 1476 2382 amne
1506 2326 1710 2382 refotos
2027 2331 2354 2398 Municipum
2405 2331 2532 2385 vidit
2581 2346 2858 2397 proceres,
2903 2335 3292 2405 propriumque
3326 2343 3575 2390 senatum
3603 2349 3620 2389 :

328 2425 612 2482 Piaudenti
643 2424 876 2496 gelidum
907 2423 1109 2478 flumen
1146 2422 1424 2493 pepulisse
1457 2429 1666 2474 natatu.
2029 2423 2176 2490 Quos
2205 2423 2511 2494 prmtextati
2541 2424 2775 2478 celebris
2797 2424 3050 2479 facundia
3083 2427 3192 2480 ludi

328 2521 480 2588 Quod
505 2520 552 2574 si
579 2517 834 2574 Cumanis
857 2518 961 2574 huc
982 2517 1178 2572 afforet
1199 2516 1398 2586 hospes
1421 2515 1489 2568 ab
1521 2515 1658 2582 oris,
2025 2519 2264 2573 Contulit
2287 2518 2351 2572 ad
2381 2518 2580 2573 veteris
2605 2518 2871 2588 praeconia
2897 2519 3236 2587 Quintiliani.

327 2612 592 2668 Crederet
621 2610 889 2667 Euboicas
913 2610 1200 2666 simulacra
1224 2608 1420 2663 exsilia
1440 2606 1602 2662 Baias
2025 2612 2235 2683 Quique
2255 2625 2382 2667 suas
2409 2626 2607 2667 rexere
2637 2612 2821 2678 urbes,
2851 2627 3154 2683 purumque
3182 2612 3415 2670 tribunal

331 2706 427 2761 liis
452 2706 686 2760 donasse
710 2705 845 2760 locis
871 2720 885 2759 :
920 2712 1102 2760 tantus
1135 2703 1422 2771 cultusque
1453 2702 1709 2771 nitorque
2027 2704 2322 2776 Sanguine,
2349 2711 2405 2760 et
2427 2705 2686 2759 innocuas
2707 2705 3047 2761 illustravere
3075 2719 3293 2761 secures
3319 2721 3334 2770 ;

329 2798 539 2864 Allicit,
571 2806 622 2853 et
650 2798 853 2853 nullum
882 2800 1021 2868 parit
1040 2797 1333 2852 oblectatio
1356 2796 1560 2850 luxum.

2025 2800 2135 2856 Aut
2164 2799 2356 2855 Italum
2385 2801 2633 2870 populos,
2653 2801 3166 2872 aquilonigenasque
3191 2800 3478 2856 Britannos

399 2891 505 2946 Sed
530 2889 659 2946 mihi
683 2891 774 2960 qui
798 2890 1014 2945 tandem
1039 2889 1160 2944 ﬁnis
1183 2899 1268 2944 tua
1293 2889 1480 2960 glauca
1504 2888 1704 2942 fluenta
2027 2891 2480 2950 Prmfeclurarnm
2509 2891 2662 2947 titulo
2694 2902 2920 2948 tenuere
2949 2892 3210 2948 secundo.

331 2985 545 3056 Dicere,
577 2985 1018 3056 dignandntnque
1075 2985 1210 3039 mari
1263 2997 1569 3038 memorare
1603 2981 1922 3037 Mosellam?
2027 2988 2236 3059 Quique
2257 2996 2416 3058 caput
2444 3001 2622 3042 rerum
2655 2987 2905 3054 Romam,
2937 2987 3303 3058 populumque
3333 2993 3622 3056 patresque

328 3080 600 3135 lnnumeri
632 3079 776 3149 quod
807 3089 858 3134 te
879 3079 1095 3134 diversa
1129 3092 1224 3145 per
1252 3077 1388 3131 ostia
1414 3076 1524 3130 late
2029 3082 2261 3136 Tantum
2290 3096 2394 3135 non
2418 3081 2591 3148 primo
2620 3081 2762 3135 rexit
2782 3079 2886 3134 sub
2916 3079 3136 3134 nomine
3165 3077 3444 3148 :quamvls

328 3161 611 3227 Incurrunt
633 3173 862 3226 amnes?
889 3186 1215 3242 quamquam
1240 3169 1460 3224 differre
1491 3177 1700 3223 meatus
1948 3153 1994 3217 C
2025 3173 2308 3237 meugrit
2339 3173 2544 3242 primis,
2577 3172 2820 3226 Festinat
2847 3171 3058 3226 solvere
3087 3171 3300 3225 tandem

330 3263 590 3329 Possent;
622 3264 716 3319 scd
744 3265 989 3318 celerant
1019 3265 1070 3317 in
1115 3273 1165 3319 te
1187 3277 1511 3318 consumere
1535 3277 1757 3317 nomen.
2025 3267 2282 3322 Errorem
2315 3265 2532 3318 fortuna
2561 3275 2716 3319 suum
2749 3280 2763 3318 :
2811 3265 3083 3330 libataque
3111 3264 3398 3333 suppleas,

328 3355 569 3426 Namque
596 3364 651 3409 et
680 3355 917 3410 i’ronaea:
940 3356 1292 3422 Nemesazque
1322 3354 1503 3421 adjnta
1540 3363 1726 3408 meatu
2024 3361 2277 3427 Praemia,
2303 3361 2412 3430 jam
2440 3362 2556 3416 veri
2589 3361 2798 3432 fastigia
2826 3361 3016 3416 reddet
3044 3361 3266 3415 honoris

326 3446 469 3503 Sura
504 3456 626 3500 tuas
642 3453 900 3514 properat
931 3459 1036 3498 non
1065 3444 1399 3513 degenerare
1418 3445 1518 3498 sub
1543 3446 1737 3515 undas,
2023 3436 2311 3510 Nobilibus
2336 3453 2626 3521 repetenda
2657 3453 2962 3520 nepotibus.
2994 3452 3065 3507 At
3095 3453 3256 3506 modo
3279 3459 3513 3521 coeptum

325 3540 464 3596 sum
500 3539 810 3607 ῖητετεθιμιιῑε
849 3537 943 3593 mli
965 3537 1265 3607 δι’ίηῖίίεθια
1290 3536 1504 3592 Πυθηιίε
1527 3556 1537 3589 ε
2026 3550 2320 3605 Detexatur
2341 3561 2475 3618 Opus
2501 3565 2514 3601 :
2542 3547 2707 3601 dilata
2730 3554 2784 3600 et
2807 3545 2966 3601 laude
2991 3545 3254 3614 virorum,

328 3633 571 3688 Nobilius
601 3632 862 3700 permixta
893 3639 985 3685 tuo
1010 3629 1110 3684 Slli)
1137 3629 1377 3695 nomine,
1404 3645 1562 3699 quam
1591 3630 1636 3684 Si
2027 3642 2281 3697 Dicamus
2308 3641 2432 3694 Ιωιο
2462 3653 2557 3709 ρει»
2575 3654 2698 3694 rura
2729 3638 2959 3694 virentia
2987 3647 3159 3694 tractu

329 3725 632 3795 ignoranda
675 3725 812 3795 patri
843 3723 1203 3780 confunderet
1233 3723 1374 3778 ostia
1425 3733 1592 3794 ponto
1623 3743 1636 3779 :

2025 3737 2261 3792 Felicem
2282 3734 2520 3797 fluvium,
2547 3733 2830 3804 Rhenique
2849 3741 3133 3790 sacremus
3154 3734 3206 3788 in
3225 3731 3405 3787 undis.

329 3820 406 3876 Te
434 3819 650 3890 rapidus
680 3819 888 3882 Celbis,
914 3826 964 3873 te
988 3833 1257 3872 marmore
1279 3817 1457 3872 clarus
1481 3817 1727 3874 Erubrus

2098 3829 2373 3885 Caeruleos
2407 3835 2569 3895 nunc,
2603 3827 2817 3893 Rhene,
2853 3828 3026 3892 sinus,
3055 3826 3329 3898 hyaloqtte
3355 3824 3618 3879 virentem

329 3912 608 3967 Festinant
638 3911 851 3966 famulis
880 3910 1285 3980 quamprimum
1335 3909 1632 3965 aliainhere
1666 3908 1922 3981 lymphis,
2029 3922 2210 3978 pande
2237 3921 2476 3992 peplum,
2510 3919 2852 3991 spatiumque
2883 3920 3006 3973 novi
3031 3927 3237 3972 metare
3263 3916 3471 3980 liuenti,

327 4005 609 4061 Nobilibus
638 4005 820 4062 Gclbis
851 4006 1152 4061 celebratus
1175 4004 1413 4074 DiSCibuﬁ
1441 4019 1455 4057 ε
1481 4004 1570 4059 ille
2027 4014 2306 4069 Fraternis
2340 4011 2697 4067 cutnulandus
2746 4012 2921 4081 aquis.
2962 4009 3071 4064 Nec
3102 4009 3321 4078 pramtia
3365 4008 3418 4062 in
3463 4005 3622 4061 undis

329 4098 596 4169 Praecipiti
629 4107 887 4168 torquens
912 4097 1144 4153 cerealia
1169 4111 1296 4150 saxa
1325 4104 1529 4161 rotatu,

2028 4105 2181 4167 Sola.
2211 4105 2306 4160 sed
2330 4104 2588 4175 Augusta:
2617 4104 2838 4158 veniens
2862 4102 3005 4170 quod
3037 4101 3307 4158 mamilius
3330 4099 3477 4155 urbis

329 4191 738 4261 Stridentesque
762 4189 983 4245 trahens
1017 4204 1109 4258 per
1136 4188 1278 4243 levia
1305 4202 1575 4243 marmora
1599 4203 1779 4245 serras
2028 4197 2306 4268 spectavit
2323 4197 2538 4266 junctos
2563 4195 2793 4266 Natique
2813 4195 3099 4264 Patrisque
3125 4192 3428 4262 triumphos
3455 4233 3470 4256 ,

328 4286 492 4343 Audit
515 4294 803 4356 perpetuos
823 4283 940 4352 ripa
966 4298 1030 4338 ex
1064 4291 1293 4351 utraque
1315 4280 1599 4336 tumultus-
1768 4313 1770 4316 ν
2028 4290 2285 4346 Hostibus
2315 4290 2518 4344 exactis
2546 4287 2766 4342 Nicrum
2793 4301 2976 4354 super,
3008 4294 3063 4342 et
3089 4286 3474 4356 Lupodunum,

327 4383 603 4437 Praetereo
633 4378 831 4434 exilem
862 4375 1120 4432 Lesuram
1147 4420 1160 4444 ,
1195 4382 1519 4444 tenuemque
1544 4373 1922 4445 Drachonutn,
2030 4383 2096 4437 Et
2117 4381 2319 4438 fontem
2343 4380 2510 4435 Latiis
2540 4380 2780 4450 ignotum
2805 4379 3094 4435 annalibus
3125 4378 3310 4433 Histri.

333 4473 444 4530 Nec
471 4471 735 4529 fastiditos
753 4470 1024 4526 Salmonie
1047 4483 1246 4538 usurpo
1269 4469 1490 4524 fluores.
1756 4467 1762 4472 ’
1950 4522 1995 4544 ἅ
2031 4475 2160 4530 Haec
2185 4472 2448 4544 profligati
2474 4475 2622 4527 venit
2659 4472 2821 4527 modo
2846 4473 3025 4527 laurea
3055 4472 3183 4526 belli
3215 4488 3226 4523 :

335 4567 564 4638 Naviger
593 4565 854 4622 undisona
880 4563 1081 4620 dudum
1109 4578 1196 4618 me
1224 4563 1368 4618 mole
1405 4562 1640 4620 Saravus
1950 4522 2004 4594 D
2032 4567 2154 4622 Mox
2177 4522 2312 4621 tilias
2333 4522 2573 4636 :Iiasque
2600 4564 2754 4620 feret.
2781 4563 2892 4619 Vos
2915 4563 3118 4634 pergite
3141 4562 3334 4633 juncti,

333 4660 495 4714 Torta
523 4668 676 4715 veste
704 4666 860 4714 vocat
887 4676 898 4709 :
926 4657 1146 4728 longum
1178 4656 1264 4726 qui
1288 4655 1494 4710 distulit
1521 4671 1760 4724 amnem,
2035 4662 2103 4717 Et
2127 4675 2275 4716 mare
2303 4672 2636 4730 purpureum
2664 4657 2883 4728 gemino
2917 4654 3200 4728 propellite
3224 4661 3418 4709 tractu.

332 4752 495 4809 Fessa
519 4754 620 4809 sub
647 4753 902 4823 Augustis
928 4761 985 4806 ut
1013 4750 1254 4805 volveret
1280 4751 1414 4804 ostia
1448 4750 1634 4806 muris.
2032 4755 2144 4810 Neu
2170 4767 2392 4810 vereare
2417 4752 2615 4820 minor,
2645 4750 3005 4820 pulcherrime
3029 4747 3234 4814 Rhene,
3268 4747 3439 4803 videri
3469 4765 3482 4802 :

333 4847 443 4902 Nec
480 4846 656 4902 minor
688 4847 810 4912 hoc,
845 4846 1068 4901 tacitum
1095 4844 1181 4910 qui
1215 4856 1313 4910 per
1343 4841 1457 4895 sola
1487 4842 1704 4911 pinguia
1734 4842 1924 4900 labens
2032 4849 2254 4905 Invidia:
2283 4849 2358 4904 nil
2388 4848 2586 4915 hospes
2616 4846 2797 4901 habet.
2830 4845 3045 4899 Potiere
3076 4844 3298 4913 perenni

329 4939 556 5009 Stringit
588 4939 870 5008 frugiferas
900 4936 1029 4991 felix
1059 4933 1323 4989 Alisonlia
1357 4932 1525 5002 ripas,
2032 4943 2264 4998 Nomine
2289 4960 2302 4996 ε
2339 4949 2392 4995 tu
2425 4939 2671 5008 fratrem,
2705 4939 2862 4993 fama:
2887 4953 3133 5003 securus,
3163 4937 3386 5005 adopta.

327 5030 472 5085 Mille
500 5029 613 5094 alii,
649 5036 810 5098 prout
840 5041 1109 5096 quemque
1137 5040 1268 5080 suus
1291 5025 1458 5094 magis
1483 5025 1714 5094 impetus
1744 5035 1921 5098 urget,
2031 5035 2196 5089 Dives
2223 5033 2396 5102 aquis,
2426 5032 2577 5086 dives
2598 5031 2873 5102 nymphis,
2909 5031 3134 5100 largitor
3165 5030 3377 5097 utrique

330 5123 466 5178 Esse
491 5122 564 5176 tni
592 5122 841 5190 cupiunt.
866 5121 1068 5174 Tantus
1099 5119 1511 5188 properantibus
1546 5119 1704 5173 undis
2029 5125 2228 5181 Alveus
2250 5122 2507 5178 extendet
2528 5121 2759 5191 geminis
2780 5121 3008 5176 divortia
3035 5121 3189 5189 ripis,

328 5214 602 5282 Ambitus,
637 5223 728 5267 aut
753 5213 945 5268 moles.
971 5209 1122 5278 Quod
1155 5211 1200 5265 si
1231 5209 1351 5275 tibi,
1375 5209 1461 5264 dia
1483 5209 1724 5277 Mosella,

2029 5219 2466 5284 Communesque
2494 5213 2608 5268 vias
2639 5212 2854 5266 diversa
2884 5227 2980 5281 per
3009 5211 3144 5266 ostia
3175 5208 3380 5263 fundet.

326 5307 557 5378 Smyrna
585 5321 742 5360 suum
770 5313 944 5359 vatem
964 5346 978 5369 ,
1009 5303 1091 5359 vel
1122 5302 1338 5357 Mantua
1361 5302 1508 5358 clara
1535 5301 1775 5358 dedisset
1799 5320 1814 5356 :
2027 5304 2307 5364 Accedent
2335 5302 2480 5358 vires
2505 5345 2519 5368 ,
2553 5318 2688 5374 quas
2722 5302 2952 5358 Francia
2976 5347 2990 5371 ,
3025 5315 3267 5371 quasque
3296 5299 3621 5365 Chamavos,

326 5398 757 5455 Cederellliacis
786 5396 984 5452 Simois
1008 5405 1338 5450 memoralus
1362 5396 1413 5449 in
1437 5396 1569 5462 Oris.
2027 5399 2391 5469 Germanique
2442 5406 2714 5453 tremant:
2749 5407 2876 5453 tunc
2920 5412 3082 5452 verus
3127 5395 3398 5451 habebere
3441 5393 3620 5449 limes.

326 5491 437 5548 Nec
469 5491 728 5562 praeferre
751 5505 878 5546 suos
904 5487 1128 5544 auderet
1154 5487 1336 5543 Tibris
1360 5487 1616 5552 honores.
2024 5491 2260 5548 Accedet
2290 5501 2439 5544 tanto
2468 5489 2747 5559 geminum
2779 5489 2874 5544 tibi
2907 5504 3107 5543 nomen
3138 5489 3206 5543 ab
3235 5487 3403 5542 amni.

332 5586 405 5639 Da
425 5584 644 5640 veniam
677 5584 808 5638 mihi
831 5626 847 5651 ,
875 5583 1042 5637 Roma
1067 5591 1278 5651 potens.
1303 5580 1483 5646 Pulsa,
1517 5596 1616 5636 oro
1645 5626 1661 5651 ,
1689 5581 1921 5639 facessat
2021 5584 2267 5653 Cumque
2291 5597 2430 5636 unus
2453 5581 2522 5636 de
2551 5579 2698 5635 fonte
2725 5579 2879 5642 fiuas,
2908 5580 3095 5636 dicere
3117 5580 3382 5635 bicornis.

325 5678 627 5744 lnvidia,et
654 5677 820 5732 Latiae
840 5675 1084 5731 Nemesis
1108 5690 1212 5730 non
1243 5675 1454 5744 cognita
1485 5675 1702 5745 linguae,
2094 5675 2222 5730 litae
2241 5690 2363 5744 ego,
2387 5672 2654 5728 VlViSCA
2681 5672 2884 5727 ducens
2914 5673 2982 5727 ab
3008 5672 3219 5739 origine
3237 5683 3478 5743 gentem,

325 5771 540 5843 imperii
564 5769 749 5829 sedem
770 5812 786 5842 ,
814 5768 1111 5841 Romaeque
1139 5776 1292 5825 tuere
1318 5775 1593 5840 parentes.
2022 5770 2308 5844 Belgarum
2329 5765 2582 5840 hospitiis
2609 5780 2754 5824 nunc
2784 5780 2881 5839 per
2906 5780 3046 5825 nova
3067 5765 3272 5825 hedera
3296 5776 3480 5834 notus,
