4108 6188
486 278 596 338 895

487 396 788 465 Ausonius,
812 409 1011 452 nomen
1041 393 1277 464 Latium,
1306 392 1613 466 patriaque,
1643 390 1918 463 domoque

489 492 770 549 Gallorum
800 499 1079 547 extremos
1105 488 1272 554 inter,
1297 489 1609 560 celsamque
1637 486 1925 560 Pyrmnen,

490 584 790 656 Temperat
808 584 1072 656 ingenuos
1093 598 1199 655 qua
1223 582 1348 639 laeta
1373 581 1660 654 Aquitania
1682 595 1884 647 mores,

491 675 684 733 Audax
713 675 910 747 exigua
936 673 1042 730 fide
1064 673 1318 730 concino.
1347 672 1453 728 Fas
1480 671 1611 728 mihi
1634 685 1850 727 sacrum

460 768 889 826 .Perstrinxisse
911 782 1126 825 amnem
1164 766 1312 824 tenui
1334 765 1592 822 libamine
1619 764 1807 822 Musm.

489 861 605 919 Nec
624 860 841 918 laudem
871 860 1324 926 all‘ecto;veniam
1348 869 1495 929 peto.
1520 859 1660 916 Sunt
1682 856 1779 914 tibi
1809 858 1989 924 multi,

492 953 652 1011 Alme
673 952 872 1020 amnis,
896 965 1083 1008 sacros
1104 951 1196 1020 qui
1219 951 1521 1007 sollicitare
1541 950 1743 1006 ﬂuores

492 1045 791 1117 Aonidum,
824 1055 1103 1115 tutamque
1125 1044 1305 1100 solent
1327 1043 1548 1099 haurire
1570 1042 1919 1114 Aganippen.

493 1140 595 1197 Ast
612 1154 737 1213 ego,
762 1148 964 1213 quanta
991 1138 1100 1195 mei
1125 1138 1338 1196 dederit
1363 1153 1424 1196 se
1443 1154 1578 1195 vena
1605 1137 1853 1209 liquoris,

496 1231 842 1305 Burdigalam
870 1247 1002 1299 cum,
1029 1246 1117 1288 me
1147 1231 1201 1288 in
1233 1232 1490 1303 patriam,
1541 1230 1837 1302 nidumque
1864 1236 2102 1286 senectae

504 1327 782 1395 Augustus
807 1333 984 1397 pater,
1008 1334 1066 1381 et
1094 1335 1275 1388 natus.
1300 1338 1419 1381 mea
1449 1324 1681 1379 maxima
1709 1337 1858 1389 cura,

500 1417 766 1475 Fascibus
797 1419 1049 1475 Ausoniis
1080 1418 1398 1475 decoratum
1423 1425 1479 1474 et
1517 1416 1724 1472 honore
1752 1414 1921 1470 curuli

498 1510 734 1579 Mittent,
758 1512 1004 1567 emerita:
1038 1520 1158 1582 post
1184 1520 1429 1580 tempora
1456 1509 1590 1567 disci
1600 1509 1779 1578 plinae,

501 1601 691 1658 Latius
711 1604 895 1659 Arctoi
923 1604 1193 1674 praeconia
1221 1618 1519 1675 persequar
1543 1603 1739 1657 amnis.

487 1693 707 1749 .Adtlam
736 1695 923 1760 urbes,
957 1694 1119 1750 tacito
1148 1709 1284 1765 quas
1305 1693 1698 1750 subterlaberis
1722 1691 1916 1747 alveo:

498 1784 809 1857 Moeniaque
836 1787 1079 1857 antiquis
1110 1794 1163 1842 te
1192 1787 1597 1856 prospectantia
1628 1786 1798 1839 muris
1831 1802 1843 1837 :

497 1876 732 1941 Addam,
760 1877 1035 1948 praesidiis
1062 1876 1349 1933 dubiarum
1379 1876 1595 1931 condita
1626 1890 1831 1941 rerum,

499 1967 614 2029 Sed
644 1967 810 2023 modo
835 1968 1045 2025 securis
1068 1983 1174 2023 non
1202 1976 1404 2034 castra,
1426 1967 1521 2024 sed
1550 1948 1744 2022 horrea
1773 1964 1972 2037 Belgis.

496 2059 707 2116 Addam
735 2060 925 2117 felices
952 2059 1069 2130 ripa
1096 2074 1162 2116 ex
1194 2068 1424 2131 utraque
1450 2060 1702 2126 colonos,

498 2153 683 2226 Teque
711 2154 856 2211 inter
888 2154 1100 2211 medios
1126 2153 1516 2223 hominumque
1544 2153 1821 2223 boumque
1851 2152 2062 2209 labores
2081 2196 2097 2222 ,

498 2246 865 2318 Stringentem
891 2248 1060 2319 ripas,
1090 2257 1148 2304 et
1176 2247 1392 2318 pinguia
1414 2248 1557 2303 culta
1577 2256 1877 2325 secantem.

497 2339 616 2399 Non
643 2341 737 2397 tibi
762 2357 823 2398 se
848 2342 1006 2413 Liger
1031 2341 1321 2408 anteferat,
1350 2356 1456 2395 non
1479 2340 1668 2397 Axona
1700 2352 1946 2411 praeceps
1976 2355 1992 2407 ;

505 2431 748 2488 Matrona
776 2448 905 2500 non,
940 2433 1124 2489 Gallos
1148 2431 1713 2503 Belgasque'intersita
1744 2432 1879 2487 lines
1910 2445 1927 2497 ;

500 2522 798 2582 Santonico
822 2525 1023 2582 refluus
1054 2540 1163 2580 non
1197 2526 1314 2595 ipse
1341 2524 1684 2580 Carantonus
1713 2531 1870 2579 testu.

502 2616 786 2674 Goncedcs
807 2616 987 2689 gelido
1006 2617 1203 2672 Durani
1225 2616 1293 2672 de
1318 2625 1500 2671 monte
1519 2616 1740 2671 volutus

506 2708 698 2765 Amnis
731 2726 745 2763 :
777 2717 832 2765 et
855 2708 1148 2764 auriferum
1181 2714 1474 2779 postponet
1490 2705 1665 2763 Gallia
1695 2707 1952 2764 Tarnem.

506 2799 875 2871 Insanamque
897 2815 1062 2857 ruens
1084 2816 1182 2872 per
1203 2815 1331 2857 saxa
1356 2801 1592 2857 rotantia
1617 2802 1730 2858 late

514 2890 573 2948 ln
604 2907 753 2949 mare
784 2908 1150 2965 purpureum,
1186 2894 1424 2950 dominae
1468 2903 1648 2950 tamen
1691 2905 1819 2951 ante
1858 2895 2101 2952 Mosella:

505 2983 737 3043 Numine
764 2985 1012 3056 adorato,
1039 2985 1377 3044 Tarbellicus
1407 2986 1508 3043 ibit
1532 2988 1787 3044 Aturrus.

572 3077 838 3150 Corniger
880 3090 1137 3135 externas
1186 3080 1512 3136 celebranda
1552 3079 1771 3136 Mosella
1817 3095 1912 3150 per
1945 3094 2096 3150 oras,

501 3170 613 3226 Nec
641 3171 776 3227 solis
799 3171 1126 3226 celebranda
1155 3171 1312 3240 locis,
1344 3173 1432 3228 ubi
1455 3173 1605 3228 fonte
1629 3189 1885 3244 supremo
1910 3232 1919 3239 ,

503 3262 733 3317 Exseris
749 3270 998 3316 auratum
1025 3262 1251 3316 taurince
1274 3260 1469 3317 frontis
1491 3262 1759 3319 honorem
1795 3281 1810 3318 :

510 3353 738 3422 Quaque
761 3351 932 3408 trahis
957 3352 1199 3423 placidos
1219 3352 1438 3409 sinuosa
1462 3368 1560 3426 per
1579 3369 1706 3410 arva
1735 3364 1946 3411 meatus
1977 3372 1991 3411 :

507 3443 608 3499 Vel
635 3458 737 3516 qua
771 3443 1060 3501 Germanis
1087 3445 1190 3500 sub
1207 3446 1469 3516 portubus
1498 3445 1635 3502 ostia
1657 3447 1861 3502 solvis:

499 3537 557 3593 Si
580 3537 704 3607 quis
729 3535 902 3593 honos
937 3538 1083 3594 tenui
1113 3538 1257 3594 volet
1283 3538 1565 3611 adspirare
1591 3554 1865 3607 eumeum,

500 3629 739 3688 Perdere
758 3631 807 3689 si
829 3632 949 3704 quis
969 3634 1023 3687 in
1046 3632 1133 3688 his
1156 3633 1466 3705 dignabitur
1485 3635 1594 3689 otia
1618 3639 1811 3698 musis.

500 3720 608 3777 Ibis
636 3722 689 3779 in
720 3738 815 3779 ora
843 3723 1150 3791 hominum,
1189 3727 1421 3798 laetoque
1447 3726 1717 3785 fovebere.
1735 3736 1918 3785 cantu.

498 3813 580 3871 Te
607 3813 809 3884 fontes,
839 3817 1055 3889 vivique
1078 3817 1252 3883 lacus,
1286 3826 1340 3874 te
1361 3819 1559 3875 caerula
1584 3829 1819 3877 noscent

500 3905 751 3963 Flumina
781 3926 793 3961 :
819 3916 873 3965 te
901 3922 1114 3972 veteres
1148 3926 1405 3981 pagorum
1438 3913 1607 3984 gloria
1640 3914 1786 3981 luci;

500 3996 582 4054 Te
614 3998 820 4069 Druna,
851 4007 905 4055 te
930 4002 1138 4073 sparsis
1161 4002 1365 4058 incerta
1396 4004 1652 4061 Druentia
1683 4006 1815 4076 ripis
1834 4048 1849 4073 .

502 4091 796 4163 Alpinique
818 4092 1002 4148 colent
1028 4094 1202 4162 ﬂuvii,
1228 4093 1615 4167 duplicemque
1646 4113 1743 4169 per
1772 4098 1957 4155 urbem

502 4185 607 4253 Qui
641 4195 785 4240 ment
811 4229 826 4253 ,
859 4195 913 4242 et
952 4187 1164 4243 dextra:
1204 4187 1499 4245 Rhodanus
1540 4189 1633 4245 dat
1678 4192 1899 4246 nomina
1944 4192 2096 4263 ripae.

502 4274 583 4331 Te
616 4276 822 4347 stagnis
848 4293 951 4348 ego
977 4279 1231 4335 caeruleis
1252 4320 1267 4347 ,
1299 4294 1666 4352 magnumque
1694 4284 1911 4337 sonoris

503 4367 795 4439 Amnibus,
830 4385 1101 4442 aequorea:
1131 4382 1182 4428 te
1220 4374 1614 4431 commendabo
1640 4375 1950 4433 Garumnae.

1103 4507 1430 4567 IDYLLIUM
1470 4509 1564 4567 XI.

940 4618 1173 4693 Griphus
1204 4622 1425 4676 ternarii
1444 4624 1665 4678 numeri.

764 4759 784 4796 ἰ
863 4737 1133 4793 Ausomus
1173 4736 1472 4794 SYIIIIACHO
1509 4738 1754 4794 salutem.

576 4849 790 4905 Latebat
815 4850 952 4904 inter
972 4867 1141 4924 nugas
1166 4868 1302 4907 meas
1329 4850 1543 4906 libellus
1562 4853 1808 4924 ignobilis
1830 4895 1847 4922 ,
1871 4856 2103 4911 utinam-

502 4956 601 5013 que
631 4940 897 5010 latuisset,
929 4958 1095 5013 neque
1120 4943 1314 4998 indicio
1349 4959 1446 4999 suo
1477 4953 1736 5015 tamquam
1768 4962 1923 5001 sorea:
1962 4949 2100 5018 peri-

501 5042 601 5090 ret.
638 5032 798 5089 Hunc
835 5050 928 5108 ego
976 5050 1093 5090 cum
1138 5036 1273 5090 velut
1312 5036 1634 5108 gallinaceus
1679 5036 1951 5094 Euclionis
1995 5041 2100 5096 situ

502 5130 701 5185 chartei
727 5129 958 5201 pulveris
978 5132 1228 5187 eruissem
1253 5174 1270 5200 ,
1303 5149 1579 5189 excussum
1621 5136 1809 5209 relegi,
1845 5148 2000 5210 atque
2044 5150 2100 5195 ut

504 5222 687 5276 avidus
711 5223 993 5293 fenerator,
1006 5223 1303 5296 improbum
1333 5242 1600 5282 nummum
1621 5230 1782 5284 malui
1808 5246 2069 5298 occupare
2083 5272 2100 5300 ,

504 5330 664 5385 quam
689 5315 931 5371 condere.
956 5314 1089 5372 Dein
1117 5318 1353 5390 cogitans
1377 5335 1578 5374 mecum
1626 5337 1730 5376 non
1758 5322 1889 5376 illud
1919 5320 2100 5379 Catul-

507 5406 736 5477 lianum,
786 5410 882 5465 Cui
926 5411 1072 5466 dono
1124 5410 1364 5482 lepidum
1413 5426 1611 5467 novum
1665 5414 1955 5471 libellum?
2013 5416 2102 5471 sed

505 5503 903 5581 ἀμαλακοῖπιρον
924 5515 974 5561 et
998 5507 1187 5575 verius,
1217 5505 1316 5561 Cui
1336 5507 1474 5562 dono
1502 5506 1776 5579 illepidum
1824 5510 2006 5565 rudem
2039 5512 2106 5565 li-

507 5593 737 5649 bellant?
763 5613 866 5653 non
897 5597 990 5653 diu
1008 5601 1242 5671 quasiui.
1271 5599 1347 5655 Tu
1371 5601 1510 5656 enim
1525 5603 1814 5672 occurristi,
1838 5621 1988 5675 quem
2008 5621 2103 5678 ego

506 5687 554 5739 si
582 5687 708 5740 mihi
739 5698 961 5757 potestas
983 5694 1048 5746 sit
1075 5709 1140 5747 ea:
1165 5694 1401 5748 omnibus
1443 5695 1738 5766 deligendi,
1776 5713 1940 5751 unum
1968 5714 2103 5751 sem-

508 5793 600 5851 per
627 5778 888 5849 elegerim.
915 5782 1037 5840 Misi
1064 5785 1239 5855 itaque
1276 5788 1344 5841 ad
1381 5796 1429 5842 te
1475 5787 1664 5857 friuola
1701 5790 1866 5859 gerris
1906 5790 2102 5848 Siculis

1887 268 2073 328 DECII
2110 264 2391 326 AUSONH

2123 391 2177 452 Α
2197 390 2440 459 vaniora,
2471 396 2526 444 ut
2548 404 2667 444 cum
2694 384 2807 460 agis
2830 384 2986 452 nihil,
3015 385 3125 439 hac
3145 382 3312 455 legas,
3341 388 3393 437 et
3412 397 3476 436 ne
3488 378 3623 437 nihil
3642 398 3803 453 agas,

3687 261 3803 321 896

2201 483 2477 555 defendas.
2502 481 2676 554 Igitur
2691 485 2788 538 iste
2814 489 3043 555 nugator
3081 477 3289 534 libellus
3312 479 3430 551 jam
3471 477 3566 530 diu
3602 486 3805 531 secreta

2201 577 2427 646 quidem,
2459 576 2549 631 sed
2570 576 2716 647 vulgi
2748 576 2963 630 lectione
2991 572 3252 628 laceratus
3299 569 3558 641 perveniet
3587 569 3804 623 tondent

2201 670 2254 724 in
2280 685 2464 724 manus
2487 677 2627 723 tuas.
2661 666 2831 734 Quem
2866 675 2921 721 tu
2948 675 3040 720 aut
3078 673 3137 720 ut
3173 661 3517 733 Esculapius
3563 660 3805 716 redinte-

2200 764 2376 837 grabis
2404 764 2473 818 ad
2502 764 2678 825 vitam,
2706 763 2794 816 aut
2817 771 2872 816 ut
2896 759 3075 825 Plato,
3106 759 3328 831 juvante
3361 753 3628 822 Vulcano,
3672 753 3810 810 libe-

2201 857 2342 912 rabis
2366 856 2613 927 infantia,
2646 854 2691 909 si
2711 853 2978 926 peruenire
3006 866 3109 906 non
3138 849 3287 904 debet
3312 848 3383 903 ad
3410 848 3626 919 famam.
3667 845 3809 901 Fuit

2199 960 2374 1007 autem
2395 947 2661 1020 ineptiolce
2708 947 2872 1020 hujus
2910 947 3015 1001 ista
3064 944 3287 999 materia
3326 943 3384 997 in
3431 942 3763 1008 expeditione
3789 982 3808 1007 ,

2200 1043 2343 1113 quod
2366 1053 2589 1115 tempus,
2620 1049 2676 1095 ut
2700 1041 2836 1108 scis,
2879 1038 3102 1095 licentia
3150 1036 3398 1092 militaris
3448 1044 3525 1092 est
3572 1050 3592 1092 :
3640 1052 3809 1107 super

2199 1151 2432 1192 mensam
2461 1150 2622 1190 meam
2647 1135 2791 1205 facta
2816 1140 2891 1188 est
2918 1132 3181 1197 invitatio,
3210 1145 3316 1185 non
3345 1127 3443 1183 illa
3481 1129 3546 1183 de
3583 1127 3808 1183 ludibrii

2202 1230 2462 1299 conuiuio,
2487 1237 2543 1284 ut
2575 1227 2758 1284 Grteco
2790 1242 2931 1282 more
2952 1225 3210 1281 biberetur
3229 1265 3245 1289 ,
3271 1223 3363 1278 sed
3390 1221 3489 1278 illa
3521 1221 3587 1277 de
3612 1220 3809 1277 Flacci

2202 1326 2402 1397 ecloga,
2427 1325 2482 1378 in
2509 1340 2614 1393 qua
2638 1330 2852 1395 prepter
2877 1319 3099 1375 mediam
3128 1327 3363 1383 noctem,
3404 1325 3453 1371 et
3502 1331 3692 1371 norant
3731 1314 3813 1369 lu-

2202 1435 2344 1483 nam,
2369 1428 2417 1473 et
2440 1415 2698 1471 Muraenae
2722 1421 3058 1488 auguratum,
3086 1419 3261 1466 ternos
3295 1421 3370 1463 ter
3408 1408 3622 1480 cyathos
3664 1415 3813 1461 atto-

2201 1513 2340 1567 nitus
2370 1512 2496 1582 petit
2516 1520 2673 1565 vates.
2702 1507 2861 1563 Hunc
2885 1506 3059 1561 locum
3088 1504 3154 1558 de
3176 1502 3407 1557 ternario
3431 1517 3646 1557 numero
3660 1500 3812 1555 illico

2202 1615 2381 1658 nostra
2398 1603 2493 1658 illa
2513 1601 2712 1673 poetica
2733 1601 2931 1655 scabies
2955 1598 3105 1670 carpit
3126 1597 3427 1666 exsculpere
3443 1612 3462 1651 :
3483 1595 3631 1666 cujus
3649 1609 3809 1649 mor-

2204 1695 2253 1749 bi
2268 1695 2515 1766 quoniam
2547 1693 2702 1764 facile
2729 1691 3031 1762 contagium
3051 1696 3129 1744 est
3148 1733 3164 1760 ,
3189 1689 3393 1743 utinam
3426 1687 3495 1742 ad
3522 1696 3570 1742 te
3597 1703 3815 1758 quoque

2034 1780 2041 1783 ι
2132 1769 2178 1829 Β
2207 1787 2423 1859 prurigo
2448 1786 2768 1858 commigret,
2798 1794 2847 1838 et
2871 1786 2995 1855 fuco
3035 1792 3138 1838 tua:
3173 1780 3548 1837 emendationis
3592 1781 3815 1850 adiecto

2202 1882 2462 1955 impingas
2489 1880 2784 1953 spongiam,
2812 1895 2929 1948 qua:
2947 1877 3314 1949 imperfectum
3344 1891 3478 1949 opus
3513 1875 3631 1946 equi
3665 1872 3812 1928 male

2204 1973 2494 2040 spumantis
2525 1971 2782 2027 absolvat.
2814 1971 2890 2026 Ac
2919 1987 2985 2026 ne
3010 1986 3094 2025 me
3112 1970 3399 2043 gloriosum
3416 1984 3591 2040 neges,
3612 1976 3812 2039 caeptos

2201 2069 2340 2124 inter
2358 2066 2727 2140 prandendum
2753 2064 3036 2121 versiculos
3065 2073 3188 2119 ante
3215 2080 3372 2119 εωηω
3395 2072 3593 2135 tempus
3627 2062 3815 2117 absol-

2201 2162 2271 2230 ui,
2306 2162 2402 2216 hoc
2426 2171 2526 2228 est,
2547 2159 2672 2214 dum
2696 2158 2832 2229 bibo,
2862 2168 2913 2213 et
2935 2158 3096 2230 paulo
3115 2165 3424 2228 ante,qu
3450 2155 3695 2211 biberem.
3721 2154 3813 2209 Sit

2204 2271 2326 2326 ergo
2357 2269 2568 2309 exenten
2590 2267 2685 2325 pro
2706 2252 2926 2305 materia
2948 2258 2998 2304 et
3039 2259 3288 2320 tempore.
3337 2248 3447 2304 Sed
3490 2256 3543 2301 tu
3587 2262 3807 2317 quoque

2204 2350 2303 2403 hoc
2323 2348 2495 2419 ipsum
2524 2330 2682 2417 paulo
2704 2345 2922 2399 hilarior
2941 2355 2988 2400 et
3014 2343 3215 2399 dulcior
3238 2343 3351 2415 lege
3380 2359 3399 2399 :
3420 2355 3638 2412 namque
3657 2342 3816 2415 inju-

2200 2441 2340 2496 rium
2357 2448 2435 2495 est
2463 2441 2527 2493 de
2550 2447 2699 2511 poeta
2716 2438 2854 2492 male
2873 2435 3045 2491 sobrio
3067 2437 3304 2491 lectorem
3326 2434 3628 2490 abstemium
3648 2432 3814 2503 judi-

2201 2550 2340 2590 care.
2377 2531 2558 2602 Neque
2583 2548 2662 2586 me
2691 2532 2830 2602 fallit
2851 2532 2966 2602 fore
3002 2531 3266 2603 aliquem,
3311 2530 3402 2601 qui
3448 2529 3585 2583 hunc
3610 2529 3811 2598 jocuns

2202 2635 2436 2682 nostrum
2465 2626 2629 2680 acutis
2655 2624 2869 2679 naribus
2889 2632 2938 2678 et
2965 2632 3212 2694 ceperam
3239 2625 3413 2695 fronte
3456 2622 3806 2689 condemnet,

2203 2727 2452 2790 negetque
2470 2734 2551 2773 me
2572 2717 2769 2783 omnia,
2801 2732 2918 2789 qua:
2932 2717 3001 2771 ad
3027 2716 3309 2772 ternarium
3323 2757 3338 2783 ,
3392 2725 3439 2770 et
3466 2716 3813 2770 uenenarium

2201 2826 2442 2865 numeros
2469 2810 2725 2881 pertinent
2754 2809 2987 2879 attigisse
3018 2823 3205 2878 :quem
3257 2822 3352 2877 ego
3407 2821 3587 2861 verum
3628 2806 3813 2861 dicere

2202 2903 2421 2973 fatebor,
2439 2904 2585 2975 juste
2608 2900 2830 2973 negabo.
2866 2899 3078 2972 Quippe
3100 2900 3147 2953 si
3176 2901 3336 2955 bonus
3361 2907 3459 2964 est,
3487 2914 3602 2969 quae
3623 2898 3809 2964 omisi,

2202 3012 2305 3051 non
2335 2994 2496 3050 oblita
2520 2992 2669 3061 mihi,
2693 2993 2785 3049 sed
2814 2991 3077 3064 prteterita
3099 2991 3378 3047 existimet.
3423 2990 3630 3045 Dchinc
3672 3006 3811 3060 qua-

2203 3088 2490 3160 liscumque
2521 3097 2620 3153 est,
2647 3086 2837 3157 cogitet
2865 3102 3040 3141 secum
3066 3127 3081 3150 ,
3117 3102 3272 3156 quam
3297 3085 3464 3141 multa
3497 3085 3560 3139 de
3586 3085 3667 3139 his
3694 3100 3807 3139 non

2202 3181 2499 3253 reperisset,
2525 3180 2571 3237 si
2591 3181 2701 3252 ipse
2726 3181 3012 3252 qumsisset.
3032 3179 3195 3256 'Sciat
3224 3180 3381 3235 etiam
3409 3197 3488 3235 me
3505 3197 3600 3236 nec
3626 3182 3809 3236 omni-

2203 3271 2298 3327 bus
2324 3273 2484 3326 erutis
2507 3289 2680 3339 usum,
2704 3281 2753 3327 et
2777 3272 3087 3343 quibusdam
3117 3272 3307 3328 oblatis
3341 3273 3587 3329 abusum.
3624 3272 3806 3340 Quane

2203 3365 2368 3420 multa
2388 3364 2524 3421 enim
2550 3365 2615 3419 de
2645 3365 2875 3420 ternario
2901 3366 3066 3421 sciens
3094 3365 3300 3438 neglexi
3322 3376 3552 3439 tempora
3575 3408 3591 3434 ,
3618 3376 3668 3421 et
3688 3385 3812 3439 per-

2202 3472 2377 3525 sonas,
2408 3473 2617 3529 genera,
2649 3466 2699 3511 et
2725 3458 2943 3530 gradus,
2968 3474 3150 3513 novem
3194 3461 3460 3514 naturalia
3496 3471 3660 3514 metra
3687 3477 3807 3515 cum

2203 3548 2471 3614 trimetris,
2493 3556 2652 3603 totam
2670 3549 3062 3618 grammaticam
3115 3559 3162 3604 et
3210 3550 3457 3605 musicam
3483 3593 3499 3616 .
3543 3550 3811 3623 librosque

2191 3639 2567 3707 ,medicininos,
2601 3650 2676 3694 ter
2703 3641 2988 3695 maximum
3019 3639 3283 3710 Hennem,
3307 3651 3355 3697 et
3385 3652 3665 3698 amatorem
3695 3646 3814 3716 pri-

2202 3747 2343 3785 mum
2373 3730 2742 3803 philosophiae,
2781 3730 3133 3804 Varronisque
3180 3750 3445 3801 numeros,
3478 3746 3525 3791 et
3554 3737 3811 3808 quidquid

2204 3828 2489 3898 profanum
2531 3827 2716 3898 uulgus
2766 3828 2996 3898 ignorat.
3022 3826 3319 3893 Postremo,
3341 3831 3478 3899 quod
3503 3832 3663 3900 facile
3691 3840 3765 3886 est
3787 3873 3807 3898 ,

2203 3934 2321 3974 cum
2350 3920 2460 3991 ipse
2484 3919 2649 3975 multa
2676 3921 2951 3989 invenerit,
2970 3933 3236 3995 comparet
3251 3939 3327 3990 se,
3359 3935 3517 3996 atque
3557 3941 3638 3979 me
3667 3942 3687 3981 :
3720 3942 3812 3980 oc-

2202 4020 2472 4082 capulum,
2491 4029 2608 4067 cum
2627 4014 2795 4067 otioso
2820 4029 2841 4070 :
2860 4031 3137 4086 pransum,
3161 4032 3278 4071 cum
3308 4016 3557 4072 abstemio
3580 4034 3602 4074 :
3620 4021 3809 4091 jocuns

2202 4113 2250 4158 ct
2268 4104 2452 4177 ludum
2477 4120 2673 4171 meum,
2706 4103 3029 4177 diligentiam
3055 4114 3104 4161 et
3126 4107 3442 4162 calumniam
3466 4125 3635 4164 suam.
3655 4109 3809 4165 Alius

2203 4198 2341 4251 enim
2368 4196 2475 4251 alio
2504 4196 2660 4264 plura
2679 4197 2908 4252 invenire
2936 4207 3123 4268 potest.
3149 4216 3298 4255 nemo
3323 4201 3517 4255 omnia.
3575 4202 3730 4270 Quod
3758 4204 3809 4257 si

2202 4292 2363 4346 alicui
2392 4301 2442 4345 et
2472 4294 2722 4347 obscurus
2750 4292 2981 4359 uidebor,
3013 4295 3155 4366 apud
3178 4311 3298 4349 eum
3324 4311 3405 4349 me
3443 4296 3517 4350 sic
3546 4295 3753 4351 tuebere
3786 4313 3809 4353 :

2203 4382 2448 4439 Primum
2476 4386 2736 4459 ejusmodi
2777 4385 2963 4456 idyllia
2991 4386 3092 4440 nisi
3135 4385 3214 4441 uel
3247 4389 3469 4442 obscura
3500 4388 3606 4442 sint
3628 4434 3643 4455 ,
3674 4389 3812 4443 nihil

2205 4475 2384 4546 futura
2407 4490 2425 4528 :
2457 4474 2645 4529 deinde
2670 4490 3001 4529 numerorum
3021 4484 3261 4531 naturam
3278 4494 3380 4532 non
3396 4494 3507 4532 esse
3533 4480 3760 4550 scirpum
3787 4523 3805 4543 ,

2203 4576 2259 4623 ut
2287 4568 2401 4623 sine
2416 4567 2551 4622 nodo
2569 4568 2695 4622 sint.
2714 4565 3042 4623 Postremosi
3065 4571 3219 4623 etiam
3247 4571 3339 4624 tibi
3365 4570 3611 4625 obscurus
3632 4575 3805 4642 fuero,

2205 4662 2291 4716 cui
2314 4661 2448 4717 nihil
2470 4676 2635 4735 neque
2656 4665 2947 4734 neglectum
2976 4674 3051 4720 est
3074 4709 3089 4733 ,
3122 4683 3284 4736 neque
3312 4684 3415 4723 non
3444 4670 3757 4724 intellectum
3786 4688 3809 4725 :

2206 4765 2315 4811 tum
2339 4771 2564 4828 veroego
2593 4756 2792 4823 beatus,
2820 4758 2960 4825 quod
2981 4755 3216 4824 affectari
3240 4800 3256 4824 ,
3294 4777 3577 4832 assequar,
3623 4778 3704 4818 me
3748 4773 3808 4816 ut

2205 4849 2466 4920 requiras,
2496 4865 2575 4904 me
2603 4849 2888 4917 desideres,
2908 4848 2976 4904 de
2995 4865 3074 4904 me
3092 4851 3302 4922 cogites.
3325 4851 3478 4909 Vale.

2279 5031 2389 5088 Ter
2416 5029 2562 5096 hihe,
2599 5028 2685 5085 vel
2720 5030 2920 5085 totiens
2948 5036 3134 5085 ternos
3164 5045 3179 5095 ;
3209 5028 3290 5084 sic
3320 5028 3547 5101 mystica
3571 5028 3659 5086 lex
3682 5037 3804 5097 est,

2212 5126 2309 5183 Vel
2341 5127 2447 5182 tria
2474 5124 2700 5196 potanti,
2733 5123 2822 5180 vel
2853 5134 2935 5180 ter
2967 5125 3065 5180 tria
3088 5123 3492 5194 multiplicanti,

2210 5219 2513 5292 lmparibns
2539 5220 2726 5274 novies
2754 5216 2925 5273 ternis
2953 5228 3247 5274 contexere
3273 5220 3512 5275 caabum.

2208 5314 2357 5373 luris
2402 5311 2544 5369 idem
2596 5311 2768 5367 tribus
2815 5317 2922 5378 est,
2967 5309 3113 5383 quod
3158 5318 3242 5367 ter
3290 5311 3483 5367 tribus.
3506 5311 3704 5368 Omnia
3745 5309 3804 5367 in

3394 5405 3534 5478 [istis
3568 5425 3580 5460 :

2210 5503 2405 5561 Forma
2430 5499 2667 5560 hominis
2691 5499 2881 5570 ccepti,
2914 5497 3167 5571 plenique
3197 5499 3414 5555 exactio
3444 5507 3658 5570 partus,

2207 5599 2419 5673 Quique
2444 5611 2641 5654 novem
2664 5593 2855 5651 novies
2880 5593 2974 5649 fati
3004 5602 3153 5650 tenet
3187 5593 3373 5649 ultima
3403 5594 3545 5649 finis.

2206 5693 2342 5751 Tres
2372 5691 2487 5764 Ope
2527 5688 2791 5762 progeniti
2829 5686 3029 5745 fratres
3051 5728 3068 5756 ,
3102 5696 3213 5746 tres
3256 5689 3450 5749 ordine
3487 5701 3657 5757 parun
3694 5686 3803 5761 (At.

3320 5781 3576 5855 [νει-βω).
