4108 6188
309 201 416 257 897

313 313 495 380 Vesta,
521 311 712 382 Ceres,
744 321 800 370 et
823 313 996 383 Juno,
1031 329 1192 371 secus
1224 315 1492 372 muliebre
1521 329 1761 373 sorores.

311 405 440 461 Inde
466 406 690 461 trisulca
719 405 869 462 Juvis
900 417 1028 463 sunt
1058 407 1303 463 fulmina.
1337 407 1607 463 Cerberus
1647 407 1795 464 inde.

310 499 438 554 Inde
487 499 766 557 Tridens:
821 501 1124 573 triplexque
1173 499 1412 557 Helenes
1475 515 1598 557 cum
1647 499 1906 557 fratribus

1697 593 1904 664 [ovum.

309 685 417 740 Ter
449 698 587 740 nova
617 683 922 741 Nestoreos
950 686 1194 755 implevit
1219 702 1459 760 purpura
1488 687 1660 746 fusos.

307 778 375 833 Et
399 779 561 833 toties
585 786 740 833 terno
763 778 950 834 cornix
976 780 1219 836 vivacior
1239 797 1377 838 aevo.

306 870 478 938 Quam
513 868 706 926 novies
738 871 876 926 terni
902 871 1295 941 glomerantem
1325 874 1524 931 saecula
1553 883 1759 932 tractus

309 964 543 1019 Vincunt
561 964 829 1034 aeripedes
859 975 940 1019 ter
972 976 1127 1021 terno
1154 967 1384 1024 Nestore
1407 969 1577 1036 cervi,

306 1055 444 1112 Tres
480 1071 709 1126 quorum
733 1064 920 1112 aetates
956 1069 1180 1128 superat
1208 1059 1504 1116 Phoebeius
1529 1074 1719 1117 oscen.

305 1151 480 1219 Quem
509 1151 697 1206 novies
719 1151 908 1207 senior
937 1151 1270 1224 Gangeticus
1303 1155 1474 1210 anteit
1493 1154 1642 1222 ales,

307 1249 436 1303 Ales
455 1246 741 1304 cinnameo
764 1247 1004 1303 radiatus
1036 1257 1281 1320 tempora
1310 1249 1461 1306 nido.
1748 1320 1753 1325 _

305 1340 626 1413 Tergemina
659 1352 742 1396 est
773 1341 996 1408 Hecate,
1023 1344 1124 1397 tria
1151 1343 1374 1415 virginis
1394 1359 1489 1400 ora
1523 1345 1729 1401 Dianae.

302 1431 441 1488 Tres
473 1431 720 1489 Charites
745 1475 762 1501 ,
818 1435 918 1488 tria
956 1432 1084 1490 Fata
1113 1475 1128 1501 ,
1162 1435 1361 1506 triplex
1398 1452 1505 1493 vox
1527 1481 1542 1507 ,
1594 1438 1738 1492 trina
1785 1436 1904 1492 ele-

1656 1530 1861 1604 [menta
1886 1573 1901 1599 ,

302 1621 438 1677 Tres
471 1622 524 1677 in
546 1621 823 1677 Trinacria
853 1622 1167 1679 Siredoncs.
1199 1624 1396 1680 Omnia
1421 1632 1594 1682 terna.

302 1716 439 1772 Tres
463 1716 737 1785 volucres,
767 1726 879 1771 tres
904 1717 1183 1784 semidere,
1221 1729 1330 1774 tres
1358 1721 1716 1791 semipuellm.

302 1808 410 1863 Ter
438 1809 616 1865 tribus
645 1810 709 1864 ad
745 1812 974 1880 palmam
996 1813 1161 1880 jussae
1192 1824 1408 1871 certare
1437 1815 1712 1882 Camenis,

301 1904 433 1969 Ore,
467 1919 654 1968 manu,
691 1904 842 1970 ﬂatu,
873 1905 1046 1970 buxo,
1083 1905 1210 1973 fide,
1239 1922 1371 1963 voce
1399 1918 1682 1965 canentes.

302 1999 436 2054 Tres
476 1999 682 2070 sepltize
727 2010 910 2067 partes
942 2041 957 2068 ,
993 2002 1094 2056 tria
1127 2003 1328 2058 Punica
1360 2003 1503 2058 bella
1534 2046 1548 2072 ,
1597 2003 1900 2060 trimestres

303 2095 583 2148 Annorum
615 2093 848 2164 emtique
876 2093 1042 2163 vices,
1074 2097 1359 2168 noctisque
1382 2112 1480 2168 per
1510 2097 1754 2154 umbram

300 2188 616 2259 Tergemini
642 2188 850 2259 vigiles.
877 2187 984 2244 Ter
1013 2189 1161 2245 clara
1193 2189 1449 2247 instantis
1476 2191 1573 2246 Eoi

300 2279 466 2352 Signa
493 2279 639 2334 canit
671 2294 826 2335 serus
856 2280 1129 2350 deprenso
1160 2281 1329 2338 Marte
1365 2282 1612 2338 satelles.

305 2374 370 2427 Et
388 2373 478 2441 qui
507 2381 805 2443 conceptus
837 2373 1126 2443 triplicatae
1147 2389 1378 2444 vespere
1406 2377 1605 2444 noctis,

301 2466 456 2522 Jussa
478 2476 670 2536 quater
695 2467 866 2522 ternis
889 2467 1062 2522 aftixlt
1085 2468 1268 2538 opima
1298 2471 1539 2540 tropmis.

306 2558 373 2612 Et
397 2559 553 2629 lyrici
585 2567 732 2614 vates
762 2576 988 2616 numero
1018 2571 1145 2617 sunt
1169 2562 1663 2630 Mnemonidarum,

303 2654 437 2710 Tres
466 2657 610 2711 Solas
631 2656 904 2726 quondam
931 2658 1104 2714 tenuit
1135 2673 1272 2730 quas
1299 2659 1520 2716 dextera
1551 2659 1741 2718 I’hmbi
1774 2677 1785 2711 :

302 2747 410 2802 Sed
435 2746 694 2803 Citherou
717 2750 918 2804 totiens
940 2759 1126 2806 ternas
1147 2766 1212 2806 ex
1246 2767 1354 2807 aere
1381 2752 1615 2808 sacravit

302 2838 602 2909 Reliigione
628 2849 864 2910 patrum,
895 2843 988 2912 qui
1019 2857 1112 2899 sex
1144 2845 1420 2914 sprevisse
1449 2846 1732 2904 timebant.

304 2929 471 2986 Trina
499 2931 796 2988 Terentino
817 2934 1088 2990 celebrata
1121 2935 1370 2992 trinoctia
1400 2937 1530 2993 ludo
1563 2958 1574 2991 :
1828 2922 1836 2927 ’

300 3023 485 3092 Qualia
518 3025 602 3081 bis
630 3026 815 3097 genito
838 3025 1040 3083 Thebis
1071 3027 1369 3085 Trieterica
1399 3031 1632 3087 Baccho.

1818 197 2116 257 lDYLLlA.

1933 314 1990 377 Α
2015 313 2432 372 lnterdictorum
2464 317 2666 371 trinum
2697 330 2869 386 genus
2903 335 2914 368 :
2947 316 3087 371 unde
3116 314 3368 386 repulsus

3507 203 3614 261 898

2013 408 2075 464 Vi
2108 409 2289 475 fuero,
2318 417 2414 464 aut
2443 407 2634 464 Utrobi
2669 408 2854 476 fuerit,
2880 409 3194 475 Quorumve
3219 410 3503 466 bonorum.

2008 501 2226 573 Triplex
2258 502 2507 571 libertas,
2533 502 2838 573 capitisque
2867 501 3098 558 minutio
3129 502 3352 572 triplex.

2008 602 2233 658 Trinum
2257 600 2473 658 dicendi
2507 616 2681 673 genus
2703 609 2810 666 est,
2843 600 3100 668 sublime,
3134 599 3468 668 modestum,

2009 693 2076 750 Et
2111 695 2260 750 tenui
2289 694 2401 752 filo.
2426 693 2645 765 Triplex
2679 709 2896 765 quoque
2927 693 3100 749 forma
3123 693 3400 758 medendi,

2007 786 2145 855 Quoi
2179 787 2333 858 logos
2355 832 2370 857 ,
2414 795 2506 843 aut
2531 785 2821 844 melltodos
2847 827 2864 854 ,
2907 785 3104 858 cuique
3131 785 3473 857 experientia
3508 801 3610 841 no-

3433 876 3603 950 [men.

2008 972 2075 1029 Et
2098 971 2368 1030 medicina
2403 972 2622 1044 triplex,
2652 988 2897 1042 servare,
2925 987 3146 1042 cavere,
3179 971 3412 1031 mederi.

2007 1065 2146 1122 Tres
2168 1075 2453 1123 oratorum
2481 1067 2684 1134 cultus,
2715 1075 2936 1138 regnata
2963 1065 3193 1122 Colosso

2007 1159 2178 1229 Quem
2207 1159 2666 1228 Rhodos,Acta:a:
2695 1175 2858 1230 quem
2887 1159 3460 1227 dilexistis,Athenaz,

2007 1253 2076 1308 Et
2099 1267 2264 1326 quem
2288 1253 2358 1310 de
2386 1254 2569 1311 scenis
2597 1252 2785 1309 tetrica
2812 1252 2879 1308 ad
2902 1251 3158 1308 subsellia
3189 1252 3363 1307 traxit

2007 1343 2174 1401 Prosa
2200 1343 2366 1411 Asiae,
2395 1345 2450 1399 in
2472 1345 2655 1400 causis
2671 1358 2930 1398 numeros
2954 1343 3162 1398 imitata
3186 1345 3500 1398 ehororum.

2005 1438 2254 1512 Orpheos
2284 1439 2414 1495 hinc
2440 1439 2684 1509 tripodes
2708 1479 2722 1505 ,
2747 1436 2873 1509 quia
2903 1446 3035 1493 sunt
3055 1437 3181 1505 tria,
3208 1444 3355 1492 terra
3375 1476 3391 1501 ,
3425 1449 3562 1506 aqua
3590 1476 3605 1501 ,
3683 1509 3688 1513 η

3344 1529 3610 1602 mamma.

2005 1626 2230 1699 Triplex
2260 1627 2529 1684 sideribus
2561 1626 2794 1698 positus,
2831 1625 3114 1694 distantia,
3143 1625 3343 1682 forma.

1927 1711 1978 1773 B
2005 1722 2077 1777 Et
2102 1722 2333 1790 modus,
2372 1730 2428 1777 et
2454 1721 2694 1791 genitrix
2734 1720 3078 1776 modulorum
3122 1721 3331 1776 musica
3377 1720 3600 1790 triplex,

2005 1818 2172 1872 Mixta
2205 1816 2378 1879 libris,
2409 1823 2617 1870 secreta
2651 1816 2838 1880 astris,
2874 1815 3093 1886 vulgata
3125 1813 3376 1870 theatris.

2005 1907 2202 1963 Martia
2233 1906 2406 1960 Roma
2457 1907 2684 1976 triplex,
2730 1906 2997 1976 equitatu,
3028 1905 3206 1974 plebe,
3235 1914 3451 1962 senatu.

2004 1998 2117 2053 lloc
2147 2012 2374 2053 numero
2405 1996 2606 2062 tribus,
2638 2005 2694 2052 et
2724 2011 2882 2052 sacro
2911 1997 2979 2052 de
3010 2005 3198 2053 monte
3226 1997 3480 2053 Tribuni.

2004 2089 2140 2145 Tres
2169 2090 2413 2160 equitum
2441 2097 2635 2144 turma:
2668 2105 2682 2142 :
2714 2089 2814 2144 tria
2860 2089 3078 2145 nomina
3108 2090 3458 2146 nobiliorum.

2003 2183 2231 2239 Nomina
2264 2193 2391 2239 sunt
2426 2183 2650 2239 chordis
2683 2185 2784 2238 tria
2819 2201 2833 2236 :
2869 2196 2995 2240 sunt
3021 2185 3120 2239 tria
3155 2185 3376 2239 nomina
3406 2187 3607 2241 mensi.

2003 2274 2285 2346 Geryones
2314 2276 2515 2346 triplex
2551 2297 2561 2329 :
2600 2277 2794 2347 triplex
2825 2292 3089 2348 compago
3115 2277 3427 2333 Chimaerae.

2003 2367 2184 2438 Scylla
2217 2367 2411 2438 triplex
2434 2368 2725 2422 commissa
2758 2367 2951 2434 tribus,
2983 2384 3141 2438 cane,
3168 2369 3399 2440 virgine,
3429 2368 3604 2438 pisce.

2003 2457 2286 2528 Gorgones
2308 2497 2324 2523 ,
2366 2457 2740 2529 Harpyiaeque,
2775 2467 2830 2512 et
2870 2458 3139 2530 Erynnies
3166 2461 3381 2530 agmine
3418 2467 3602 2516 terno.

2001 2547 2072 2603 Et
2099 2543 2206 2602 tres
2225 2547 2463 2604 fatidicae
2489 2563 2689 2604 nomen
2713 2563 3003 2606 commune
3034 2550 3260 2622 Sibyllae
3288 2568 3301 2603 :

2003 2639 2244 2707 Quarum
2270 2639 2554 2710 tergemini
2584 2640 2765 2696 fatalia
2790 2641 3029 2697 carmina
3058 2643 3182 2698 libri
3211 2660 3225 2697 :

2002 2729 2149 2799 Quos
2181 2739 2262 2786 ter
2290 2731 2580 2801 quinorum
2608 2742 2786 2786 servat
2817 2732 3027 2788 cultura
3056 2733 3318 2789 virorum.

2004 2821 2112 2878 Ter
2154 2822 2296 2879 bibe.
2343 2821 2480 2880 Tres
2519 2838 2778 2880 numerus
2815 2840 2980 2897 super
3021 2828 3203 2882 omnia
3235 2872 3250 2898 ,
3300 2835 3413 2885 tres
3461 2828 3606 2885 Deus

2149 2930 2309 2970 “IIIIS.

2004 3007 2104 3062 Hic
2124 3023 2340 3080 quoque
2368 3024 2436 3065 ne
2464 3009 2625 3066 ludus
2647 3025 2876 3067 numero
2901 3020 3234 3068 transcurrat
3265 3011 3456 3081 inerti,

305 3116 442 3173 Tres
468 3095 670 3189 primas
702 3119 978 3176 Thracum
1018 3136 1226 3193 pugnas
1257 3122 1432 3179 tribus
1477 3124 1668 3182 ordine
1697 3124 1854 3183 bellis
1875 3171 1890 3197 ,

2001 3095 2111 3154 Ter
2131 3099 2315 3156 decies
2348 3108 2532 3156 ternos
2562 3100 2794 3169 habeat,
2828 3101 3119 3174 deciesque
3150 3117 3416 3161 novenos.

298 3207 545 3266 Juniadae
587 3211 760 3282 patrio
786 3211 1011 3268 inferias
1040 3214 1236 3270 misere
1261 3216 1530 3287 sepulcro.

303 3300 393 3357 llla
422 3305 584 3358 etiam
619 3303 884 3358 thalamos
915 3319 1012 3373 per
1034 3304 1171 3360 trina
1197 3307 1479 3377 muigmata
1509 3324 1781 3379 quaerens,

298 3391 401 3460 Qui
433 3393 608 3461 bipes,
634 3401 689 3447 et
711 3393 1020 3464 quadrupes
1043 3397 1201 3463 foret,
1223 3406 1280 3452 et
1308 3400 1473 3468 tripes
1506 3401 1687 3457 omnia
1717 3403 1888 3472 solus,

296 3484 518 3539 Terruit
544 3483 772 3538 Aoniam
796 3484 1053 3551 volucris,
1088 3485 1195 3552 leo,
1228 3488 1403 3558 virgo,
1440 3491 1702 3548 triformis

299 3576 534 3647 Sphinx,
567 3577 806 3633 volneris
835 3577 1044 3648 pennis.
1079 3580 1304 3650 pedibus
1327 3579 1462 3648 fera,
1490 3584 1671 3642 fronte
1694 3588 1892 3658 puella.

300 3669 462 3726 Trina
489 3673 540 3727 in
563 3671 794 3744 Tarpeio
818 3672 1023 3744 fulgent
1048 3676 1324 3732 consortia
1345 3677 1570 3749 templo.

303 3765 546 3820 llumana
579 3765 821 3821 efficiunt
845 3766 1150 3823 habitacula
1186 3777 1268 3825 ter
1295 3785 1468 3840 genus
1490 3781 1658 3842 artes,

299 3858 604 3914 Parietibus
634 3874 752 3930 qua:
779 3874 904 3914 saxa
939 3859 1102 3928 locat,
1129 3876 1252 3932 qua:
1280 3862 1518 3920 culmine
1543 3864 1716 3937 tigna,

301 3951 372 4006 Et
397 3967 516 4018 qum
546 3967 798 4023 supremo
824 3956 990 4008 comit
1031 3955 1260 4010 tectoria
1290 3955 1464 4012 cultu.

302 4045 436 4100 llinc
473 4045 671 4101 Bromii
716 4045 1036 4115 quadrantal
1065 4089 1079 4112 ,
1113 4058 1168 4104 et
1191 4047 1317 4105 hinc
1353 4049 1549 4106 Sicana
1592 4051 1894 4109 medimna.

301 4136 414 4191 lloc
444 4138 635 4204 tribus,
666 4136 781 4192 haec
807 4137 1038 4208 geminis
1065 4141 1240 4196 tribus
1262 4143 1500 4212 explicat
1523 4159 1654 4199 usus
1675 4146 1896 4216 agendi.

299 4228 356 4283 In
386 4228 632 4300 Physicis
660 4229 760 4285 tria
793 4232 996 4300 prima,
1029 4233 1168 4288 Deus
1192 4275 1206 4297 ,
1240 4234 1504 4302 mundus,
1543 4236 1666 4292 data
1699 4237 1892 4294 forma.

299 4319 406 4377 Ter
442 4338 612 4401 genus
637 4323 988 4395 omnigenum
1014 4365 1029 4391 ,
1060 4326 1308 4396 genitor,
1352 4327 1593 4399 genitrix
1619 4371 1634 4397 ,
1673 4346 1899 4402 genera-

1730 4423 1894 4497 [tum.

300 4509 402 4564 Per
430 4510 596 4565 trinas
625 4512 834 4580 species
867 4509 1208 4582 trigonorum
1241 4512 1428 4584 regula
1459 4515 1654 4581 currit,

299 4600 632 4672 Equilatus,
657 4603 739 4659 vel
765 4619 925 4660 crure
947 4603 1085 4675 pari,
1118 4604 1200 4660 vel
1226 4605 1280 4661 in
1305 4605 1562 4662 omnibus
1585 4605 1782 4678 impar.

299 4692 440 4750 Tres
471 4693 584 4751 coit
615 4694 666 4749 in
700 4707 884 4764 partes
916 4711 1178 4751 numerus
1206 4698 1480 4767 perfectus
1508 4717 1520 4752 :
1552 4710 1612 4754 ιιι
1644 4700 1785 4756 idem

305 4784 590 4858 Congrege
621 4796 703 4843 ter
735 4789 878 4844 trino
905 4803 1001 4858 per
1032 4797 1116 4844 ter
1157 4789 1257 4844 tria
1289 4789 1637 4846 disSuIvatur.

299 4882 652 4954 Tresprimus
673 4923 688 4949 ,
707 4899 802 4954 par
823 4927 836 4949 ,
855 4884 1207 4956 imparhabet
1229 4926 1244 4953 ,
1263 4884 1640 4957 mediumque:
1662 4886 1758 4942 sed
1779 4887 1896 4958 ipse

301 4973 372 5031 Ut
401 4986 532 5043 tres,
566 4975 646 5032 sic
667 4974 926 5046 quinque,
955 4984 1008 5031 et
1039 4985 1247 5046 septem
1276 4991 1495 5048 quoque
1513 4976 1711 5034 dividit
1731 4994 1889 5035 unus.

299 5067 626 5124 Etnumero
655 5069 710 5123 in
739 5076 849 5125 toto
875 5069 1084 5139 positus
1109 5069 1210 5124 sub
1242 5069 1493 5125 acumine
1516 5072 1713 5141 centri,

298 5163 592 5235 Distinguit
615 5162 819 5220 solidos
849 5163 1008 5220 coebo
1040 5173 1299 5234 pergente
1324 5163 1570 5232 trientes,

301 5253 630 5326 JE-tuipares
654 5254 917 5310 dirimens
948 5261 1131 5324 partes
1153 5269 1222 5311 ex
1255 5255 1465 5326 impare
1488 5267 1666 5322 terno,

302 5348 366 5402 Et
392 5347 611 5418 paribus
645 5348 835 5417 triplex
868 5348 1103 5404 medium
1132 5365 1144 5402 :
1176 5363 1301 5404 cum
1325 5359 1584 5420 quattuor
1601 5357 1656 5405 et
1676 5364 1770 5407 sex

299 5437 496 5509 Bisque
521 5449 913 5510 quaternorum
938 5439 1242 5496 secernitur
1262 5441 1544 5512 omphalos
1579 5442 1746 5499 idem.

298 5531 395 5587 lus
425 5533 644 5602 triplex,
679 5534 873 5590 tabula:
899 5533 1043 5605 quod
1075 5542 1158 5591 ter-
1184 5549 1417 5591 sanxere
1444 5546 1749 5607 quaternm,

299 5625 550 5696 Sacrum,
581 5627 872 5699 privatum,
899 5636 955 5685 et
975 5629 1163 5702 populi
1187 5643 1476 5690 commune
1498 5632 1645 5703 quod
1669 5649 1895 5705 usquam

1769 5725 1894 5801 [est.

2566 3235 2904 3294 IDYLLIUM
2933 3237 3048 3294 ΧΙΙ.

2572 3347 3046 3423 ΤεεΙιηορωρηὶοη.

2357 3465 2626 3520 Αυεοκιυε
2667 3465 2854 3521 ΡΑυιο
2879 3482 2976 3520 suo
2998 3467 3241 3523 salutem.

2071 3575 2197 3632 Misi
2226 3576 2299 3630 ad
2342 3585 2389 3631 te
2433 3577 2863 3648 teclmoptvgnion
2911 3579 3088 3634 inertis
3127 3581 3220 3634 otii
3251 3582 3352 3635 mei
3396 3584 3586 3639 inutile

1999 3668 2325 3739 opusculum.
2362 3667 2619 3722 Versiculi
2647 3678 2768 3723 sunt
2803 3671 3175 3742 monosyllabis
3204 3674 3377 3744 coepti,
3415 3683 3462 3728 et
3491 3691 3606 3730 mo-

1999 3759 2287 3831 nosyllabis
2325 3760 2610 3815 lerminati.
2644 3759 2754 3815 Nec
2787 3762 2870 3815 hic
2893 3764 3047 3818 modo
3075 3765 3218 3818 stetit
3245 3781 3466 3837 scrupea
3495 3767 3603 3836 dif-

1999 3851 2229 3922 ﬁcultas,
2259 3853 2350 3908 sed
2391 3853 2607 3907 accessit
2649 3853 2720 3907 ad
2761 3856 3021 3909 miseriam
3053 3857 3338 3927 cogitandi,
3372 3866 3429 3912 ut
3459 3859 3600 3914 idem

2001 3945 2415 4018 monosyllabum
2442 3946 2581 4016 quod
2611 3956 2739 4003 esset
2768 3949 2889 4018 ﬁnis
2924 3949 3139 4004 extremi
3165 3965 3364 4019 versus,
3396 3951 3597 4023 princi-

2000 4039 2144 4109 pium
2170 4039 2314 4107 ﬁeret
2336 4038 2672 4112 insequentis.
2701 4039 2804 4095 Dic
2832 4058 2975 4114 ergo,
3014 4041 3059 4096 0
3087 4059 3254 4110 mora,
3279 4053 3330 4098 et
3357 4061 3388 4098 0
3430 4061 3601 4114 paena,

1999 4147 2108 4186 rem
2153 4148 2338 4186 vanam
2382 4133 2576 4203 quippe
2609 4135 2808 4189 curavi.
2865 4133 3077 4207 Exigua
3119 4146 3216 4205 est,
3250 4146 3298 4192 et
3329 4138 3605 4209 fastiditur

2000 4223 2305 4292 inconnexa,
2341 4233 2389 4279 et
2435 4225 2760 4296 implicatur,
2810 4244 2927 4281 cum
2955 4229 3020 4282 sit
3066 4230 3270 4299 aliquid
3319 4229 3497 4298 nihili,
3528 4233 3608 4288 vel

2001 4317 2426 4389 deprehenditur.
2459 4317 2717 4374 Laboravi
2755 4328 2947 4386 tamen,
2978 4330 3035 4375 ut
3067 4321 3279 4378 haberet
3322 4332 3413 4379 aut
3439 4323 3608 4379 histo-

1999 4409 2144 4464 ricon
2169 4409 2460 4481 quippiam,
2499 4419 2589 4464 aut
2621 4410 2949 4467 dialecticon.
2996 4411 3142 4467 Nam
3191 4415 3470 4484 poeticam,
3522 4415 3604 4469 uel

1923 4489 1980 4552 D
2001 4501 2338 4570 sophisticam
2368 4503 2625 4557 levitatem
2655 4504 2932 4558 necessitas
2963 4504 3335 4559 obseruationis
3358 4504 3600 4561 exclusit.

1997 4594 2079 4648 Ad
2102 4610 2378 4660 summam,
2404 4611 2508 4648 non
2539 4595 2777 4666 estquod
2828 4596 3062 4665 mireris,
3091 4594 3183 4650 sed
3216 4596 3394 4666 paucis
3417 4597 3606 4652 litteris

1997 4688 2217 4757 additis,
2253 4697 2328 4742 est
2354 4691 2509 4761 cujus
2537 4687 2854 4758 miserearis,
2880 4704 3042 4760 neque
3068 4689 3312 4743 cumulari
3356 4688 3483 4744 velis
3514 4700 3602 4745 :et

1998 4778 2043 4832 si
2071 4778 2173 4832 huc
2197 4795 2401 4851 quoque
2423 4779 2768 4848 descendetis,
2804 4781 3054 4850 majorem
3085 4780 3378 4836 molestiam
3419 4781 3602 4852 capias

2003 4871 2217 4944 ingenii,
2250 4882 2298 4926 et
2329 4873 2596 4942 facundia:
2639 4872 2971 4941 detrimento,
3003 4888 3163 4944 quam
3209 4873 3604 4930 oblectationem

1999 4962 2303 5017 imitationis
2342 4963 2552 5032 a/fectu.

2006 5098 2197 5156 Versus
2225 5100 2596 5174 monosyllabis
2622 5103 2808 5171 ccepti,
2844 5114 2888 5159 et
2912 5104 3073 5174 ﬁniti,
3100 5104 3174 5157 ita
3206 5111 3260 5157 ut
3289 5121 3321 5158 a
3351 5103 3456 5174 ﬁne
3482 5118 3599 5160 uer-

2377 5190 2464 5227 sus
2492 5173 2561 5226 atl
2584 5173 3222 5244 priusipiunirecurrant.

2071 5263 2179 5321 Res
2191 5262 2468 5320 hominum
2489 5252 2704 5336 tragiles
2720 5267 2906 5334 alit,et
2925 5269 3085 5338 regit,
3110 5275 3165 5322 et
3189 5265 3410 5337 perimit
3464 5267 3599 5325 fors.

2007 5357 2144 5415 Fors
2160 5357 2347 5425 dubia,
2369 5367 2742 5429 mternumque
2755 5359 2941 5416 labans
2957 5377 2970 5414 :
2986 5375 3150 5431 quam
3164 5359 3363 5417 blanda
3385 5360 3532 5418 fovet

3309 5469 3452 5512 $088.

3283 5454 3452 5526 [spes

2005 5545 2141 5615 Spes
2173 5545 2318 5601 nullo
2350 5546 2497 5602 [inita
2521 5561 2637 5602 aevo
2671 5565 2683 5600 :
2710 5548 2794 5602 cui
2831 5547 3093 5603 terminus
3122 5558 3207 5604 est
3428 5564 3604 5610 mors.

2005 5638 2151 5695 Mors
2182 5639 2361 5706 avida,
2385 5639 2598 5697 inferna
2624 5641 3065 5713 mergitcaligine
3087 5657 3252 5712 quam
3471 5660 3602 5704 nox.

2005 5728 2125 5789 Nox
2153 5730 2368 5793 obitura
2396 5733 2572 5794 vicem
2603 5750 2618 5789 :
2657 5734 2988 5795 remeaverit
3014 5748 3180 5794 aurea
3212 5749 3338 5796 cum
3484 5734 3601 5798 lux.
