4108 6188
486 222 595 287 899

490 339 607 396 Lux
627 332 1057 393 dono'concessa
1077 330 1239 388 deum
1271 346 1288 387 :
1318 329 1409 387 cui
1439 328 1673 401 praevius
1693 334 1778 385 est

489 432 610 500 Sol,
636 430 724 487 cui
755 443 855 485 nec
884 426 1031 483 furto
1045 423 1425 482 Venerislatet
1444 421 1778 494 armipotens
1922 419 2084 478 Mars.

490 525 635 582 Mars
648 523 801 580 nullo
822 521 892 578 de
913 532 1068 593 patre
1081 529 1235 575 satus
1252 536 1263 571 :
1281 531 1441 589 quem
1463 515 1701 573 Thressa
1723 512 1852 569 colit
1931 526 2086 583 gens.

490 615 637 673 Gens
653 613 867 673 inlrena
884 612 1088 667 virum:
1107 609 1305 681 quibus
1327 610 1381 665 in
1395 609 1575 665 scelus
1597 620 1760 663 omne
1776 604 1886 661 ruit
1984 604 2086 661 tas.

489 709 598 766 Fas
619 709 895 765 hominem
920 715 1159 762 mactare
1180 703 1355 760 sacris
1384 720 1397 757 :
1427 705 1573 758 ferus
1601 701 1702 756 iste
1731 698 1839 755 loci
1948 712 2085 754 mos.

412 820 417 825 ·
491 803 611 861 Mos
631 802 786 859 lorus
812 799 1032 859 audacis
1059 796 1250 869 populi
1276 815 1287 849 :
1315 809 1476 866 quem
1505 792 1653 851 nulla
1684 798 1834 851 tenet
1977 789 2087 845 les.

490 895 607 952 Lex
635 894 866 955 naturali
893 895 1053 962 quam
1086 889 1334 946 condidit
1355 885 1589 959 imperio
1976 881 2090 952 jus.

487 991 587 1048 Jus
607 989 851 1062 genitum
875 986 1076 1058 pietate
1096 982 1402 1049 hominum,
1427 980 1516 1052 jus
1540 987 1686 1035 certa
1706 975 1804 1033 Dei
1912 988 2089 1032 mens.

490 1083 664 1149 Mens,
694 1096 817 1153 qua:
845 1077 1055 1136 caelesti
1083 1089 1252 1133 sensu
1281 1074 1422 1147 rigat
1449 1072 1737 1129 emeritum
1970 1083 2088 1125 eor.

488 1173 597 1230 Cor
622 1179 878 1244 vegetum
908 1167 1091 1226 mundi
1124 1167 1299 1223 instar
1326 1164 1555 1232 habens,
1586 1163 1783 1223 animat
1808 1160 1988 1232 vigor,
2025 1174 2094 1217 ae

1893 1251 2015 1325 [vis.

486 1356 598 1427 ,Vis
620 1366 803 1414 tamen
832 1353 923 1410 hic
948 1352 1099 1410 nulla
1129 1360 1215 1409 est
1261 1368 1277 1408 :
1310 1364 1497 1407 verum
1535 1355 1622 1405 est
1661 1348 1821 1418 iocus
1849 1356 1905 1404 et
1938 1344 2091 1405 nihili

1887 1437 2016 1512 [res.

571 1560 641 1618 Ut
665 1561 718 1618 in
746 1568 908 1616 uetere
925 1557 1076 1614 verba
1098 1565 1196 1625 est,
1225 1557 1462 1628 sequitur
1485 1569 1569 1610 ver
1596 1554 1847 1625 Ityemem,
1870 1551 1958 1605 ubi
1977 1554 2091 1623 jam

493 1655 744 1712 similium
788 1667 1049 1725 nugarum
1086 1650 1298 1706 subtexe
1325 1649 1629 1721 nequitiam,
1674 1657 1722 1700 et
1766 1646 1820 1700 Ιιὶ
1848 1645 2094 1701 versiculi

496 1745 861 1817 monosyllabis
883 1745 1250 1808 terminantur,
1273 1741 1486 1797 exordio
1513 1750 1685 1795 tamen
1706 1739 1888 1805 libero,
1913 1754 2097 1809 quam-
2126 1751 2174 1812 Β

494 1855 647 1911 quam
674 1838 776 1907 ﬁne
819 1835 1069 1908 legitimo.
1108 1835 1214 1890 Sed
1256 1831 1511 1900 laboravi,
1555 1841 1613 1886 ut
1640 1840 1895 1901 quantum
1926 1839 2099 1901 posset

496 1932 659 1988 uideri
699 1930 840 2000 apud
885 1944 1035 1982 aures
1072 1926 1556 1998 indulgentissimas
1595 1926 1819 1980 absurda
1851 1925 2099 1980 concine-

498 2035 632 2091 rent,
664 2023 863 2079 insulsa
908 2022 1218 2092 reciperent,
1256 2018 1433 2074 hiulca
1466 2026 1805 2090 congruerent
1834 2032 1851 2071 :
1877 2017 2100 2089 denique

499 2118 749 2175 haberent
779 2125 827 2170 et
865 2114 1047 2169 amara
1075 2110 1427 2179 dulcedinem,
1474 2120 1523 2166 et
1551 2111 1811 2165 inamwna
1842 2123 2100 2173 venerem,

500 2223 549 2268 et
578 2229 764 2285 aspera
795 2211 1079 2267 lenitatem.
1116 2209 1245 2275 Quae
1272 2209 1478 2278 quidem
1525 2206 1702 2262 omnia
1745 2205 1991 2277 quoniam
2016 2205 2103 2259 in-

498 2308 674 2363 suavis
705 2307 920 2361 materia
941 2305 1256 2366 devenustat,
1294 2303 1446 2357 lectio
1480 2301 1702 2373 benigna
1729 2299 1991 2379 conciliet.
2020 2297 2100 2352 Tu

495 2416 694 2472 quoque
719 2398 846 2453 mihi
872 2408 963 2453 tua
989 2396 1139 2451 crede
1167 2395 1416 2461 securior,
1450 2394 1659 2465 quippe
1686 2391 1926 2448 meliora.
1955 2388 2095 2459 Sed,

500 2503 557 2549 ut
586 2491 724 2565 quod
753 2508 846 2563 per
870 2489 1179 2563 adagionem
1214 2487 1484 2558 coepimus,
1516 2484 1785 2557 prouerbio
1813 2484 2060 2554 ﬁniamus
2080 2523 2096 2552 ,

502 2595 740 2642 mutuum
768 2586 897 2640 muli
927 2583 1164 2639 seabunt.

807 2694 1153 2775 Monosyllabt‘
1183 2705 1382 2755 tantum
1402 2694 1453 2750 in
1474 2693 1579 2765 ﬁne
1607 2693 1779 2769 positi.

503 2812 721 2881 iEtnula
743 2812 850 2881 dis,
879 2823 1088 2880 natura:
1114 2810 1401 2881 imitatrix,
1424 2811 1775 2882 omniparens
1989 2824 2098 2875 ars,

504 2907 705 2962 Pacato
735 2914 792 2960 ut
822 2904 1038 2962 studeat
1063 2904 1223 2960 ludus
1253 2919 1440 2970 meus,
1471 2912 1591 2960 esto
1628 2903 1778 2973 operi
1968 2903 2099 2958 dux.

502 3001 691 3071 Arcta,
717 2998 989 3063 inammna
1011 2998 1161 3067 licet,
1191 3012 1294 3056 nec
1312 3012 1553 3069 congrua
1575 2996 1908 3064 carminibus
1992 2995 2099 3055 les.

505 3093 825 3160 Judicesub
847 3101 1000 3155 tanto
1023 3091 1169 3155 laudi
1192 3101 1371 3159 tamen
1401 3090 1635 3162 accipiet
1987 3089 2103 3160 ius.

506 3185 715 3256 Quippe
741 3193 796 3239 et
825 3181 1066 3237 ridiculis
1091 3182 1221 3247 data
1250 3182 1446 3251 gloria,
1478 3183 1531 3235 ni
1563 3181 1814 3250 prohibet
1963 3180 2093 3236 fors.

1120 3292 1199 3347 De
1228 3292 1489 3349 membris.

583 3409 785 3467 lndicat
816 3409 869 3465 in
904 3407 1087 3481 pueris
1119 3409 1402 3485 septennia
1429 3409 1600 3491 prima
1624 3426 1796 3467 novus
1941 3411 2099 3470 dens.

509 3505 785 3564 Pubentes
808 3518 980 3561 annos
999 3504 1275 3560 robustior
1293 3503 1553 3575 anticipat
1974 3522 2100 3561 vox.

507 3598 711 3655 Invicta
740 3605 795 3653 et
823 3596 1025 3665 ventis,
1054 3605 1111 3652 et
1130 3596 1336 3652 solibus
1354 3637 1368 3663 ,
1391 3605 1475 3653 est
1502 3595 1785 3652 hominum
1930 3598 2099 3655 frons.

507 3694 751 3751 Edurum
773 3692 926 3749 nervi
954 3704 1078 3747 eum
1110 3691 1319 3747 viscere
1344 3691 1663 3747 consociant
2019 3708 2099 3750 os.

505 3785 1040 3860 Palpitatirrequies,
1071 3791 1344 3856 vegetum,
1370 3790 1699 3855 teres,acre,
1722 3784 1909 3842 calens
1985 3800 2102 3841 cor.

504 3881 666 3941 Unde
696 3883 881 3953 vigent
909 3894 1136 3947 sensus,
1169 3878 1498 3935 dominatrix
1529 3892 1666 3949 quos
1698 3894 1858 3950 vege-

1779 3983 1853 4029 tat
1927 3990 2103 4032 tuens.

1276 4002 1279 4005 ι
1779 3983 1853 4029 tat
1927 3990 2103 4032 mens.

510 4073 692 4142 Atque
723 4069 777 4125 in
809 4068 973 4124 verba
1004 4066 1170 4123 refert
1198 4063 1472 4122 modulata
1510 4065 1629 4138 lege
1658 3972 1858 4138 lothax
2021 4081 2104 4123 os.

508 4163 683 4233 Quam
714 4161 952 4218 validum
976 4169 1081 4229 est,
1110 4158 1349 4217 hominis
1369 4166 1532 4231 quota
1559 4157 1764 4231 portio,
1794 4173 1968 4215 caeru-

1748 4255 1915 4328 [leum
1992 4254 2063 4313 fel
2089 4257 2102 4311 !

515 4354 689 4424 Quam
718 4361 902 4422 tenue,
936 4359 992 4409 et
1020 4351 1218 4409 molem
1249 4362 1508 4425 quantam
1541 4350 1645 4409 fert
1673 4366 1867 4425 corpo-

1702 4448 1869 4521 [ream
1943 4460 2068 4502 crus
2091 4447 2104 4499 l

514 4541 762 4613 Pondere
788 4541 890 4599 sub
919 4550 1126 4625 quanto
1164 4549 1410 4598 nostrum
1437 4540 1753 4599 moderatur
1782 4540 1886 4597 iter
1967 4555 2062 4612 pes
2087 4539 2101 4594 l
2130 4524 2183 4586 Ῑ)
2210 4529 2329 4625 Quo
2358 4539 2617 4625 generali!
2644 4528 2829 4625 Ventis
2856 4529 3109 4625 Saturnia
3138 4528 3382 4625 dissecuit

1138 4674 1461 4741 Insonuere.

580 4795 738 4866 Sarpe
764 4793 819 4849 in
851 4793 1119 4866 coniugiis
1148 4793 1209 4849 ﬁt
1235 4792 1420 4860 noxia,
1453 4791 1500 4846 si
1527 4789 1693 4846 nimia
1724 4799 1811 4851 est

502 4886 684 4946 Sexus
713 4895 944 4957 uterque
968 4895 1182 4958 potens,
1215 4885 1311 4942 sed
1343 4885 1601 4956 praevalet
1628 4881 1862 4956 imperio
1959 4898 2097 4940 mas.

498 4983 607 5052 Qui
636 4991 785 5038 recte
811 4980 1006 5047 faciet,
1041 4995 1145 5033 non
1173 4979 1265 5049 qui
1296 4978 1628 5046 dominatur,
1663 4977 1768 5035 erit
1976 4991 2094 5033 rex.

500 5074 684 5139 Vexat
709 5072 1003 5141 amicitias,
1037 5079 1095 5128 et
1119 5068 1327 5127 hedera
1361 5068 1625 5131 dissociat
2009 5070 2098 5135 iis.

505 5166 710 5239 Incipe,
744 5165 1003 5238 quidquid
1036 5178 1204 5236 agas:
1240 5178 1338 5236 pro
1369 5170 1486 5225 toto
1513 5173 1599 5223 est
1627 5163 1799 5235 prima
1827 5179 1958 5234 ope-

1771 5253 1868 5326 |ris
1950 5269 2095 5327 pars.

501 5350 750 5411 lnsinuat
778 5350 942 5423 emlo,
973 5349 1167 5420 disque
1194 5346 1391 5417 inserit
1415 5346 1678 5413 emeritos
1957 5348 2099 5417 laus,

499 5443 571 5500 Et
595 5443 903 5515 disciplinis
929 5442 1178 5498 conferta
1211 5449 1319 5507 est,
1351 5447 1410 5495 et
1438 5439 1584 5495 vitiis
1945 5442 2094 5500 urbs.

501 5540 742 5599 Urbibus
774 5541 828 5595 in
859 5539 988 5596 tutis
1014 5538 1277 5603 munitior
1301 5534 1528 5595 urbibus
1556 5543 1642 5593 est
1974 5554 2092 5601 arx.

498 5635 648 5691 Auro
675 5649 905 5702 magnus
932 5633 1128 5693 honos.
1165 5631 1301 5701 Auri
1328 5632 1562 5702 Ρῐθιῖυηι
1588 5638 1770 5697 tamen
1807 5642 1889 5692 est
1998 5650 2093 5697 tu.

502 5722 687 5793 Longa
714 5723 833 5782 dies
859 5737 1093 5795 operosa
1117 5723 1259 5794 viro,
1288 5721 1392 5789 sed
1416 5723 1712 5797 temperies
1963 5742 2091 5784 nox.

1882 211 2065 275 DECII
2105 208 2383 285 AUBONII

1974 328 2079 385 sol.
2113 352 2169 418 Α
2189 328 2307 398 Qua
2335 333 2487 386 caret
2516 322 2841 398 JEtltiopum
2865 322 3044 396 plaga,
3081 321 3327 396 pervigil,
3361 324 3498 381 irre-

3684 205 3799 270 900

3375 418 3557 492 [quies
3625 432 3793 491 gens.

2190 516 2418 587 Semper
2444 514 2537 571 ubi
2570 523 2772 571 aeterna
2804 513 3072 586 vertigine
3101 513 3248 569 clara
3280 511 3418 568 nitet
3671 513 3793 569 lus.

2852 649 2929 706 De
2969 648 3113 715 Deis.

2261 769 2403 826 Sunt
2428 776 2485 824 et
2499 766 2806 825 caelicolum
2830 765 3206 837 monosyllaba
3217 804 3231 829 ,
3252 761 3431 827 Prima
3447 761 3610 827 deum
3650 762 3764 827 Fas
3780 801 3803 831 ,

2192 865 2325 934 Qua:
2345 864 2568 931 Themis
2595 861 2897 925 estGraiis.
2920 861 3054 923 Post
3081 859 3221 943 hanc
3245 857 3420 925 llhea,
3450 873 3571 929 qua

3413 949 3597 1024 [Latiis
3650 950 3802 1022 Ops.

2195 1051 2333 1107 Tum
2367 1051 2521 1109 lovis
2547 1058 2605 1107 et
2630 1049 2793 1109 Consi
2823 1063 3139 1120 germanus,
3168 1045 3468 1105 Tartareus
3670 1044 3799 1107 Dis.

2197 1147 2265 1202 Et
2294 1161 2454 1203 soror
2483 1154 2540 1204 et
2557 1145 2756 1216 conjus
2785 1142 2999 1207 fratris,
3032 1142 3217 1213 regina
3245 1140 3432 1206 deum,
3674 1136 3801 1201 Vis.

2196 1241 2265 1297 Et
2292 1241 2383 1310 qui
2412 1239 2738 1312 quadriiugo
2765 1253 2933 1299 curru
2958 1244 3112 1308 pater
3136 1234 3412 1301 invehitur
3680 1231 3801 1295 Sol.

2194 1332 2405 1404 Quique
2439 1342 2621 1399 truces
2650 1330 2781 1391 belli
2812 1338 2992 1395 motus
3017 1326 3125 1392 ciet
3147 1327 3490 1398 armipotens
3610 1324 3802 1391 Mars:

2194 1425 2369 1494 Quem
2403 1437 2701 1495 numquam
2730 1421 2930 1494 pietas.
2962 1433 3261 1492 numquam
3289 1418 3430 1476 bona
3462 1415 3697 1584 εῗιιίςὶὶ)

3520 1519 3597 1565 tat

3520 1519 3597 1565 tat
3648 1519 3767 1567 Pax
3785 1553 3801 1577 ,

2200 1609 2312 1667 Nec
2341 1609 2521 1666 cultor
2547 1623 2828 1673 nemorum
2857 1605 3186 1671 reticebere,
3213 1602 3497 1667 analidc
3657 1600 3806 1677 Pan,

2199 1702 2311 1759 Nec
2341 1700 2547 1767 Genius
2577 1701 2863 1766 domuum,
2887 1698 3138 1763 Laranda
3162 1696 3476 1771 progenitus
3666 1694 3802 1759 Lar.

2201 1793 2659 1865 Fluminibusque
2688 1791 2842 1855 italis
2877 1790 3204 1863 praepollens
3234 1788 3506 1851 suilureus
3662 1786 3804 1853 Nar.

2209 1885 2448 1955 Quaeque
2480 1884 2590 1955 piat
2618 1882 2801 1939 divum
2834 1881 3091 1955 periuria,
3120 1880 3425 1945 nocticolor
3636 1877 3805 1951 Styx.

2199 1978 2540 2051 velivolique
2576 1978 2744 2041 maris
2774 1985 3082 2041 constratqr
3112 1976 3453 2037 Leuconotos
3640 1972 3805 2039 Libs.

2202 2069 2269 2126 Et
2296 2083 2594 2141 numquam
2625 2068 2679 2135 in
2707 2066 2886 2132 dubiis
2916 2066 3196 2149 hominum
3227 2067 3368 2131 bona
3393 2065 3559 2127 desu-

3381 2157 3564 2232 [tuens
3633 2156 3808 2232 Spes.

2852 2272 2928 2330 De
2968 2272 3130 2329 Cibis.

2271 2412 2382 2469 Nec
2407 2418 2630 2469 nostros
2662 2409 2903 2469 reticebo
2924 2410 3099 2482 cibos,
3122 2426 3260 2486 quos
3276 2411 3492 2484 priscas
3512 2413 3605 2468 ba—

2798 2512 2802 2515 '
3459 2503 3575 2581 [bet
3644 2519 3771 2569 mos
3790 2547 3811 2577 ,

2202 2598 2548 2656 lrritamenta
2573 2596 2772 2671 quibus
2803 2596 3023 2653 additur
3042 2610 3353 2667 aequoreum
3696 2599 3810 2657 sal.

2202 2691 2344 2750 Olim
2372 2692 2675 2749 communis
2700 2691 2887 2762 pecori
2918 2690 3097 2757 cibus,
3127 2700 3293 2762 atque
3316 2690 3521 2747 homini
3618 2691 3811 2764 glans.

2203 2786 2345 2844 Ante
2358 2788 2610 2859 equidem
2638 2788 2847 2858 campis
2863 2800 3025 2857 quam
3046 2787 3231 2857 spicea
3254 2794 3569 2857 suppeteret
3654 2785 3808 2849 frnx.

2204 2881 2326 2939 Mox
2355 2866 2511 2951 ador,
2543 2890 2708 2957 atque
2733 2879 2916 2937 adoris
2945 2879 3014 2937 de
3042 2880 3248 2951 polline
3276 2879 3581 2951 pultllicum
3698 2880 3810 2949 lar,

2204 2972 2477 3030 Instruxit
2499 2988 2716 3031 mensas
2742 2988 2851 3045 quo
2881 2972 3155 3044 quondam
3186 2971 3531 3040 Romulidum
3622 2974 3806 3043 plebs.

2207 3069 2345 3124 Hinc
2373 3069 2547 3137 cibus,
2585 3067 2711 3124 hinc
2738 3074 2920 3138 potus,
2950 3081 3072 3122 cum
3102 3065 3401 3124 dilueretur
3429 3083 3571 3143 aqua
3655 3067 3809 3140 puis,

2208 3161 2304 3218 Est
2330 3161 2474 3217 inter
2505 3162 2687 3233 fruges
2713 3176 2898 3217 morsu
2929 3160 3085 3234 piper
3114 3161 3456 3233 aequiperans
3701 3163 3807 3235 git.

2205 3253 2275 3308 Et
2304 3252 2590 3310 Pelusiaco
2622 3254 2690 3309 de
2715 3251 2925 3310 semine
2956 3253 3141 3325 plana,
3174 3263 3320 3311 teres
3651 3256 3811 3321 lens.

2206 3347 2275 3402 Et
2298 3347 2503 3418 duplici
2549 3347 2774 3405 defensa
2805 3350 3082 3421 putamine
3112 3342 3526 3428 quinquagenas
3667 3366 3809 3411 nux.

2206 3439 2470 3529 Quodque
2493 3441 2620 3497 cibo
2649 3451 2702 3498 et
2730 3452 2859 3514 potu
2894 3443 3173 3513 placitum,
3205 3443 3357 3501 labor
3379 3460 3508 3501 acer

3427 3535 3635 3611 [apum,
3670 3538 3811 3597 mel.

2206 3624 2424 3683 Naturae
2453 3626 2635 3707 liquor
2661 3627 2764 3684 iste
2792 3643 2946 3684 novre
2970 3644 2985 3684 :
3010 3628 3096 3684 cui
3128 3642 3337 3689 summa
3369 3638 3522 3687 natat
3690 3631 3810 3699 fex.

2826 3763 2904 3818 [te
2943 3762 3216 3821 Historiis.

2278 3874 2535 3932 Solamen
2557 3875 2672 3942 tibi.
2701 3874 2930 3944 thhe,
2956 3892 3154 3934 novum
3179 3876 3606 3935 dedittEbalius
3682 3879 3807 3935 llos.

2208 3964 2369 4022 Flore
2396 3968 2503 4022 alio
2528 3984 2656 4023 reus
2678 3979 2763 4024 est
2792 3969 3027 4025 Narcissi
3059 3978 3237 4025 morte
3255 3983 3411 4026 sacer
3654 3970 3810 4027 forts.

2209 4060 2387 4116 Cmdis
2411 4060 2652 4116 Adonem
2679 4061 2821 4117 mala
2849 4062 3020 4133 gloria
3051 4062 3349 4118 fulmineus
3683 4077 3807 4118 sus.

2210 4154 2494 4226 Perjurum
2526 4155 2815 4227 Lapithum
2850 4155 3082 4212 Junonia
3112 4155 3354 4211 ludiﬁcat
3642 4155 3810 4211 nubs.

2209 4248 2376 4304 Ludit
2404 4256 2462 4305 et
2489 4247 2776 4306 .IEacidem
2810 4250 3097 4305 Parnassia
3129 4248 3468 4319 Delplticolae
3665 4247 3811 4305 fors.

2211 4340 2484 4397 Treicium
2514 4342 2775 4414 Libycum
2810 4343 2944 4398 freta
2976 4341 3435 4412 Cimmeriumque
3457 4348 3611 4399 secat
3683 4341 3809 4397 bos.

2211 4432 2331 4490 Non
2366 4436 2484 4490 sine
2513 4434 2717 4491 llamad
2727 4435 2910 4506 ryadis
2938 4435 3047 4490 fato
3078 4436 3224 4492 cadit
3252 4436 3482 4493 arborea
3632 4436 3810 4492 trabs.

3670 4529 3808 4585 falx.

2207 4619 2366 4677 Sicca
2393 4620 2539 4676 inter
2562 4634 2727 4691 rupes
2757 4620 3045 4692 Scythicas
3069 4623 3222 4677 stetit
3248 4622 3463 4677 alitibus
3638 4636 3806 4679 crux.

2206 4712 2365 4769 Unde
2394 4711 2722 4768 Prometheo
2749 4713 2818 4768 de
2848 4727 3079 4785 corpore
3107 4713 3435 4785 sanguineus
3687 4727 3804 4771 ros.

1977 4790 2098 4846 dOS-
2210 4805 2501 4878 Adspcrgit
2527 4815 2739 4873 cautes,
2773 4814 2827 4862 et
2850 4806 2966 4863 dira
3001 4808 3214 4863 aconita
3245 4816 3395 4864 creat
3685 4822 3807 4865 eos.

2201 4899 2397 4972 Ibycus
2429 4908 2488 4954 ut
2515 4900 2707 4970 periit,
2746 4900 2948 4957 vindex
2985 4899 3084 4957 luit
3107 4901 3398 4961 altivolans
3570 4900 3571 4903 “
3652 4915 3805 4973 grus.

2203 4990 2445 5049 Eacidm
2462 4991 2529 5047 ad
2553 4992 2822 5051 tumulum
2849 5001 3079 5050 mactata
3100 5003 3183 5051 est
3202 4992 3605 5051 Andromachae
3665 4995 3807 5068 gius.

2201 5082 2439 5142 Carccre
2470 5084 2523 5140 in
2550 5087 2755 5157 Argivo
2784 5086 3197 5158 Pltilopmmena
3228 5088 3375 5146 lenta
3403 5090 3538 5145 adiit
3630 5104 3806 5146 mors.

2205 5176 2389 5232 Tertia
2415 5178 2595 5248 opima
2624 5179 2777 5236 dedit
2796 5181 3060 5251 spoliatus
3089 5183 3440 5239 Aremoricus
3650 5183 3806 5240 Lars.

2201 5268 2336 5326 Sera
2364 5280 2640 5327 venenato
2667 5280 2796 5344 potu
2831 5274 3055 5332 abstulit
3079 5273 3404 5332 Annibalem
3679 5291 3804 5333 uel.

2202 5364 2311 5421 Res
2336 5364 2481 5421 Asiae
2508 5376 2739 5438 quantas
2767 5368 2919 5425 letho
2955 5370 3104 5427 dedit
3131 5370 3433 5428 immeritas
3619 5368 3807 5427 fraus!

2194 5458 2378 5543 Ultrix
2408 5460 2662 5531 ﬂagravit
2690 5461 2760 5518 de
2791 5464 3016 5534 rupibus
3046 5464 3303 5521 Enbaicis
3695 5463 3806 5520 fax.

2204 5552 2322 5609 Stat
2351 5552 2501 5609 Jovis
2530 5551 2597 5609 ad
2626 5553 2905 5627 cyathum,
2931 5564 3161 5628 generat
3186 5572 3348 5627 quem
3382 5556 3592 5612 Darda-

3418 5649 3572 5722 [nius
3644 5648 3805 5705 Tres.

2200 5728 2538 5808 Praepetibus
2564 5739 2759 5809 pennis
2790 5755 2956 5813 super
2988 5756 3113 5800 aera
3143 5751 3337 5800 vectus
3363 5741 3528 5799 homo
3647 5740 3802 5799 Cres.
