4108 6188
313 194 418 254 9M
1797 194 1893 256 ID!

2008 196 2075 255 IA
2086 236 2102 254 .
3513 206 3618 271 90$

309 308 504 367 Intulit
528 304 796 367 incestam
832 309 929 366 tibi
957 310 1066 365 vim
1096 308 1395 367 Philomela
1426 311 1577 367 ferus
1699 310 1907 369 Thrax.
1939 312 1995 373 Α
2534 313 3100 374 Grammaticomastix.

310 402 1155 508 Eat-paruae}!Lydusﬁsrvvs
1180 403 1337 507 Gela,
1371 404 1639 508 femineus
1705 405 1909 508 Php'x-
2094 426 2497 501 Elogodaedalia
2522 429 2721 487 strides
2749 432 2913 487 modo
2944 434 3033 503 qui
3063 434 3291 491 nimium
3469 446 3615 508 trux,

311 492 816 603 Ealiacestigures
843 507 860 547 :
894 494 1210 603 nullonsitus
1236 494 1499 603 iunprelio
1784 497 1911 603 Ea"
2023 492 2241 579 Frivola
2269 523 2640 587 condemnas?
2672 492 3016 598 nequaquam
3043 547 3054 580 :
3083 543 3205 585 cum
3236 531 3412 603 pretio

314 585 530 642 Vellera
550 586 791 656 depectit
822 588 1123 643 nemoralia
1151 587 1439 644 vestiﬂuus
1788 591 1912 648 Ser.
2759 585 2773 598 ’
2869 585 2882 598 ’
3237 585 3400 694 ’[εέέ-
3436 641 3616 694 merx,

310 679 453 736 Nota
474 681 530 736 in
560 680 826 749 portentis
854 680 1115 737 Thebana
1147 682 1547 791 tricprporibus
1676 682 1908 791 Spnhinx.
2023 706 2230 764 Ennius
2257 718 2317 764 ιη
2343 722 2642 780 memorat,
2674 712 2851 784 replet
2884 724 2935 769 le
2964 679 3276 773 laniﬁcam.
3325 679 3357 685 η

310 773 447 831 Nota
478 778 536 829 et
562 787 858 844 parvorum
891 773 1046 829 cunis
1078 773 1344 832 muliebre
1371 788 1534 831 secus
1739 774 1910 830 Strix.

856 888 933 943 De
970 905 1085 944 vere
1124 889 1315 960 primo.

381 1004 574 1061 Annus
598 1003 666 1063 ab
691 1013 883 1060 exortu
916 1018 1039 1060 cum
1068 1003 1388 1077 ﬂoriparum
1418 1016 1632 1061 reserat
1793 1021 1906 1075 ver,

218 1121 227 1128 -
312 1097 523 1153 Cuncta
555 1097 739 1167 vigent
763 1114 777 1151 :
806 1111 998 1152 nemus
1025 1112 1188 1153 omne
1215 1097 1395 1154 viret:
1428 1099 1563 1153 nitet
1592 1097 1740 1154 auri-

1473 1191 1712 1263 [comum
1790 1207 1907 1250 rus.

1717 1286 1904 1355 stirps.

1788 1378 1907 1435 nix.

314 1283 386 1338 Et
418 1282 598 1338 fusura
631 1282 855 1339 umbras
882 1282 1145 1339 radicitus
1170 1283 1405 1355 exigitur

305 1376 428 1433 Non
453 1378 623 1435 denso
651 1378 720 1439 ad
750 1386 950 1439 terram
977 1378 1132 1448 lapsu
1158 1378 1459 1451 glomerata
1484 1377 1607 1461 ﬂuit

304 1471 530 1527 Florum
557 1471 729 1542 spirat
755 1471 913 1538 odor.
944 1471 1139 1531 Libani
1168 1486 1270 1531 ceu
1299 1473 1502 1531 montis
1528 1474 1705 1533 honor
1761 1473 1908 1533 thus.

2020 800 2209 856 Livida
2237 816 2394 857 mens
2424 802 2704 859 hominum
2739 814 3053 863 concretum
3086 807 3211 864 felle
3241 822 3437 881 coquat
3493 828 3616 884 pus.

2022 892 2142 965 Dic,
2176 892 2308 967 quid
2340 894 2648 965 significent
2677 897 2941 952 catalecta
2974 897 3246 956 Maronis?
3273 899 3329 958 in
3359 901 3443 959 his
3566 905 3617 961 al

2020 985 2296 1042 Celtarum
2329 989 2535 1059 posuit,
2567 990 2813 1063 sequitur
2844 1007 2949 1047 non
2980 992 3214 1055 lucidius
3501 1005 3616 1053 tau.

1954 1137 1962 1145 ,
2020 1076 2087 1133 Et
2110 1078 2257 1150 quod
2288 1096 2554 1152 germano
2578 1084 2809 1139 mixtum
2840 1085 2985 1141 male
3016 1087 3322 1147 lcthiferum
3467 1092 3618 1151 min?

2016 1168 2333 1245 Imperium,
2368 1173 2541 1241 litem,
2572 1175 2864 1246 Venerem,
2899 1192 2998 1233 cur
3028 1195 3132 1234 una
3166 1190 3320 1238 notet
3501 1185 3618 1243 res?

2018 1260 2173 1318 Sitne
2201 1265 2480 1345 peregrini
2508 1281 2610 1322 vox
2641 1269 2902 1337 nominis,
2936 1285 3002 1326 an
3032 1271 3172 1327 Latii
3526 1276 3620 1339 fil?

2014 1346 2297 1413 Lintribus
2323 1358 2376 1414 in
2403 1361 2637 1430 geminis
2654 1370 2966 1419 constratas
2993 1373 3160 1436 ponto
3183 1366 3276 1438 sit,
3296 1382 3364 1433 an
3448 1370 3621 1440 pons?

2014 1446 2273 1504 Bucolico
2303 1465 2462 1521 sepes
2489 1451 2626 1507 dixit
2655 1453 2824 1527 Maro,
2856 1470 2954 1510 cur
2981 1455 3177 1513 Cicero
3456 1460 3620 1531 seps?

564 1537 670 1619 per
695 1563 1153 1635 interregnum”)?!
1176 1574 1224 1623 et
1251 1566 1655 1635 rapam-auem
2014 1537 2134 1595 Vox
2163 1539 2347 1617 solita,
2380 1550 2435 1597 et
2463 1544 2677 1599 cunctis
2699 1545 3009 1614 notissima,
3035 1548 3079 1602 si
3110 1564 3399 1615 memores,
3502 1553 3613 1619 lac,

306 1654 440 1722 Quis
466 1655 615 1721 subit
636 1656 692 1717 in
731 1627 946 1727 poenam
970 1656 1189 1727 capitali
1215 1627 1468 1727 judicio?
1790 1671 1906 1717 vas.
1939 1702 1987 1741 η
2013 1627 2555 1741 Ῠῗτίξῗηδθῗωθξω
2584 1635 2744 1741 Νξίίθν
2978 1647 3040 1693 ut
3071 1638 3236 1741 fma"
3473 1644 3612 1700 hc"?

303 1702 444 1816 Quid
474 1750 520 1804 si
538 1702 618 1805 lis
654 1702 1174 1819 iuerit'nnmmiriria,
1206 1702 1332 1821 quis
1352 1750 1608 1806 dabitur?
1739 1764 1904 1820 praes.
1939 1702 1988 1765 Β
2013 1722 3121 1835 frter?”malumi‘snf‘omma
3150 1750 3252 1790 VO“
3454 1740 3617 1809 εθιιεῖ

302 1814 443 1909 Quis
466 1814 782 1898 Mirmilloni
814 1842 1205 1903 contenditur?
1232 1844 1574 1915 aaquimanus
1699 1842 1893 1907 Thrax.

303 1933 452 1989 Inter
481 1934 715 1992 virtutes
737 1935 883 1992 quod
913 1950 1112 1992 nomen
1140 1936 1450 1992 Mercurio?
1798 1936 1893 1992 fur.

2012 1815 2072 1871 Si
2101 1814 2280 1874 bonus
2307 1827 2390 1873 est
2417 1818 2627 1889 insons,
2655 1823 2986 1893 contrarius,
3019 1834 3072 1880 et
3096 1842 3223 1882 reus
3252 1837 3338 1885 est
3462 1846 3617 1890 sons.

2012 1905 2174 1963 Dives
2202 1923 2365 1981 opum
2398 1923 2496 1965 cur
2526 1890 2725 1967 nomen
2760 1912 2926 1970 habet
2950 1915 3086 1972 Jove
3113 1917 3181 1972 de
3207 1919 3397 1992 Stygio
3492 1923 3618 1981 Dis?

303 1933 452 1989 Inter
481 1934 715 1993 virtutes
737 1935 883 2006 quod
913 1950 1112 1992 nomen
1140 1936 1450 1997 Mercurio?
1798 1936 1906 1999 fur.
2512 1933 2725 2020 iw???"
2760 1933 2926 2020 "alia
2950 1933 3181 2020 ’³⁰νθ,⁰,θ
3207 1933 3233 1975 ³

304 1951 452 1989 tnter
481 1951 715 1993 Virtutes
737 1951 883 2006 quod
913 1951 1112 1992 nomen
1140 1951 1450 1997 Mercurios
1798 1951 1906 1999 tur.
2013 1951 2173 1963 νην-ν
2204 1951 2365 2012 νιν-’τ-
2399 1951 2487 1965 νιιι
2514 1951 2725 2013 ,ιινυ-ταιε
2760 1951 2926 1970 mw»-
2950 1951 3181 2031 W'v‘uf
3207 1951 3397 1992 οιιδιυ
3492 1951 3611 1981 um

304 2025 625 2094 ,Πωτῶωῶ
658 2034 713 2083 ει
742 2038 968 2099 patera.
1001 2044 1122 2099 qua
1154 2029 1314 2085 lenia
1344 2044 1471 2086 vasa
1502 2028 1711 2087 deum,
1757 2028 1904 2094 lam.~
2011 1996 2448 2102 Undeliudtnus
2477 2009 2574 2070 att,
2608 2002 2804 2060 Divum
2837 2006 3033 2063 domus
3060 2020 3351 2066 atttsonnm
3477 2016 3619 2071 cmi?

304 2121 486 2144 μευ.-
517 2122 655 2144 ...με
690 2137 928 2144 -.-μ-η.
957 2122 1115 2144 .,ι.---
1151 2132 1292 2144 __--.
1319 2122 1738 2144 II:__--_-.-_.0
1777 2120 1882 2144 μη
2011 2087 2081 2144 Et.
2109 2105 2267 2144 cutus
2297 2091 2365 2144 de
2392 2108 2564 2144 more.
2596 2096 2738 2144 ntnnd
2767 2096 3018 2144 adstruit-
3050 2101 3193 2144 ρηιιη
3225 2118 3376 2144 etiam
3508 2106 3618 2144 δην)

303 2121 490 2177 Cincta
517 2091 657 2178 mari
685 2091 933 2193 quaenam
956 2091 1118 2181 tellus
1145 2132 1296 2183 creat
1316 2122 1738 2193 Hippocratem?
1777 2091 1904 2179 Cos.
2011 2091 2081 2193 ξι
2103 2091 2270 2193 ,θίῖλυῗ
2297 2091 2365 2148 de
2388 2108 2565 2193 (θ’θ’
2596 2096 2739 2167 quad
2767 2096 3020 2193 adﬂigi."
3050 2101 3193 2157 endo
3223 2118 3377 2163 suam
3508 2106 3618 2164 δοῖ

308 2212 459 2269 Grex
490 2215 685 2284 magis,
716 2229 786 2271 an
815 2230 1045 2287 regnum
1076 2215 1316 2277 Minoida
1346 2214 1642 2273 sollicitati
1749 2228 1902 2284 grex.

302 2305 451 2375 Quid
483 2316 681 2376 praeter
708 2308 910 2367 nubem
937 2309 1257 2371 Phazacibus
1278 2309 1625 2379 impositum?
1725 2322 1904 2367 mons.

304 2397 422 2465 Dic,
448 2406 703 2455 cessante
733 2399 878 2465 cibo,
914 2414 1114 2459 somno
1143 2402 1267 2471 quis
1297 2400 1533 2471 opimior
1564 2399 1684 2457 est?
1774 2399 1905 2470 glis.

303 2488 546 2561 Tergora
571 2489 662 2545 die
683 2491 893 2562 clypeis
924 2491 1286 2549 accommoda
1316 2507 1439 2564 qua:
1468 2490 1666 2557 faciat?
1759 2490 1906 2561 gius.

305 2580 512 2653 Sponte
538 2582 765 2638 ablativi
790 2599 948 2645 casus
979 2585 1101 2659 quis
1132 2594 1315 2641 rectus
1342 2583 1483 2643 erit?
1713 2597 1905 2653 spons.

304 2671 627 2743 Quadrupes
651 2675 930 2731 oscinibus
958 2676 1082 2746 quis
1105 2677 1351 2749 jungitur
1378 2675 1671 2747 auspiciis?
1759 2690 1905 2739 mus.

305 2765 443 2831 Quid
471 2768 645 2823 ﬂuitat
672 2770 889 2841 pelago,
922 2770 1069 2841 quod
1102 2787 1214 2827 non
1245 2778 1397 2827 natat
1426 2771 1481 2827 in
1515 2770 1716 2827 ﬂuvio?
1789 2770 1904 2841 pix.

302 2847 566 2914 Bissenas
593 2869 775 2930 partes
806 2861 927 2933 quis
955 2861 1199 2918 continet
1226 2862 1570 2935 :eqnipares?
1824 2876 1903 2921 as.

304 2949 487 3006 Tertia
509 2942 743 3008 defuerit
771 2951 818 3007 si
844 2953 1047 3023 portio,
1081 2954 1227 3025 quod
1258 2953 1569 3026 reliquum?
1785 2952 1904 3010 bes.

483 3065 564 3119 De
592 3067 777 3122 litteris
799 3066 1168 3139 monosyllabis
1193 3067 1389 3124 Graecis
1413 3084 1472 3124 ac
1500 3066 1724 3127 Latinis.

305 3180 425 3236 Dux
453 3182 847 3243 elementorum
878 3184 1075 3245 Studiis
1103 3186 1247 3256 viget
1269 3184 1325 3243 in
1348 3184 1522 3243 Latiis
1839 3197 1901 3244 Α.

307 3273 379 3329 Et
398 3290 648 3346 suprema
680 3278 824 3335 notis
845 3278 1180 3336 adscribitur
1209 3279 1479 3350 Argolicis
1737 3303 1744 3312 -
1837 3292 1901 3336 Ω.

306 3365 406 3421 Hta
424 3368 571 3438 quod
593 3367 892 3435 .tEolidum,
917 3370 1170 3439 quodque
1189 3392 1233 3438 s,
1260 3372 1420 3427 valeo
1439 3374 1541 3427 hoc
1554 3370 1771 3428 Latiare
1842 3383 1901 3428 E.

302 3459 542 3529 Praesto,
576 3460 721 3531 quod
750 3461 792 3517 Ε
824 3462 1040 3518 Latium
1071 3478 1290 3535 semper
1318 3466 1506 3532 breve,
1538 3466 1731 3522 Dorica

1642 3562 1772 3635 |vox
1844 3576 1881 3621 Β

306 3648 420 3705 lloc
451 3649 610 3706 tereti
641 3660 947 3724 arguteque
974 3668 1111 3709 sono
1141 3664 1303 3726 negat
1333 3654 1513 3711 Attica
1539 3654 1678 3727 gens
1839 3669 1880 3713 0

304 3756 347 3797 Ω
374 3741 516 3812 quod
545 3750 600 3799 et
624 3756 664 3799 0
694 3744 941 3801 Graecum
967 3756 1291 3817 compensat
1313 3748 1549 3807 liomula
1573 3764 1679 3803 vox
1835 3748 1882 3804 0

306 3832 506 3890 Littera
538 3851 658 3891 sum
690 3836 819 3893 tota:
846 3838 1065 3911 similis,
1100 3854 1203 3905 vox
1238 3841 1397 3915 plena
1424 3842 1646 3911 jubens,
1859 3842 1877 3896 1

304 3927 585 4000 Cecmpiis
616 3930 797 4000 ignota
829 3933 970 3987 notis
1002 3933 1173 3989 ferale
1202 3948 1410 3990 sonans
1833 3934 1875 3991 U

306 4020 628 4092 Pythagorte
659 4023 860 4078 bivium
892 4024 1060 4080 ramis
1092 4026 1254 4096 pateo
1277 4025 1549 4097 ambiguis
1839 4026 1882 4080 Y

308 4111 543 4168 Vocibus
572 4114 625 4168 in
657 4113 833 4171 Graiis
861 4132 1157 4188 numquam
1187 4117 1377 4172 ultima
1407 4119 1719 4189 conspicior
1837 4131 1883 4176 M

305 4206 434 4262 Zeta
455 4206 667 4277 iacens,
696 4210 740 4263 si
764 4220 973 4280 surgat,
1003 4211 1108 4266 erit
1135 4220 1282 4276 nota,
1316 4227 1439 4282 qua:
1468 4211 1669 4282 legitur
1844 4227 1884 4273 Ν

306 4299 664 4368 Μειιειηὼύιη,
698 4300 979 4374 ﬂexusque
1013 4318 1183 4373 vagos
1216 4303 1425 4358 imitata
1450 4318 1620 4376 vagor
1786 4316 1791 4320 ‘
1843 4311 1883 4375 Ξ

306 4389 590 4445 Dividuum
623 4392 767 4447 Betae
799 4394 1217 4465 monosyllabon
1249 4393 1498 4450 Italicum
1848 4410 1881 4451 Β

305 4480 421 4539 Νοη
445 4484 697 4553 formam,
728 4497 1002 4543 aLvocem
1037 4487 1206 4543 Delta:
1235 4504 1368 4560 gero
1396 4488 1724 4548 Romuleum
1839 4491 1879 4555 ι)

305 4576 532 4634 llostilis
552 4594 674 4651 qua:
702 4578 873 4647 forma
900 4580 1011 4661 jugi
1045 4589 1151 4649 est,
1177 4582 1316 4638 hanc
1338 4582 1539 4641 efficiet
1840 4596 1880 4649 II

304 4672 606 4728 Ausonium
630 4675 677 4729 si
716 4675 757 4729 P
794 4678 1026 4747 scribas,
1065 4693 1161 4735 ero
1187 4678 1514 4752 Cecropium
1848 4697 1881 4739 P

304 4762 373 4818 Et
394 4762 517 4820 Rho
540 4766 682 4837 quod
709 4768 984 4840 Graecum,
1018 4773 1314 4829 mutabitur
1342 4777 1395 4829 in
1421 4774 1634 4837 Latium
1847 4790 1881 4831 Ρ

305 4855 475 4914 Malus
500 4869 560 4915 ut
586 4869 896 4919 antemnam
930 4864 1036 4921 fert
1064 4866 1292 4931 vertice,
1324 4865 1403 4933 sic
1434 4880 1536 4934 ego
1563 4882 1684 4922 sum
1836 4876 1878 4921 T

306 4951 545 5023 Spiritus
574 4953 685 5026 hic,
718 4955 849 5012 ﬂatu
878 4958 1196 5015 tenuissima
1223 4958 1500 5015 vivificaris
1833 4960 1878 5015 ll

305 5042 433 5100 Haec
461 5045 636 5102 tribus
668 5048 723 5103 in
752 5048 912 5106 Latio
942 5059 1150 5107 tantum
1180 5051 1368 5108 addita
1396 5051 1711 5108 nominibus
1834 5052 1903 5117 Κ,

306 5135 606 5194 Praevaluit
635 5148 919 5212 postquam
950 5143 1193 5199 Gammm
1221 5145 1341 5200 vice
1370 5144 1553 5202 fmcta
1582 5145 1737 5216 prius
1832 5146 1898 5216 C,

304 5229 484 5301 Atque
509 5232 675 5288 aliam
708 5248 811 5304 pro
840 5250 900 5291 se
928 5235 1084 5292 titulo
1110 5237 1370 5308 replicata
1397 5237 1581 5306 dedit,
1830 5238 1897 5306 Q.

305 5320 470 5377 Ansis
498 5324 675 5380 cincta
702 5326 912 5382 duabus
939 5328 1045 5384 erit
1071 5342 1195 5386 cum
1226 5329 1364 5396 Iota,
1398 5329 1550 5402 leges
1646 5404 1647 5407 η
1836 5340 1899 5388 Θ.

305 5411 364 5468 ln
393 5412 550 5471 Latio
578 5432 836 5474 numerus
861 5418 1140 5487 denarius,
1174 5421 1490 5492 Argolicum
1834 5434 1900 5480 x.

306 5508 433 5566 Hcce
457 5513 608 5583 gruis
635 5513 841 5585 efﬁgies
868 5515 1209 5573 Palamedica
1242 5516 1538 5587 porrigitur
1842 5529 1899 5574 ψ.

306 5601 486 5674 Cappa
518 5604 592 5661 fui
621 5608 897 5678 quondam
924 5610 1157 5679 BmOtia,
1187 5626 1330 5667 nunc
1356 5610 1571 5667 Latium
1841 5628 1896 5669 ιι.

307 5696 503 5770 Fures,
538 5702 895 5781 trieornigera
923 5705 1129 5778 specie,
1164 5719 1303 5779 pene
1326 5705 1515 5765 ultima
1540 5720 1661 5764 sum
1833 5718 1895 5764 ir.

1887 4438 1983 4549 In

2009 2180 2119 2238 Aut
2145 2164 2214 2238 de
2242 2181 2440 2241 fronde
2466 2164 2721 2257 loquens,
2756 2202 2853 2244 cur
2883 2164 3017 2245 dicit
3047 2194 3279 2265 pupulea
3457 2196 3609 2265 lrus?

2009 2271 2118 2329 Sed
2145 2290 2252 2345 quo
2286 2276 2640 2348 progredior?
2669 2295 2787 2353 qua:
2812 2281 2956 2349 linis,
2981 2285 3101 2354 quis
3129 2285 3322 2342 modus
3348 2296 3401 2343 et
3453 2289 3617 2345 calx?

2008 2364 2255 2451 Indulge,
2288 2367 2507 2442 Pacate,
2539 2370 2739 2437 bonus,
2766 2373 2982 2443 doctus,
3013 2376 3187 2432 facilis

2009 2458 2207 2516 Totum
2239 2475 2376 2533 opus
2407 2460 2512 2519 hoc
2540 2478 2817 2543 sparsum,
2850 2468 3022 2523 crinis
3052 2472 3202 2526 velut
3222 2470 3470 2549 Antiphi-

3264 2561 3350 2636 [lcc
3376 2581 3390 2631 ;
3486 2581 3610 2641 pax.

2562 2674 2897 2744 IDYLUUM
2934 2677 3077 2741 XIII.

2578 2786 2741 2845 Cento
2769 2792 3043 2862 nuptialis.

2402 2900 2676 2960 Aasosuus
2706 2904 2948 2963 PAULINO
2976 2910 3224 2967 salutem.

2085 3009 2304 3086 Perlege
2331 3014 2427 3069 hoc
2447 3018 2627 3086 etiam,
2651 3019 2698 3073 si
2720 3035 2891 3090 aperte
2918 3032 3015 3091 est,
3046 3026 3312 3096 frivolum,
3342 3039 3391 3084 et
3412 3032 3611 3089 nullius

1935 3092 1982 3155 C
2014 3106 2168 3174 pretii
2205 3108 2516 3178 opusculum
2548 3128 2560 3164 :
2590 3114 2731 3183 quod
2762 3130 2853 3169 nec
2897 3092 3054 3172 labori
3068 3092 3306 3192 excudit,
3348 3141 3440 3178 nec
3488 3144 3613 3183 cura

2006 3197 2205 3253 limavit
2232 3201 2380 3256 :sine
2419 3202 2617 3275 ingenii
2663 3209 2942 3278 acumine,
2981 3219 3034 3264 et
3072 3229 3231 3270 mora:
3290 3221 3608 3279 maturitate.

2007 3290 2283 3349 Centonem
2304 3306 2488 3352 vocant
2516 3300 2605 3366 qui
2627 3300 2782 3372 primi
2808 3300 2907 3356 hac
2933 3307 3330 3366 concinnationc
3354 3311 3610 3372 luserunt.

2007 3386 2158 3449 Sola?
2181 3391 2442 3452 memoria!
2469 3394 2736 3464 negotium
2748 3413 2945 3484 .sparsa
2972 3400 3238 3472 colligere,
3271 3416 3317 3458 et
3347 3407 3611 3480 integrare

2007 3478 2238 3535 lacerata
2266 3497 2285 3535 :
2313 3482 2452 3551 quod
2486 3483 2662 3539 ridere
2700 3478 2886 3555 magis,
2942 3506 3101 3559 quam
3157 3494 3375 3549 laudare
3418 3478 3609 3569 possis.

2008 3570 2118 3626 Pro
2146 3589 2272 3643 quo,
2299 3576 2343 3629 si
2369 3591 2461 3646 per
2488 3577 2750 3646 sigillaria
2790 3579 2844 3635 in
2885 3583 3128 3639 auctione
3175 3590 3393 3656 veniret,
3448 3609 3613 3661 neque

2007 3665 2259 3736 Afranius
2288 3669 2444 3725 nauci
2472 3669 2650 3739 daret,
2681 3688 2772 3728 nec
2803 3672 3046 3730 Stichum
3070 3694 3221 3733 suum
3262 3680 3488 3739 Plautus
3526 3691 3611 3757 of.

2008 3762 2183 3831 ferret.
2226 3761 2377 3834 Piget
2402 3764 2538 3819 enim
2579 3764 2855 3838 Virgiliani
2880 3772 3126 3826 carminis
3156 3773 3460 3846 dignitatem
3500 3789 3609 3834 tam

1999 3852 2233 3925 joculari
2261 3854 2623 3914 deltonestassc
2652 3861 2890 3927 materia.
2915 3862 3021 3918 Sed
3046 3866 3175 3935 quid
3198 3868 3463 3937 facerem?
3485 3871 3612 3928 Jus-

2007 3959 2123 3998 sum
2150 3954 2261 4005 erat
2282 3962 2301 4001 :
2325 3948 2566 4020 quodque
2584 3959 2655 4006 est
2678 3954 3089 4022 potentissimum
3110 3957 3404 4028 imperandi
3422 3979 3607 4036 genus,

2009 4038 2245 4109 rogabat,
2275 4042 2358 4111 qui
2374 4042 2559 4112 jubere
2587 4053 2809 4113 poterat,
2838 4047 3033 4102 scilicet
3062 4049 3344 4119 imperator
3378 4053 3614 4112 Valenti-

2011 4128 2219 4196 nianus,
2252 4133 2328 4192 air
2347 4148 2461 4191 meo
2479 4135 2687 4206 judicio
2709 4138 2966 4205 eruditus,
2991 4140 3079 4209 qui
3107 4144 3316 4213 nuptias
3340 4148 3604 4216 quondam

2009 4224 2269 4295 ejusmodi
2301 4225 2425 4281 ludo
2455 4229 2815 4299 descripserat,
2846 4233 2983 4300 aptis
3014 4236 3245 4304 equidem
3273 4241 3524 4309 versibus,
3553 4254 3602 4299 et

2011 4318 2376 4384 compositione
2424 4320 2623 4390 festiva.
2660 4322 2906 4391 Experiri
2932 4326 3123 4382 deinde
3148 4329 3324 4386 uolens
3351 4345 3607 4403 quantum

2010 4414 2188 4469 nostra
2225 4411 2549 4467 contentione
2574 4415 2910 4484 prtecelleret,
2959 4418 3128 4474 simile
3168 4437 3262 4477 nos
3309 4424 3373 4478 de
3415 4427 3595 4482 eodeni

2008 4499 2323 4553 concinnare
2344 4503 2607 4573 praecepit.
2639 4505 2808 4572 Quam
2837 4510 3198 4579 scrupulosam
3225 4512 3322 4567 Itoc
3342 4515 3470 4570 ini/ti
3495 4520 3613 4589 fue-

2010 4589 2101 4660 rit,
2135 4591 2384 4667 intellige.
2422 4594 2604 4667 Neque
2638 4599 2890 4669 anteferri
2916 4602 3168 4672 volebam,
3198 4622 3359 4678 neque
3394 4610 3610 4681 postha-

2010 4682 2119 4738 beri
2150 4701 2167 4738 :
2194 4702 2311 4741 cum
2360 4687 2583 4744 aliorum
2629 4708 2831 4761 quoque
2865 4694 3073 4766 judicio
3118 4698 3409 4771 detegenda
3471 4717 3605 4764 esset

2009 4779 2241 4836 adulatio
2269 4780 2463 4854 inepta,
2500 4784 2546 4838 si
2583 4785 2813 4841 cederem
2840 4804 2857 4840 :
2880 4788 3179 4859 insolentia,
3225 4794 3271 4847 si
3304 4804 3361 4850 ut
3390 4799 3611 4855 tumulus

2011 4872 2308 4928 eminerem.
2342 4875 2561 4948 Suscepi
2597 4878 2770 4952 igitur.
2806 4880 2989 4935 similis
3028 4888 3311 4955 recusanti,
3354 4891 3610 4961 feliciter-

2010 4981 2108 5035 que
2132 4974 2182 5021 et
2207 4967 2460 5024 obnoxius
2488 4973 2712 5042 gratiam
2744 4975 2909 5043 tenui,
2935 4992 3030 5030 nec
3059 4977 3221 5034 victor
3251 4980 3465 5051 o/fendi.
3491 4983 3611 5041 Hoc

2012 5056 2096 5111 die
2112 5074 2217 5113 uno
2246 5068 2297 5114 et
2317 5060 2498 5117 addita
2528 5062 2887 5121 lucubratione
2909 5080 3262 5141 properatum,
3290 5075 3443 5128 modo
3476 5075 3612 5131 inter

2009 5151 2283 5208 liturarios
2311 5170 2449 5209 meos
2480 5173 2600 5211 cum
2626 5160 2952 5230 reperissent,
3002 5170 3146 5216 tanta
3187 5163 3317 5218 milii
3363 5168 3611 5224 candoris

2006 5244 2086 5298 tui
2113 5253 2164 5298 et
2200 5248 2393 5301 amoris
2418 5248 2615 5317 ﬁducia
2636 5258 2732 5318 est,
2770 5259 2823 5305 ut
2852 5254 3111 5307 severitati
3134 5263 3239 5311 tua:
3262 5272 3354 5311 nec
3387 5259 3610 5316 ridenda

2007 5338 2380 5394 subtraherem.
2412 5342 2599 5415 Accipe
2639 5344 2799 5415 igitur
2841 5347 3154 5416 opusculum
3200 5351 3265 5404 de
3305 5351 3612 5411 inconnexis

2009 5430 2333 5500 continuum,
2365 5434 2431 5487 de
2458 5434 2674 5488 diversis
2705 5452 2890 5503 unum,
2923 5437 2987 5490 de
3020 5440 3170 5492 seriis
3214 5440 3499 5515 ludicrum,
3545 5447 3611 5501 dc

2008 5522 2180 5579 alieno
2212 5535 2443 5582 nostrum
2472 5545 2491 5583 :
2514 5545 2576 5582 ne
2606 5529 2659 5582 in
2690 5532 2853 5584 sacris
2896 5541 2942 5585 et
2974 5532 3191 5603 fabulis,
3224 5546 3315 5590 aut
3345 5536 3612 5609 Thyonia-

2009 5632 2133 5671 num
2170 5618 2394 5690 mireris,
2426 5629 2519 5675 aut
2558 5620 2819 5686 Virbium,
2855 5621 3009 5677 illum
3038 5625 3102 5678 de
3140 5623 3417 5699 Dionysio,
3471 5632 3607 5688 hunc

2010 5707 2073 5765 de
2101 5707 2392 5784 Hippolyto
2423 5714 2761 5787 reformatum
2790 5724 2878 5772 :et
2924 5716 2970 5772 si
3015 5719 3232 5791 pateris,
3278 5729 3334 5777 ut
3372 5722 3608 5799 doceam,

3508 2385 3612 2443 vir.
3684 2397 3691 2403 ‘
