4108 6188
469 177 576 237 905

1867 180 2053 240 pecu
2092 179 2370 243 ausoun
2408 264 2411 265 ί

3668 183 3788 240 θοι

477 292 748 348 docendus
776 292 909 365 ipse,
930 291 1091 350 Cento
1117 292 1245 365 quid
1274 293 1652 360 sit,absolvam-.
1696 293 1876 351 Variis
1907 295 1972 352 de
1997 296 2078 351 ιο·
2101 295 2156 358 Α
2181 298 2436 356 Crateras
2467 312 2698 370 magnos
2723 305 2992 368 statuunt,
3023 298 3408 371 Bacchumque
3436 300 3781 358 ministrant.

424 454 427 457 _
473 386 569 452 cis,
606 383 935 456 seusibusque
984 387 1198 441 diversis
1244 387 1484 458 quaedam
1510 387 1753 441 carminis
1802 396 2072 443 structura

468 475 746 543 solidatur,
769 478 822 531 in
850 494 1009 532 unum
1039 493 1241 534 versum
1268 488 1323 533 ut
1344 490 1524 535 coeant
1559 481 1801 543 autcwsi
1830 480 1957 549 duo,
1981 490 2072 535 aut

472 584 606 623 unus
631 578 678 624 et
698 585 913 641 sequens
933 587 1054 626 cum
1082 573 1274 628 medio.
1306 571 1447 627 Nam
1477 572 1611 628 duos
1644 575 1870 646 junctim
1900 577 2074 631 locare

472 664 707 732 ineptum
726 673 822 732 est,
853 673 900 719 et
922 674 1026 721 tres
1046 682 1153 720 una
1175 667 1328 734 serie,
1354 683 1512 723 merce
1539 684 1710 741 nugte.
1748 666 2074 736 [Ii/funditur

472 764 645 809 autem
664 771 756 828 per
773 772 1007 836 geresuras
1036 774 1233 824 omnes,
1254 776 1385 830 quas
1404 760 1587 832 recipit
1613 776 1790 815 versus
1812 762 2073 815 heroicus:

473 849 744 904 convenire
768 856 823 904 ut
845 851 1005 919 possit
1027 863 1119 907 aut
1143 851 1559 925 penthentitneris
1579 869 1697 909 cum
1725 854 1924 925 reliquo
1944 870 2075 908 ana-

475 953 659 1013 paesto,
689 953 781 998 aut
810 944 1068 1000 trochaice
1093 962 1208 999 cum
1237 946 1520 1017 posteriore
1539 956 1804 1018 segmento
1832 960 1851 999 :
1881 952 1970 1000 aut
1994 962 2075 1000 se-

474 1046 609 1110 ptem
638 1037 922 1111 semipedes
943 1055 1060 1094 cum
1090 1040 1406 1112 anapaestico
1434 1039 1644 1096 chorico
1673 1056 1691 1094 :
1719 1050 1808 1094 aut
1839 1049 1952 1109 post
1980 1039 2069 1093 da~

474 1129 670 1202 ctylum
696 1142 851 1203 atque
892 1131 1201 1203 semipedem
1246 1132 1498 1203 quidquid
1541 1140 1702 1187 restat
1733 1132 2028 1186 hexametro
2052 1147 2071 1184 :

473 1223 646 1280 simile
668 1230 727 1278 ut
767 1223 910 1279 dicas
943 1223 1168 1290 ludicro,
1200 1224 1340 1296 quod
1365 1222 1538 1279 ὦ·ωοὶ
1566 1224 1895 1296 ὁστομαχίαν
1919 1239 2071 1276 voca-

476 1334 617 1374 rere.
654 1317 896 1373 Ossicula
925 1334 985 1372 ea
1014 1333 1140 1389 sane
1164 1317 1233 1371 ad
1259 1332 1514 1371 summam
1565 1331 1660 1371 xxv
1703 1316 1901 1388 ﬁguras
1946 1330 2071 1384 geo-

476 1411 717 1465 metricas
755 1409 963 1465 habent.
1001 1408 1137 1466 Sunt
1182 1410 1319 1485 enim
1367 1408 1669 1479 wquilatera
1707 1408 1785 1461 vel
1823 1406 2075 1478 triquetra

476 1504 692 1557 extentis
720 1502 895 1571 lineis,
923 1509 1012 1556 aut
1033 1502 1185 1557 rectis
1205 1500 1430 1573 angulis,
1452 1500 1531 1554 vel
1551 1500 1789 1570 obliquis.
1815 1498 2073 1560 ἰσοσκελῆ

479 1593 602 1664 ipsi,
632 1592 729 1661 uel,
757 1594 1043 1668 ἱσὸπλουρα
1079 1601 1283 1663 vocant,
1327 1593 1607 1669 ὀρθογώνια
1634 1608 1833 1663 quoque
1861 1599 1907 1645 et
1949 1613 2074 1647 σκα·

478 1685 625 1745 ληνοὶ.
656 1684 868 1739 Harum
894 1684 1264 1741 verticularum
1288 1685 1447 1740 variis
1474 1685 1793 1755 coagmentis
1816 1682 2072 1738 sitnulan-
2105 1687 2153 1749 Β
2181 1673 2428 1745 Subjecit
2457 1674 2653 1741 rubor;
2681 1685 2738 1732 et
2763 1674 3030 1731 calefacta
3060 1690 3160 1747 per
3186 1690 3281 1732 ora
3309 1676 3585 1746 cucurrit,

478 1789 564 1834 tur
582 1780 776 1850 species
801 1777 941 1833 mille
966 1783 1277 1849 formarum,
1293 1775 1598 1848 elephantus
1620 1775 1811 1841 bellua,
1829 1783 1923 1827 aut
1952 1788 2077 1844 aper

478 1872 660 1939 bestia,
689 1888 841 1927 anser
883 1870 1089 1939 volans,
1118 1881 1165 1924 et
1190 1869 1445 1925 Mirmillo
1481 1870 1537 1923 in
1565 1871 1725 1922 armis
1770 1867 2073 1934 subsidens,

475 1976 690 2022 venator
711 1975 758 2021 et
789 1966 987 2021 latrans
1013 1966 1176 2032 canis,
1203 1965 1328 2034 quin
1356 1972 1402 2019 et
1435 1963 1594 2018 turris
1618 1970 1666 2018 et
1691 1961 1996 2029 cantharus,
2029 1971 2078 2017 et

479 2059 587 2113 alia
629 2057 936 2133 hujusmodi
962 2056 1419 2112 innumerabilium
1462 2057 1770 2130 ﬁgurarum,
1801 2071 1915 2126 qua:
1942 2055 2089 2113 allus

479 2152 588 2207 alio
609 2153 850 2207 scientius
875 2151 1159 2224 variegant.
1192 2149 1299 2208 Sed
1324 2151 1611 2223 peritorum
1634 2149 1960 2205 concinnatio
1982 2150 2079 2203 mi-

478 2244 716 2299 raculum
746 2252 858 2313 est,
901 2243 1263 2316 imperitorum
1301 2243 1552 2313 junctura
1598 2239 1910 2295 ridiculum.
1964 2238 2078 2305 Quo

480 2337 733 2409 praedicto
776 2338 929 2406 scies,
973 2337 1112 2407 quod
1151 2351 1243 2407 rgo
1282 2335 1618 2407 posteriorem
1663 2334 1898 2388 imitatus
1941 2347 2075 2388 sum.

484 2430 601 2488 Hoc
626 2447 747 2502 ergo
775 2430 1020 2486 Centonis
1048 2429 1375 2499 opusculum,
1399 2438 1455 2482 ut
1484 2427 1574 2481 ille
1601 2426 1754 2481 ludus
1792 2432 2076 2493 tractatur,

480 2526 598 2600 pari
628 2524 783 2581 modo
821 2540 1003 2579 sensus
1034 2523 1244 2591 diversi,
1272 2532 1329 2577 ut
1353 2530 1667 2595 congruant,
1696 2519 1941 2591 adoptiva
1965 2533 2082 2591 qua:

477 2630 623 2685 sunt,
651 2629 708 2676 ut
735 2628 959 2692 cognata
983 2618 1276 2685 videantur,
1301 2616 1477 2672 aliena
1506 2632 1569 2671 ne
1593 2614 1963 2682 interluceant,
1992 2628 2081 2667 ar-

477 2714 664 2770 cessita
691 2730 757 2769 ne
778 2714 882 2768 vim
907 2712 1249 2783 redarguunt,
1280 2712 1441 2766 densa
1461 2726 1525 2765 ne
1550 2724 1718 2781 supra
1737 2709 1948 2763 modum
1967 2721 2082 2779 pro-

481 2809 737 2874 luberent,
764 2805 943 2861 hiulca
973 2823 1038 2862 ne
1064 2813 1299 2879 pateant.
1333 2803 1463 2871 Quae
1488 2803 1533 2859 si
1563 2803 1738 2858 omnia
1778 2803 1854 2856 ita
1882 2800 1974 2856 tibi
2006 2798 2081 2854 υἱ-

479 2902 756 2971 debuntur,
784 2911 839 2957 ut
867 2913 1181 2975 praeceptum
1207 2908 1305 2967 est,
1327 2900 1468 2956 dices
1492 2915 1574 2954 me
1599 2887 1945 2970 composuisse
1965 2911 2078 2949 cen-

479 3008 672 3068 tonem,
692 3006 739 3052 et
752 2989 877 3068 quia
898 2996 991 3051 sub
1015 2994 1326 3067 imperatore
1344 3009 1457 3047 meo
1479 3001 1586 3046 tum
1601 2990 1787 3058 merui,
1808 2987 2083 3061 procedere

2174 393 2344 449 Sacra
2367 402 2592 449 canunt.
2615 392 2885 448 Plaudunt
2911 393 3178 450 choreas:
3204 402 3262 448 et
3289 393 3533 450 carmina
3559 393 3786 451 dicunt.

2174 485 2287 542 Nec
2317 502 2426 541 nou
2454 486 2742 543 Threicius
2772 487 2930 558 longa
2960 503 3083 543 cum
3113 497 3266 544 veste
3291 489 3550 545 sacerdos

2175 578 2502 650 Obloquitur
2532 580 2773 635 numeris
2805 588 3014 649 septem
3044 578 3359 635 discrimina
3383 595 3603 637 vocum.

2176 673 2246 728 At
2278 679 2434 742 parte
2458 686 2523 728 ex
2557 671 2684 739 alia,
2717 671 2952 727 biforem
2979 671 3073 727 dat
3104 672 3237 727 tibia
3264 681 3510 739 cantum,

2175 770 2445 828 Omnibus
2471 785 2575 826 una
2606 770 2763 841 quies
2791 784 3049 841 operum:
3081 769 3377 842 cunctique
3404 769 3619 827 relictis

2176 859 2532 932 Consurgunt
2557 862 2786 917 mensis.
2818 861 2920 916 Per
2948 862 3136 917 limina
3165 862 3287 917 laeta
3319 862 3630 934 frequentes

2181 957 2523 1022 Discurrunt,
2552 952 2877 1027 variantque
2909 959 3058 1012 vices
3091 957 3429 1026 pOpulusqne
3458 967 3782 1029 patresque,

2178 1050 2472 1118 Matronae,
2505 1048 2693 1122 pueri,
2722 1066 3019 1122 vocemque
3052 1065 3148 1122 per
3174 1051 3355 1121 ampla
3384 1050 3631 1108 volutant

2179 1145 2360 1211 Atria,
2391 1142 2699 1215 dependent
2731 1142 2916 1215 lychni
2944 1142 3296 1214 laquearibus
3323 1141 3524 1199 aureis.

2535 1280 2830 1353 Descriptio
2858 1279 3167 1354 egredientis
3193 1296 3420 1352 sponsae.

2251 1396 2491 1453 Tandem
2519 1396 2867 1469 progreditur
2891 1396 3124 1454 Veneris
3145 1397 3450 1468 justissima
3481 1412 3637 1468 cura,

2177 1491 2297 1547 .lnm
2330 1500 2539 1547 matura
2565 1492 2705 1559 viro,
2730 1491 2841 1563 jam
2876 1491 3052 1563 plenis
3082 1491 3285 1549 nubilis
3318 1493 3477 1549 annis
3506 1510 3521 1548 :
3549 1503 3555 1513 '

2186 1583 2426 1655 Virginis
2453 1599 2537 1649 os,
2567 1583 2921 1655 habitumque
2940 1598 3160 1655 gerens.
3185 1584 3281 1641 Cui
3308 1584 3577 1656 plurimus
3597 1583 3793 1658 ignem

2182 1769 2426 1825 Intentos
2456 1768 2681 1825 volvens
2713 1770 2904 1825 oculos
2929 1788 2941 1824 :
2973 1770 3192 1841 uritque
3221 1770 3477 1827 videndo.

2181 1860 2334 1917 illam
2362 1862 2541 1917 omnis
2569 1865 2746 1930 tectis,
2780 1863 3035 1933 agrisque
3064 1861 3237 1919 eﬂ'usa
3256 1863 3536 1934 juventus,

2180 1954 2472 2026 Turbaque
2496 1955 2724 2011 miratur
2755 1964 3016 2023 matrum,
3050 1955 3276 2027 vestigia
3307 1956 3469 2027 primi

2180 2046 2315 2102 Alba
2344 2046 2520 2115 pedis,
2552 2046 2886 2118 dederatque
2914 2062 3128 2104 comam
3158 2047 3469 2105 diffundere
3494 2048 3695 2106 ventis.

2183 2137 2311 2193 Fert
2343 2139 2638 2208 picturatas
2665 2139 2784 2194 auri
2815 2139 3162 2210 subtegmine
3190 2149 3394 2208 vestes,

2179 2229 2419 2287 Ornatus
2444 2232 2660 2303 Argivae
2690 2230 2910 2288 Helenae
2936 2248 2950 2286 :
2982 2233 3270 2304 qualisque
3295 2230 3471 2288 videri

2182 2322 2489 2391 C(elicolis,
2525 2334 2580 2379 et
2607 2335 2808 2394 quanta
2840 2324 2980 2379 solet
3005 2323 3197 2380 Venus
3224 2337 3387 2380 aurea
3414 2331 3611 2380 contra
3640 2340 3655 2378 :

2182 2413 2332 2469 Talis
2355 2420 2473 2469 erat
2499 2413 2731 2484 species.
2764 2413 2952 2470 Talem
2976 2430 3037 2470 se
3060 2414 3183 2470 lmta
3212 2414 3422 2471 ferebat

2182 2506 2264 2563 Ad
2296 2520 2555 2573 soceros;
2589 2506 2839 2578 solioque
2867 2506 2979 2562 alte
3007 2507 3237 2564 subnixa
3267 2507 3492 2563 resedit.

2545 2617 2839 2692 Descriptio
2877 2620 3180 2693 egredientis
3216 2621 3414 2694 sponsi.

2253 2731 2325 2788 At
2352 2740 2506 2805 parte
2533 2748 2602 2789 ex
2629 2733 2737 2789 alia
2762 2731 2971 2790 foribus
2999 2748 3122 2790 sese
3153 2734 3343 2790 intulit
3366 2733 3493 2790 altis

2181 2824 2286 2882 Ora
2320 2840 2455 2897 puer
2479 2826 2652 2899 prima
2681 2827 2906 2898 signans
2932 2827 3146 2883 intonsa
3169 2827 3419 2899 juventa,

2181 2916 2368 2974 Pictus
2403 2933 2505 2975 acu
2537 2917 2881 2987 chlamydem
2912 2929 3184 2989 auratam,
3213 2934 3373 2991 quam
3420 2916 3654 2989 plurima
3680 2918 3793 2973 cir-

3545 3008 3697 3082 [cum

479 3089 609 3145 mihi
652 3094 786 3145 inter
813 3090 1103 3161 frequentes
1126 3088 1446 3159 stipendium
1461 3084 1690 3158 jubebis.
1744 3083 1842 3140 Sin
1885 3082 2038 3136 aliter
2060 3120 2077 3149 ,
2108 3069 2155 3134 C
2186 3103 2431 3176 purpura
2461 3103 2739 3162 mmmam
2760 3103 2961 3176 duplici
2989 3103 3239 3161 Menum
3270 3102 3545 3172 cucurr“,

479 3198 582 3238 tere
603 3183 834 3236 dirutum
856 3181 1039 3250 facies,
1069 3187 1125 3232 ut
1147 3179 1353 3233 cumulo
1374 3177 1620 3232 carminis
1642 3178 1697 3230 in
1717 3176 1904 3242 [iscum
1927 3187 2080 3228 suum

480 3275 716 3353 redacto,
746 3272 965 3328 redeant
990 3286 1166 3327 versus
1195 3271 1339 3327 unde
1364 3279 1636 3325 uenerunt.
1685 3266 1836 3322 Vale.

549 3407 796 3479 Accipite
822 3405 942 3463 haec
968 3405 1206 3463 animis:
1234 3405 1499 3478 laetasque
1526 3399 1796 3461 advertite
1824 3411 2055 3469 mentes,

478 3501 657 3560 Ambo
682 3501 903 3571 animis,
927 3499 1089 3556 ambo
1114 3499 1355 3571 insignes
1380 3499 1766 3571 praestantibus
1795 3500 1963 3554 armis
1989 3515 2001 3551 :

478 3596 656 3654 Atnbo
680 3595 960 3664 ﬂorentes,
994 3608 1165 3667 genus
1195 3593 1565 3665 insuperabile
1593 3593 1763 3650 bello.

479 3688 691 3761 Tuque,
726 3688 876 3759 prior
900 3704 916 3744 :
947 3701 1068 3743 nam
1103 3695 1157 3743 te
1185 3684 1493 3758 majoribus
1522 3685 1608 3743 ire
1636 3700 1737 3757 per
1765 3686 1933 3742 altum

479 3780 756 3852 Auspiciis
781 3779 1071 3837 manifesta
1101 3779 1256 3836 fides.
1289 3778 1412 3846 Quo
1436 3778 1637 3851 justior
1662 3780 1802 3835 alter

478 3873 593 3931 Nec
622 3874 827 3945 pietate
852 3862 982 3941 fuit,
1009 3886 1113 3929 nec
1140 3871 1287 3928 bello
1316 3871 1491 3943 major
1519 3878 1575 3928 et
1599 3872 1788 3927 armis.

480 3964 671 4036 Tuque
697 3977 940 4035 puerque
973 3970 1116 4030 tuus,
1147 3978 1358 4035 magna:
1386 3977 1514 4035 spes
1540 3962 1712 4018 altera
1740 3961 1929 4018 Romae
1949 4002 1965 4029 ,

480 4056 611 4116 Flos
637 4064 911 4122 veterum,
940 4054 1224 4127 virtusque
1252 4055 1450 4125 virum,
1488 4070 1609 4112 mea
1638 4055 1879 4111 maxima
1907 4069 2036 4110 cura
2054 4096 2068 4124 ,

478 4148 710 4208 Nomine
749 4163 909 4206 avum
950 4147 1218 4219 referens,
1246 4148 1454 4217 animo,
1483 4148 1844 4219 manibusque
1873 4160 2072 4218 paren-

1847 4240 1998 4313 [tem.

474 4333 595 4393 Non
626 4333 829 4407 injussa
857 4348 1015 4392 cano.
1040 4334 1148 4392 Sua
1178 4335 1375 4408 cuique
1401 4350 1595 4394 exorsa
1622 4335 1891 4403 laborem,

2184 3195 2255 3252 Et.
2277 3196 2515 3252 tunicam
2542 3195 2694 3251 molli
2723 3205 2898 3254 mater
2925 3212 3086 3267 quam
3118 3207 3347 3252 neverat
3370 3210 3540 3252 auro:

2182 3289 2278 3356 Os,
2311 3288 2679 3360 humerosque
2697 3288 2803 3345 deo
2830 3289 3029 3346 similis
3046 3332 3059 3355 ,
3085 3291 3383 3362 lumenque
3406 3289 3667 3359 juventae.

2183 3380 2379 3449 Qualis
2410 3381 2500 3437 ubi
2529 3381 2731 3437 Oceani
2763 3381 3016 3453 perfusus
3046 3367 3264 3439 Lucifer
3291 3381 3433 3439 unda

2182 3473 2391 3531 Extulit
2418 3475 2490 3528 os'
2515 3488 2729 3529 sacrum
2756 3474 2920 3541 caelo,
2951 3474 3030 3530 sic
3056 3489 3149 3530 cra
3179 3474 3419 3545 ferebat,

2180 3567 2273 3625 Sic
2299 3568 2513 3634 oculos,
2541 3583 2816 3641 cursuque
2845 3583 3034 3626 amens
3060 3569 3125 3625 ad
3156 3568 3342 3625 limina
3368 3568 3563 3624 tendit.

2178 3662 2333 3720 lllum
2363 3662 2543 3719 turbat
2571 3678 2747 3734 amor,
2782 3662 3002 3736 ﬁgitque
3031 3664 3083 3719 itt
3112 3663 3324 3735 virgine
3351 3662 3554 3719 vultus.

2177 3754 2374 3814 Oscula
2403 3755 2612 3827 libavit,
2636 3757 2998 3829 dextramque
3026 3757 3311 3829 amplexus
3337 3754 3578 3813 inhaesit.

2710 3869 2918 3927 Oblatio
2950 3886 3244 3927 munerum.

2248 3983 2516 4042 incedunt
2543 3983 2723 4055 pueri,
2753 3983 3063 4056 pariterque
3080 3994 3209 4041 ante
3234 3999 3329 4040 ora
3360 3992 3643 4056 parentum

2187 4075 2337 4132 Dona
2368 4076 2568 4146 ferunt,
2600 4075 2797 4147 pallam
2845 4076 3037 4147 signis,
3066 4090 3311 4147 auroque
3339 4076 3627 4148 rigentem,

2176 4167 2399 4224 Munera
2430 4177 2734 4239 portantes,
2757 4169 2988 4240 aurique
3016 4168 3308 4239 eborisque
3329 4167 3559 4233 talenta,

2177 4261 2244 4317 Et
2272 4261 2484 4331 sellam,
2514 4271 2571 4320 et
2595 4261 2801 4333 pictum
2830 4276 3030 4320 croceo
3060 4261 3306 4318 velamen
3333 4258 3594 4317 acantho.

2175 4351 2371 4425 lugens
2388 4362 2675 4426 argentum
2704 4352 2937 4421 mensis,
2962 4352 3211 4425 colloque
3229 4351 3433 4409 monile

476 4427 883 4502 Fortunamque
918 4428 1137 4487 ferent:
1176 4429 1310 4486 mibi
1335 4428 1488 4502 jussa
1520 4443 1814 4502 capessere
1850 4427 1932 4484 fas
1960 4434 2065 4485 est.
2097 4455 2153 4517 Β
2177 4445 2489 4513 Baccawm,
2519 4456 2574 4503 ει
2598 4447 2869 4518 duplicem
2889 4448 3118 4520 gemmis
3146 4460 3391 4518 auroque
3413 4459 3697 4503 coronam.

1040 4544 1198 4602 Ctena
1223 4546 1494 4621 nuptialis.

548 4657 877 4732 Exspectata
906 4659 1029 4717 dies
1057 4659 1277 4728 aderat;
1309 4661 1596 4734 dignisque
1625 4663 1926 4736 hymenaeis

471 4753 669 4812 Matres
704 4762 866 4825 atque
893 4754 1027 4822 viri,
1051 4754 1388 4826 iuvenesque
1418 4763 1550 4811 ante
1578 4771 1674 4812 ora
1706 4765 1992 4828 parentum

471 4844 848 4914 Conveniunt;
884 4855 1168 4919 stratoque
1193 4861 1365 4916 super
1394 4846 1761 4904 discumbitur
1782 4857 1958 4905 ostro.

471 4938 615 4995 Dant
644 4937 832 4993 famuli
862 4937 1113 4993 manibus
1142 4938 1412 5010 lymphas,
1444 4950 1784 5012 onerantque
1811 4941 2067 4999 canistris

471 5031 629 5088 Dona
662 5030 925 5088 laborata:
950 5027 1203 5098 Cereris;
1238 5031 1561 5104 pinguisque
1590 5033 1782 5090 ferinae

471 5126 697 5183 Viscera
726 5133 868 5182 tosta
899 5125 1082 5184 ferunt
1109 5124 1285 5184 series
1310 5126 1627 5200 longissima
1656 5145 1838 5187 rerum
1867 5150 1882 5188 :

466 5218 729 5287 Alituum,
760 5218 1138 5291 pecudumque
1162 5234 1356 5292 genus,
1387 5236 1706 5295 capreaeque
1726 5239 1991 5299 sequaces

465 5314 583 5371 Non
611 5314 813 5371 absunt
842 5313 969 5383 illis,
1000 5328 1101 5370 nec
1126 5328 1279 5383 oves,
1311 5305 1560 5388 haedique
1588 5318 1815 5390 petulci,

465 5409 528 5465 Et
558 5422 731 5481 genus
759 5422 1095 5479 aequoreum,
1123 5407 1318 5476 damae,
1352 5411 1609 5482 cervique
1634 5411 1874 5485 fugaces.

465 5505 607 5559 Autc
633 5502 859 5568 oculos,
894 5502 1146 5574 interque
1174 5518 1371 5561 manus
1393 5516 1520 5563 sunt
1546 5505 1697 5564 mitia
1728 5523 1911 5579 poma.

467 5593 759 5668 Postquam
816 5601 1070 5667 exempta
1129 5595 1335 5666 fames,
1387 5607 1444 5655 et
1508 5613 1663 5657 amor
1711 5614 2061 5673 compressus

1751 5691 1973 5768 [edendi
2000 5710 2019 5771 ς

2178 4537 2285 4595 Olli
2310 4553 2467 4596 serva
2492 4538 2672 4605 datur,
2696 4540 3008 4611 geminique
3024 4539 3126 4596 sub
3158 4540 3326 4596 ubere
3355 4539 3488 4596 nati.

2174 4630 2437 4698 Quattuor
2460 4629 2585 4687 huic
2598 4629 2848 4702 juvenes,
2867 4633 3089 4688 totidem
3115 4632 3459 4704 innuptaeque
3488 4629 3718 4702 puellae:

2177 4723 2446 4781 Omnibus
2471 4722 2526 4780 in
2559 4739 2770 4781 morem
2795 4735 2948 4781 tonsa
2977 4740 3155 4794 coma,
3189 4734 3413 4797 pectore
3435 4738 3651 4781 summo

2178 4817 2402 4876 Flexilis
2431 4817 2634 4875 obtorti
2656 4833 2753 4891 per
2772 4818 2971 4875 collum
3001 4817 3240 4876 circulus
3269 4818 3410 4875 auri.

2634 4930 3056 5005 Epithalamium
3078 4933 3301 5005 utrique.

2170 5047 2308 5105 Tum
2326 5046 2508 5105 studio
2536 5047 2723 5104 ell‘usae
2750 5056 2954 5106 matres
2981 5048 3049 5105 ad
3072 5046 3259 5104 limina
3280 5046 3508 5104 ducunt.

2167 5141 2239 5197 At
2266 5139 2466 5197 chorus
2486 5140 2730 5212 aequalis,
2759 5140 2914 5212 pueri
2946 5142 3290 5213 innuptaeque
3312 5140 3531 5214 puellae.

2175 5232 2431 5291 Versibus
2456 5232 2749 5305 incomptis
2775 5233 2971 5291 ludunt
2997 5244 3054 5293 et
3084 5235 3325 5293 carmina
3347 5235 3556 5292 dicunt.

2162 5323 2210 5383 O
2234 5324 2398 5397 digno
2415 5324 2705 5396 conjuncta
2731 5325 2873 5395 viro,
2896 5325 3207 5397 gratissima
3230 5326 3492 5398 conjunx,

2163 5415 2251 5473 Sis
2278 5414 2431 5483 felix,
2461 5417 2664 5487 primos
2697 5415 2919 5473 Lucinae
2947 5425 3170 5488 experta
3201 5417 3441 5474 labores.

2164 5508 2234 5564 Et
2256 5517 2456 5576 mater,
2478 5507 2626 5579 Cape
2655 5507 2866 5565 Maeonii
2895 5508 3177 5567 carchesia
3203 5508 3425 5567 Bacchi.

2161 5599 2392 5673 Sparge,
2419 5601 2636 5670 marite,
2671 5615 2878 5669 nuces;
2907 5600 3062 5673 cinge
3091 5601 3210 5658 haec
3235 5602 3427 5660 altaria
3449 5603 3607 5672 vitta,

2162 5695 2293 5759 Flos
2320 5705 2595 5773 veterum,
2618 5695 2898 5772 virtusque
2920 5696 3120 5756 virum.
3136 5696 3262 5758 Tibi
3288 5697 3509 5760 ducitur
3530 5713 3692 5772 uxor,
3726 5720 3733 5725 ·
