  <div class='ocr_page' id='page_1' title='image "/cluster/home/n/w/nwhite01/storage/ocr_20150623/19/hvd.32044096580451/460.png"; bbox 0 0 4108 6188; ppageno 0'>
   <div class='ocr_carea' id='block_1_1' title="bbox 335 237 441 292">
    <p class='ocr_par' dir='ltr' id='par_1_1' title="bbox 335 237 441 292">
     <span class='ocr_line' id='line_1_1' title="bbox 335 237 441 292; baseline -0.019 0"><span class='ocrx_word' id='word_1_1' title='bbox 335 237 441 292; x_wconf 77' lang='lat'><strong>905</strong></span> 
     </span>
    </p>
   </div>
   <div class='ocr_carea' id='block_1_2' title="bbox 330 345 1626 416">
    <p class='ocr_par' dir='ltr' id='par_1_2' title="bbox 330 345 1626 416">
     <span class='ocr_line' id='line_1_2' title="bbox 330 345 1626 416; baseline -0.002 -14"><span class='ocrx_word' id='word_1_2' title='bbox 330 347 538 402; x_wconf 83' lang='lat' dir='ltr'><strong>Omnes</strong></span> <span class='ocrx_word' id='word_1_3' title='bbox 560 354 618 399; x_wconf 91' lang='lat' dir='ltr'><strong>ut</strong></span> <span class='ocrx_word' id='word_1_4' title='bbox 648 353 826 400; x_wconf 98' lang='lat' dir='ltr'><strong>tecum</strong></span> <span class='ocrx_word' id='word_1_5' title='bbox 860 346 1068 402; x_wconf 85' lang='lat' dir='ltr'><strong>meritis</strong></span> <span class='ocrx_word' id='word_1_6' title='bbox 1097 359 1196 416; x_wconf 90' lang='lat' dir='ltr'><strong>pro</strong></span> <span class='ocrx_word' id='word_1_7' title='bbox 1226 345 1424 401; x_wconf 93' lang='lat' dir='ltr'><strong>talibus</strong></span> <span class='ocrx_word' id='word_1_8' title='bbox 1454 358 1626 400; x_wconf 89' lang='lat' dir='ltr'><strong>annos</strong></span> 
     </span>
    </p>
   </div>
   <div class='ocr_carea' id='block_1_3' title="bbox 329 435 1687 508">
    <p class='ocr_par' dir='ltr' id='par_1_3' title="bbox 329 435 1687 508">
     <span class='ocr_line' id='line_1_3' title="bbox 329 435 1687 508; baseline -0.003 -16"><span class='ocrx_word' id='word_1_9' title='bbox 329 436 528 508; x_wconf 87' lang='lat' dir='ltr'><strong>Exigat</strong></span> <span class='ocrx_word' id='word_1_10' title='bbox 559 455 570 488; x_wconf 92' lang='lat'><strong>:</strong></span> <span class='ocrx_word' id='word_1_11' title='bbox 597 447 651 492; x_wconf 92' lang='lat' dir='ltr'><strong>et</strong></span> <span class='ocrx_word' id='word_1_12' title='bbox 684 437 907 506; x_wconf 89' lang='lat' dir='ltr'><strong>pulchra</strong></span> <span class='ocrx_word' id='word_1_13' title='bbox 933 437 1096 492; x_wconf 91' lang='lat' dir='ltr'><strong>faciat</strong></span> <span class='ocrx_word' id='word_1_14' title='bbox 1122 447 1176 492; x_wconf 88' lang='lat' dir='ltr'><strong>te</strong></span> <span class='ocrx_word' id='word_1_15' title='bbox 1204 435 1356 506; x_wconf 84' lang='lat' dir='ltr'><strong>prole</strong></span> <span class='ocrx_word' id='word_1_16' title='bbox 1387 447 1687 506; x_wconf 89' lang='lat' dir='ltr'><strong>parentem.</strong></span> 
     </span>
    </p>
   </div>
   <div class='ocr_carea' id='block_1_4' title="bbox 329 528 1706 600">
    <p class='ocr_par' dir='ltr' id='par_1_4' title="bbox 329 528 1706 600">
     <span class='ocr_line' id='line_1_4' title="bbox 329 528 1706 600; baseline -0.002 -16"><span class='ocrx_word' id='word_1_17' title='bbox 329 528 614 584; x_wconf 75' lang='lat' dir='ltr'><strong>Fortunali</strong></span> <span class='ocrx_word' id='word_1_18' title='bbox 647 529 808 584; x_wconf 87' lang='lat' dir='ltr'><strong>ambo</strong></span> <span class='ocrx_word' id='word_1_19' title='bbox 838 530 920 584; x_wconf 90' lang='lat' dir='ltr'><strong>:si</strong></span> <span class='ocrx_word' id='word_1_20' title='bbox 949 530 1077 600; x_wconf 83' lang='lat' dir='ltr'><strong>quid</strong></span> <span class='ocrx_word' id='word_1_21' title='bbox 1104 533 1184 598; x_wconf 90' lang='lat' dir='ltr'><strong>pia</strong></span> <span class='ocrx_word' id='word_1_22' title='bbox 1209 530 1428 584; x_wconf 90' lang='lat' dir='ltr'><strong>numina</strong></span> <span class='ocrx_word' id='word_1_23' title='bbox 1461 539 1706 600; x_wconf 82' lang='lat' dir='ltr'><strong>possunt.</strong></span> 
     </span>
    </p>
   </div>
   <div class='ocr_carea' id='block_1_5' title="bbox 332 620 1496 689">
    <p class='ocr_par' dir='ltr' id='par_1_5' title="bbox 332 620 1496 689">
     <span class='ocr_line' id='line_1_5' title="bbox 332 620 1496 689; baseline 0 -14"><span class='ocrx_word' id='word_1_24' title='bbox 332 620 510 676; x_wconf 90' lang='lat' dir='ltr'><strong>Vivite</strong></span> <span class='ocrx_word' id='word_1_25' title='bbox 544 620 753 688; x_wconf 81' lang='lat' dir='ltr'><strong>felices,</strong></span> <span class='ocrx_word' id='word_1_26' title='bbox 779 621 1050 688; x_wconf 84' lang='lat' dir='ltr'><strong>dixerunt,</strong></span> <span class='ocrx_word' id='word_1_27' title='bbox 1087 621 1311 689; x_wconf 78' lang='lat' dir='ltr'><strong>currite,</strong></span> <span class='ocrx_word' id='word_1_28' title='bbox 1341 620 1496 687; x_wconf 89' lang='lat' dir='ltr'><strong>fusis,</strong></span> 
     </span>
    </p>
   </div>
   <div class='ocr_carea' id='block_1_6' title="bbox 327 714 1601 772">
    <p class='ocr_par' dir='ltr' id='par_1_6' title="bbox 327 714 1601 772">
     <span class='ocr_line' id='line_1_6' title="bbox 327 714 1601 772; baseline -0.001 -1"><span class='ocrx_word' id='word_1_29' title='bbox 327 714 642 772; x_wconf 83' lang='lat' dir='ltr'><strong>Concordes</strong></span> <span class='ocrx_word' id='word_1_30' title='bbox 671 714 852 771; x_wconf 80' lang='lat' dir='ltr'><strong>stabili</strong></span> <span class='ocrx_word' id='word_1_31' title='bbox 885 715 1115 770; x_wconf 86' lang='lat' dir='ltr'><strong>fatorum</strong></span> <span class='ocrx_word' id='word_1_32' title='bbox 1141 715 1365 771; x_wconf 84' lang='lat' dir='ltr'><strong>numine</strong></span> <span class='ocrx_word' id='word_1_33' title='bbox 1396 715 1601 771; x_wconf 66' lang='lat' dir='ltr'><strong>Parem.</strong></span> 
     </span>
    </p>
   </div>
   <div class='ocr_carea' id='block_1_7' title="bbox 855 872 1370 930">
    <p class='ocr_par' dir='ltr' id='par_1_7' title="bbox 855 872 1370 930">
     <span class='ocr_line' id='line_1_7' title="bbox 855 872 1370 930; baseline -0.008 0"><span class='ocrx_word' id='word_1_34' title='bbox 855 872 1188 930; x_wconf 81' lang='lat' dir='ltr'><strong>IDYLLIUM</strong></span> <span class='ocrx_word' id='word_1_35' title='bbox 1230 872 1370 930; x_wconf 78' lang='lat' dir='ltr'><strong>XIV.</strong></span> 
     </span>
    </p>
   </div>
   <div class='ocr_carea' id='block_1_8' title="bbox 337 987 1924 1061">
    <p class='ocr_par' dir='ltr' id='par_1_8' title="bbox 337 987 1924 1061">
     <span class='ocr_line' id='line_1_8' title="bbox 337 987 1924 1061; baseline -0.004 -14"><span class='ocrx_word' id='word_1_36' title='bbox 337 990 491 1047; x_wconf 73' lang='lat' dir='ltr'><strong>Rosa:</strong></span> <span class='ocrx_word' id='word_1_37' title='bbox 525 1006 655 1061; x_wconf 81' lang='lat' dir='ltr'><strong>quas</strong></span> <span class='ocrx_word' id='word_1_38' title='bbox 694 1005 971 1058; x_wconf 85' lang='lat' dir='ltr'><strong>perperam</strong></span> <span class='ocrx_word' id='word_1_39' title='bbox 1023 987 1230 1043; x_wconf 85' lang='lat' dir='ltr'><strong>Maroni</strong></span> <span class='ocrx_word' id='word_1_40' title='bbox 1267 988 1522 1061; x_wconf 79' lang='lat' dir='ltr'><strong>ascriptus</strong></span> <span class='ocrx_word' id='word_1_41' title='bbox 1573 987 1924 1057; x_wconf 77' lang='lat' dir='ltr'><strong>Hieronymus</strong></span> 
     </span>
    </p>
   </div>
   <div class='ocr_carea' id='block_1_9' title="bbox 412 1059 1920 1130">
    <p class='ocr_par' dir='ltr' id='par_1_9' title="bbox 412 1059 1920 1130">
     <span class='ocr_line' id='line_1_9' title="bbox 412 1059 1920 1130; baseline -0.004 -14"><span class='ocrx_word' id='word_1_42' title='bbox 412 1059 708 1116; x_wconf 68' lang='lat' dir='ltr'><strong>Alexander</strong></span> <span class='ocrx_word' id='word_1_43' title='bbox 739 1077 803 1115; x_wconf 76' lang='lat' dir='ltr'><strong>ea:</strong></span> <span class='ocrx_word' id='word_1_44' title='bbox 829 1061 936 1130; x_wconf 84' lang='lat' dir='ltr'><strong>ﬁde</strong></span> <span class='ocrx_word' id='word_1_45' title='bbox 975 1061 1163 1115; x_wconf 80' lang='lat' dir='ltr'><strong>vetusti</strong></span> <span class='ocrx_word' id='word_1_46' title='bbox 1200 1059 1398 1114; x_wconf 77' lang='lat' dir='ltr'><strong>codicis</strong></span> <span class='ocrx_word' id='word_1_47' title='bbox 1431 1059 1647 1114; x_wconf 83' lang='lat' dir='ltr'><strong>Auctori</strong></span> <span class='ocrx_word' id='word_1_48' title='bbox 1677 1061 1920 1113; x_wconf 74' lang='lat' dir='ltr'><strong>asseruit.</strong></span> 
     </span>
    </p>
   </div>
   <div class='ocr_carea' id='block_1_10' title="bbox 331 1180 1707 1251">
    <p class='ocr_par' dir='ltr' id='par_1_10' title="bbox 331 1180 1707 1251">
     <span class='ocr_line' id='line_1_10' title="bbox 331 1180 1707 1251; baseline -0.003 -14"><span class='ocrx_word' id='word_1_49' title='bbox 331 1183 438 1237; x_wconf 89' lang='lat' dir='ltr'><strong>Ver</strong></span> <span class='ocrx_word' id='word_1_50' title='bbox 465 1191 582 1237; x_wconf 85' lang='lat' dir='ltr'><strong>erat</strong></span> <span class='ocrx_word' id='word_1_51' title='bbox 617 1198 631 1238; x_wconf 92' lang='lat'><strong>:</strong></span> <span class='ocrx_word' id='word_1_52' title='bbox 661 1189 718 1236; x_wconf 91' lang='lat' dir='ltr'><strong>et</strong></span> <span class='ocrx_word' id='word_1_53' title='bbox 747 1180 948 1236; x_wconf 88' lang='lat' dir='ltr'><strong>blando</strong></span> <span class='ocrx_word' id='word_1_54' title='bbox 979 1180 1289 1236; x_wconf 88' lang='lat' dir='ltr'><strong>mordentia</strong></span> <span class='ocrx_word' id='word_1_55' title='bbox 1313 1181 1514 1251; x_wconf 78' lang='lat' dir='ltr'><strong>frigora</strong></span> <span class='ocrx_word' id='word_1_56' title='bbox 1540 1193 1707 1236; x_wconf 91' lang='lat' dir='ltr'><strong>sensu</strong></span> 
     </span>
    </p>
   </div>
   <div class='ocr_carea' id='block_1_11' title="bbox 397 1275 1457 1345">
    <p class='ocr_par' dir='ltr' id='par_1_11' title="bbox 397 1275 1457 1345">
     <span class='ocr_line' id='line_1_11' title="bbox 397 1275 1457 1345; baseline -0.005 -11"><span class='ocrx_word' id='word_1_57' title='bbox 397 1275 653 1345; x_wconf 88' lang='lat' dir='ltr'><strong>Spirabat</strong></span> <span class='ocrx_word' id='word_1_58' title='bbox 676 1290 872 1331; x_wconf 90' lang='lat' dir='ltr'><strong>croceo</strong></span> <span class='ocrx_word' id='word_1_59' title='bbox 903 1291 1061 1330; x_wconf 91' lang='lat' dir='ltr'><strong>mane</strong></span> <span class='ocrx_word' id='word_1_60' title='bbox 1085 1285 1301 1330; x_wconf 87' lang='lat' dir='ltr'><strong>revecta</strong></span> <span class='ocrx_word' id='word_1_61' title='bbox 1319 1275 1457 1330; x_wconf 87' lang='lat' dir='ltr'><strong>dies.</strong></span> 
     </span>
    </p>
   </div>
   <div class='ocr_carea' id='block_1_12' title="bbox 322 1368 1545 1439">
    <p class='ocr_par' dir='ltr' id='par_1_12' title="bbox 322 1368 1545 1439">
     <span class='ocr_line' id='line_1_12' title="bbox 322 1368 1545 1439; baseline -0.003 -13"><span class='ocrx_word' id='word_1_62' title='bbox 322 1369 578 1426; x_wconf 87' lang='lat' dir='ltr'><strong>Strictior</strong></span> <span class='ocrx_word' id='word_1_63' title='bbox 609 1369 750 1423; x_wconf 79' lang='lat' dir='ltr'><strong>Eoos</strong></span> <span class='ocrx_word' id='word_1_64' title='bbox 777 1379 1134 1439; x_wconf 66' lang='lat' dir='ltr'><strong>prazcesscrat</strong></span> <span class='ocrx_word' id='word_1_65' title='bbox 1163 1384 1296 1423; x_wconf 88' lang='lat' dir='ltr'><strong>aura</strong></span> <span class='ocrx_word' id='word_1_66' title='bbox 1311 1368 1545 1439; x_wconf 83' lang='lat' dir='ltr'><strong>jugales,</strong></span> 
     </span>
    </p>
   </div>
   <div class='ocr_carea' id='block_1_13' title="bbox 393 1455 1538 1531">
    <p class='ocr_par' dir='ltr' id='par_1_13' title="bbox 393 1455 1538 1531">
     <span class='ocr_line' id='line_1_13' title="bbox 393 1455 1538 1531; baseline 0 -15"><span class='ocrx_word' id='word_1_67' title='bbox 393 1459 710 1516; x_wconf 59' lang='lat' dir='ltr'><strong>IEstilerum</strong></span> <span class='ocrx_word' id='word_1_68' title='bbox 738 1460 976 1516; x_wconf 84' lang='lat' dir='ltr'><strong>suadens</strong></span> <span class='ocrx_word' id='word_1_69' title='bbox 1004 1462 1304 1531; x_wconf 87' lang='lat' dir='ltr'><strong>anticipare</strong></span> <span class='ocrx_word' id='word_1_70' title='bbox 1326 1461 1491 1516; x_wconf 87' lang='lat' dir='ltr'><strong>diem.</strong></span> <span class='ocrx_word' id='word_1_71' title='bbox 1535 1455 1538 1460; x_wconf 73' lang='grc'><em>’</em></span> 
     </span>
    </p>
   </div>
   <div class='ocr_carea' id='block_1_14' title="bbox 323 1551 1739 1625">
    <p class='ocr_par' dir='ltr' id='par_1_14' title="bbox 323 1551 1739 1625">
     <span class='ocr_line' id='line_1_14' title="bbox 323 1551 1739 1625; baseline 0.001 -17"><span class='ocrx_word' id='word_1_72' title='bbox 323 1551 591 1608; x_wconf 76' lang='lat' dir='ltr'><strong>Errabant</strong></span> <span class='ocrx_word' id='word_1_73' title='bbox 623 1551 792 1622; x_wconf 83' lang='lat' dir='ltr'><strong>riguis</strong></span> <span class='ocrx_word' id='word_1_74' title='bbox 817 1569 912 1623; x_wconf 89' lang='lat' dir='ltr'><strong>per</strong></span> <span class='ocrx_word' id='word_1_75' title='bbox 940 1554 1184 1625; x_wconf 82' lang='lat' dir='ltr'><strong>quadrua</strong></span> <span class='ocrx_word' id='word_1_76' title='bbox 1208 1555 1444 1623; x_wconf 84' lang='lat' dir='ltr'><strong>compita</strong></span> <span class='ocrx_word' id='word_1_77' title='bbox 1473 1554 1522 1608; x_wconf 92' lang='lat' dir='ltr'><strong>in</strong></span> <span class='ocrx_word' id='word_1_78' title='bbox 1545 1552 1739 1620; x_wconf 81' lang='lat' dir='ltr'><strong>hortis,</strong></span> 
     </span>
    </p>
   </div>
   <div class='ocr_carea' id='block_1_15' title="bbox 396 1645 1382 1719">
    <p class='ocr_par' dir='ltr' id='par_1_15' title="bbox 396 1645 1382 1719">
     <span class='ocr_line' id='line_1_15' title="bbox 396 1645 1382 1719; baseline 0.001 -19"><span class='ocrx_word' id='word_1_79' title='bbox 396 1645 605 1700; x_wconf 87' lang='lat' dir='ltr'><strong>Maturo</strong></span> <span class='ocrx_word' id='word_1_80' title='bbox 627 1647 853 1714; x_wconf 85' lang='lat' dir='ltr'><strong>cupiens</strong></span> <span class='ocrx_word' id='word_1_81' title='bbox 886 1663 973 1703; x_wconf 89' lang='lat' dir='ltr'><strong>me</strong></span> <span class='ocrx_word' id='word_1_82' title='bbox 1001 1657 1253 1719; x_wconf 87' lang='lat' dir='ltr'><strong>vegetare</strong></span> <span class='ocrx_word' id='word_1_83' title='bbox 1275 1647 1382 1702; x_wconf 90' lang='lat' dir='ltr'><strong>die.</strong></span> 
     </span>
    </p>
   </div>
   <div class='ocr_carea' id='block_1_16' title="bbox 327 1725 1554 1811">
    <p class='ocr_par' dir='ltr' id='par_1_16' title="bbox 327 1725 1554 1811">
     <span class='ocr_line' id='line_1_16' title="bbox 327 1725 1554 1811; baseline 0.002 -19"><span class='ocrx_word' id='word_1_84' title='bbox 327 1737 448 1793; x_wconf 85' lang='lat' dir='ltr'><strong>Vidi</strong></span> <span class='ocrx_word' id='word_1_85' title='bbox 471 1747 755 1793; x_wconf 90' lang='lat' dir='ltr'><strong>concretas</strong></span> <span class='ocrx_word' id='word_1_86' title='bbox 781 1754 875 1808; x_wconf 90' lang='lat' dir='ltr'><strong>per</strong></span> <span class='ocrx_word' id='word_1_87' title='bbox 898 1741 1143 1811; x_wconf 80' lang='lat' dir='ltr'><strong>gramina</strong></span> <span class='ocrx_word' id='word_1_88' title='bbox 1166 1725 1304 1810; x_wconf 85' lang='lat' dir='ltr'><strong>ﬂexa</strong></span> <span class='ocrx_word' id='word_1_89' title='bbox 1330 1739 1554 1810; x_wconf 85' lang='lat' dir='ltr'><strong>pruinas</strong></span> 
     </span>
    </p>
   </div>
   <div class='ocr_carea' id='block_1_17' title="bbox 397 1831 1633 1900">
    <p class='ocr_par' dir='ltr' id='par_1_17' title="bbox 397 1831 1633 1900">
     <span class='ocr_line' id='line_1_17' title="bbox 397 1831 1633 1900; baseline 0 -13"><span class='ocrx_word' id='word_1_90' title='bbox 397 1831 663 1900; x_wconf 85' lang='lat' dir='ltr'><strong>Pendere,</strong></span> <span class='ocrx_word' id='word_1_91' title='bbox 699 1844 792 1888; x_wconf 88' lang='lat' dir='ltr'><strong>aut</strong></span> <span class='ocrx_word' id='word_1_92' title='bbox 822 1835 1031 1888; x_wconf 86' lang='lat' dir='ltr'><strong>olerum</strong></span> <span class='ocrx_word' id='word_1_93' title='bbox 1057 1843 1201 1890; x_wconf 89' lang='lat' dir='ltr'><strong>stare</strong></span> <span class='ocrx_word' id='word_1_94' title='bbox 1223 1833 1594 1889; x_wconf 80' lang='lat' dir='ltr'><strong>cacuminibus</strong></span> <span class='ocrx_word' id='word_1_95' title='bbox 1622 1852 1633 1886; x_wconf 89' lang='lat'>:</span> 
     </span>
    </p>
   </div>
   <div class='ocr_carea' id='block_1_18' title="bbox 321 1927 1666 1998">
    <p class='ocr_par' dir='ltr' id='par_1_18' title="bbox 321 1927 1666 1998">
     <span class='ocr_line' id='line_1_18' title="bbox 321 1927 1666 1998; baseline 0 -16"><span class='ocrx_word' id='word_1_96' title='bbox 321 1927 580 1982; x_wconf 80' lang='lat' dir='ltr'><strong>Caulibus</strong></span> <span class='ocrx_word' id='word_1_97' title='bbox 609 1938 662 1982; x_wconf 87' lang='lat' dir='ltr'><strong>et</strong></span> <span class='ocrx_word' id='word_1_98' title='bbox 693 1927 892 1996; x_wconf 84' lang='lat' dir='ltr'><strong>patulis</strong></span> <span class='ocrx_word' id='word_1_99' title='bbox 923 1936 1125 1983; x_wconf 89' lang='lat' dir='ltr'><strong>teretes</strong></span> <span class='ocrx_word' id='word_1_100' title='bbox 1159 1929 1436 1984; x_wconf 88' lang='lat' dir='ltr'><strong>colludere</strong></span> <span class='ocrx_word' id='word_1_101' title='bbox 1465 1936 1666 1998; x_wconf 81' lang='lat' dir='ltr'><strong>guttas,</strong></span> 
     </span>
    </p>
   </div>
   <div class='ocr_carea' id='block_1_19' title="bbox 394 2019 1617 2091">
    <p class='ocr_par' dir='ltr' id='par_1_19' title="bbox 394 2019 1617 2091">
     <span class='ocr_line' id='line_1_19' title="bbox 394 2019 1617 2091; baseline -0.002 -14"><span class='ocrx_word' id='word_1_102' title='bbox 394 2020 459 2077; x_wconf 85' lang='lat' dir='ltr'><strong>Et</strong></span> <span class='ocrx_word' id='word_1_103' title='bbox 480 2020 724 2077; x_wconf 72' lang='lat' dir='ltr'><strong>cmlestis</strong></span> <span class='ocrx_word' id='word_1_104' title='bbox 752 2035 906 2090; x_wconf 80' lang='lat' dir='ltr'><strong>aquae</strong></span> <span class='ocrx_word' id='word_1_105' title='bbox 930 2020 1175 2090; x_wconf 89' lang='lat' dir='ltr'><strong>pondere</strong></span> <span class='ocrx_word' id='word_1_106' title='bbox 1199 2031 1328 2076; x_wconf 90' lang='lat' dir='ltr'><strong>tunc</strong></span> <span class='ocrx_word' id='word_1_107' title='bbox 1347 2019 1617 2091; x_wconf 88' lang='lat' dir='ltr'><strong>gravidas.</strong></span> 
     </span>
    </p>
   </div>
   <div class='ocr_carea' id='block_1_20' title="bbox 331 2112 1424 2183">
    <p class='ocr_par' dir='ltr' id='par_1_20' title="bbox 331 2112 1424 2183">
     <span class='ocr_line' id='line_1_20' title="bbox 331 2112 1424 2183; baseline 0 -15"><span class='ocrx_word' id='word_1_108' title='bbox 331 2112 449 2168; x_wconf 87' lang='lat' dir='ltr'><strong>Vidi</strong></span> <span class='ocrx_word' id='word_1_109' title='bbox 481 2112 732 2169; x_wconf 67' lang='lat' dir='ltr'><strong>Paestano</strong></span> <span class='ocrx_word' id='word_1_110' title='bbox 753 2113 994 2183; x_wconf 87' lang='lat' dir='ltr'><strong>gaudere</strong></span> <span class='ocrx_word' id='word_1_111' title='bbox 1019 2113 1227 2168; x_wconf 85' lang='lat' dir='ltr'><strong>rosaria</strong></span> <span class='ocrx_word' id='word_1_112' title='bbox 1253 2115 1424 2178; x_wconf 91' lang='lat' dir='ltr'><strong>cultu,</strong></span> 
     </span>
    </p>
   </div>
   <div class='ocr_carea' id='block_1_21' title="bbox 397 2207 1379 2264">
    <p class='ocr_par' dir='ltr' id='par_1_21' title="bbox 397 2207 1379 2264">
     <span class='ocr_line' id='line_1_21' title="bbox 397 2207 1379 2264; baseline 0 -2"><span class='ocrx_word' id='word_1_113' title='bbox 397 2208 691 2264; x_wconf 77' lang='lat' dir='ltr'><strong>Exoriente</strong></span> <span class='ocrx_word' id='word_1_114' title='bbox 713 2223 857 2263; x_wconf 90' lang='lat' dir='ltr'><strong>novo</strong></span> <span class='ocrx_word' id='word_1_115' title='bbox 889 2207 1106 2263; x_wconf 88' lang='lat' dir='ltr'><strong>roscida</strong></span> <span class='ocrx_word' id='word_1_116' title='bbox 1126 2207 1379 2264; x_wconf 89' lang='lat' dir='ltr'><strong>lucifero.</strong></span> 
     </span>
    </p>
   </div>
   <div class='ocr_carea' id='block_1_22' title="bbox 322 2298 1530 2369">
    <p class='ocr_par' dir='ltr' id='par_1_22' title="bbox 322 2298 1530 2369">
     <span class='ocr_line' id='line_1_22' title="bbox 322 2298 1530 2369; baseline 0 -15"><span class='ocrx_word' id='word_1_117' title='bbox 322 2298 461 2354; x_wconf 78' lang='lat' dir='ltr'><strong>Rara</strong></span> <span class='ocrx_word' id='word_1_118' title='bbox 489 2299 763 2369; x_wconf 88' lang='lat' dir='ltr'><strong>pruinosis</strong></span> <span class='ocrx_word' id='word_1_119' title='bbox 791 2299 1019 2355; x_wconf 84' lang='lat' dir='ltr'><strong>canebat</strong></span> <span class='ocrx_word' id='word_1_120' title='bbox 1052 2314 1266 2369; x_wconf 89' lang='lat' dir='ltr'><strong>gemma</strong></span> <span class='ocrx_word' id='word_1_121' title='bbox 1292 2298 1530 2366; x_wconf 91' lang='lat' dir='ltr'><strong>frutetis,</strong></span> 
     </span>
    </p>
   </div>
   <div class='ocr_carea' id='block_1_23' title="bbox 391 2389 1330 2460">
    <p class='ocr_par' dir='ltr' id='par_1_23' title="bbox 391 2389 1330 2460">
     <span class='ocr_line' id='line_1_23' title="bbox 391 2389 1330 2460; baseline 0 -16"><span class='ocrx_word' id='word_1_122' title='bbox 391 2391 472 2444; x_wconf 82' lang='lat' dir='ltr'><strong>Ad</strong></span> <span class='ocrx_word' id='word_1_123' title='bbox 504 2390 665 2460; x_wconf 89' lang='lat' dir='ltr'><strong>primi</strong></span> <span class='ocrx_word' id='word_1_124' title='bbox 691 2389 874 2446; x_wconf 90' lang='lat' dir='ltr'><strong>radios</strong></span> <span class='ocrx_word' id='word_1_125' title='bbox 908 2391 1192 2446; x_wconf 87' lang='lat' dir='ltr'><strong>interitura</strong></span> <span class='ocrx_word' id='word_1_126' title='bbox 1221 2391 1330 2447; x_wconf 92' lang='lat' dir='ltr'><strong>die.</strong></span> 
     </span>
    </p>
   </div>
   <div class='ocr_carea' id='block_1_24' title="bbox 321 2481 1709 2555">
    <p class='ocr_par' dir='ltr' id='par_1_24' title="bbox 321 2481 1709 2555">
     <span class='ocr_line' id='line_1_24' title="bbox 321 2481 1709 2555; baseline -0.001 -16"><span class='ocrx_word' id='word_1_127' title='bbox 321 2483 663 2555; x_wconf 83' lang='lat' dir='ltr'><strong>Ambigeres,</strong></span> <span class='ocrx_word' id='word_1_128' title='bbox 689 2490 908 2551; x_wconf 84' lang='lat' dir='ltr'><strong>raperet</strong></span> <span class='ocrx_word' id='word_1_129' title='bbox 935 2497 1003 2537; x_wconf 87' lang='lat' dir='ltr'><strong>ne</strong></span> <span class='ocrx_word' id='word_1_130' title='bbox 1033 2488 1175 2538; x_wconf 87' lang='lat' dir='ltr'><strong>rosis</strong></span> <span class='ocrx_word' id='word_1_131' title='bbox 1203 2496 1398 2537; x_wconf 90' lang='lat' dir='ltr'><strong>aurora</strong></span> <span class='ocrx_word' id='word_1_132' title='bbox 1428 2481 1709 2548; x_wconf 87' lang='lat' dir='ltr'><strong>ruborem,</strong></span> 
     </span>
    </p>
   </div>
   <div class='ocr_carea' id='block_1_25' title="bbox 392 2573 1523 2644">
    <p class='ocr_par' dir='ltr' id='par_1_25' title="bbox 392 2573 1523 2644">
     <span class='ocr_line' id='line_1_25' title="bbox 392 2573 1523 2644; baseline -0.001 -15"><span class='ocrx_word' id='word_1_133' title='bbox 392 2576 476 2630; x_wconf 86' lang='lat' dir='ltr'><strong>An</strong></span> <span class='ocrx_word' id='word_1_134' title='bbox 505 2574 682 2640; x_wconf 90' lang='lat' dir='ltr'><strong>daret,</strong></span> <span class='ocrx_word' id='word_1_135' title='bbox 703 2583 756 2628; x_wconf 90' lang='lat' dir='ltr'><strong>et</strong></span> <span class='ocrx_word' id='word_1_136' title='bbox 782 2574 944 2630; x_wconf 87' lang='lat' dir='ltr'><strong>ﬂores</strong></span> <span class='ocrx_word' id='word_1_137' title='bbox 975 2574 1208 2644; x_wconf 87' lang='lat' dir='ltr'><strong>tingeret</strong></span> <span class='ocrx_word' id='word_1_138' title='bbox 1235 2581 1354 2628; x_wconf 90' lang='lat' dir='ltr'><strong>orta</strong></span> <span class='ocrx_word' id='word_1_139' title='bbox 1383 2573 1523 2630; x_wconf 90' lang='lat' dir='ltr'><strong>dies.</strong></span> 
     </span>
    </p>
   </div>
   <div class='ocr_carea' id='block_1_26' title="bbox 322 2665 1740 2733">
    <p class='ocr_par' dir='ltr' id='par_1_26' title="bbox 322 2665 1740 2733">
     <span class='ocr_line' id='line_1_26' title="bbox 322 2665 1740 2733; baseline -0.001 -13"><span class='ocrx_word' id='word_1_140' title='bbox 322 2665 432 2722; x_wconf 79' lang='lat' dir='ltr'><strong>Bos</strong></span> <span class='ocrx_word' id='word_1_141' title='bbox 460 2682 622 2732; x_wconf 91' lang='lat' dir='ltr'><strong>unus,</strong></span> <span class='ocrx_word' id='word_1_142' title='bbox 651 2667 804 2722; x_wconf 91' lang='lat' dir='ltr'><strong>color</strong></span> <span class='ocrx_word' id='word_1_143' title='bbox 833 2681 996 2733; x_wconf 91' lang='lat' dir='ltr'><strong>unus,</strong></span> <span class='ocrx_word' id='word_1_144' title='bbox 1019 2675 1074 2721; x_wconf 90' lang='lat' dir='ltr'><strong>et</strong></span> <span class='ocrx_word' id='word_1_145' title='bbox 1103 2681 1269 2720; x_wconf 90' lang='lat' dir='ltr'><strong>unum</strong></span> <span class='ocrx_word' id='word_1_146' title='bbox 1295 2680 1461 2721; x_wconf 89' lang='lat' dir='ltr'><strong>mane</strong></span> <span class='ocrx_word' id='word_1_147' title='bbox 1487 2665 1740 2720; x_wconf 88' lang='lat' dir='ltr'><strong>duorum.</strong></span> 
     </span>
    </p>
   </div>
   <div class='ocr_carea' id='block_1_27' title="bbox 395 2757 1636 2825">
    <p class='ocr_par' dir='ltr' id='par_1_27' title="bbox 395 2757 1636 2825">
     <span class='ocr_line' id='line_1_27' title="bbox 395 2757 1636 2825; baseline -0.002 -11"><span class='ocrx_word' id='word_1_148' title='bbox 395 2757 623 2825; x_wconf 89' lang='lat' dir='ltr'><strong>Sideris,</strong></span> <span class='ocrx_word' id='word_1_149' title='bbox 650 2757 876 2814; x_wconf 83' lang='lat' dir='ltr'><strong>etﬂoris</strong></span> <span class='ocrx_word' id='word_1_150' title='bbox 898 2774 1022 2813; x_wconf 89' lang='lat' dir='ltr'><strong>nam</strong></span> <span class='ocrx_word' id='word_1_151' title='bbox 1055 2758 1275 2814; x_wconf 90' lang='lat' dir='ltr'><strong>domina</strong></span> <span class='ocrx_word' id='word_1_152' title='bbox 1303 2773 1407 2814; x_wconf 89' lang='lat' dir='ltr'><strong>una</strong></span> <span class='ocrx_word' id='word_1_153' title='bbox 1435 2757 1636 2813; x_wconf 88' lang='lat' dir='ltr'><strong>Venus.</strong></span> 
     </span>
    </p>
   </div>
   <div class='ocr_carea' id='block_1_28' title="bbox 323 2853 1776 2924">
    <p class='ocr_par' dir='ltr' id='par_1_28' title="bbox 323 2853 1776 2924">
     <span class='ocr_line' id='line_1_28' title="bbox 323 2853 1776 2924; baseline -0.002 -15"><span class='ocrx_word' id='word_1_154' title='bbox 323 2853 526 2910; x_wconf 86' lang='lat' dir='ltr'><strong>Forsan</strong></span> <span class='ocrx_word' id='word_1_155' title='bbox 561 2863 618 2910; x_wconf 91' lang='lat' dir='ltr'><strong>et</strong></span> <span class='ocrx_word' id='word_1_156' title='bbox 647 2870 784 2910; x_wconf 89' lang='lat' dir='ltr'><strong>unus</strong></span> <span class='ocrx_word' id='word_1_157' title='bbox 806 2855 943 2910; x_wconf 90' lang='lat' dir='ltr'><strong>odor</strong></span> <span class='ocrx_word' id='word_1_158' title='bbox 973 2873 986 2906; x_wconf 90' lang='lat'>:</span> <span class='ocrx_word' id='word_1_159' title='bbox 1018 2854 1116 2910; x_wconf 89' lang='lat' dir='ltr'><strong>sed</strong></span> <span class='ocrx_word' id='word_1_160' title='bbox 1140 2855 1340 2910; x_wconf 84' lang='lat' dir='ltr'><strong>celsior</strong></span> <span class='ocrx_word' id='word_1_161' title='bbox 1372 2853 1466 2909; x_wconf 90' lang='lat' dir='ltr'><strong>ille</strong></span> <span class='ocrx_word' id='word_1_162' title='bbox 1497 2869 1594 2924; x_wconf 89' lang='lat' dir='ltr'><strong>per</strong></span> <span class='ocrx_word' id='word_1_163' title='bbox 1613 2865 1776 2907; x_wconf 89' lang='lat' dir='ltr'><strong>auras</strong></span> 
     </span>
    </p>
   </div>
   <div class='ocr_carea' id='block_1_29' title="bbox 393 2947 1585 3018">
    <p class='ocr_par' dir='ltr' id='par_1_29' title="bbox 393 2947 1585 3018">
     <span class='ocr_line' id='line_1_29' title="bbox 393 2947 1585 3018; baseline 0 -16"><span class='ocrx_word' id='word_1_164' title='bbox 393 2947 600 3003; x_wconf 87' lang='lat' dir='ltr'><strong>Difﬂuit</strong></span> <span class='ocrx_word' id='word_1_165' title='bbox 629 2967 639 3001; x_wconf 92' lang='lat'><strong>:</strong></span> <span class='ocrx_word' id='word_1_166' title='bbox 671 2949 920 3017; x_wconf 86' lang='lat' dir='ltr'><strong>exspirat</strong></span> <span class='ocrx_word' id='word_1_167' title='bbox 950 2948 1230 3018; x_wconf 74' lang='lat' dir='ltr'><strong>proximus</strong></span> <span class='ocrx_word' id='word_1_168' title='bbox 1260 2951 1364 3003; x_wconf 88' lang='lat' dir='ltr'><strong>iste</strong></span> <span class='ocrx_word' id='word_1_169' title='bbox 1393 2949 1585 3016; x_wconf 83' lang='lat' dir='ltr'><strong>magis.</strong></span> 
     </span>
    </p>
   </div>
   <div class='ocr_carea' id='block_1_30' title="bbox 323 3038 1641 3112">
    <p class='ocr_par' dir='ltr' id='par_1_30' title="bbox 323 3038 1641 3112">
     <span class='ocr_line' id='line_1_30' title="bbox 323 3038 1641 3112; baseline 0 -16"><span class='ocrx_word' id='word_1_170' title='bbox 323 3040 640 3096; x_wconf 81' lang='lat' dir='ltr'><strong>Communis</strong></span> <span class='ocrx_word' id='word_1_171' title='bbox 661 3040 864 3112; x_wconf 78' lang='lat' dir='ltr'><strong>Paphie</strong></span> <span class='ocrx_word' id='word_1_172' title='bbox 885 3041 985 3096; x_wconf 90' lang='lat' dir='ltr'><strong>dea</strong></span> <span class='ocrx_word' id='word_1_173' title='bbox 1013 3040 1232 3104; x_wconf 86' lang='lat' dir='ltr'><strong>sideris,</strong></span> <span class='ocrx_word' id='word_1_174' title='bbox 1260 3048 1316 3095; x_wconf 89' lang='lat' dir='ltr'><strong>et</strong></span> <span class='ocrx_word' id='word_1_175' title='bbox 1343 3038 1442 3096; x_wconf 90' lang='lat' dir='ltr'><strong>dea</strong></span> <span class='ocrx_word' id='word_1_176' title='bbox 1466 3040 1641 3107; x_wconf 88' lang='lat' dir='ltr'><strong>ﬂoris,</strong></span> 
     </span>
    </p>
   </div>
   <div class='ocr_carea' id='block_1_31' title="bbox 394 3132 1526 3205">
    <p class='ocr_par' dir='ltr' id='par_1_31' title="bbox 394 3132 1526 3205">
     <span class='ocr_line' id='line_1_31' title="bbox 394 3132 1526 3205; baseline -0.003 -17"><span class='ocrx_word' id='word_1_177' title='bbox 394 3133 647 3205; x_wconf 67' lang='lat' dir='ltr'><strong>Praecipit</strong></span> <span class='ocrx_word' id='word_1_178' title='bbox 674 3137 833 3189; x_wconf 91' lang='lat' dir='ltr'><strong>unius</strong></span> <span class='ocrx_word' id='word_1_179' title='bbox 866 3133 1089 3190; x_wconf 89' lang='lat' dir='ltr'><strong>muricis</strong></span> <span class='ocrx_word' id='word_1_180' title='bbox 1112 3149 1234 3189; x_wconf 89' lang='lat' dir='ltr'><strong>esse</strong></span> <span class='ocrx_word' id='word_1_181' title='bbox 1260 3132 1526 3188; x_wconf 90' lang='lat' dir='ltr'><strong>habitum.</strong></span> 
     </span>
    </p>
   </div>
   <div class='ocr_carea' id='block_1_32' title="bbox 323 3223 1842 3299">
    <p class='ocr_par' dir='ltr' id='par_1_32' title="bbox 323 3223 1842 3299">
     <span class='ocr_line' id='line_1_32' title="bbox 323 3223 1842 3299; baseline 0.001 -20"><span class='ocrx_word' id='word_1_182' title='bbox 323 3223 650 3281; x_wconf 85' lang='lat' dir='ltr'><strong>Momentum</strong></span> <span class='ocrx_word' id='word_1_183' title='bbox 705 3226 1017 3284; x_wconf 89' lang='lat' dir='ltr'><strong>intererat:</strong></span> <span class='ocrx_word' id='word_1_184' title='bbox 1068 3242 1176 3299; x_wconf 89' lang='lat' dir='ltr'><strong>quo</strong></span> <span class='ocrx_word' id='word_1_185' title='bbox 1202 3242 1261 3283; x_wconf 90' lang='lat' dir='ltr'><strong>se</strong></span> <span class='ocrx_word' id='word_1_186' title='bbox 1327 3225 1606 3282; x_wconf 88' lang='lat' dir='ltr'><strong>nascentia</strong></span> <span class='ocrx_word' id='word_1_187' title='bbox 1647 3225 1842 3282; x_wconf 90' lang='lat' dir='ltr'><strong>ﬂorum</strong></span> 
     </span>
    </p>
   </div>
   <div class='ocr_carea' id='block_1_33' title="bbox 394 3318 1590 3390">
    <p class='ocr_par' dir='ltr' id='par_1_33' title="bbox 394 3318 1590 3390">
     <span class='ocr_line' id='line_1_33' title="bbox 394 3318 1590 3390; baseline 0 -16"><span class='ocrx_word' id='word_1_188' title='bbox 394 3318 650 3374; x_wconf 86' lang='lat' dir='ltr'><strong>Germina</strong></span> <span class='ocrx_word' id='word_1_189' title='bbox 681 3320 1022 3388; x_wconf 88' lang='lat' dir='ltr'><strong>comparibus</strong></span> <span class='ocrx_word' id='word_1_190' title='bbox 1041 3320 1350 3375; x_wconf 87' lang='lat' dir='ltr'><strong>dividerent</strong></span> <span class='ocrx_word' id='word_1_191' title='bbox 1378 3318 1590 3390; x_wconf 86' lang='lat' dir='ltr'><strong>spatiis.</strong></span> 
     </span>
    </p>
   </div>
   <div class='ocr_carea' id='block_1_34' title="bbox 327 3408 1587 3480">
    <p class='ocr_par' dir='ltr' id='par_1_34' title="bbox 327 3408 1587 3480">
     <span class='ocr_line' id='line_1_34' title="bbox 327 3408 1587 3480; baseline 0 -16"><span class='ocrx_word' id='word_1_192' title='bbox 327 3408 454 3465; x_wconf 68' lang='grc' dir='ltr'><strong>ΙΙωο</strong></span> <span class='ocrx_word' id='word_1_193' title='bbox 479 3410 623 3465; x_wconf 89' lang='lat' dir='ltr'><strong>viret</strong></span> <span class='ocrx_word' id='word_1_194' title='bbox 649 3420 880 3480; x_wconf 89' lang='lat' dir='ltr'><strong>angusto</strong></span> <span class='ocrx_word' id='word_1_195' title='bbox 907 3409 1161 3466; x_wconf 86' lang='lat' dir='ltr'><strong>foliorum</strong></span> <span class='ocrx_word' id='word_1_196' title='bbox 1196 3421 1334 3466; x_wconf 90' lang='lat' dir='ltr'><strong>tecta</strong></span> <span class='ocrx_word' id='word_1_197' title='bbox 1364 3413 1549 3480; x_wconf 85' lang='lat' dir='ltr'><strong>galero</strong></span> <span class='ocrx_word' id='word_1_198' title='bbox 1575 3431 1587 3464; x_wconf 89' lang='lat'><strong>:</strong></span> 
     </span>
    </p>
   </div>
   <div class='ocr_carea' id='block_1_35' title="bbox 395 3501 1534 3573">
    <p class='ocr_par' dir='ltr' id='par_1_35' title="bbox 395 3501 1534 3573">
     <span class='ocr_line' id='line_1_35' title="bbox 395 3501 1534 3573; baseline 0.001 -16"><span class='ocrx_word' id='word_1_199' title='bbox 395 3501 549 3557; x_wconf 82' lang='lat' dir='ltr'><strong>Hanc</strong></span> <span class='ocrx_word' id='word_1_200' title='bbox 580 3501 728 3557; x_wconf 89' lang='lat' dir='ltr'><strong>tenui</strong></span> <span class='ocrx_word' id='word_1_201' title='bbox 759 3501 888 3558; x_wconf 91' lang='lat' dir='ltr'><strong>folio</strong></span> <span class='ocrx_word' id='word_1_202' title='bbox 919 3518 1156 3573; x_wconf 87' lang='lat' dir='ltr'><strong>purpura</strong></span> <span class='ocrx_word' id='word_1_203' title='bbox 1179 3504 1340 3559; x_wconf 91' lang='lat' dir='ltr'><strong>rubra</strong></span> <span class='ocrx_word' id='word_1_204' title='bbox 1363 3513 1534 3560; x_wconf 92' lang='lat' dir='ltr'><strong>notat.</strong></span> 
     </span>
    </p>
   </div>
   <div class='ocr_carea' id='block_1_36' title="bbox 323 3594 1530 3666">
    <p class='ocr_par' dir='ltr' id='par_1_36' title="bbox 323 3594 1530 3666">
     <span class='ocr_line' id='line_1_36' title="bbox 323 3594 1530 3666; baseline 0 -14"><span class='ocrx_word' id='word_1_205' title='bbox 323 3595 452 3652; x_wconf 69' lang='lat' dir='ltr'><strong>Haec</strong></span> <span class='ocrx_word' id='word_1_206' title='bbox 473 3594 652 3666; x_wconf 86' lang='lat' dir='ltr'><strong>aperit</strong></span> <span class='ocrx_word' id='word_1_207' title='bbox 690 3595 847 3666; x_wconf 91' lang='lat' dir='ltr'><strong>primi</strong></span> <span class='ocrx_word' id='word_1_208' title='bbox 880 3596 1089 3666; x_wconf 84' lang='lat' dir='ltr'><strong>fastigia</strong></span> <span class='ocrx_word' id='word_1_209' title='bbox 1115 3596 1257 3653; x_wconf 88' lang='lat' dir='ltr'><strong>celsa</strong></span> <span class='ocrx_word' id='word_1_210' title='bbox 1280 3597 1530 3666; x_wconf 81' lang='lat' dir='ltr'><strong>Obelisci,</strong></span> 
     </span>
    </p>
   </div>
   <div class='ocr_carea' id='block_1_37' title="bbox 394 3686 1558 3760">
    <p class='ocr_par' dir='ltr' id='par_1_37' title="bbox 394 3686 1558 3760">
     <span class='ocr_line' id='line_1_37' title="bbox 394 3686 1558 3760; baseline 0.003 -18"><span class='ocrx_word' id='word_1_211' title='bbox 394 3686 706 3743; x_wconf 80' lang='lat' dir='ltr'><strong>Macronem</strong></span> <span class='ocrx_word' id='word_1_212' title='bbox 737 3687 1028 3745; x_wconf 89' lang='lat' dir='ltr'><strong>absolvens</strong></span> <span class='ocrx_word' id='word_1_213' title='bbox 1060 3689 1318 3760; x_wconf 90' lang='lat' dir='ltr'><strong>purpurei</strong></span> <span class='ocrx_word' id='word_1_214' title='bbox 1345 3689 1558 3760; x_wconf 88' lang='lat' dir='ltr'><strong>capitis.</strong></span> 
     </span>
    </p>
   </div>
   <div class='ocr_carea' id='block_1_38' title="bbox 326 3779 1585 3850">
    <p class='ocr_par' dir='ltr' id='par_1_38' title="bbox 326 3779 1585 3850">
     <span class='ocr_line' id='line_1_38' title="bbox 326 3779 1585 3850; baseline 0.002 -14"><span class='ocrx_word' id='word_1_215' title='bbox 326 3779 540 3837; x_wconf 82' lang='lat' dir='ltr'><strong>Vertice</strong></span> <span class='ocrx_word' id='word_1_216' title='bbox 569 3781 836 3838; x_wconf 89' lang='lat' dir='ltr'><strong>collectos</strong></span> <span class='ocrx_word' id='word_1_217' title='bbox 868 3783 959 3837; x_wconf 92' lang='lat' dir='ltr'><strong>illa</strong></span> <span class='ocrx_word' id='word_1_218' title='bbox 979 3783 1306 3838; x_wconf 84' lang='lat' dir='ltr'><strong>exsinuabat</strong></span> <span class='ocrx_word' id='word_1_219' title='bbox 1331 3784 1585 3850; x_wconf 85' lang='lat' dir='ltr'><strong>amictus,</strong></span> 
     </span>
    </p>
   </div>
   <div class='ocr_carea' id='block_1_39' title="bbox 396 3873 1551 3941">
    <p class='ocr_par' dir='ltr' id='par_1_39' title="bbox 396 3873 1551 3941">
     <span class='ocr_line' id='line_1_39' title="bbox 396 3873 1551 3941; baseline 0.001 -12"><span class='ocrx_word' id='word_1_220' title='bbox 396 3873 516 3941; x_wconf 84' lang='lat' dir='ltr'><strong>Jam</strong></span> <span class='ocrx_word' id='word_1_221' title='bbox 545 3873 815 3930; x_wconf 89' lang='lat' dir='ltr'><strong>meditans</strong></span> <span class='ocrx_word' id='word_1_222' title='bbox 849 3873 995 3930; x_wconf 87' lang='lat' dir='ltr'><strong>foliis</strong></span> <span class='ocrx_word' id='word_1_223' title='bbox 1015 3890 1076 3931; x_wconf 90' lang='lat' dir='ltr'><strong>se</strong></span> <span class='ocrx_word' id='word_1_224' title='bbox 1106 3891 1396 3932; x_wconf 88' lang='lat' dir='ltr'><strong>numerare</strong></span> <span class='ocrx_word' id='word_1_225' title='bbox 1416 3875 1551 3933; x_wconf 87' lang='lat' dir='ltr'><strong>suis.</strong></span> 
     </span>
    </p>
   </div>
   <div class='ocr_carea' id='block_1_40' title="bbox 327 3963 1736 4040">
    <p class='ocr_par' dir='ltr' id='par_1_40' title="bbox 327 3963 1736 4040">
     <span class='ocr_line' id='line_1_40' title="bbox 327 3963 1736 4040; baseline 0.001 -18"><span class='ocrx_word' id='word_1_226' title='bbox 327 3963 436 4022; x_wconf 84' lang='lat' dir='ltr'><strong>Nec</strong></span> <span class='ocrx_word' id='word_1_227' title='bbox 453 3979 607 4023; x_wconf 90' lang='lat' dir='ltr'><strong>mora</strong></span> <span class='ocrx_word' id='word_1_228' title='bbox 636 3983 650 4020; x_wconf 89' lang='lat'><strong>:</strong></span> <span class='ocrx_word' id='word_1_229' title='bbox 677 3965 910 4022; x_wconf 89' lang='lat' dir='ltr'><strong>ridentis</strong></span> <span class='ocrx_word' id='word_1_230' title='bbox 938 3967 1136 4023; x_wconf 84' lang='lat' dir='ltr'><strong>calathi</strong></span> <span class='ocrx_word' id='word_1_231' title='bbox 1159 3969 1418 4040; x_wconf 88' lang='lat' dir='ltr'><strong>patefecit</strong></span> <span class='ocrx_word' id='word_1_232' title='bbox 1444 3969 1736 4037; x_wconf 89' lang='lat' dir='ltr'><strong>honorem,</strong></span> 
     </span>
    </p>
   </div>
   <div class='ocr_carea' id='block_1_41' title="bbox 395 4057 1492 4119">
    <p class='ocr_par' dir='ltr' id='par_1_41' title="bbox 395 4057 1492 4119">
     <span class='ocr_line' id='line_1_41' title="bbox 395 4057 1492 4119; baseline 0.002 -6"><span class='ocrx_word' id='word_1_233' title='bbox 395 4057 641 4114; x_wconf 89' lang='lat' dir='ltr'><strong>Prodens</strong></span> <span class='ocrx_word' id='word_1_234' title='bbox 666 4058 860 4114; x_wconf 89' lang='lat' dir='ltr'><strong>inclusi</strong></span> <span class='ocrx_word' id='word_1_235' title='bbox 884 4060 1095 4116; x_wconf 90' lang='lat' dir='ltr'><strong>semina</strong></span> <span class='ocrx_word' id='word_1_236' title='bbox 1122 4060 1290 4116; x_wconf 90' lang='lat' dir='ltr'><strong>densa</strong></span> <span class='ocrx_word' id='word_1_237' title='bbox 1317 4062 1492 4119; x_wconf 88' lang='lat' dir='ltr'><strong>croci.</strong></span> 
     </span>
    </p>
   </div>
   <div class='ocr_carea' id='block_1_42' title="bbox 326 4149 1783 4226">
    <p class='ocr_par' dir='ltr' id='par_1_42' title="bbox 326 4149 1783 4226">
     <span class='ocr_line' id='line_1_42' title="bbox 326 4149 1783 4226; baseline 0.004 -20"><span class='ocrx_word' id='word_1_238' title='bbox 326 4149 454 4207; x_wconf 70' lang='lat' dir='ltr'><strong>Haec</strong></span> <span class='ocrx_word' id='word_1_239' title='bbox 480 4150 665 4218; x_wconf 90' lang='lat' dir='ltr'><strong>modo,</strong></span> <span class='ocrx_word' id='word_1_240' title='bbox 693 4167 818 4221; x_wconf 73' lang='lat' dir='ltr'><strong>qua:</strong></span> <span class='ocrx_word' id='word_1_241' title='bbox 846 4160 960 4208; x_wconf 92' lang='lat' dir='ltr'><strong>toto</strong></span> <span class='ocrx_word' id='word_1_242' title='bbox 988 4153 1308 4209; x_wconf 87' lang='lat' dir='ltr'><strong>rutilaverat</strong></span> <span class='ocrx_word' id='word_1_243' title='bbox 1328 4155 1453 4226; x_wconf 88' lang='lat' dir='ltr'><strong>igne</strong></span> <span class='ocrx_word' id='word_1_244' title='bbox 1481 4171 1783 4226; x_wconf 89' lang='lat' dir='ltr'><strong>comarum,</strong></span> 
     </span>
    </p>
   </div>
   <div class='ocr_carea' id='block_1_43' title="bbox 396 4243 1372 4316">
    <p class='ocr_par' dir='ltr' id='par_1_43' title="bbox 396 4243 1372 4316">
     <span class='ocr_line' id='line_1_43' title="bbox 396 4243 1372 4316; baseline 0.004 -17"><span class='ocrx_word' id='word_1_245' title='bbox 396 4243 607 4301; x_wconf 88' lang='lat' dir='ltr'><strong>Pallida</strong></span> <span class='ocrx_word' id='word_1_246' title='bbox 631 4245 892 4316; x_wconf 81' lang='lat' dir='ltr'><strong>collapsis</strong></span> <span class='ocrx_word' id='word_1_247' title='bbox 914 4246 1187 4303; x_wconf 88' lang='lat' dir='ltr'><strong>deseritur</strong></span> <span class='ocrx_word' id='word_1_248' title='bbox 1206 4247 1372 4305; x_wconf 88' lang='lat' dir='ltr'><strong>foliis.</strong></span> 
     </span>
    </p>
   </div>
   <div class='ocr_carea' id='block_1_44' title="bbox 325 4335 1548 4411">
    <p class='ocr_par' dir='ltr' id='par_1_44' title="bbox 325 4335 1548 4411">
     <span class='ocr_line' id='line_1_44' title="bbox 325 4335 1548 4411; baseline 0.004 -21"><span class='ocrx_word' id='word_1_249' title='bbox 325 4335 564 4393; x_wconf 87' lang='lat' dir='ltr'><strong>Mirabar</strong></span> <span class='ocrx_word' id='word_1_250' title='bbox 586 4337 820 4394; x_wconf 89' lang='lat' dir='ltr'><strong>celerem</strong></span> <span class='ocrx_word' id='word_1_251' title='bbox 850 4335 1074 4408; x_wconf 84' lang='lat' dir='ltr'><strong>fugitiva</strong></span> <span class='ocrx_word' id='word_1_252' title='bbox 1105 4347 1268 4395; x_wconf 66' lang='lat' dir='ltr'><strong>aetate</strong></span> <span class='ocrx_word' id='word_1_253' title='bbox 1285 4339 1548 4411; x_wconf 85' lang='lat' dir='ltr'><strong>rapinam,</strong></span> 
     </span>
    </p>
   </div>
   <div class='ocr_carea' id='block_1_45' title="bbox 398 4428 1554 4498">
    <p class='ocr_par' dir='ltr' id='par_1_45' title="bbox 398 4428 1554 4498">
     <span class='ocr_line' id='line_1_45' title="bbox 398 4428 1554 4498; baseline 0.006 -14"><span class='ocrx_word' id='word_1_254' title='bbox 398 4428 470 4484; x_wconf 86' lang='lat' dir='ltr'><strong>Et</strong></span> <span class='ocrx_word' id='word_1_255' title='bbox 501 4429 628 4486; x_wconf 91' lang='lat' dir='ltr'><strong>dum</strong></span> <span class='ocrx_word' id='word_1_256' title='bbox 654 4434 1350 4498; x_wconf 87' lang='lat' dir='ltr'><strong>nascuntur,couseuuisse</strong></span> <span class='ocrx_word' id='word_1_257' title='bbox 1379 4449 1554 4493; x_wconf 90' lang='lat' dir='ltr'><strong>rosas.</strong></span> 
     </span>
    </p>
   </div>
   <div class='ocr_carea' id='block_1_46' title="bbox 326 4522 1575 4599">
    <p class='ocr_par' dir='ltr' id='par_1_46' title="bbox 326 4522 1575 4599">
     <span class='ocr_line' id='line_1_46' title="bbox 326 4522 1575 4599; baseline 0.006 -21"><span class='ocrx_word' id='word_1_258' title='bbox 326 4522 471 4580; x_wconf 82' lang='lat' dir='ltr'><strong>Ecce</strong></span> <span class='ocrx_word' id='word_1_259' title='bbox 491 4533 547 4580; x_wconf 88' lang='lat' dir='ltr'><strong>et</strong></span> <span class='ocrx_word' id='word_1_260' title='bbox 575 4524 799 4582; x_wconf 88' lang='lat' dir='ltr'><strong>deﬂuxit</strong></span> <span class='ocrx_word' id='word_1_261' title='bbox 827 4527 975 4582; x_wconf 90' lang='lat' dir='ltr'><strong>rutili</strong></span> <span class='ocrx_word' id='word_1_262' title='bbox 1001 4542 1156 4584; x_wconf 92' lang='lat' dir='ltr'><strong>coma</strong></span> <span class='ocrx_word' id='word_1_263' title='bbox 1182 4530 1373 4599; x_wconf 87' lang='lat' dir='ltr'><strong>punica</strong></span> <span class='ocrx_word' id='word_1_264' title='bbox 1402 4529 1575 4597; x_wconf 87' lang='lat' dir='ltr'><strong>ﬂoris,</strong></span> 
     </span>
    </p>
   </div>
   <div class='ocr_carea' id='block_1_47' title="bbox 398 4615 1683 4689">
    <p class='ocr_par' dir='ltr' id='par_1_47' title="bbox 398 4615 1683 4689">
     <span class='ocr_line' id='line_1_47' title="bbox 398 4615 1683 4689; baseline 0.004 -19"><span class='ocrx_word' id='word_1_265' title='bbox 398 4615 536 4671; x_wconf 90' lang='lat' dir='ltr'><strong>Dum</strong></span> <span class='ocrx_word' id='word_1_266' title='bbox 564 4617 793 4689; x_wconf 88' lang='lat' dir='ltr'><strong>loquor:</strong></span> <span class='ocrx_word' id='word_1_267' title='bbox 824 4629 880 4674; x_wconf 84' lang='lat' dir='ltr'><strong>et</strong></span> <span class='ocrx_word' id='word_1_268' title='bbox 911 4619 1071 4676; x_wconf 88' lang='lat' dir='ltr'><strong>tellus</strong></span> <span class='ocrx_word' id='word_1_269' title='bbox 1101 4628 1245 4676; x_wconf 89' lang='lat' dir='ltr'><strong>tecta</strong></span> <span class='ocrx_word' id='word_1_270' title='bbox 1266 4620 1470 4678; x_wconf 87' lang='lat' dir='ltr'><strong>rubore</strong></span> <span class='ocrx_word' id='word_1_271' title='bbox 1499 4623 1683 4680; x_wconf 81' lang='lat' dir='ltr'><strong>micat.</strong></span> 
     </span>
    </p>
   </div>
   <div class='ocr_carea' id='block_1_48' title="bbox 325 4704 1792 4786">
    <p class='ocr_par' dir='ltr' id='par_1_48' title="bbox 325 4704 1792 4786">
     <span class='ocr_line' id='line_1_48' title="bbox 325 4704 1792 4786; baseline 0.006 -24"><span class='ocrx_word' id='word_1_272' title='bbox 325 4704 429 4762; x_wconf 87' lang='lat' dir='ltr'><strong>Tot</strong></span> <span class='ocrx_word' id='word_1_273' title='bbox 457 4708 687 4777; x_wconf 89' lang='lat' dir='ltr'><strong>species,</strong></span> <span class='ocrx_word' id='word_1_274' title='bbox 715 4718 1004 4782; x_wconf 89' lang='lat' dir='ltr'><strong>tantosque</strong></span> <span class='ocrx_word' id='word_1_275' title='bbox 1031 4722 1204 4779; x_wconf 88' lang='lat' dir='ltr'><strong>ortus,</strong></span> <span class='ocrx_word' id='word_1_276' title='bbox 1240 4714 1531 4786; x_wconf 80' lang='lat' dir='ltr'><strong>variosque</strong></span> <span class='ocrx_word' id='word_1_277' title='bbox 1560 4725 1792 4773; x_wconf 84' lang='lat' dir='ltr'><strong>novatus</strong></span> 
     </span>
    </p>
   </div>
   <div class='ocr_carea' id='block_1_49' title="bbox 399 4799 1449 4873">
    <p class='ocr_par' dir='ltr' id='par_1_49' title="bbox 399 4799 1449 4873">
     <span class='ocr_line' id='line_1_49' title="bbox 399 4799 1449 4873; baseline 0.007 -18"><span class='ocrx_word' id='word_1_278' title='bbox 399 4799 514 4855; x_wconf 89' lang='lat' dir='ltr'><strong>Una</strong></span> <span class='ocrx_word' id='word_1_279' title='bbox 539 4799 656 4857; x_wconf 88' lang='lat' dir='ltr'><strong>dies</strong></span> <span class='ocrx_word' id='word_1_280' title='bbox 686 4802 890 4873; x_wconf 91' lang='lat' dir='ltr'><strong>aperit:</strong></span> <span class='ocrx_word' id='word_1_281' title='bbox 920 4803 1142 4858; x_wconf 84' lang='lat' dir='ltr'><strong>conficit</strong></span> <span class='ocrx_word' id='word_1_282' title='bbox 1173 4821 1279 4860; x_wconf 89' lang='lat' dir='ltr'><strong>una</strong></span> <span class='ocrx_word' id='word_1_283' title='bbox 1310 4805 1449 4862; x_wconf 88' lang='lat' dir='ltr'><strong>dies.</strong></span> 
     </span>
    </p>
   </div>
   <div class='ocr_carea' id='block_1_50' title="bbox 325 4890 1893 4972">
    <p class='ocr_par' dir='ltr' id='par_1_50' title="bbox 325 4890 1893 4972">
     <span class='ocr_line' id='line_1_50' title="bbox 325 4890 1893 4972; baseline 0.008 -26"><span class='ocrx_word' id='word_1_284' title='bbox 325 4890 746 4963; x_wconf 88' lang='lat' dir='ltr'><strong>Conquerimur,</strong></span> <span class='ocrx_word' id='word_1_285' title='bbox 765 4893 1188 4963; x_wconf 87' lang='lat' dir='ltr'><strong>Natura,brevis</strong></span> <span class='ocrx_word' id='word_1_286' title='bbox 1200 4897 1344 4967; x_wconf 90' lang='lat' dir='ltr'><strong>quod</strong></span> <span class='ocrx_word' id='word_1_287' title='bbox 1375 4900 1542 4971; x_wconf 88' lang='lat' dir='ltr'><strong>gratia</strong></span> <span class='ocrx_word' id='word_1_288' title='bbox 1570 4899 1764 4957; x_wconf 90' lang='lat' dir='ltr'><strong>ﬂorum</strong></span> <span class='ocrx_word' id='word_1_289' title='bbox 1787 4909 1893 4972; x_wconf 87' lang='lat' dir='ltr'><strong>est,</strong></span> 
     </span>
    </p>
   </div>
   <div class='ocr_carea' id='block_1_51' title="bbox 399 4985 1410 5064">
    <p class='ocr_par' dir='ltr' id='par_1_51' title="bbox 399 4985 1410 5064">
     <span class='ocr_line' id='line_1_51' title="bbox 399 4985 1410 5064; baseline 0.008 -24"><span class='ocrx_word' id='word_1_290' title='bbox 399 4985 678 5042; x_wconf 87' lang='lat' dir='ltr'><strong>Ostentata</strong></span> <span class='ocrx_word' id='word_1_291' title='bbox 707 4988 880 5046; x_wconf 87' lang='lat' dir='ltr'><strong>oculis</strong></span> <span class='ocrx_word' id='word_1_292' title='bbox 911 4989 1056 5046; x_wconf 90' lang='lat' dir='ltr'><strong>illico</strong></span> <span class='ocrx_word' id='word_1_293' title='bbox 1074 4990 1213 5046; x_wconf 90' lang='lat' dir='ltr'><strong>dona</strong></span> <span class='ocrx_word' id='word_1_294' title='bbox 1240 4992 1410 5064; x_wconf 84' lang='lat' dir='ltr'><strong>rapis.</strong></span> 
     </span>
    </p>
   </div>
   <div class='ocr_carea' id='block_1_52' title="bbox 327 5076 1774 5156">
    <p class='ocr_par' dir='ltr' id='par_1_52' title="bbox 327 5076 1774 5156">
     <span class='ocr_line' id='line_1_52' title="bbox 327 5076 1774 5156; baseline 0.01 -25"><span class='ocrx_word' id='word_1_295' title='bbox 327 5076 502 5145; x_wconf 83' lang='lat' dir='ltr'><strong>Quam</strong></span> <span class='ocrx_word' id='word_1_296' title='bbox 531 5079 690 5150; x_wconf 88' lang='lat' dir='ltr'><strong>longa</strong></span> <span class='ocrx_word' id='word_1_297' title='bbox 719 5095 826 5136; x_wconf 89' lang='lat' dir='ltr'><strong>una</strong></span> <span class='ocrx_word' id='word_1_298' title='bbox 849 5081 986 5150; x_wconf 91' lang='lat' dir='ltr'><strong>dies,</strong></span> <span class='ocrx_word' id='word_1_299' title='bbox 1011 5090 1146 5138; x_wconf 68' lang='lat' dir='ltr'><strong>aetas</strong></span> <span class='ocrx_word' id='word_1_300' title='bbox 1174 5092 1284 5139; x_wconf 89' lang='lat' dir='ltr'><strong>tam</strong></span> <span class='ocrx_word' id='word_1_301' title='bbox 1315 5085 1474 5156; x_wconf 87' lang='lat' dir='ltr'><strong>longa</strong></span> <span class='ocrx_word' id='word_1_302' title='bbox 1504 5103 1774 5156; x_wconf 87' lang='lat' dir='ltr'><strong>rosarum,</strong></span> 
     </span>
    </p>
   </div>
   <div class='ocr_carea' id='block_1_53' title="bbox 398 5169 1647 5248">
    <p class='ocr_par' dir='ltr' id='par_1_53' title="bbox 398 5169 1647 5248">
     <span class='ocr_line' id='line_1_53' title="bbox 398 5169 1647 5248; baseline 0.008 -23"><span class='ocrx_word' id='word_1_303' title='bbox 398 5169 544 5236; x_wconf 86' lang='lat' dir='ltr'><strong>Quas</strong></span> <span class='ocrx_word' id='word_1_304' title='bbox 571 5171 932 5241; x_wconf 85' lang='lat' dir='ltr'><strong>pubescentes</strong></span> <span class='ocrx_word' id='word_1_305' title='bbox 957 5173 1144 5243; x_wconf 86' lang='lat' dir='ltr'><strong>juncta</strong></span> <span class='ocrx_word' id='word_1_306' title='bbox 1173 5185 1396 5233; x_wconf 88' lang='lat' dir='ltr'><strong>senecta</strong></span> <span class='ocrx_word' id='word_1_307' title='bbox 1426 5179 1647 5248; x_wconf 91' lang='lat' dir='ltr'><strong>premit.</strong></span> 
     </span>
    </p>
   </div>
   <div class='ocr_carea' id='block_1_54' title="bbox 327 5261 1762 5341">
    <p class='ocr_par' dir='ltr' id='par_1_54' title="bbox 327 5261 1762 5341">
     <span class='ocr_line' id='line_1_54' title="bbox 327 5261 1762 5341; baseline 0.008 -25"><span class='ocrx_word' id='word_1_308' title='bbox 327 5261 504 5330; x_wconf 84' lang='lat' dir='ltr'><strong>Quam</strong></span> <span class='ocrx_word' id='word_1_309' title='bbox 533 5262 699 5319; x_wconf 92' lang='lat' dir='ltr'><strong>modo</strong></span> <span class='ocrx_word' id='word_1_310' title='bbox 729 5277 1045 5322; x_wconf 89' lang='lat' dir='ltr'><strong>nascentem</strong></span> <span class='ocrx_word' id='word_1_311' title='bbox 1073 5268 1270 5324; x_wconf 90' lang='lat' dir='ltr'><strong>rutilus</strong></span> <span class='ocrx_word' id='word_1_312' title='bbox 1291 5271 1577 5341; x_wconf 84' lang='lat' dir='ltr'><strong>conspexit</strong></span> <span class='ocrx_word' id='word_1_313' title='bbox 1597 5271 1762 5338; x_wconf 88' lang='lat' dir='ltr'><strong>Eous,</strong></span> 
     </span>
    </p>
   </div>
   <div class='ocr_carea' id='block_1_55' title="bbox 399 5355 1562 5429">
    <p class='ocr_par' dir='ltr' id='par_1_55' title="bbox 399 5355 1562 5429">
     <span class='ocr_line' id='line_1_55' title="bbox 399 5355 1562 5429; baseline 0.006 -19"><span class='ocrx_word' id='word_1_314' title='bbox 399 5355 550 5412; x_wconf 84' lang='lat' dir='ltr'><strong>Hanc</strong></span> <span class='ocrx_word' id='word_1_315' title='bbox 569 5356 789 5414; x_wconf 89' lang='lat' dir='ltr'><strong>rediens</strong></span> <span class='ocrx_word' id='word_1_316' title='bbox 815 5373 940 5415; x_wconf 92' lang='lat' dir='ltr'><strong>sero</strong></span> <span class='ocrx_word' id='word_1_317' title='bbox 966 5373 1195 5429; x_wconf 84' lang='lat' dir='ltr'><strong>vespere</strong></span> <span class='ocrx_word' id='word_1_318' title='bbox 1220 5360 1354 5417; x_wconf 85' lang='lat' dir='ltr'><strong>vidit</strong></span> <span class='ocrx_word' id='word_1_319' title='bbox 1373 5378 1562 5417; x_wconf 90' lang='lat' dir='ltr'><strong>anum.</strong></span> 
     </span>
    </p>
   </div>
   <div class='ocr_carea' id='block_1_56' title="bbox 329 5450 1702 5525">
    <p class='ocr_par' dir='ltr' id='par_1_56' title="bbox 329 5450 1702 5525">
     <span class='ocr_line' id='line_1_56' title="bbox 329 5450 1702 5525; baseline 0.004 -17"><span class='ocrx_word' id='word_1_320' title='bbox 329 5450 437 5508; x_wconf 86' lang='lat' dir='ltr'><strong>Sed</strong></span> <span class='ocrx_word' id='word_1_321' title='bbox 464 5451 625 5521; x_wconf 91' lang='lat' dir='ltr'><strong>bene,</strong></span> <span class='ocrx_word' id='word_1_322' title='bbox 655 5452 798 5524; x_wconf 87' lang='lat' dir='ltr'><strong>quod</strong></span> <span class='ocrx_word' id='word_1_323' title='bbox 820 5453 1152 5522; x_wconf 88' lang='lat' dir='ltr'><strong>paucislicet</strong></span> <span class='ocrx_word' id='word_1_324' title='bbox 1169 5453 1457 5511; x_wconf 89' lang='lat' dir='ltr'><strong>interitura</strong></span> <span class='ocrx_word' id='word_1_325' title='bbox 1486 5455 1702 5525; x_wconf 89' lang='lat' dir='ltr'><strong>diebus,</strong></span> 
     </span>
    </p>
   </div>
   <div class='ocr_carea' id='block_1_57' title="bbox 399 5543 1559 5619">
    <p class='ocr_par' dir='ltr' id='par_1_57' title="bbox 399 5543 1559 5619">
     <span class='ocr_line' id='line_1_57' title="bbox 399 5543 1559 5619; baseline 0.001 -18"><span class='ocrx_word' id='word_1_326' title='bbox 399 5543 712 5602; x_wconf 88' lang='lat' dir='ltr'><strong>Succedens</strong></span> <span class='ocrx_word' id='word_1_327' title='bbox 733 5561 909 5602; x_wconf 65' lang='lat' dir='ltr'><strong>aevum</strong></span> <span class='ocrx_word' id='word_1_328' title='bbox 941 5555 1202 5619; x_wconf 78' lang='lat' dir='ltr'><strong>prorogat</strong></span> <span class='ocrx_word' id='word_1_329' title='bbox 1233 5548 1349 5619; x_wconf 90' lang='lat' dir='ltr'><strong>ipsa</strong></span> <span class='ocrx_word' id='word_1_330' title='bbox 1379 5565 1559 5605; x_wconf 92' lang='lat' dir='ltr'><strong>suum.</strong></span> 
     </span>
    </p>
   </div>
   <div class='ocr_carea' id='block_1_58' title="bbox 326 5634 1919 5716">
    <p class='ocr_par' dir='ltr' id='par_1_58' title="bbox 326 5634 1919 5716">
     <span class='ocr_line' id='line_1_58' title="bbox 326 5634 1919 5716; baseline 0.006 -24"><span class='ocrx_word' id='word_1_331' title='bbox 326 5634 555 5707; x_wconf 82' lang='lat' dir='ltr'><strong>Collige,</strong></span> <span class='ocrx_word' id='word_1_332' title='bbox 579 5639 753 5710; x_wconf 85' lang='lat' dir='ltr'><strong>virgo,</strong></span> <span class='ocrx_word' id='word_1_333' title='bbox 778 5653 954 5706; x_wconf 90' lang='lat' dir='ltr'><strong>rosas,</strong></span> <span class='ocrx_word' id='word_1_334' title='bbox 973 5639 1100 5696; x_wconf 91' lang='lat' dir='ltr'><strong>dum</strong></span> <span class='ocrx_word' id='word_1_335' title='bbox 1124 5640 1223 5697; x_wconf 91' lang='lat' dir='ltr'><strong>ﬂos</strong></span> <span class='ocrx_word' id='word_1_336' title='bbox 1248 5655 1446 5710; x_wconf 90' lang='lat' dir='ltr'><strong>novus,</strong></span> <span class='ocrx_word' id='word_1_337' title='bbox 1475 5652 1531 5699; x_wconf 87' lang='lat' dir='ltr'><strong>ct</strong></span> <span class='ocrx_word' id='word_1_338' title='bbox 1558 5656 1698 5698; x_wconf 92' lang='lat' dir='ltr'><strong>nova</strong></span> <span class='ocrx_word' id='word_1_339' title='bbox 1724 5644 1919 5716; x_wconf 88' lang='lat' dir='ltr'><strong>pubes,</strong></span> 
     </span>
    </p>
   </div>
   <div class='ocr_carea' id='block_1_59' title="bbox 399 5730 1673 5808">
    <p class='ocr_par' dir='ltr' id='par_1_59' title="bbox 399 5730 1673 5808">
     <span class='ocr_line' id='line_1_59' title="bbox 399 5730 1673 5808; baseline 0.006 -20"><span class='ocrx_word' id='word_1_340' title='bbox 399 5730 469 5788; x_wconf 86' lang='lat' dir='ltr'><strong>Et</strong></span> <span class='ocrx_word' id='word_1_341' title='bbox 486 5747 696 5791; x_wconf 88' lang='lat' dir='ltr'><strong>memor</strong></span> <span class='ocrx_word' id='word_1_342' title='bbox 725 5742 846 5788; x_wconf 90' lang='lat' dir='ltr'><strong>esto</strong></span> <span class='ocrx_word' id='word_1_343' title='bbox 878 5749 1050 5789; x_wconf 77' lang='lat' dir='ltr'><strong>aevum</strong></span> <span class='ocrx_word' id='word_1_344' title='bbox 1083 5735 1162 5790; x_wconf 89' lang='lat' dir='ltr'><strong>sic</strong></span> <span class='ocrx_word' id='word_1_345' title='bbox 1186 5749 1481 5808; x_wconf 88' lang='lat' dir='ltr'><strong>properare</strong></span> <span class='ocrx_word' id='word_1_346' title='bbox 1501 5747 1673 5796; x_wconf 90' lang='lat' dir='ltr'><strong>tuum.</strong></span> 
     </span>
    </p>
   </div>
   <div class='ocr_carea' id='block_1_60' title="bbox 609 5827 1112 5894">
    <p class='ocr_par' dir='ltr' id='par_1_60' title="bbox 609 5827 1112 5894">
     <span class='ocr_line' id='line_1_60' title="bbox 609 5827 1112 5894; baseline -0.008 -1"><span class='ocrx_word' id='word_1_347' title='bbox 609 5827 885 5893; x_wconf 67' lang='grc' dir='ltr'><strong>Ρλτιιοι.</strong></span> <span class='ocrx_word' id='word_1_348' title='bbox 932 5827 1112 5894; x_wconf 81' lang='lat' dir='ltr'><strong>XIX.</strong></span> 
     </span>
    </p>
   </div>
   <div class='ocr_carea' id='block_1_61' title="bbox 1838 205 3469 285">
    <p class='ocr_par' dir='ltr' id='par_1_61' title="bbox 1838 205 3469 285">
     <span class='ocr_line' id='line_1_61' title="bbox 1838 205 3469 285; baseline -0.001 -2"><span class='ocrx_word' id='word_1_349' title='bbox 1838 223 2137 285; x_wconf 73' lang='lat' dir='ltr'><strong>IDYLLIA.</strong></span> <span class='ocrx_word' id='word_1_350' title='bbox 2254 205 2262 212; x_wconf 84' lang='grc'><em>’</em></span> <span class='ocrx_word' id='word_1_351' title='bbox 3457 221 3469 272; x_wconf 62' lang='grc' dir='ltr'><em>ξ</em></span> 
     </span>
    </p>
   </div>
   <div class='ocr_carea' id='block_1_62' title="bbox 1954 370 2008 430">
    <p class='ocr_par' dir='ltr' id='par_1_62' title="bbox 1954 370 2008 430">
     <span class='ocr_line' id='line_1_62' title="bbox 1954 370 2008 430; baseline 0 0"><span class='ocrx_word' id='word_1_352' title='bbox 1954 370 2008 430; x_wconf 75' lang='grc' dir='ltr'><strong>Α</strong></span> 
     </span>
    </p>
   </div>
   <div class='ocr_carea' id='block_1_63' title="bbox 3529 222 3637 279">
    <p class='ocr_par' dir='ltr' id='par_1_63' title="bbox 3529 222 3637 279">
     <span class='ocr_line' id='line_1_63' title="bbox 3529 222 3637 279; baseline 0 -1"><span class='ocrx_word' id='word_1_353' title='bbox 3529 222 3637 279; x_wconf 79' lang='lat'><strong>906</strong></span> 
     </span>
    </p>
   </div>
   <div class='ocr_carea' id='block_1_64' title="bbox 2568 333 3342 401">
    <p class='ocr_par' dir='ltr' id='par_1_64' title="bbox 2568 333 3342 401">
     <span class='ocr_line' id='line_1_64' title="bbox 2568 333 3342 401; baseline -0.005 -11"><span class='ocrx_word' id='word_1_354' title='bbox 2568 333 2896 390; x_wconf 79' lang='lat' dir='ltr'><strong>IDYLLIUM</strong></span> <span class='ocrx_word' id='word_1_355' title='bbox 2948 333 3066 388; x_wconf 80' lang='lat' dir='ltr'><strong>XV.</strong></span> <span class='ocrx_word' id='word_1_356' title='bbox 3337 397 3342 401; x_wconf 24' lang='grc' dir='ltr'>ι</span> 
     </span>
    </p>
   </div>
   <div class='ocr_carea' id='block_1_65' title="bbox 2037 425 3630 499">
    <p class='ocr_par' dir='ltr' id='par_1_65' title="bbox 2037 425 3630 499">
     <span class='ocr_line' id='line_1_65' title="bbox 2037 425 3630 499; baseline -0.002 -16"><span class='ocrx_word' id='word_1_357' title='bbox 2037 429 2123 484; x_wconf 77' lang='lat' dir='ltr'><strong>Ea:</strong></span> <span class='ocrx_word' id='word_1_358' title='bbox 2144 429 2345 495; x_wconf 67' lang='grc' dir='ltr'><strong>θνατοί),</strong></span> <span class='ocrx_word' id='word_1_359' title='bbox 2366 427 2754 499; x_wconf 71' lang='lat' dir='ltr'><strong>Pythagorica):</strong></span> <span class='ocrx_word' id='word_1_360' title='bbox 2770 431 2833 480; x_wconf 86' lang='lat' dir='ltr'><strong>de</strong></span> <span class='ocrx_word' id='word_1_361' title='bbox 2848 426 3193 496; x_wconf 76' lang='lat' dir='ltr'><strong>Ambiguitate</strong></span> <span class='ocrx_word' id='word_1_362' title='bbox 3219 425 3468 498; x_wconf 74' lang='lat' dir='ltr'><strong>eligenda:</strong></span> <span class='ocrx_word' id='word_1_363' title='bbox 3492 429 3630 480; x_wconf 72' lang='lat' dir='ltr'><strong>uiue.</strong></span> 
     </span>
    </p>
   </div>
   <div class='ocr_carea' id='block_1_66' title="bbox 2032 540 3312 615">
    <p class='ocr_par' dir='ltr' id='par_1_66' title="bbox 2032 540 3312 615">
     <span class='ocr_line' id='line_1_66' title="bbox 2032 540 3312 615; baseline -0.002 -19"><span class='ocrx_word' id='word_1_364' title='bbox 2032 546 2183 615; x_wconf 84' lang='lat' dir='ltr'><strong>Quod</strong></span> <span class='ocrx_word' id='word_1_365' title='bbox 2217 545 2340 601; x_wconf 67' lang='lat' dir='ltr'><strong>vitae</strong></span> <span class='ocrx_word' id='word_1_366' title='bbox 2372 543 2626 600; x_wconf 88' lang='lat' dir='ltr'><strong>scclabor</strong></span> <span class='ocrx_word' id='word_1_367' title='bbox 2656 543 2795 598; x_wconf 89' lang='lat' dir='ltr'><strong>iter?</strong></span> <span class='ocrx_word' id='word_1_368' title='bbox 2822 543 2866 598; x_wconf 89' lang='lat' dir='ltr'><strong>si</strong></span> <span class='ocrx_word' id='word_1_369' title='bbox 2900 542 3058 612; x_wconf 91' lang='lat' dir='ltr'><strong>plena</strong></span> <span class='ocrx_word' id='word_1_370' title='bbox 3085 540 3312 595; x_wconf 89' lang='lat' dir='ltr'><strong>tumultu</strong></span> 
     </span>
    </p>
   </div>
   <div class='ocr_carea' id='block_1_67' title="bbox 2033 633 3489 701">
    <p class='ocr_par' dir='ltr' id='par_1_67' title="bbox 2033 633 3489 701">
     <span class='ocr_line' id='line_1_67' title="bbox 2033 633 3489 701; baseline -0.005 -7"><span class='ocrx_word' id='word_1_371' title='bbox 2033 638 2168 694; x_wconf 88' lang='lat' dir='ltr'><strong>Sunt</strong></span> <span class='ocrx_word' id='word_1_372' title='bbox 2196 637 2313 692; x_wconf 87' lang='lat' dir='ltr'><strong>fora</strong></span> <span class='ocrx_word' id='word_1_373' title='bbox 2348 654 2361 691; x_wconf 92' lang='lat'><strong>:</strong></span> <span class='ocrx_word' id='word_1_374' title='bbox 2396 635 2442 690; x_wconf 83' lang='lat' dir='ltr'><strong>si</strong></span> <span class='ocrx_word' id='word_1_375' title='bbox 2467 636 2613 690; x_wconf 89' lang='lat' dir='ltr'><strong>curis</strong></span> <span class='ocrx_word' id='word_1_376' title='bbox 2641 634 2835 688; x_wconf 84' lang='lat' dir='ltr'><strong>domus</strong></span> <span class='ocrx_word' id='word_1_377' title='bbox 2865 634 3023 687; x_wconf 83' lang='lat' dir='ltr'><strong>anxia</strong></span> <span class='ocrx_word' id='word_1_378' title='bbox 3054 648 3069 684; x_wconf 91' lang='lat'><strong>:</strong></span> <span class='ocrx_word' id='word_1_379' title='bbox 3095 633 3139 686; x_wconf 92' lang='lat' dir='ltr'><strong>si</strong></span> <span class='ocrx_word' id='word_1_380' title='bbox 3171 633 3489 701; x_wconf 84' lang='lat' dir='ltr'><strong>peregrinos</strong></span> 
     </span>
    </p>
   </div>
   <div class='ocr_carea' id='block_1_68' title="bbox 2031 726 3560 798">
    <p class='ocr_par' dir='ltr' id='par_1_68' title="bbox 2031 726 3560 798">
     <span class='ocr_line' id='line_1_68' title="bbox 2031 726 3560 798; baseline -0.003 -15"><span class='ocrx_word' id='word_1_381' title='bbox 2031 729 2172 784; x_wconf 90' lang='lat' dir='ltr'><strong>Cura</strong></span> <span class='ocrx_word' id='word_1_382' title='bbox 2201 729 2395 783; x_wconf 86' lang='lat' dir='ltr'><strong>domus</strong></span> <span class='ocrx_word' id='word_1_383' title='bbox 2425 729 2670 798; x_wconf 86' lang='lat' dir='ltr'><strong>sequitur</strong></span> <span class='ocrx_word' id='word_1_384' title='bbox 2697 744 2708 779; x_wconf 89' lang='lat'>:</span> <span class='ocrx_word' id='word_1_385' title='bbox 2745 735 3074 781; x_wconf 90' lang='lat' dir='ltr'><strong>mercantem</strong></span> <span class='ocrx_word' id='word_1_386' title='bbox 3105 726 3148 780; x_wconf 87' lang='lat' dir='ltr'><strong>si</strong></span> <span class='ocrx_word' id='word_1_387' title='bbox 3182 740 3316 778; x_wconf 88' lang='lat' dir='ltr'><strong>nova</strong></span> <span class='ocrx_word' id='word_1_388' title='bbox 3345 741 3560 794; x_wconf 83' lang='lat' dir='ltr'><strong>semper</strong></span> 
     </span>
    </p>
   </div>
   <div class='ocr_carea' id='block_1_69' title="bbox 2035 817 3525 887">
    <p class='ocr_par' dir='ltr' id='par_1_69' title="bbox 2035 817 3525 887">
     <span class='ocr_line' id='line_1_69' title="bbox 2035 817 3525 887; baseline -0.005 -11"><span class='ocrx_word' id='word_1_389' title='bbox 2035 822 2237 878; x_wconf 85' lang='lat' dir='ltr'><strong>Damna</strong></span> <span class='ocrx_word' id='word_1_390' title='bbox 2261 829 2484 876; x_wconf 91' lang='lat' dir='ltr'><strong>manent</strong></span> <span class='ocrx_word' id='word_1_391' title='bbox 2514 837 2527 874; x_wconf 92' lang='lat'>:</span> <span class='ocrx_word' id='word_1_392' title='bbox 2556 833 2776 875; x_wconf 87' lang='lat' dir='ltr'><strong>cessare</strong></span> <span class='ocrx_word' id='word_1_393' title='bbox 2809 828 2957 874; x_wconf 88' lang='lat' dir='ltr'><strong>vetat</strong></span> <span class='ocrx_word' id='word_1_394' title='bbox 2982 819 3025 872; x_wconf 79' lang='lat' dir='ltr'><strong>si</strong></span> <span class='ocrx_word' id='word_1_395' title='bbox 3051 817 3222 887; x_wconf 89' lang='lat' dir='ltr'><strong>turpis</strong></span> <span class='ocrx_word' id='word_1_396' title='bbox 3249 824 3462 886; x_wconf 79' lang='lat' dir='ltr'><strong>egestas</strong></span> <span class='ocrx_word' id='word_1_397' title='bbox 3489 833 3525 869; x_wconf 64' lang='grc' dir='ltr'><strong>ες</strong></span> 
     </span>
    </p>
   </div>
   <div class='ocr_carea' id='block_1_70' title="bbox 2031 910 3526 984">
    <p class='ocr_par' dir='ltr' id='par_1_70' title="bbox 2031 910 3526 984">
     <span class='ocr_line' id='line_1_70' title="bbox 2031 910 3526 984; baseline -0.005 -14"><span class='ocrx_word' id='word_1_398' title='bbox 2031 914 2088 971; x_wconf 91' lang='lat' dir='ltr'><strong>Si</strong></span> <span class='ocrx_word' id='word_1_399' title='bbox 2119 927 2277 970; x_wconf 79' lang='lat' dir='ltr'><strong>vexat</strong></span> <span class='ocrx_word' id='word_1_400' title='bbox 2305 915 2463 970; x_wconf 89' lang='lat' dir='ltr'><strong>labor</strong></span> <span class='ocrx_word' id='word_1_401' title='bbox 2486 913 2803 984; x_wconf 86' lang='lat' dir='ltr'><strong>agricolam,</strong></span> <span class='ocrx_word' id='word_1_402' title='bbox 2837 927 2988 967; x_wconf 87' lang='lat' dir='ltr'><strong>mare</strong></span> <span class='ocrx_word' id='word_1_403' title='bbox 3012 910 3304 978; x_wconf 83' lang='lat' dir='ltr'><strong>naufragus</strong></span> <span class='ocrx_word' id='word_1_404' title='bbox 3329 910 3526 965; x_wconf 90' lang='lat' dir='ltr'><strong>horror</strong></span> 
     </span>
    </p>
   </div>
   <div class='ocr_carea' id='block_1_71' title="bbox 2033 1002 3295 1077">
    <p class='ocr_par' dir='ltr' id='par_1_71' title="bbox 2033 1002 3295 1077">
     <span class='ocr_line' id='line_1_71' title="bbox 2033 1002 3295 1077; baseline -0.006 -17"><span class='ocrx_word' id='word_1_405' title='bbox 2033 1007 2262 1062; x_wconf 81' lang='lat' dir='ltr'><strong>lnfamat</strong></span> <span class='ocrx_word' id='word_1_406' title='bbox 2293 1025 2304 1059; x_wconf 91' lang='lat'>:</span> <span class='ocrx_word' id='word_1_407' title='bbox 2335 1021 2620 1077; x_wconf 59' lang='lat' dir='ltr'><strong>parumque</strong></span> <span class='ocrx_word' id='word_1_408' title='bbox 2648 1019 2842 1073; x_wconf 82' lang='lat' dir='ltr'><strong>graves</strong></span> <span class='ocrx_word' id='word_1_409' title='bbox 2864 1005 2918 1057; x_wconf 90' lang='lat' dir='ltr'><strong>in</strong></span> <span class='ocrx_word' id='word_1_410' title='bbox 2948 1002 3142 1057; x_wconf 61' lang='lat' dir='ltr'><strong>caelibe</strong></span> <span class='ocrx_word' id='word_1_411' title='bbox 3166 1002 3295 1066; x_wconf 80' lang='lat' dir='ltr'><strong>vita,</strong></span> 
     </span>
    </p>
   </div>
   <div class='ocr_carea' id='block_1_72' title="bbox 2032 1093 3239 1168">
    <p class='ocr_par' dir='ltr' id='par_1_72' title="bbox 2032 1093 3239 1168">
     <span class='ocr_line' id='line_1_72' title="bbox 2032 1093 3239 1168; baseline -0.002 -17"><span class='ocrx_word' id='word_1_412' title='bbox 2032 1097 2101 1151; x_wconf 86' lang='lat' dir='ltr'><strong>Et</strong></span> <span class='ocrx_word' id='word_1_413' title='bbox 2121 1097 2342 1168; x_wconf 88' lang='lat' dir='ltr'><strong>gravior</strong></span> <span class='ocrx_word' id='word_1_414' title='bbox 2369 1096 2544 1150; x_wconf 87' lang='lat' dir='ltr'><strong>cautis</strong></span> <span class='ocrx_word' id='word_1_415' title='bbox 2565 1096 2818 1150; x_wconf 88' lang='lat' dir='ltr'><strong>custodia</strong></span> <span class='ocrx_word' id='word_1_416' title='bbox 2851 1108 2984 1148; x_wconf 85' lang='lat' dir='ltr'><strong>vana</strong></span> <span class='ocrx_word' id='word_1_417' title='bbox 3009 1093 3239 1148; x_wconf 82' lang='lat' dir='ltr'><strong>maritis.</strong></span> 
     </span>
    </p>
   </div>
   <div class='ocr_carea' id='block_1_73' title="bbox 2028 1186 3340 1260">
    <p class='ocr_par' dir='ltr' id='par_1_73' title="bbox 2028 1186 3340 1260">
     <span class='ocr_line' id='line_1_73' title="bbox 2028 1186 3340 1260; baseline -0.004 -15"><span class='ocrx_word' id='word_1_418' title='bbox 2028 1189 2397 1260; x_wconf 79' lang='lat' dir='ltr'><strong>Sanguineum</strong></span> <span class='ocrx_word' id='word_1_419' title='bbox 2426 1188 2470 1243; x_wconf 92' lang='lat' dir='ltr'><strong>si</strong></span> <span class='ocrx_word' id='word_1_420' title='bbox 2500 1187 2686 1242; x_wconf 85' lang='lat' dir='ltr'><strong>Martis</strong></span> <span class='ocrx_word' id='word_1_421' title='bbox 2706 1202 2842 1257; x_wconf 90' lang='lat' dir='ltr'><strong>opus</strong></span> <span class='ocrx_word' id='word_1_422' title='bbox 2869 1203 2882 1240; x_wconf 92' lang='lat'><strong>:</strong></span> <span class='ocrx_word' id='word_1_423' title='bbox 2917 1186 2960 1240; x_wconf 90' lang='lat' dir='ltr'><strong>si</strong></span> <span class='ocrx_word' id='word_1_424' title='bbox 2989 1187 3161 1255; x_wconf 89' lang='lat' dir='ltr'><strong>turpia</strong></span> <span class='ocrx_word' id='word_1_425' title='bbox 3191 1186 3340 1240; x_wconf 88' lang='lat' dir='ltr'><strong>lucra</strong></span> 
     </span>
    </p>
   </div>
   <div class='ocr_carea' id='block_1_74' title="bbox 2029 1277 3252 1348">
    <p class='ocr_par' dir='ltr' id='par_1_74' title="bbox 2029 1277 3252 1348">
     <span class='ocr_line' id='line_1_74' title="bbox 2029 1277 3252 1348; baseline -0.006 -12"><span class='ocrx_word' id='word_1_426' title='bbox 2029 1279 2280 1348; x_wconf 86' lang='lat' dir='ltr'><strong>Fenoris,</strong></span> <span class='ocrx_word' id='word_1_427' title='bbox 2306 1290 2359 1336; x_wconf 91' lang='lat' dir='ltr'><strong>et</strong></span> <span class='ocrx_word' id='word_1_428' title='bbox 2384 1279 2544 1334; x_wconf 80' lang='lat' dir='ltr'><strong>velox</strong></span> <span class='ocrx_word' id='word_1_429' title='bbox 2568 1279 2761 1348; x_wconf 90' lang='lat' dir='ltr'><strong>inopes</strong></span> <span class='ocrx_word' id='word_1_430' title='bbox 2793 1293 2956 1333; x_wconf 84' lang='lat' dir='ltr'><strong>usura</strong></span> <span class='ocrx_word' id='word_1_431' title='bbox 2983 1277 3252 1331; x_wconf 84' lang='lat' dir='ltr'><strong>trucidat?</strong></span> 
     </span>
    </p>
   </div>
   <div class='ocr_carea' id='block_1_75' title="bbox 2028 1369 3443 1437">
    <p class='ocr_par' dir='ltr' id='par_1_75' title="bbox 2028 1369 3443 1437">
     <span class='ocr_line' id='line_1_75' title="bbox 2028 1369 3443 1437; baseline -0.001 -9"><span class='ocrx_word' id='word_1_432' title='bbox 2028 1374 2202 1428; x_wconf 88' lang='lat' dir='ltr'><strong>Omne</strong></span> <span class='ocrx_word' id='word_1_433' title='bbox 2223 1388 2399 1428; x_wconf 86' lang='lat' dir='ltr'><strong>aevum</strong></span> <span class='ocrx_word' id='word_1_434' title='bbox 2428 1386 2575 1427; x_wconf 69' lang='lat' dir='ltr'><strong>curre</strong></span> <span class='ocrx_word' id='word_1_435' title='bbox 2603 1389 2615 1424; x_wconf 84' lang='lat'><strong>:</strong></span> <span class='ocrx_word' id='word_1_436' title='bbox 2648 1369 2858 1426; x_wconf 85' lang='lat' dir='ltr'><strong>cunctis</strong></span> <span class='ocrx_word' id='word_1_437' title='bbox 2883 1384 2978 1422; x_wconf 90' lang='lat' dir='ltr'><strong>sua</strong></span> <span class='ocrx_word' id='word_1_438' title='bbox 3011 1369 3262 1437; x_wconf 83' lang='lat' dir='ltr'><strong>displicet</strong></span> <span class='ocrx_word' id='word_1_439' title='bbox 3289 1379 3443 1426; x_wconf 77' lang='lat' dir='ltr'><strong>aetas.</strong></span> 
     </span>
    </p>
   </div>
   <div class='ocr_carea' id='block_1_76' title="bbox 2028 1463 3413 1536">
    <p class='ocr_par' dir='ltr' id='par_1_76' title="bbox 2028 1463 3413 1536">
     <span class='ocr_line' id='line_1_76' title="bbox 2028 1463 3413 1536; baseline -0.007 -12"><span class='ocrx_word' id='word_1_440' title='bbox 2028 1468 2237 1524; x_wconf 89' lang='lat' dir='ltr'><strong>Sensus</strong></span> <span class='ocrx_word' id='word_1_441' title='bbox 2263 1467 2418 1522; x_wconf 90' lang='lat' dir='ltr'><strong>abest</strong></span> <span class='ocrx_word' id='word_1_442' title='bbox 2444 1465 2622 1536; x_wconf 90' lang='lat' dir='ltr'><strong>parvis</strong></span> <span class='ocrx_word' id='word_1_443' title='bbox 2649 1463 3007 1519; x_wconf 88' lang='lat' dir='ltr'><strong>lactantibus:</strong></span> <span class='ocrx_word' id='word_1_444' title='bbox 3041 1471 3097 1517; x_wconf 91' lang='lat' dir='ltr'><strong>et</strong></span> <span class='ocrx_word' id='word_1_445' title='bbox 3123 1477 3413 1532; x_wconf 88' lang='lat' dir='ltr'><strong>puerorum</strong></span> 
     </span>
    </p>
   </div>
   <div class='ocr_carea' id='block_1_77' title="bbox 2027 1553 3418 1625">
    <p class='ocr_par' dir='ltr' id='par_1_77' title="bbox 2027 1553 3418 1625">
     <span class='ocr_line' id='line_1_77' title="bbox 2027 1553 3418 1625; baseline -0.004 -14"><span class='ocrx_word' id='word_1_446' title='bbox 2027 1558 2173 1612; x_wconf 91' lang='lat' dir='ltr'><strong>Dura</strong></span> <span class='ocrx_word' id='word_1_447' title='bbox 2198 1557 2527 1624; x_wconf 90' lang='lat' dir='ltr'><strong>rudimenta,</strong></span> <span class='ocrx_word' id='word_1_448' title='bbox 2552 1565 2602 1611; x_wconf 90' lang='lat' dir='ltr'><strong>et</strong></span> <span class='ocrx_word' id='word_1_449' title='bbox 2621 1554 2886 1625; x_wconf 87' lang='lat' dir='ltr'><strong>juvenum</strong></span> <span class='ocrx_word' id='word_1_450' title='bbox 2915 1553 3200 1608; x_wconf 84' lang='lat' dir='ltr'><strong>temeraria</strong></span> <span class='ocrx_word' id='word_1_451' title='bbox 3227 1553 3418 1622; x_wconf 89' lang='lat' dir='ltr'><strong>pubes.</strong></span> 
     </span>
    </p>
   </div>
   <div class='ocr_carea' id='block_1_78' title="bbox 2027 1647 3378 1718">
    <p class='ocr_par' dir='ltr' id='par_1_78' title="bbox 2027 1647 3378 1718">
     <span class='ocr_line' id='line_1_78' title="bbox 2027 1647 3378 1718; baseline -0.003 -13"><span class='ocrx_word' id='word_1_452' title='bbox 2027 1650 2270 1706; x_wconf 81' lang='lat' dir='ltr'><strong>Afﬂictat</strong></span> <span class='ocrx_word' id='word_1_453' title='bbox 2299 1649 2519 1704; x_wconf 87' lang='lat' dir='ltr'><strong>fortuna</strong></span> <span class='ocrx_word' id='word_1_454' title='bbox 2552 1651 2700 1703; x_wconf 88' lang='lat' dir='ltr'><strong>viros</strong></span> <span class='ocrx_word' id='word_1_455' title='bbox 2734 1664 2830 1718; x_wconf 91' lang='lat' dir='ltr'><strong>per</strong></span> <span class='ocrx_word' id='word_1_456' title='bbox 2861 1647 3025 1712; x_wconf 82' lang='lat' dir='ltr'><strong>bella,</strong></span> <span class='ocrx_word' id='word_1_457' title='bbox 3045 1662 3141 1717; x_wconf 90' lang='lat' dir='ltr'><strong>per</strong></span> <span class='ocrx_word' id='word_1_458' title='bbox 3170 1662 3378 1716; x_wconf 78' lang='lat' dir='ltr'><strong>:vquor,</strong></span> 
     </span>
    </p>
   </div>
   <div class='ocr_carea' id='block_1_79' title="bbox 1952 1740 3327 1812">
    <p class='ocr_par' dir='ltr' id='par_1_79' title="bbox 1952 1740 3327 1812">
     <span class='ocr_line' id='line_1_79' title="bbox 1952 1740 3327 1812; baseline -0.002 -16"><span class='ocrx_word' id='word_1_459' title='bbox 1952 1751 2000 1810; x_wconf 78' lang='grc' dir='ltr'><strong>Β</strong></span> <span class='ocrx_word' id='word_1_460' title='bbox 2029 1743 2274 1812; x_wconf 80' lang='lat' dir='ltr'><strong>lrasque,</strong></span> <span class='ocrx_word' id='word_1_461' title='bbox 2311 1741 2665 1810; x_wconf 84' lang='lat' dir='ltr'><strong>insidiasque.</strong></span> <span class='ocrx_word' id='word_1_462' title='bbox 2693 1751 3083 1808; x_wconf 79' lang='lat' dir='ltr'><strong>catenatosque</strong></span> <span class='ocrx_word' id='word_1_463' title='bbox 3114 1740 3327 1793; x_wconf 85' lang='lat' dir='ltr'><strong>labores</strong></span> 
     </span>
    </p>
   </div>
   <div class='ocr_carea' id='block_1_80' title="bbox 2028 1831 3379 1901">
    <p class='ocr_par' dir='ltr' id='par_1_80' title="bbox 2028 1831 3379 1901">
     <span class='ocr_line' id='line_1_80' title="bbox 2028 1831 3379 1901; baseline -0.001 -13"><span class='ocrx_word' id='word_1_464' title='bbox 2028 1833 2319 1888; x_wconf 88' lang='lat' dir='ltr'><strong>Mntandos</strong></span> <span class='ocrx_word' id='word_1_465' title='bbox 2346 1848 2565 1901; x_wconf 89' lang='lat' dir='ltr'><strong>semper</strong></span> <span class='ocrx_word' id='word_1_466' title='bbox 2593 1831 2952 1899; x_wconf 71' lang='lat' dir='ltr'><strong>gravioribus.</strong></span> <span class='ocrx_word' id='word_1_467' title='bbox 2974 1831 3092 1899; x_wconf 84' lang='lat' dir='ltr'><strong>Ipsa</strong></span> <span class='ocrx_word' id='word_1_468' title='bbox 3120 1841 3379 1886; x_wconf 87' lang='lat' dir='ltr'><strong>senectus</strong></span> 
     </span>
    </p>
   </div>
   <div class='ocr_carea' id='block_1_81' title="bbox 2029 1923 3293 1996">
    <p class='ocr_par' dir='ltr' id='par_1_81' title="bbox 2029 1923 3293 1996">
     <span class='ocr_line' id='line_1_81' title="bbox 2029 1923 3293 1996; baseline -0.003 -16"><span class='ocrx_word' id='word_1_469' title='bbox 2029 1929 2354 1996; x_wconf 70' lang='lat' dir='ltr'><strong>ISxSpectata</strong></span> <span class='ocrx_word' id='word_1_470' title='bbox 2386 1925 2500 1991; x_wconf 82' lang='lat' dir='ltr'><strong>diu,</strong></span> <span class='ocrx_word' id='word_1_471' title='bbox 2528 1925 2775 1994; x_wconf 81' lang='lat' dir='ltr'><strong>votisque</strong></span> <span class='ocrx_word' id='word_1_472' title='bbox 2799 1931 2984 1994; x_wconf 85' lang='lat' dir='ltr'><strong>optata</strong></span> <span class='ocrx_word' id='word_1_473' title='bbox 3011 1923 3293 1992; x_wconf 83' lang='lat' dir='ltr'><strong>malignis,</strong></span> 
     </span>
    </p>
   </div>
   <div class='ocr_carea' id='block_1_82' title="bbox 2023 2017 3372 2090">
    <p class='ocr_par' dir='ltr' id='par_1_82' title="bbox 2023 2017 3372 2090">
     <span class='ocr_line' id='line_1_82' title="bbox 2023 2017 3372 2090; baseline -0.004 -15"><span class='ocrx_word' id='word_1_474' title='bbox 2023 2018 2220 2090; x_wconf 87' lang='lat' dir='ltr'><strong>Objicit</strong></span> <span class='ocrx_word' id='word_1_475' title='bbox 2254 2017 2557 2074; x_wconf 87' lang='lat' dir='ltr'><strong>innumeris</strong></span> <span class='ocrx_word' id='word_1_476' title='bbox 2592 2033 2791 2089; x_wconf 87' lang='lat' dir='ltr'><strong>corpus</strong></span> <span class='ocrx_word' id='word_1_477' title='bbox 2824 2017 3116 2073; x_wconf 90' lang='lat' dir='ltr'><strong>lacerabilc</strong></span> <span class='ocrx_word' id='word_1_478' title='bbox 3147 2017 3372 2070; x_wconf 85' lang='lat' dir='ltr'><strong>morbis.</strong></span> 
     </span>
    </p>
   </div>
   <div class='ocr_carea' id='block_1_83' title="bbox 2022 2109 3624 2182">
    <p class='ocr_par' dir='ltr' id='par_1_83' title="bbox 2022 2109 3624 2182">
     <span class='ocr_line' id='line_1_83' title="bbox 2022 2109 3624 2182; baseline -0.002 -14"><span class='ocrx_word' id='word_1_479' title='bbox 2022 2112 2346 2182; x_wconf 85' lang='lat' dir='ltr'><strong>Speruimus</strong></span> <span class='ocrx_word' id='word_1_480' title='bbox 2374 2111 2428 2164; x_wconf 91' lang='lat' dir='ltr'><strong>in</strong></span> <span class='ocrx_word' id='word_1_481' title='bbox 2457 2125 2748 2166; x_wconf 89' lang='lat' dir='ltr'><strong>commune</strong></span> <span class='ocrx_word' id='word_1_482' title='bbox 2774 2124 2965 2164; x_wconf 88' lang='lat' dir='ltr'><strong>omnes</strong></span> <span class='ocrx_word' id='word_1_483' title='bbox 3010 2110 3294 2178; x_wconf 75' lang='lat' dir='ltr'><strong>prmsentia</strong></span> <span class='ocrx_word' id='word_1_484' title='bbox 3314 2151 3328 2175; x_wconf 87' lang='lat'><strong>,</strong></span> <span class='ocrx_word' id='word_1_485' title='bbox 3359 2109 3624 2179; x_wconf 86' lang='lat' dir='ltr'><strong>quosdam</strong></span> 
     </span>
    </p>
   </div>
   <div class='ocr_carea' id='block_1_84' title="bbox 2021 2204 3300 2271">
    <p class='ocr_par' dir='ltr' id='par_1_84' title="bbox 2021 2204 3300 2271">
     <span class='ocr_line' id='line_1_84' title="bbox 2021 2204 3300 2271; baseline -0.001 -11"><span class='ocrx_word' id='word_1_486' title='bbox 2021 2205 2250 2261; x_wconf 88' lang='lat' dir='ltr'><strong>Constat</strong></span> <span class='ocrx_word' id='word_1_487' title='bbox 2272 2205 2567 2261; x_wconf 86' lang='lat' dir='ltr'><strong>nolledeos</strong></span> <span class='ocrx_word' id='word_1_488' title='bbox 2601 2205 2738 2260; x_wconf 89' lang='lat' dir='ltr'><strong>ﬂeri.</strong></span> <span class='ocrx_word' id='word_1_489' title='bbox 2765 2204 2996 2259; x_wconf 85' lang='lat' dir='ltr'><strong>.lnturna</strong></span> <span class='ocrx_word' id='word_1_490' title='bbox 3020 2205 3300 2271; x_wconf 85' lang='lat' dir='ltr'><strong>reclamat,</strong></span> 
     </span>
    </p>
   </div>
   <div class='ocr_carea' id='block_1_85' title="bbox 2023 2296 3591 2368">
    <p class='ocr_par' dir='ltr' id='par_1_85' title="bbox 2023 2296 3591 2368">
     <span class='ocr_line' id='line_1_85' title="bbox 2023 2296 3591 2368; baseline 0.002 -16"><span class='ocrx_word' id='word_1_491' title='bbox 2023 2299 2142 2363; x_wconf 88' lang='lat' dir='ltr'><strong>Quo</strong></span> <span class='ocrx_word' id='word_1_492' title='bbox 2172 2299 2336 2352; x_wconf 88' lang='lat' dir='ltr'><strong>vitam</strong></span> <span class='ocrx_word' id='word_1_493' title='bbox 2366 2296 2517 2351; x_wconf 89' lang='lat' dir='ltr'><strong>dedit</strong></span> <span class='ocrx_word' id='word_1_494' title='bbox 2554 2296 2843 2352; x_wconf 64' lang='lat' dir='ltr'><strong>aeternam?</strong></span> <span class='ocrx_word' id='word_1_495' title='bbox 2871 2311 2968 2352; x_wconf 87' lang='lat' dir='ltr'><strong>cur</strong></span> <span class='ocrx_word' id='word_1_496' title='bbox 3000 2298 3192 2353; x_wconf 91' lang='lat' dir='ltr'><strong>mortis</strong></span> <span class='ocrx_word' id='word_1_497' title='bbox 3222 2297 3477 2368; x_wconf 84' lang='lat' dir='ltr'><strong>adempta</strong></span> <span class='ocrx_word' id='word_1_498' title='bbox 3507 2310 3591 2355; x_wconf 87' lang='lat' dir='ltr'><strong>est</strong></span> 
     </span>
    </p>
   </div>
   <div class='ocr_carea' id='block_1_86' title="bbox 2022 2387 3400 2457">
    <p class='ocr_par' dir='ltr' id='par_1_86' title="bbox 2022 2387 3400 2457">
     <span class='ocr_line' id='line_1_86' title="bbox 2022 2387 3400 2457; baseline 0 -12"><span class='ocrx_word' id='word_1_499' title='bbox 2022 2389 2318 2445; x_wconf 86' lang='lat' dir='ltr'><strong>Conditio?</strong></span> <span class='ocrx_word' id='word_1_500' title='bbox 2345 2388 2426 2444; x_wconf 82' lang='lat' dir='ltr'><strong>sic</strong></span> <span class='ocrx_word' id='word_1_501' title='bbox 2454 2387 2728 2443; x_wconf 87' lang='lat' dir='ltr'><strong>Caucasea</strong></span> <span class='ocrx_word' id='word_1_502' title='bbox 2753 2388 2857 2443; x_wconf 91' lang='lat' dir='ltr'><strong>sub</strong></span> <span class='ocrx_word' id='word_1_503' title='bbox 2879 2403 3015 2457; x_wconf 89' lang='lat' dir='ltr'><strong>rupe</strong></span> <span class='ocrx_word' id='word_1_504' title='bbox 3043 2389 3400 2445; x_wconf 87' lang='lat' dir='ltr'><strong>Prometheus</strong></span> 
     </span>
    </p>
   </div>
   <div class='ocr_carea' id='block_1_87' title="bbox 2022 2481 3346 2550">
    <p class='ocr_par' dir='ltr' id='par_1_87' title="bbox 2022 2481 3346 2550">
     <span class='ocr_line' id='line_1_87' title="bbox 2022 2481 3346 2550; baseline -0.001 -13"><span class='ocrx_word' id='word_1_505' title='bbox 2022 2481 2278 2537; x_wconf 86' lang='lat' dir='ltr'><strong>Testatur</strong></span> <span class='ocrx_word' id='word_1_506' title='bbox 2305 2481 2749 2550; x_wconf 90' lang='lat' dir='ltr'><strong>Saturnigenam,</strong></span> <span class='ocrx_word' id='word_1_507' title='bbox 2787 2496 2887 2536; x_wconf 86' lang='lat' dir='ltr'><strong>nec</strong></span> <span class='ocrx_word' id='word_1_508' title='bbox 2909 2482 3130 2537; x_wconf 92' lang='lat' dir='ltr'><strong>nomine</strong></span> <span class='ocrx_word' id='word_1_509' title='bbox 3168 2494 3346 2538; x_wconf 89' lang='lat' dir='ltr'><strong>cessat</strong></span> 
     </span>
    </p>
   </div>
   <div class='ocr_carea' id='block_1_88' title="bbox 2023 2571 3399 2643">
    <p class='ocr_par' dir='ltr' id='par_1_88' title="bbox 2023 2571 3399 2643">
     <span class='ocr_line' id='line_1_88' title="bbox 2023 2571 3399 2643; baseline 0 -16"><span class='ocrx_word' id='word_1_510' title='bbox 2023 2572 2282 2628; x_wconf 91' lang='lat' dir='ltr'><strong>Incusare</strong></span> <span class='ocrx_word' id='word_1_511' title='bbox 2308 2571 2523 2638; x_wconf 86' lang='lat' dir='ltr'><strong>Jovem,</strong></span> <span class='ocrx_word' id='word_1_512' title='bbox 2554 2571 2677 2626; x_wconf 91' lang='lat' dir='ltr'><strong>data</strong></span> <span class='ocrx_word' id='word_1_513' title='bbox 2706 2574 2776 2626; x_wconf 84' lang='lat' dir='ltr'><strong>sit</strong></span> <span class='ocrx_word' id='word_1_514' title='bbox 2797 2572 2944 2642; x_wconf 87' lang='lat' dir='ltr'><strong>quod</strong></span> <span class='ocrx_word' id='word_1_515' title='bbox 2977 2573 3083 2628; x_wconf 90' lang='lat' dir='ltr'><strong>vita</strong></span> <span class='ocrx_word' id='word_1_516' title='bbox 3117 2575 3399 2643; x_wconf 88' lang='lat' dir='ltr'><strong>perennis.</strong></span> 
     </span>
    </p>
   </div>
   <div class='ocr_carea' id='block_1_89' title="bbox 2024 2663 3452 2734">
    <p class='ocr_par' dir='ltr' id='par_1_89' title="bbox 2024 2663 3452 2734">
     <span class='ocr_line' id='line_1_89' title="bbox 2024 2663 3452 2734; baseline -0.001 -14"><span class='ocrx_word' id='word_1_517' title='bbox 2024 2665 2254 2734; x_wconf 79' lang='lat' dir='ltr'><strong>Respice</strong></span> <span class='ocrx_word' id='word_1_518' title='bbox 2285 2673 2339 2719; x_wconf 90' lang='lat' dir='ltr'><strong>et</strong></span> <span class='ocrx_word' id='word_1_519' title='bbox 2361 2664 2427 2718; x_wconf 90' lang='lat' dir='ltr'><strong>ad</strong></span> <span class='ocrx_word' id='word_1_520' title='bbox 2451 2663 2629 2718; x_wconf 91' lang='lat' dir='ltr'><strong>cultus</strong></span> <span class='ocrx_word' id='word_1_521' title='bbox 2656 2663 2839 2729; x_wconf 83' lang='lat' dir='ltr'><strong>animi,</strong></span> <span class='ocrx_word' id='word_1_522' title='bbox 2871 2665 2951 2720; x_wconf 90' lang='lat' dir='ltr'><strong>sic</strong></span> <span class='ocrx_word' id='word_1_523' title='bbox 2972 2680 3170 2734; x_wconf 88' lang='lat' dir='ltr'><strong>nempe</strong></span> <span class='ocrx_word' id='word_1_524' title='bbox 3196 2665 3452 2734; x_wconf 88' lang='lat' dir='ltr'><strong>pudicum</strong></span> 
     </span>
    </p>
   </div>
   <div class='ocr_carea' id='block_1_90' title="bbox 2022 2754 3368 2828">
    <p class='ocr_par' dir='ltr' id='par_1_90' title="bbox 2022 2754 3368 2828">
     <span class='ocr_line' id='line_1_90' title="bbox 2022 2754 3368 2828; baseline -0.001 -19"><span class='ocrx_word' id='word_1_525' title='bbox 2022 2754 2270 2810; x_wconf 86' lang='lat' dir='ltr'><strong>Perdidit</strong></span> <span class='ocrx_word' id='word_1_526' title='bbox 2297 2754 2648 2826; x_wconf 84' lang='lat' dir='ltr'><strong>Hippolytum</strong></span> <span class='ocrx_word' id='word_1_527' title='bbox 2669 2771 2778 2811; x_wconf 85' lang='lat' dir='ltr'><strong>non</strong></span> <span class='ocrx_word' id='word_1_528' title='bbox 2803 2755 2929 2810; x_wconf 80' lang='lat' dir='ltr'><strong>felix</strong></span> <span class='ocrx_word' id='word_1_529' title='bbox 2960 2771 3089 2811; x_wconf 91' lang='lat' dir='ltr'><strong>cura</strong></span> <span class='ocrx_word' id='word_1_530' title='bbox 3117 2756 3368 2828; x_wconf 89' lang='lat' dir='ltr'><strong>pudoris.</strong></span> 
     </span>
    </p>
   </div>
   <div class='ocr_carea' id='block_1_91' title="bbox 2021 2847 3398 2905">
    <p class='ocr_par' dir='ltr' id='par_1_91' title="bbox 2021 2847 3398 2905">
     <span class='ocr_line' id='line_1_91' title="bbox 2021 2847 3398 2905; baseline 0.001 -3"><span class='ocrx_word' id='word_1_531' title='bbox 2021 2847 2093 2902; x_wconf 83' lang='lat' dir='ltr'><strong>At</strong></span> <span class='ocrx_word' id='word_1_532' title='bbox 2122 2858 2311 2902; x_wconf 91' lang='lat' dir='ltr'><strong>contra</strong></span> <span class='ocrx_word' id='word_1_533' title='bbox 2333 2847 2609 2903; x_wconf 88' lang='lat' dir='ltr'><strong>illecebris</strong></span> <span class='ocrx_word' id='word_1_534' title='bbox 2639 2849 2972 2904; x_wconf 85' lang='lat' dir='ltr'><strong>maculosam</strong></span> <span class='ocrx_word' id='word_1_535' title='bbox 2995 2849 3202 2905; x_wconf 90' lang='lat' dir='ltr'><strong>ducere</strong></span> <span class='ocrx_word' id='word_1_536' title='bbox 3235 2851 3398 2905; x_wconf 88' lang='lat' dir='ltr'><strong>vitam</strong></span> 
     </span>
    </p>
   </div>
   <div class='ocr_carea' id='block_1_92' title="bbox 2020 2938 3572 3013">
    <p class='ocr_par' dir='ltr' id='par_1_92' title="bbox 2020 2938 3572 3013">
     <span class='ocr_line' id='line_1_92' title="bbox 2020 2938 3572 3013; baseline 0.006 -23"><span class='ocrx_word' id='word_1_537' title='bbox 2020 2938 2190 3004; x_wconf 85' lang='lat' dir='ltr'><strong>Quem</strong></span> <span class='ocrx_word' id='word_1_538' title='bbox 2208 2939 2379 3009; x_wconf 84' lang='lat' dir='ltr'><strong>juvat,</strong></span> <span class='ocrx_word' id='word_1_539' title='bbox 2416 2940 2605 3009; x_wconf 87' lang='lat' dir='ltr'><strong>aspice</strong></span> <span class='ocrx_word' id='word_1_540' title='bbox 2627 2949 2683 2995; x_wconf 88' lang='lat' dir='ltr'><strong>et</strong></span> <span class='ocrx_word' id='word_1_541' title='bbox 2706 2940 2772 2994; x_wconf 91' lang='lat' dir='ltr'><strong>ad</strong></span> <span class='ocrx_word' id='word_1_542' title='bbox 2798 2955 3004 3010; x_wconf 59' lang='lat' dir='ltr'><strong>poenas,</strong></span> <span class='ocrx_word' id='word_1_543' title='bbox 3036 2952 3091 2996; x_wconf 90' lang='lat' dir='ltr'><strong>et</strong></span> <span class='ocrx_word' id='word_1_544' title='bbox 3114 2941 3340 2996; x_wconf 88' lang='lat' dir='ltr'><strong>crimina</strong></span> <span class='ocrx_word' id='word_1_545' title='bbox 3364 2957 3572 3013; x_wconf 86' lang='lat' dir='ltr'><strong>regum.</strong></span> 
     </span>
    </p>
   </div>
   <div class='ocr_carea' id='block_1_93' title="bbox 2023 3029 3194 3100">
    <p class='ocr_par' dir='ltr' id='par_1_93' title="bbox 2023 3029 3194 3100">
     <span class='ocr_line' id='line_1_93' title="bbox 2023 3029 3194 3100; baseline 0.003 -16"><span class='ocrx_word' id='word_1_546' title='bbox 2023 3029 2227 3084; x_wconf 80' lang='lat' dir='ltr'><strong>Tereos</strong></span> <span class='ocrx_word' id='word_1_547' title='bbox 2258 3030 2474 3096; x_wconf 90' lang='lat' dir='ltr'><strong>incesti,</strong></span> <span class='ocrx_word' id='word_1_548' title='bbox 2507 3030 2593 3084; x_wconf 92' lang='lat' dir='ltr'><strong>vel</strong></span> <span class='ocrx_word' id='word_1_549' title='bbox 2619 3030 2800 3085; x_wconf 88' lang='lat' dir='ltr'><strong>mollis</strong></span> <span class='ocrx_word' id='word_1_550' title='bbox 2817 3031 3194 3100; x_wconf 86' lang='lat' dir='ltr'><strong>Sardanapali.</strong></span> 
     </span>
    </p>
   </div>
   <div class='ocr_carea' id='block_1_94' title="bbox 1945 3123 3333 3190">
    <p class='ocr_par' dir='ltr' id='par_1_94' title="bbox 1945 3123 3333 3190">
     <span class='ocr_line' id='line_1_94' title="bbox 1945 3123 3333 3190; baseline 0.001 -12"><span class='ocrx_word' id='word_1_551' title='bbox 1945 3126 1992 3190; x_wconf 85' lang='lat' dir='ltr'><strong>C</strong></span> <span class='ocrx_word' id='word_1_552' title='bbox 2024 3123 2311 3179; x_wconf 86' lang='lat' dir='ltr'><strong>Perfidiam</strong></span> <span class='ocrx_word' id='word_1_553' title='bbox 2342 3123 2514 3180; x_wconf 90' lang='lat' dir='ltr'><strong>vitare</strong></span> <span class='ocrx_word' id='word_1_554' title='bbox 2542 3132 2768 3178; x_wconf 88' lang='lat' dir='ltr'><strong>monent</strong></span> <span class='ocrx_word' id='word_1_555' title='bbox 2790 3124 2888 3178; x_wconf 89' lang='lat' dir='ltr'><strong>tria</strong></span> <span class='ocrx_word' id='word_1_556' title='bbox 2919 3124 3119 3179; x_wconf 89' lang='lat' dir='ltr'><strong>Punica</strong></span> <span class='ocrx_word' id='word_1_557' title='bbox 3150 3125 3288 3180; x_wconf 89' lang='lat' dir='ltr'><strong>bella</strong></span> <span class='ocrx_word' id='word_1_558' title='bbox 3310 3139 3333 3180; x_wconf 73' lang='grc' dir='ltr'><strong>ἱ</strong></span> 
     </span>
    </p>
   </div>
   <div class='ocr_carea' id='block_1_95' title="bbox 2021 3217 3382 3289">
    <p class='ocr_par' dir='ltr' id='par_1_95' title="bbox 2021 3217 3382 3289">
     <span class='ocr_line' id='line_1_95' title="bbox 2021 3217 3382 3289; baseline 0 -15"><span class='ocrx_word' id='word_1_559' title='bbox 2021 3217 2129 3274; x_wconf 89' lang='lat' dir='ltr'><strong>Sed</strong></span> <span class='ocrx_word' id='word_1_560' title='bbox 2155 3217 2411 3288; x_wconf 85' lang='lat' dir='ltr'><strong>prohibet</strong></span> <span class='ocrx_word' id='word_1_561' title='bbox 2435 3232 2657 3272; x_wconf 84' lang='lat' dir='ltr'><strong>servare</strong></span> <span class='ocrx_word' id='word_1_562' title='bbox 2686 3217 2846 3272; x_wconf 85' lang='lat' dir='ltr'><strong>fidem</strong></span> <span class='ocrx_word' id='word_1_563' title='bbox 2883 3217 3058 3272; x_wconf 88' lang='lat' dir='ltr'><strong>deleta</strong></span> <span class='ocrx_word' id='word_1_564' title='bbox 3093 3218 3382 3289; x_wconf 82' lang='lat' dir='ltr'><strong>Saguntos.</strong></span> 
     </span>
    </p>
   </div>
   <div class='ocr_carea' id='block_1_96' title="bbox 2019 3309 3476 3380">
    <p class='ocr_par' dir='ltr' id='par_1_96' title="bbox 2019 3309 3476 3380">
     <span class='ocr_line' id='line_1_96' title="bbox 2019 3309 3476 3380; baseline 0.005 -16"><span class='ocrx_word' id='word_1_565' title='bbox 2019 3309 2178 3378; x_wconf 90' lang='lat' dir='ltr'><strong>Vive,</strong></span> <span class='ocrx_word' id='word_1_566' title='bbox 2203 3322 2259 3368; x_wconf 89' lang='lat' dir='ltr'><strong>et</strong></span> <span class='ocrx_word' id='word_1_567' title='bbox 2289 3311 2559 3368; x_wconf 86' lang='lat' dir='ltr'><strong>amicitias</strong></span> <span class='ocrx_word' id='word_1_568' title='bbox 2580 3326 2798 3380; x_wconf 89' lang='lat' dir='ltr'><strong>semper</strong></span> <span class='ocrx_word' id='word_1_569' title='bbox 2827 3311 2966 3367; x_wconf 90' lang='lat' dir='ltr'><strong>cole.</strong></span> <span class='ocrx_word' id='word_1_570' title='bbox 2992 3312 3213 3368; x_wconf 90' lang='lat' dir='ltr'><strong>Crimen</strong></span> <span class='ocrx_word' id='word_1_571' title='bbox 3237 3314 3307 3370; x_wconf 92' lang='lat' dir='ltr'><strong>ob</strong></span> <span class='ocrx_word' id='word_1_572' title='bbox 3331 3314 3476 3372; x_wconf 87' lang='lat' dir='ltr'><strong>istud</strong></span> 
     </span>
    </p>
   </div>
   <div class='ocr_carea' id='block_1_97' title="bbox 2021 3403 3426 3476">
    <p class='ocr_par' dir='ltr' id='par_1_97' title="bbox 2021 3403 3426 3476">
     <span class='ocr_line' id='line_1_97' title="bbox 2021 3403 3426 3476; baseline 0.004 -18"><span class='ocrx_word' id='word_1_573' title='bbox 2021 3403 2484 3475; x_wconf 85' lang='lat' dir='ltr'><strong>Pythagoreorum</strong></span> <span class='ocrx_word' id='word_1_574' title='bbox 2510 3405 2671 3473; x_wconf 89' lang='lat' dir='ltr'><strong>periit</strong></span> <span class='ocrx_word' id='word_1_575' title='bbox 2691 3403 2880 3459; x_wconf 87' lang='lat' dir='ltr'><strong>schola</strong></span> <span class='ocrx_word' id='word_1_576' title='bbox 2909 3404 3069 3460; x_wconf 89' lang='lat' dir='ltr'><strong>docta</strong></span> <span class='ocrx_word' id='word_1_577' title='bbox 3098 3406 3426 3476; x_wconf 90' lang='lat' dir='ltr'><strong>sophorum.</strong></span> 
     </span>
    </p>
   </div>
   <div class='ocr_carea' id='block_1_98' title="bbox 2019 3495 3512 3565">
    <p class='ocr_par' dir='ltr' id='par_1_98' title="bbox 2019 3495 3512 3565">
     <span class='ocr_line' id='line_1_98' title="bbox 2019 3495 3512 3565; baseline 0.005 -15"><span class='ocrx_word' id='word_1_578' title='bbox 2019 3495 2135 3550; x_wconf 85' lang='lat' dir='ltr'><strong>Hoc</strong></span> <span class='ocrx_word' id='word_1_579' title='bbox 2161 3505 2410 3551; x_wconf 87' lang='lat' dir='ltr'><strong>metuens</strong></span> <span class='ocrx_word' id='word_1_580' title='bbox 2433 3496 2618 3565; x_wconf 88' lang='lat' dir='ltr'><strong>igitur,</strong></span> <span class='ocrx_word' id='word_1_581' title='bbox 2645 3496 2824 3549; x_wconf 83' lang='lat' dir='ltr'><strong>nullas</strong></span> <span class='ocrx_word' id='word_1_582' title='bbox 2847 3496 2990 3551; x_wconf 89' lang='lat' dir='ltr'><strong>cole.</strong></span> <span class='ocrx_word' id='word_1_583' title='bbox 3016 3496 3239 3554; x_wconf 87' lang='lat' dir='ltr'><strong>Crimen</strong></span> <span class='ocrx_word' id='word_1_584' title='bbox 3271 3501 3342 3554; x_wconf 91' lang='lat' dir='ltr'><strong>ob</strong></span> <span class='ocrx_word' id='word_1_585' title='bbox 3369 3501 3512 3557; x_wconf 86' lang='lat' dir='ltr'><strong>istud</strong></span> 
     </span>
    </p>
   </div>
   <div class='ocr_carea' id='block_1_99' title="bbox 2019 3587 3230 3658">
    <p class='ocr_par' dir='ltr' id='par_1_99' title="bbox 2019 3587 3230 3658">
     <span class='ocr_line' id='line_1_99' title="bbox 2019 3587 3230 3658; baseline 0.001 -14"><span class='ocrx_word' id='word_1_586' title='bbox 2019 3588 2214 3644; x_wconf 90' lang='lat' dir='ltr'><strong>Timon</strong></span> <span class='ocrx_word' id='word_1_587' title='bbox 2233 3587 2491 3643; x_wconf 88' lang='lat' dir='ltr'><strong>Palladiis</strong></span> <span class='ocrx_word' id='word_1_588' title='bbox 2512 3587 2644 3643; x_wconf 90' lang='lat' dir='ltr'><strong>olim</strong></span> <span class='ocrx_word' id='word_1_589' title='bbox 2678 3587 2951 3658; x_wconf 87' lang='lat' dir='ltr'><strong>lapidatus</strong></span> <span class='ocrx_word' id='word_1_590' title='bbox 2975 3588 3230 3645; x_wconf 83' lang='lat' dir='ltr'><strong>Athenis.</strong></span> 
     </span>
    </p>
   </div>
   <div class='ocr_carea' id='block_1_100' title="bbox 2021 3680 3366 3752">
    <p class='ocr_par' dir='ltr' id='par_1_100' title="bbox 2021 3680 3366 3752">
     <span class='ocr_line' id='line_1_100' title="bbox 2021 3680 3366 3752; baseline 0.004 -18"><span class='ocrx_word' id='word_1_591' title='bbox 2021 3681 2260 3737; x_wconf 88' lang='lat' dir='ltr'><strong>Dissidet</strong></span> <span class='ocrx_word' id='word_1_592' title='bbox 2288 3680 2558 3750; x_wconf 88' lang='lat' dir='ltr'><strong>ambiguis</strong></span> <span class='ocrx_word' id='word_1_593' title='bbox 2580 3694 2798 3750; x_wconf 89' lang='lat' dir='ltr'><strong>semper</strong></span> <span class='ocrx_word' id='word_1_594' title='bbox 2824 3696 2978 3737; x_wconf 91' lang='lat' dir='ltr'><strong>mens</strong></span> <span class='ocrx_word' id='word_1_595' title='bbox 3009 3682 3169 3738; x_wconf 88' lang='lat' dir='ltr'><strong>obvia</strong></span> <span class='ocrx_word' id='word_1_596' title='bbox 3203 3686 3366 3752; x_wconf 82' lang='lat' dir='ltr'><strong>votis,</strong></span> 
     </span>
    </p>
   </div>
   <div class='ocr_carea' id='block_1_101' title="bbox 2019 3770 3425 3842">
    <p class='ocr_par' dir='ltr' id='par_1_101' title="bbox 2019 3770 3425 3842">
     <span class='ocr_line' id='line_1_101' title="bbox 2019 3770 3425 3842; baseline 0.003 -16"><span class='ocrx_word' id='word_1_597' title='bbox 2019 3770 2132 3828; x_wconf 89' lang='lat' dir='ltr'><strong>Nec</strong></span> <span class='ocrx_word' id='word_1_598' title='bbox 2169 3772 2412 3828; x_wconf 91' lang='lat' dir='ltr'><strong>voluisse</strong></span> <span class='ocrx_word' id='word_1_599' title='bbox 2440 3771 2647 3826; x_wconf 87' lang='lat' dir='ltr'><strong>homini</strong></span> <span class='ocrx_word' id='word_1_600' title='bbox 2668 3770 2804 3826; x_wconf 87' lang='lat' dir='ltr'><strong>satis</strong></span> <span class='ocrx_word' id='word_1_601' title='bbox 2825 3781 2928 3826; x_wconf 93' lang='lat' dir='ltr'><strong>est.</strong></span> <span class='ocrx_word' id='word_1_602' title='bbox 2960 3771 3154 3842; x_wconf 87' lang='lat' dir='ltr'><strong>Optata</strong></span> <span class='ocrx_word' id='word_1_603' title='bbox 3186 3785 3425 3832; x_wconf 89' lang='lat' dir='ltr'><strong>recusat.</strong></span> 
     </span>
    </p>
   </div>
   <div class='ocr_carea' id='block_1_102' title="bbox 2020 3863 3507 3934">
    <p class='ocr_par' dir='ltr' id='par_1_102' title="bbox 2020 3863 3507 3934">
     <span class='ocr_line' id='line_1_102' title="bbox 2020 3863 3507 3934; baseline 0.004 -15"><span class='ocrx_word' id='word_1_604' title='bbox 2020 3863 2154 3920; x_wconf 84' lang='lat' dir='ltr'><strong>Esse</strong></span> <span class='ocrx_word' id='word_1_605' title='bbox 2182 3864 2236 3918; x_wconf 90' lang='lat' dir='ltr'><strong>in</strong></span> <span class='ocrx_word' id='word_1_606' title='bbox 2268 3863 2477 3919; x_wconf 87' lang='lat' dir='ltr'><strong>honore</strong></span> <span class='ocrx_word' id='word_1_607' title='bbox 2504 3863 2703 3934; x_wconf 83' lang='lat' dir='ltr'><strong>placet,</strong></span> <span class='ocrx_word' id='word_1_608' title='bbox 2727 3877 2848 3918; x_wconf 86' lang='lat' dir='ltr'><strong>mox</strong></span> <span class='ocrx_word' id='word_1_609' title='bbox 2881 3864 3142 3933; x_wconf 62' lang='lat' dir='ltr'><strong>paenitet,</strong></span> <span class='ocrx_word' id='word_1_610' title='bbox 3161 3874 3216 3920; x_wconf 92' lang='lat' dir='ltr'><strong>et</strong></span> <span class='ocrx_word' id='word_1_611' title='bbox 3239 3866 3507 3925; x_wconf 89' lang='lat' dir='ltr'><strong>dominari</strong></span> 
     </span>
    </p>
   </div>
   <div class='ocr_carea' id='block_1_103' title="bbox 2021 3954 3398 4028">
    <p class='ocr_par' dir='ltr' id='par_1_103' title="bbox 2021 3954 3398 4028">
     <span class='ocr_line' id='line_1_103' title="bbox 2021 3954 3398 4028; baseline 0.001 -15"><span class='ocrx_word' id='word_1_612' title='bbox 2021 3954 2094 4013; x_wconf 89' lang='lat' dir='ltr'><strong>Ut</strong></span> <span class='ocrx_word' id='word_1_613' title='bbox 2119 3955 2313 4027; x_wconf 89' lang='lat' dir='ltr'><strong>possit,</strong></span> <span class='ocrx_word' id='word_1_614' title='bbox 2345 3956 2554 4012; x_wconf 89' lang='lat' dir='ltr'><strong>servire</strong></span> <span class='ocrx_word' id='word_1_615' title='bbox 2586 3955 2754 4011; x_wconf 88' lang='lat' dir='ltr'><strong>volet.</strong></span> <span class='ocrx_word' id='word_1_616' title='bbox 2775 3954 2922 4012; x_wconf 85' lang='lat' dir='ltr'><strong>Idem</strong></span> <span class='ocrx_word' id='word_1_617' title='bbox 2953 3967 3143 4012; x_wconf 89' lang='lat' dir='ltr'><strong>auctus</strong></span> <span class='ocrx_word' id='word_1_618' title='bbox 3169 3957 3398 4028; x_wconf 90' lang='lat' dir='ltr'><strong>honore,</strong></span> 
     </span>
    </p>
   </div>
   <div class='ocr_carea' id='block_1_104' title="bbox 2021 4050 3344 4121">
    <p class='ocr_par' dir='ltr' id='par_1_104' title="bbox 2021 4050 3344 4121">
     <span class='ocr_line' id='line_1_104' title="bbox 2021 4050 3344 4121; baseline 0.002 -15"><span class='ocrx_word' id='word_1_619' title='bbox 2021 4050 2242 4107; x_wconf 75' lang='lat' dir='ltr'><strong>Invidiae</strong></span> <span class='ocrx_word' id='word_1_620' title='bbox 2262 4050 2514 4121; x_wconf 88' lang='lat' dir='ltr'><strong>objicitur</strong></span> <span class='ocrx_word' id='word_1_621' title='bbox 2544 4070 2556 4104; x_wconf 92' lang='lat'>:</span> <span class='ocrx_word' id='word_1_622' title='bbox 2589 4066 2794 4120; x_wconf 84' lang='lat' dir='ltr'><strong>pernox</strong></span> <span class='ocrx_word' id='word_1_623' title='bbox 2825 4061 2908 4106; x_wconf 90' lang='lat' dir='ltr'><strong>est</strong></span> <span class='ocrx_word' id='word_1_624' title='bbox 2929 4065 3058 4106; x_wconf 88' lang='lat' dir='ltr'><strong>cura</strong></span> <span class='ocrx_word' id='word_1_625' title='bbox 3088 4050 3344 4118; x_wconf 87' lang='lat' dir='ltr'><strong>disertis;</strong></span> 
     </span>
    </p>
   </div>
   <div class='ocr_carea' id='block_1_105' title="bbox 2019 4144 3367 4216">
    <p class='ocr_par' dir='ltr' id='par_1_105' title="bbox 2019 4144 3367 4216">
     <span class='ocr_line' id='line_1_105' title="bbox 2019 4144 3367 4216; baseline 0.001 -16"><span class='ocrx_word' id='word_1_626' title='bbox 2019 4144 2129 4201; x_wconf 90' lang='lat' dir='ltr'><strong>Sed</strong></span> <span class='ocrx_word' id='word_1_627' title='bbox 2155 4144 2306 4200; x_wconf 86' lang='lat' dir='ltr'><strong>rudis</strong></span> <span class='ocrx_word' id='word_1_628' title='bbox 2332 4155 2527 4200; x_wconf 89' lang='lat' dir='ltr'><strong>ornatu</strong></span> <span class='ocrx_word' id='word_1_629' title='bbox 2557 4145 2683 4200; x_wconf 69' lang='lat' dir='ltr'><strong>vitae</strong></span> <span class='ocrx_word' id='word_1_630' title='bbox 2710 4154 2884 4200; x_wconf 85' lang='lat' dir='ltr'><strong>caret.</strong></span> <span class='ocrx_word' id='word_1_631' title='bbox 2929 4145 3061 4201; x_wconf 86' lang='lat' dir='ltr'><strong>Esto</strong></span> <span class='ocrx_word' id='word_1_632' title='bbox 3087 4155 3367 4216; x_wconf 89' lang='lat' dir='ltr'><strong>patronus,</strong></span> 
     </span>
    </p>
   </div>
   <div class='ocr_carea' id='block_1_106' title="bbox 2021 4236 3294 4307">
    <p class='ocr_par' dir='ltr' id='par_1_106' title="bbox 2021 4236 3294 4307">
     <span class='ocr_line' id='line_1_106' title="bbox 2021 4236 3294 4307; baseline 0.002 -15"><span class='ocrx_word' id='word_1_633' title='bbox 2021 4236 2092 4292; x_wconf 86' lang='lat' dir='ltr'><strong>Et</strong></span> <span class='ocrx_word' id='word_1_634' title='bbox 2111 4237 2344 4294; x_wconf 91' lang='lat' dir='ltr'><strong>defende</strong></span> <span class='ocrx_word' id='word_1_635' title='bbox 2374 4251 2496 4292; x_wconf 90' lang='lat' dir='ltr'><strong>reos</strong></span> <span class='ocrx_word' id='word_1_636' title='bbox 2527 4254 2540 4291; x_wconf 93' lang='lat'><strong>:</strong></span> <span class='ocrx_word' id='word_1_637' title='bbox 2572 4237 2669 4292; x_wconf 92' lang='lat' dir='ltr'><strong>sed</strong></span> <span class='ocrx_word' id='word_1_638' title='bbox 2701 4237 2870 4307; x_wconf 86' lang='lat' dir='ltr'><strong>gratia</strong></span> <span class='ocrx_word' id='word_1_639' title='bbox 2904 4252 3026 4292; x_wconf 90' lang='lat' dir='ltr'><strong>rara</strong></span> <span class='ocrx_word' id='word_1_640' title='bbox 3056 4238 3294 4294; x_wconf 90' lang='lat' dir='ltr'><strong>clientis.</strong></span> 
     </span>
    </p>
   </div>
   <div class='ocr_carea' id='block_1_107' title="bbox 2023 4328 3368 4401">
    <p class='ocr_par' dir='ltr' id='par_1_107' title="bbox 2023 4328 3368 4401">
     <span class='ocr_line' id='line_1_107' title="bbox 2023 4328 3368 4401; baseline -0.001 -14"><span class='ocrx_word' id='word_1_641' title='bbox 2023 4330 2157 4387; x_wconf 87' lang='lat' dir='ltr'><strong>Esto</strong></span> <span class='ocrx_word' id='word_1_642' title='bbox 2183 4331 2390 4386; x_wconf 89' lang='lat' dir='ltr'><strong>cliens:</strong></span> <span class='ocrx_word' id='word_1_643' title='bbox 2419 4330 2598 4401; x_wconf 87' lang='lat' dir='ltr'><strong>gravis</strong></span> <span class='ocrx_word' id='word_1_644' title='bbox 2627 4328 2842 4398; x_wconf 88' lang='lat' dir='ltr'><strong>imperii</strong></span> <span class='ocrx_word' id='word_1_645' title='bbox 2866 4344 3099 4399; x_wconf 83' lang='lat' dir='ltr'><strong>persona</strong></span> <span class='ocrx_word' id='word_1_646' title='bbox 3133 4333 3368 4401; x_wconf 88' lang='lat' dir='ltr'><strong>patroni.</strong></span> 
     </span>
    </p>
   </div>
   <div class='ocr_carea' id='block_1_108' title="bbox 2026 4421 3437 4492">
    <p class='ocr_par' dir='ltr' id='par_1_108' title="bbox 2026 4421 3437 4492">
     <span class='ocr_line' id='line_1_108' title="bbox 2026 4421 3437 4492; baseline -0.001 -13"><span class='ocrx_word' id='word_1_647' title='bbox 2026 4423 2294 4479; x_wconf 81' lang='lat' dir='ltr'><strong>Exercent</strong></span> <span class='ocrx_word' id='word_1_648' title='bbox 2317 4421 2464 4477; x_wconf 89' lang='lat' dir='ltr'><strong>hunc</strong></span> <span class='ocrx_word' id='word_1_649' title='bbox 2493 4429 2619 4476; x_wconf 81' lang='lat' dir='ltr'><strong>vota</strong></span> <span class='ocrx_word' id='word_1_650' title='bbox 2653 4431 2887 4490; x_wconf 86' lang='lat' dir='ltr'><strong>patrum.</strong></span> <span class='ocrx_word' id='word_1_651' title='bbox 2923 4421 3043 4475; x_wconf 87' lang='lat' dir='ltr'><strong>Mox</strong></span> <span class='ocrx_word' id='word_1_652' title='bbox 3065 4437 3260 4492; x_wconf 88' lang='lat' dir='ltr'><strong>aspera</strong></span> <span class='ocrx_word' id='word_1_653' title='bbox 3291 4425 3437 4478; x_wconf 89' lang='lat' dir='ltr'><strong>curis</strong></span> 
     </span>
    </p>
   </div>
   <div class='ocr_carea' id='block_1_109' title="bbox 1945 4513 3421 4584">
    <p class='ocr_par' dir='ltr' id='par_1_109' title="bbox 1945 4513 3421 4584">
     <span class='ocr_line' id='line_1_109' title="bbox 1945 4513 3421 4584; baseline 0 -12"><span class='ocrx_word' id='word_1_654' title='bbox 1945 4516 2000 4579; x_wconf 90' lang='lat' dir='ltr'><strong>D</strong></span> <span class='ocrx_word' id='word_1_655' title='bbox 2025 4515 2351 4572; x_wconf 92' lang='lat' dir='ltr'><strong>Sollicitudo</strong></span> <span class='ocrx_word' id='word_1_656' title='bbox 2380 4514 2551 4582; x_wconf 86' lang='lat' dir='ltr'><strong>subit.</strong></span> <span class='ocrx_word' id='word_1_657' title='bbox 2577 4513 2964 4569; x_wconf 86' lang='lat' dir='ltr'><strong>Contemnitur</strong></span> <span class='ocrx_word' id='word_1_658' title='bbox 2990 4515 3124 4570; x_wconf 88' lang='lat' dir='ltr'><strong>orba</strong></span> <span class='ocrx_word' id='word_1_659' title='bbox 3146 4525 3421 4584; x_wconf 89' lang='lat' dir='ltr'><strong>senectus,</strong></span> 
     </span>
    </p>
   </div>
   <div class='ocr_carea' id='block_1_110' title="bbox 2026 4604 3258 4678">
    <p class='ocr_par' dir='ltr' id='par_1_110' title="bbox 2026 4604 3258 4678">
     <span class='ocr_line' id='line_1_110' title="bbox 2026 4604 3258 4678; baseline -0.002 -16"><span class='ocrx_word' id='word_1_660' title='bbox 2026 4606 2096 4662; x_wconf 85' lang='lat' dir='ltr'><strong>Et</strong></span> <span class='ocrx_word' id='word_1_661' title='bbox 2118 4606 2414 4678; x_wconf 89' lang='lat' dir='ltr'><strong>captatoris</strong></span> <span class='ocrx_word' id='word_1_662' title='bbox 2446 4605 2628 4677; x_wconf 62' lang='lat' dir='ltr'><strong>praeda</strong></span> <span class='ocrx_word' id='word_1_663' title='bbox 2661 4615 2745 4661; x_wconf 90' lang='lat' dir='ltr'><strong>est</strong></span> <span class='ocrx_word' id='word_1_664' title='bbox 2775 4604 3008 4661; x_wconf 65' lang='lat' dir='ltr'><strong>haeredis</strong></span> <span class='ocrx_word' id='word_1_665' title='bbox 3037 4621 3258 4677; x_wconf 87' lang='lat' dir='ltr'><strong>egenus.</strong></span> 
     </span>
    </p>
   </div>
   <div class='ocr_carea' id='block_1_111' title="bbox 2025 4698 3332 4771">
    <p class='ocr_par' dir='ltr' id='par_1_111' title="bbox 2025 4698 3332 4771">
     <span class='ocr_line' id='line_1_111' title="bbox 2025 4698 3332 4771; baseline 0 -17"><span class='ocrx_word' id='word_1_666' title='bbox 2025 4698 2204 4754; x_wconf 86' lang='lat' dir='ltr'><strong>Vitam</strong></span> <span class='ocrx_word' id='word_1_667' title='bbox 2236 4715 2432 4771; x_wconf 87' lang='lat' dir='ltr'><strong>parcus</strong></span> <span class='ocrx_word' id='word_1_668' title='bbox 2464 4714 2628 4770; x_wconf 85' lang='lat' dir='ltr'><strong>agas:</strong></span> <span class='ocrx_word' id='word_1_669' title='bbox 2661 4698 2802 4754; x_wconf 92' lang='lat' dir='ltr'><strong>avidi</strong></span> <span class='ocrx_word' id='word_1_670' title='bbox 2833 4699 3142 4756; x_wconf 87' lang='lat' dir='ltr'><strong>lacerabere</strong></span> <span class='ocrx_word' id='word_1_671' title='bbox 3169 4699 3332 4756; x_wconf 89' lang='lat' dir='ltr'><strong>fama.</strong></span> 
     </span>
    </p>
   </div>
   <div class='ocr_carea' id='block_1_112' title="bbox 2025 4792 3202 4864">
    <p class='ocr_par' dir='ltr' id='par_1_112' title="bbox 2025 4792 3202 4864">
     <span class='ocr_line' id='line_1_112' title="bbox 2025 4792 3202 4864; baseline 0.002 -16"><span class='ocrx_word' id='word_1_672' title='bbox 2025 4793 2095 4848; x_wconf 85' lang='lat' dir='ltr'><strong>At</strong></span> <span class='ocrx_word' id='word_1_673' title='bbox 2116 4792 2425 4864; x_wconf 87' lang='lat' dir='ltr'><strong>largitorem</strong></span> <span class='ocrx_word' id='word_1_674' title='bbox 2452 4792 2672 4864; x_wconf 86' lang='lat' dir='ltr'><strong>gravius</strong></span> <span class='ocrx_word' id='word_1_675' title='bbox 2694 4807 2920 4847; x_wconf 90' lang='lat' dir='ltr'><strong>censura</strong></span> <span class='ocrx_word' id='word_1_676' title='bbox 2950 4792 3202 4850; x_wconf 78' lang='lat' dir='ltr'><strong>notabit.’</strong></span> 
     </span>
    </p>
   </div>
   <div class='ocr_carea' id='block_1_113' title="bbox 2023 4882 3357 4959">
    <p class='ocr_par' dir='ltr' id='par_1_113' title="bbox 2023 4882 3357 4959">
     <span class='ocr_line' id='line_1_113' title="bbox 2023 4882 3357 4959; baseline 0.004 -22"><span class='ocrx_word' id='word_1_677' title='bbox 2023 4882 2230 4938; x_wconf 88' lang='lat' dir='ltr'><strong>Cuncta</strong></span> <span class='ocrx_word' id='word_1_678' title='bbox 2259 4884 2362 4940; x_wconf 90' lang='lat' dir='ltr'><strong>sibi</strong></span> <span class='ocrx_word' id='word_1_679' title='bbox 2384 4883 2628 4939; x_wconf 90' lang='lat' dir='ltr'><strong>adversis</strong></span> <span class='ocrx_word' id='word_1_680' title='bbox 2649 4884 2922 4938; x_wconf 86' lang='lat' dir='ltr'><strong>contraria</strong></span> <span class='ocrx_word' id='word_1_681' title='bbox 2946 4883 3180 4940; x_wconf 89' lang='lat' dir='ltr'><strong>casibus.</strong></span> <span class='ocrx_word' id='word_1_682' title='bbox 3214 4887 3357 4959; x_wconf 84' lang='lat' dir='ltr'><strong>Ergo</strong></span> 
     </span>
    </p>
   </div>
   <div class='ocr_carea' id='block_1_114' title="bbox 2027 4973 3531 5050">
    <p class='ocr_par' dir='ltr' id='par_1_114' title="bbox 2027 4973 3531 5050">
     <span class='ocr_line' id='line_1_114' title="bbox 2027 4973 3531 5050; baseline 0.005 -22"><span class='ocrx_word' id='word_1_683' title='bbox 2027 4973 2240 5045; x_wconf 89' lang='lat' dir='ltr'><strong>Optima</strong></span> <span class='ocrx_word' id='word_1_684' title='bbox 2270 4975 2556 5032; x_wconf 86' lang='lat' dir='ltr'><strong>Graiorum</strong></span> <span class='ocrx_word' id='word_1_685' title='bbox 2584 4977 2858 5032; x_wconf 89' lang='lat' dir='ltr'><strong>sententia</strong></span> <span class='ocrx_word' id='word_1_686' title='bbox 2885 4994 2898 5030; x_wconf 92' lang='lat'><strong>:</strong></span> <span class='ocrx_word' id='word_1_687' title='bbox 2932 4979 3132 5050; x_wconf 85' lang='lat' dir='ltr'><strong>quippe</strong></span> <span class='ocrx_word' id='word_1_688' title='bbox 3151 4978 3356 5035; x_wconf 84' lang='lat' dir='ltr'><strong>homini</strong></span> <span class='ocrx_word' id='word_1_689' title='bbox 3381 4983 3531 5037; x_wconf 90' lang='lat' dir='ltr'><strong>aiunt</strong></span> 
     </span>
    </p>
   </div>
   <div class='ocr_carea' id='block_1_115' title="bbox 2022 5066 3620 5143">
    <p class='ocr_par' dir='ltr' id='par_1_115' title="bbox 2022 5066 3620 5143">
     <span class='ocr_line' id='line_1_115' title="bbox 2022 5066 3620 5143; baseline 0.003 -20"><span class='ocrx_word' id='word_1_690' title='bbox 2022 5066 2141 5124; x_wconf 82' lang='lat' dir='ltr'><strong>Non</strong></span> <span class='ocrx_word' id='word_1_691' title='bbox 2159 5067 2306 5123; x_wconf 88' lang='lat' dir='ltr'><strong>nasci</strong></span> <span class='ocrx_word' id='word_1_692' title='bbox 2336 5083 2458 5124; x_wconf 89' lang='lat' dir='ltr'><strong>esse</strong></span> <span class='ocrx_word' id='word_1_693' title='bbox 2486 5068 2715 5134; x_wconf 92' lang='lat' dir='ltr'><strong>bonum,</strong></span> <span class='ocrx_word' id='word_1_694' title='bbox 2749 5079 2935 5123; x_wconf 88' lang='lat' dir='ltr'><strong>natum</strong></span> <span class='ocrx_word' id='word_1_695' title='bbox 2964 5080 3058 5124; x_wconf 90' lang='lat' dir='ltr'><strong>aut</strong></span> <span class='ocrx_word' id='word_1_696' title='bbox 3080 5071 3189 5127; x_wconf 92' lang='lat' dir='ltr'><strong>cito</strong></span> <span class='ocrx_word' id='word_1_697' title='bbox 3233 5081 3409 5128; x_wconf 89' lang='lat' dir='ltr'><strong>morte</strong></span> <span class='ocrx_word' id='word_1_698' title='bbox 3435 5073 3620 5143; x_wconf 91' lang='lat' dir='ltr'><strong>potiri.</strong></span> 
     </span>
    </p>
   </div>
   <div class='ocr_carea' id='block_1_116' title="bbox 3347 5169 3374 5186">
    <p class='ocr_par' dir='ltr' id='par_1_116' title="bbox 3347 5169 3374 5186">
     <span class='ocr_line' id='line_1_116' title="bbox 3347 5169 3374 5186; baseline 0 -5"><span class='ocrx_word' id='word_1_699' title='bbox 3347 5169 3374 5186; x_wconf 63' lang='grc' dir='ltr'><strong>ν</strong></span> 
     </span>
    </p>
   </div>
   <div class='ocr_carea' id='block_1_117' title="bbox 2557 5174 3413 5252">
    <p class='ocr_par' dir='ltr' id='par_1_117' title="bbox 2557 5174 3413 5252">
     <span class='ocr_line' id='line_1_117' title="bbox 2557 5174 3413 5252; baseline 0.001 -16"><span class='ocrx_word' id='word_1_700' title='bbox 2557 5181 2908 5252; x_wconf 61' lang='lat' dir='ltr'><strong>:lDYLLlUM</strong></span> <span class='ocrx_word' id='word_1_701' title='bbox 2939 5181 3080 5238; x_wconf 81' lang='lat' dir='ltr'><strong>XVI.</strong></span> <span class='ocrx_word' id='word_1_702' title='bbox 3333 5174 3413 5244; x_wconf 56' lang='lat'>&#39;1;</span> 
     </span>
    </p>
   </div>
   <div class='ocr_carea' id='block_1_118' title="bbox 2301 5275 3359 5354">
    <p class='ocr_par' dir='ltr' id='par_1_118' title="bbox 2301 5275 3359 5354">
     <span class='ocr_line' id='line_1_118' title="bbox 2301 5275 3359 5354; baseline 0.002 -24"><span class='ocrx_word' id='word_1_703' title='bbox 2301 5275 2381 5331; x_wconf 88' lang='lat' dir='ltr'><strong>De</strong></span> <span class='ocrx_word' id='word_1_704' title='bbox 2410 5276 2518 5330; x_wconf 78' lang='lat' dir='ltr'><strong>viro</strong></span> <span class='ocrx_word' id='word_1_705' title='bbox 2555 5275 2709 5331; x_wconf 81' lang='lat' dir='ltr'><strong>bono.</strong></span> <span class='ocrx_word' id='word_1_706' title='bbox 2743 5281 3055 5352; x_wconf 73' lang='grc' dir='ltr'><strong>Πυθαγορική</strong></span> <span class='ocrx_word' id='word_1_707' title='bbox 3096 5279 3359 5354; x_wconf 74' lang='grc' dir='ltr'><strong>ἀκρόασις.</strong></span> 
     </span>
    </p>
   </div>
   <div class='ocr_carea' id='block_1_119' title="bbox 2028 5369 3535 5440">
    <p class='ocr_par' dir='ltr' id='par_1_119' title="bbox 2028 5369 3535 5440">
     <span class='ocr_line' id='line_1_119' title="bbox 2028 5369 3535 5440; baseline 0.004 -19"><span class='ocrx_word' id='word_1_708' title='bbox 2028 5369 2124 5426; x_wconf 88' lang='lat' dir='ltr'><strong>Vir</strong></span> <span class='ocrx_word' id='word_1_709' title='bbox 2151 5369 2349 5438; x_wconf 89' lang='lat' dir='ltr'><strong>bonus,</strong></span> <span class='ocrx_word' id='word_1_710' title='bbox 2385 5379 2438 5425; x_wconf 91' lang='lat' dir='ltr'><strong>et</strong></span> <span class='ocrx_word' id='word_1_711' title='bbox 2462 5369 2705 5440; x_wconf 89' lang='lat' dir='ltr'><strong>sapiens,</strong></span> <span class='ocrx_word' id='word_1_712' title='bbox 2735 5369 2951 5440; x_wconf 90' lang='lat' dir='ltr'><strong>qualem</strong></span> <span class='ocrx_word' id='word_1_713' title='bbox 2978 5371 3066 5424; x_wconf 87' lang='lat' dir='ltr'><strong>vix</strong></span> <span class='ocrx_word' id='word_1_714' title='bbox 3094 5371 3340 5440; x_wconf 89' lang='lat' dir='ltr'><strong>repperit</strong></span> <span class='ocrx_word' id='word_1_715' title='bbox 3368 5386 3535 5427; x_wconf 90' lang='lat' dir='ltr'><strong>unum</strong></span> 
     </span>
    </p>
   </div>
   <div class='ocr_carea' id='block_1_120' title="bbox 2027 5461 3420 5530">
    <p class='ocr_par' dir='ltr' id='par_1_120' title="bbox 2027 5461 3420 5530">
     <span class='ocr_line' id='line_1_120' title="bbox 2027 5461 3420 5530; baseline 0 -13"><span class='ocrx_word' id='word_1_716' title='bbox 2027 5461 2266 5519; x_wconf 87' lang='lat' dir='ltr'><strong>Millibus</strong></span> <span class='ocrx_word' id='word_1_717' title='bbox 2293 5476 2325 5517; x_wconf 90' lang='lat' dir='ltr'><strong>e</strong></span> <span class='ocrx_word' id='word_1_718' title='bbox 2347 5461 2538 5516; x_wconf 90' lang='lat' dir='ltr'><strong>multis</strong></span> <span class='ocrx_word' id='word_1_719' title='bbox 2560 5461 2846 5516; x_wconf 91' lang='lat' dir='ltr'><strong>hominum</strong></span> <span class='ocrx_word' id='word_1_720' title='bbox 2877 5461 3161 5519; x_wconf 91' lang='lat' dir='ltr'><strong>consultus</strong></span> <span class='ocrx_word' id='word_1_721' title='bbox 3188 5462 3420 5530; x_wconf 82' lang='lat' dir='ltr'><strong>Apollo,</strong></span> 
     </span>
    </p>
   </div>
   <div class='ocr_carea' id='block_1_121' title="bbox 2029 5553 3410 5625">
    <p class='ocr_par' dir='ltr' id='par_1_121' title="bbox 2029 5553 3410 5625">
     <span class='ocr_line' id='line_1_121' title="bbox 2029 5553 3410 5625; baseline -0.002 -13"><span class='ocrx_word' id='word_1_722' title='bbox 2029 5553 2204 5612; x_wconf 80' lang='lat' dir='ltr'><strong>Judex</strong></span> <span class='ocrx_word' id='word_1_723' title='bbox 2228 5554 2345 5625; x_wconf 86' lang='lat' dir='ltr'><strong>ipse</strong></span> <span class='ocrx_word' id='word_1_724' title='bbox 2374 5553 2479 5619; x_wconf 89' lang='lat' dir='ltr'><strong>sui,</strong></span> <span class='ocrx_word' id='word_1_725' title='bbox 2515 5561 2686 5608; x_wconf 89' lang='lat' dir='ltr'><strong>totum</strong></span> <span class='ocrx_word' id='word_1_726' title='bbox 2708 5568 2768 5608; x_wconf 91' lang='lat' dir='ltr'><strong>se</strong></span> <span class='ocrx_word' id='word_1_727' title='bbox 2789 5553 3037 5622; x_wconf 79' lang='lat' dir='ltr'><strong>explorat</strong></span> <span class='ocrx_word' id='word_1_728' title='bbox 3063 5553 3130 5608; x_wconf 90' lang='lat' dir='ltr'><strong>ad</strong></span> <span class='ocrx_word' id='word_1_729' title='bbox 3155 5569 3410 5623; x_wconf 84' lang='lat' dir='ltr'><strong>unguem.</strong></span> 
     </span>
    </p>
   </div>
   <div class='ocr_carea' id='block_1_122' title="bbox 2032 5644 3486 5719">
    <p class='ocr_par' dir='ltr' id='par_1_122' title="bbox 2032 5644 3486 5719">
     <span class='ocr_line' id='line_1_122' title="bbox 2032 5644 3486 5719; baseline -0.003 -17"><span class='ocrx_word' id='word_1_730' title='bbox 2032 5646 2171 5716; x_wconf 84' lang='lat' dir='ltr'><strong>Quid</strong></span> <span class='ocrx_word' id='word_1_731' title='bbox 2203 5660 2483 5717; x_wconf 87' lang='lat' dir='ltr'><strong>proceres,</strong></span> <span class='ocrx_word' id='word_1_732' title='bbox 2519 5645 2753 5716; x_wconf 89' lang='lat' dir='ltr'><strong>vanique</strong></span> <span class='ocrx_word' id='word_1_733' title='bbox 2785 5644 2924 5700; x_wconf 87' lang='lat' dir='ltr'><strong>ferat</strong></span> <span class='ocrx_word' id='word_1_734' title='bbox 2945 5644 3074 5714; x_wconf 88' lang='lat' dir='ltr'><strong>quid</strong></span> <span class='ocrx_word' id='word_1_735' title='bbox 3099 5646 3284 5716; x_wconf 89' lang='lat' dir='ltr'><strong>opinio</strong></span> <span class='ocrx_word' id='word_1_736' title='bbox 3313 5648 3486 5719; x_wconf 79' lang='lat' dir='ltr'><strong>vulgi,</strong></span> 
     </span>
    </p>
   </div>
   <div class='ocr_carea' id='block_1_123' title="bbox 2035 5737 3631 5816">
    <p class='ocr_par' dir='ltr' id='par_1_123' title="bbox 2035 5737 3631 5816">
     <span class='ocr_line' id='line_1_123' title="bbox 2035 5737 3631 5816; baseline 0.001 -17"><span class='ocrx_word' id='word_1_737' title='bbox 2035 5738 2302 5816; x_wconf 74' lang='lat' dir='ltr'><strong>Securus,</strong></span> <span class='ocrx_word' id='word_1_738' title='bbox 2326 5737 2515 5797; x_wconf 89' lang='lat' dir='ltr'><strong>mundi</strong></span> <span class='ocrx_word' id='word_1_739' title='bbox 2537 5737 2951 5808; x_wconf 80' lang='lat' dir='ltr'><strong>instarhabens,</strong></span> <span class='ocrx_word' id='word_1_740' title='bbox 2975 5746 3142 5807; x_wconf 87' lang='lat' dir='ltr'><strong>teres,</strong></span> <span class='ocrx_word' id='word_1_741' title='bbox 3157 5747 3315 5811; x_wconf 88' lang='lat' dir='ltr'><strong>atque</strong></span> <span class='ocrx_word' id='word_1_742' title='bbox 3337 5743 3631 5801; x_wconf 87' lang='lat' dir='ltr'><strong>rotundus:</strong></span> 
     </span>
    </p>
   </div>
   <div class='ocr_carea' id='block_1_124' title="bbox 2991 5831 3072 5895">
    <p class='ocr_par' dir='ltr' id='par_1_124' title="bbox 2991 5831 3072 5895">
     <span class='ocr_line' id='line_1_124' title="bbox 2991 5831 3072 5895; baseline 0.037 -3"><span class='ocrx_word' id='word_1_743' title='bbox 2991 5831 3072 5895; x_wconf 74' lang='lat'><strong>29</strong></span> 
     </span>
    </p>
   </div>
  </div>
