4108 6188
475 228 580 287 901

471 345 732 401 Externa:
761 354 832 395 ne
853 337 982 409 quid
1015 336 1151 393 labis
1183 350 1280 407 per
1301 335 1441 392 levia
1474 333 1639 390 sidat.

472 437 593 501 llle,
620 435 738 490 dies
759 447 923 506 quam
958 432 1152 503 longus
1180 430 1288 486 erit
1309 429 1409 486 sub
1431 430 1614 486 sidere
1637 428 1862 495 Cancri,

473 529 798 597 Quantaque
824 540 932 581 nox
957 523 1170 593 tropico
1189 537 1248 579 se
1272 521 1496 593 porrigit
1517 522 1572 578 in
1602 520 1965 592 Capricorno,

469 623 708 693 Cogitat,
733 619 947 690 etjusto
979 617 1199 672 trutina:
1218 630 1278 672 se
1304 615 1556 673 examine
1586 614 1797 684 pendit,

470 713 553 770 Ne
580 712 713 784 quid
737 711 870 779 hiet,
900 726 969 766 ne
990 709 1120 781 quid
1150 707 1495 781 protuberet,
1519 707 1752 786 angulus
1781 706 1954 778 requis

474 804 735 861 Partibus
760 813 821 858 ut
850 801 1136 878 coeat,_nil
1166 811 1224 857 ut
1250 799 1716 858 deliretamussis.

475 897 562 954 Sit
583 895 818 952 solidum
842 894 1225 965 quodcumque
1264 893 1459 950 subest
1491 909 1506 948 :
1537 907 1639 948 nec
1662 891 1844 948 inania
1888 889 2079 951 subter

474 990 684 1046 lndicet
707 989 957 1044 admotus
987 986 1173 1058 digitis
1197 986 1528 1057 pellentibus
1561 987 1722 1044 ictus.

471 1083 594 1142 Non
626 1084 774 1154 prius
805 1083 856 1136 in
880 1081 1098 1137 dulcem
1130 1079 1594 1136 declinatlumina
1623 1094 1900 1146 somnum,

471 1177 666 1234 Omnia
697 1189 857 1246 quam
886 1173 1034 1245 longi
1062 1171 1401 1242 reputaverit
1442 1179 1564 1227 acta
1587 1169 1718 1227 diei.

478 1268 613 1336 Quae
641 1265 1107 1338 praetergressus?
1135 1263 1264 1334 quid
1301 1271 1514 1334 gestum
1552 1262 1606 1320 in
1641 1261 1921 1332 tempore?
1949 1258 2078 1330 quid

1871 1352 2039 1424 [uon?

470 1451 581 1508 Cur
612 1451 700 1506 isti
732 1450 876 1506 facto
901 1449 1071 1506 decus
1101 1447 1298 1513 adfuit;
1325 1457 1416 1503 aut
1451 1446 1595 1503 ratio
1625 1446 1736 1504 illi?

465 1546 607 1616 Quid
629 1543 765 1600 mihi
795 1545 1137 1614 praeteritum
1156 1544 1180 1597 ?
1199 1558 1298 1598 cur
1325 1541 1442 1596 haec
1475 1541 1746 1599 sententia
1770 1539 1932 1601 sedit.

467 1638 638 1705 Quam
673 1636 866 1692 melius
893 1644 1102 1690 mutare
1133 1634 1276 1689 fuit?
1298 1633 1590 1689 miseratus
1621 1640 1896 1702 egentem,

471 1732 584 1789 Cur
611 1732 850 1802 aliquem
877 1729 1047 1785 fracta
1067 1730 1311 1799 persensi
1338 1736 1523 1783 mente
1548 1727 1826 1784 dolorem?

472 1823 618 1893 Quid
642 1823 814 1890 volui,
845 1822 989 1892 quod
1013 1821 1160 1876 nolle
1188 1821 1389 1876 bonum
1424 1818 1590 1875 foret?
1613 1819 1743 1874 utile
1771 1818 2004 1876 honesto

469 1921 581 1976 Cur
610 1918 788 1972 malus
815 1915 1071 1971 antetuli?
1094 1930 1220 1970 num
1252 1915 1424 1980 dicto,
1442 1912 1791 1982 autdenique
1815 1913 1966 1967 vultu

471 2010 804 2068 Perstrictus
825 2008 1138 2079 quisquam?
1166 2023 1264 2063 cur
1309 2022 1396 2062 me
1442 2015 1634 2062 natura
1680 2007 1874 2077 magis,
1908 2019 2072 2075 quam

468 2103 766 2176 Disciplina
796 2103 1003 2160 trahit?
1028 2102 1120 2158 Sic
1148 2102 1296 2158 dicta
1329 2103 1534 2156 etfacta
1559 2115 1657 2172 per
1683 2101 1868 2156 omnia

464 2195 807 2269 Ingrediens,
835 2205 1118 2266 ortoquea
1139 2209 1370 2264 vespere
1401 2203 1596 2250 cuncta
1627 2192 1936 2259 revolvens,

467 2290 720 2350 Oﬂ‘ensus
743 2290 944 2362 pravis,
969 2288 1064 2344 dat
1087 2288 1321 2359 palmam
1347 2297 1404 2342 et
1435 2285 1658 2356 praemia
1675 2286 1864 2372 rectis:

1018 2401 1349 2458 IDYLLIUM
1380 2400 1543 2456 XVII.

895 2517 1000 2574 Νη
1032 2520 1117 2575 καὶ
1146 2527 1250 2589 ΟὙΔ
1274 2518 1633 2593 Πυθαγορικόν.

466 2631 567 2692 Est
597 2643 651 2691 et
675 2633 820 2702 Non,
848 2633 1032 2690 cuncti
1065 2631 1446 2704 monosyllaba
1474 2640 1604 2691 nota
1627 2630 1993 2702 frequentant.

467 2727 563 2784 His
583 2724 840 2793 demptis,
868 2724 999 2783 nihil
1028 2732 1134 2789 est,
1152 2722 1432 2778 hominum
1464 2721 1609 2794 quod
1636 2737 1821 2779 sermo
1838 2721 2066 2790 volutet,

469 2816 672 2882 Omnia,
697 2817 750 2871 in
781 2814 886 2881 his,
915 2823 969 2870 et
995 2814 1064 2871 ab
1095 2814 1180 2869 his
1205 2822 1333 2870 sunt
1362 2812 1565 2882 omnia,
1600 2813 1714 2868 sive
1745 2812 1927 2884 negoti

461 2908 592 2966 Sive
615 2907 689 2962 oti
711 2905 1004 2978 quidquam
1034 2915 1140 2971 est,
1172 2919 1270 2962 seu
1307 2905 1502 2971 turbrc,
1530 2905 1646 2962 sive
1677 2905 1896 2976 quietis.

461 3002 746 3058 Alterutro
778 3000 989 3071 pariter
1013 3013 1442 3070 nonnumquam,
1473 3013 1620 3069 smpe
1649 2997 1852 3060 seorsis

461 3094 742 3150 Obsistunt
765 3091 960 3156 studiis
985 3108 997 3144 :
1023 3101 1079 3146 ut
1101 3105 1306 3158 mores,
1339 3090 1724 3162 ingeniumque

464 3183 565 3240 Vel
593 3181 803 3246 faciles,
836 3180 920 3234 vel
951 3179 1199 3235 difficiles
1224 3179 1505 3236 contentio
1528 3192 1684 3237 nacta
1707 3191 1816 3240 est.

463 3274 563 3330 Sin
591 3269 957 3335 consentitur,
986 3283 1140 3324 mora
1170 3269 1343 3336 nulla,
1378 3269 1691 3338 intervenit,
1724 3272 1840 3342 Est,
1872 3273 1988 3336 Est,

462 3364 560 3421 Sin
582 3371 1023 3428 controversum,
1049 3359 1320 3416 dissensio
1344 3359 1622 3432 subjiciet,
1651 3361 1791 3421 Non.

460 3458 602 3514 llinc
626 3458 742 3513 fora
771 3455 1068 3512 dissultant
1099 3455 1434 3512 clamoribus
1466 3472 1480 3509 :
1511 3453 1638 3510 hinc
1667 3455 1862 3514 furiosi

458 3550 644 3622 Jurgia
669 3559 796 3605 sunt
823 3547 966 3605 Circi
992 3565 1008 3602 :
1040 3548 1257 3606 cuneati
1289 3546 1419 3604 hinc
1449 3547 1572 3603 laeta
1622 3549 1818 3608 theatri

459 3644 698 3712 Seditio;
731 3651 788 3702 et
811 3643 951 3700 tales
979 3643 1146 3715 agitat
1176 3657 1396 3714 quoque
1428 3643 1576 3700 curia
1605 3642 1752 3702 lites.

459 3733 746 3806 Conjugia,
777 3741 834 3790 et
854 3733 968 3790 nati
994 3747 1116 3790 cum
1151 3732 1413 3803 patribus,
1447 3731 1548 3792 ista
1572 3732 1770 3804 quietis

455 3826 638 3883 Verba
665 3833 857 3883 serunt
884 3823 1104 3893 studiis,
1129 3823 1279 3882 salva
1305 3823 1507 3896 pietate
1533 3824 1844 3896 loquentes.

453 3923 596 3978 l'linc
615 3921 778 3976 etiam
808 3919 1023 3991 placitis
1048 3917 1239 3974 schola
1264 3934 1503 3974 consona
1535 3919 1841 3993 disciplinis

457 4014 804 4088 Dogmaticas
824 4015 992 4086 agitat
1018 4011 1232 4083 placido
1261 4013 1563 4070 certamine
1592 4013 1736 4072 lites.

451 4108 594 4163 llinc
615 4107 794 4164 omnis
822 4114 994 4162 certat
1026 4104 1308 4162 dialectica
1335 4105 1492 4163 turba
1523 4105 1847 4178 sephorum,

451 4199 559 4256 Est
583 4201 704 4264 lux,
723 4207 878 4256 estne
907 4197 1025 4254 dies
1053 4198 1216 4270 ergo?
1248 4212 1356 4252 non
1390 4199 1862 4261 convenitisthuc.

451 4291 589 4347 Nam
617 4290 822 4350 facibus
851 4289 1058 4355 multis,
1087 4297 1181 4345 aut
1207 4289 1512 4360 fulguribus
1542 4293 1799 4364 quotiens
1827 4293 1919 4356 lux

450 4382 554 4438 Est
580 4389 843 4440 nocturna
879 4379 1108 4450 homini,
1135 4396 1244 4436 non
1274 4392 1356 4438 est
1379 4381 1473 4436 lux
1501 4383 1602 4442 ista
1636 4384 1764 4442 diei.

1882 217 2065 276 DECll
2102 217 2376 278 AUSONII

2061 344 2066 349 '
2097 336 2149 408 Α
2177 333 2364 403 Qualis
2377 333 2482 388 vita
2500 331 2808 401 hominum,
2831 329 2939 386 duo
2951 341 3110 399 quam
3134 324 3510 398 monosyllaba
3526 326 3781 382 versant!

3673 202 3790 264 908

2705 463 3036 522 IDYLLIUM
3063 462 3250 518 XVIII.

2500 561 2580 618 De
2597 562 2837 619 aatatibus
2858 559 3162 615 animalium
3191 557 3508 612 Hesiodiou.

2181 680 2288 736 Ter
2315 679 2473 750 binos
2503 677 2796 750 deciesque
2821 690 3024 731 novem
3054 688 3219 745 super
3250 670 3364 728 exit
3393 671 3447 726 in
3477 685 3650 727 annos
3679 712 3697 738 ,

2181 774 2331 830 Justa
2360 780 2743 829 senescentum
2775 783 2912 840 quos
2938 767 3124 839 implet
3157 767 3263 822 vita
3295 766 3558 821 virorum.

2182 869 2294 924 llos
2326 867 2517 924 novies
2544 873 2769 937 superat
2790 861 3026 920 vivendo
3055 860 3272 931 garrula
3301 859 3494 914 cornix
3527 877 3538 910 :

2183 961 2252 1018 Et
2277 969 2471 1033 quater
2496 957 2776 1032 egreditur
2798 954 3033 1014 cornicis
3055 953 3252 1009 saecula
3274 966 3487 1008 cervus.

2182 1053 2464 1118 Alipedem
2487 1066 2711 1110 cervum
2737 1058 2821 1106 ter
2841 1047 3008 1104 vineit
3031 1061 3226 1112 corvus
3253 1065 3264 1099 ε
3299 1054 3358 1101 et
3390 1044 3542 1100 illum

2178 1144 2501 1216 Multiplicat
2531 1142 2723 1200 novies
2755 1139 3004 1207 Phaenix,
3036 1135 3360 1208 reparabilis
3388 1135 3524 1190 ales.

2180 1237 2354 1306 Quam
2382 1251 2476 1291 vos
2501 1242 2763 1306 perpetuo
2793 1230 2975 1286 decies
2999 1227 3327 1301 praevertitis
3350 1240 3468 1280 mro

2179 1331 2446 1405 Nympha:
2469 1325 2877 1400 Hamadryades
2903 1343 2914 1378 :
2941 1337 3168 1405 quarum
3195 1319 3510 1391 longissima
3532 1317 3643 1374 vita
3674 1327 3781 1374 est.

2181 1402 2246 1482 lli
2277 1424 2534 1482 cohibent
2560 1423 2696 1478 fines
2720 1418 2928 1476 vivacia
2958 1402 3063 1472 fata
3095 1415 3454 1470 animantum.

2179 1522 2394 1577 Caetera
2424 1519 2620 1576 secreti
2651 1514 2799 1570 novit
2818 1513 2952 1568 deus
2982 1508 3188 1564 arbiter
3213 1507 3313 1564 aevi

2181 1617 2452 1686 Tempora
2481 1632 2493 1666 :
2523 1627 2642 1683 qua:
2663 1609 2874 1667 Stilbon
2899 1606 3103 1675 volvat,
3130 1619 3249 1682 qua:
3277 1601 3480 1659 saecula
3506 1599 3783 1667 Pluenon,

2106 1723 2156 1794 Β
2181 1707 2327 1776 Quos
2355 1705 2549 1777 Pyrois
2584 1703 2801 1770 habeat,
2837 1715 2974 1780 quos
3003 1697 3212 1770 Jupiter
3244 1696 3368 1766 igne
3396 1693 3632 1762 benigno

2179 1799 2454 1857 Circuitus
2487 1816 2500 1853 :
2532 1797 2673 1870 quali
2702 1806 2956 1867 properet
2983 1791 3172 1849 Venus
3200 1790 3339 1845 alma
3372 1801 3597 1844 recursu
3635 1803 3648 1838 :

2067 1927 2072 1931 -
2178 1893 2281 1963 Qui
2310 1892 2573 1959 thben,
2606 1889 2794 1963 quanti
2822 1895 3079 1943 maneant
3107 1885 3297 1940 Titana
3330 1881 3567 1938 labores.

2178 1986 2362 2041 Donec
2391 1990 2736 2053 consumpto,
2771 1980 2995 2054 Magnus
3026 1977 3119 2050 qui
3146 1975 3362 2042 dicitur,
3390 1987 3536 2029 anno

2176 2076 2386 2132 Rursus
2408 2075 2465 2130 in
2494 2074 2777 2144 antiquum
2807 2071 3030 2127 veniant
3059 2083 3191 2139 vaga
3212 2065 3394 2122 sidera
3422 2078 3644 2120 cursum
3677 2079 3692 2116 :

2175 2168 2365 2237 Qualia
2397 2165 2646 2238 dispositi
2675 2171 2944 2222 steterant
2968 2162 3037 2218 ab
3065 2161 3276 2232 origine
3306 2157 3517 2234 mundi.

2707 2275 3037 2342 lDYLLlUM
3061 2272 3206 2334 XIX.

2479 2372 2536 2428 Μ
2541 2371 2809 2430 onosticha
2831 2369 2894 2428 de
2916 2368 3168 2428 (erumnis
3199 2364 3467 2420 Herculis.

2172 2494 2354 2549 Prima
2377 2489 2615 2549 Cleonaei
2646 2489 2874 2543 tolerata
2905 2499 3150 2540 aerumna
3179 2483 3402 2539 Leonis.

2173 2585 2427 2641 Proxima
2458 2582 2739 2637 Lernaeam
2771 2579 2916 2633 ferro
2940 2585 2996 2634 et
3023 2576 3142 2635 face
3166 2574 3418 2630 contudit
3444 2569 3705 2643 hydram,

2173 2677 2294 2731 Mox
2325 2675 2757 2746 Erymantheum
2782 2671 2864 2724 vis
2894 2669 3053 2725 tertia
3075 2665 3315 2737 perculit
3336 2678 3554 2733 aprum.

2171 2767 2450 2838 IEripedis
2476 2774 2673 2836 quarto
2709 2762 3032 2818 tulit'aurea
3059 2773 3268 2814 cornua
3295 2757 3464 2813 cervi.

2170 2858 2580 2933 Stymphalidas
2611 2855 2821 2928 pepulit
2845 2855 3097 2910 volucres
3123 2850 3443 2908 discrimine
3470 2848 3690 2920 quinto.

2168 2950 2479 3008 Threiciam
2509 2956 2666 3005 sexto
2686 2946 2944 3018 spoliavit
2963 2947 3238 3002 Amazona
3261 2941 3502 2998 baltheo.

2168 3042 2408 3112 Septima
2438 3042 2495 3096 in
2526 3041 2730 3110 Augeat
2746 3036 2980 3093 stabulis
3010 3035 3258 3105 impensa
3290 3031 3518 3088 laboris.

2167 3138 2368 3193 Octava
2395 3134 2624 3204 expulso
2651 3131 2970 3187 numeratur
2997 3128 3198 3185 adorea
3230 3138 3407 3183 tauro.

2163 3229 2221 3284 ln
2253 3227 2568 3284 Diomedeis
2595 3225 2822 3281 victoria
2853 3237 2997 3278 nona
3024 3221 3323 3292 quadrigis.

2164 3321 2420 3391 Geryone
2450 3318 2720 3374 exstincto
2746 3315 3015 3374 decimam
3042 3314 3135 3370 dat
3157 3311 3378 3370 Hiberia
3408 3310 3669 3380 palmam.

2164 3412 2465 3469 Undecimo
2497 3411 2635 3466 mala
2666 3407 3024 3479 Hesperidum
3054 3406 3321 3464 destricta
3351 3403 3654 3473 triumpho.

2162 3502 2430 3560 Cerberus
2451 3501 2689 3559 extremi
2711 3513 2962 3570 suprema
2987 3507 3073 3555 est
3094 3507 3237 3556 meta
3259 3495 3486 3560 laboris.

2719 3619 3054 3677 IDYLLIUM
3086 3619 3209 3675 XX.

2520 3717 2796 3770 Musarum
2832 3716 3039 3769 inventa
3067 3721 3115 3767 et
3142 3729 3376 3767 munera.

2161 3831 2318 3888 CLIO
2338 3839 2490 3903 gesta
2521 3844 2746 3898 canens,
2778 3827 3070 3899 transactis
3095 3835 3341 3897 tempora
3363 3822 3565 3880 reddit.

2163 3922 2595 3982 MELPOMENE
2630 3923 2836 3994 tragico
2867 3921 3173 3992 proclamat
3201 3927 3393 3982 maesta
3424 3917 3608 3973 boatu.

2159 4015 2384 4072 Comica
2414 4014 2617 4071 lascivo
2646 4012 2843 4084 gaudet
2874 4027 3128 4067 sermone
3152 4008 3429 4065 THALIA.

2162 4108 2512 4182 Dulciloquos
2537 4106 2772 4163 calamos
2800 4103 3122 4161 EUTERPE
3152 4103 3370 4159 flatibus
3394 4110 3571 4174 urget.
3623 4104 3758 4175 ['get.

2157 4201 2640 4259 TERPSICHORE
2670 4201 2897 4256 affectus
2920 4189 3145 4255 citharis
3168 4205 3348 4253 movet
3377 4197 3630 4267 imperat,
3663 4211 3763 4252 au-

2159 4295 2366 4350 Plectra
2396 4309 2591 4366 gerens
2615 4290 2879 4364 ERATO,
2911 4293 3071 4348 saltat
3095 4290 3252 4362 pede,
3287 4289 3547 4355 carmine,
3578 4287 3756 4346 vultu.

2158 4385 2415 4441 Carmina
2444 4383 2781 4440 CALLlOPE
2813 4383 2968 4439 libris
2999 4383 3219 4440 heroica
3242 4381 3483 4438 mandat.

451 4475 554 4530 Est
581 4484 637 4532 et
659 4474 778 4531 Non
806 4473 993 4545 igitur,
1015 4472 1269 4543 quotiens
1291 4473 1468 4530 lucem
1499 4489 1623 4532 esse
1646 4475 1923 4536 fatendum
1947 4486 2052 4549 est,
2081 4488 2136 4558 υ
2161 4477 2419 4534 URANIE
2447 4477 2572 4535 eteli
2607 4486 2787 4534 motus
2818 4487 3113 4542 scrutatur,
3141 4487 3194 4534 et
3224 4488 3391 4532 astra.

450 4568 560 4626 Sed
586 4585 694 4625 non
724 4582 842 4624 esse
865 4566 1030 4623 diem.
1057 4566 1204 4622 Mille
1235 4567 1363 4622 hinc
1390 4569 1684 4624 certamina
1709 4580 1936 4643 surgunt
1968 4590 1980 4626 :

447 4660 588 4716 Hinc
617 4663 800 4731 pauci,
835 4659 990 4716 multi
1019 4671 1236 4730 quoque
1264 4659 1386 4713 talia
1433 4661 1886 4720 commeditantes

449 4754 727 4811 Murmure
751 4752 1012 4810 concluso
1034 4751 1258 4808 rabiosa
1290 4751 1504 4810 silentia
1533 4754 1754 4814 rodunt.

441 4915 2138 4943 .___——-—-————-————-—-—-—-—--—_———-—-—-———

2160 4569 2346 4642 Signat
2373 4578 2567 4626 cuncta
2607 4584 2792 4638 manu,
2835 4568 3075 4640 loquitur
3104 4568 3553 4625 POLYHYMNIA
3571 4585 3752 4642 gestu.

2159 4663 2352 4718 Mentis
2383 4661 2685 4735 Apollinem
2707 4663 2790 4717 vis
2821 4661 2918 4718 has
2949 4671 3135 4717 movet
3165 4662 3401 4732 undique
3426 4663 3621 4719 Musas.

2156 4757 2212 4812 ln
2237 4753 2415 4813 medio
2441 4755 2687 4812 residens
2713 4756 3094 4827 complectitur
3125 4756 3306 4812 omnia
3341 4755 3598 4813 Pbmbus.

1668 4935 2504 5092 ECLOGARTUM.

987 5127 1067 5186 De
1093 5129 1296 5186 ratione
1321 5127 1509 5186 Libra.

438 5223 648 5286 Miraris
672 5227 1003 5298 quicumque
1028 5237 1253 5284 manere
1283 5221 1522 5294 ingentia
1546 5224 1734 5280 mundi

437 5324 702 5398 Corpora,
736 5319 958 5380 sublimi
981 5316 1105 5374 cmli
1129 5315 1463 5372 circumdata
1493 5331 1630 5390 gyro
1645 5359 1660 5385 ,

434 5420 507 5476 Et
529 5427 693 5474 t-intze
719 5415 924 5474 nullam
957 5413 1085 5472 moli
1116 5412 1463 5469 intercedere
1491 5412 1667 5472 labem
1695 5432 1708 5469 :

433 5515 640 5583 Accipe
667 5509 813 5584 quod
838 5509 1040 5568 mirere
1067 5506 1266 5578 magis.
1298 5504 1644 5566 Tenuissima
1678 5509 1839 5564 tantis

432 5606 731 5678 Principia,
762 5613 818 5662 et
837 5611 1054 5664 nostros
1067 5617 1174 5662 non
1200 5599 1540 5658 admittentia
1568 5600 1741 5670 visus,

427 5693 730 5766 Parvarum
752 5695 896 5758 serie
923 5700 1135 5756 constat
1161 5705 1413 5754 connexa
1435 5699 1764 5757 atomorum.

2147 5138 2256 5196 Sed
2284 5137 2520 5198 solidum
2549 5141 2600 5198 in
2626 5144 2832 5218 parvis,
2868 5140 3113 5217 nullique
3143 5146 3381 5206 sccahile
3407 5163 3654 5222 segmen,

2149 5231 2302 5289 Unde
2325 5232 2479 5306 vigor
2503 5233 2756 5310 viresque
2779 5247 3022 5311 manent,
3047 5249 3363 5312 aeternaque
3385 5256 3566 5306 rerum

2147 5327 2419 5385 Mobilitas
2445 5348 2456 5384 :
2492 5330 2752 5402 nulloque
2774 5348 3026 5404 umquam
3052 5318 3378 5406 superabilis
3405 5350 3542 5394 aevo.

2144 5419 2354 5476 Divinis
2379 5410 2613 5484 humana
2643 5422 2774 5481 licet
2801 5427 3256 5496 componere.Sic
3285 5436 3371 5484 est

2141 5512 2216 5569 As
2238 5513 2464 5585 solidus,
2496 5518 2750 5587 quoniam
2772 5519 2856 5578 bis
2883 5534 2980 5582 sex
3009 5521 3082 5580 de
3112 5522 3353 5596 partibus
3378 5524 3547 5596 aquis

2137 5605 2400 5674 Constat:
2425 5617 2482 5669 et
2509 5611 2561 5670 in
2581 5611 2820 5672 minimis
2841 5613 3062 5686 paribus
3081 5624 3261 5672 tamen
3289 5631 3395 5678 una
3427 5623 3612 5686 manet
3637 5616 3746 5678 vis.

2137 5691 2275 5756 Nam
2302 5695 2346 5757 sl
2376 5698 2504 5774 quid
2532 5715 2763 5771 numero
2785 5703 3082 5782 minuatur,
3113 5720 3324 5774 summa
3353 5705 3596 5791 vacillat,
