4108 6188
390 212 496 273 009

380 326 781 408 Convuisaeqne
811 346 972 394 ruunt
1001 341 1270 403 labefacto
1300 361 1535 423 corpore
1564 360 1747 424 partes
1781 374 1794 412 :

385 419 454 476 Ut
479 425 716 482 medium
744 429 789 483 si
818 434 937 502 quis
965 436 1127 493 vellat
1154 438 1221 494 de
1238 419 1443 500 fornice
1467 459 1690 517 saxum,

383 513 705 574 Incumbunt
733 525 822 577 cui
853 537 1069 598 cuncta,
1094 531 1253 587 simul
1286 534 1491 591 devexa
1519 550 1817 610 sequentur

382 608 612 677 Ca-tera,
637 628 1089 691 communemque
1117 625 1334 687 trahent
1357 643 1389 685 a
1415 608 1618 691 vertice
1650 632 1883 707 lapsum.

376 698 497 754 Non
526 702 686 760 aliter
709 705 843 762 libra
868 719 973 765 est.
1006 713 1060 769 Si
1091 714 1262 773 defuit
1292 720 1472 791 uncia,
1504 731 1652 779 tutus

373 792 496 850 Non
520 799 620 853 erit
666 814 730 857 as
764 819 776 852 :
824 818 1130 883 nomenque
1169 810 1345 867 deunx
1372 813 1484 884 jam
1518 831 1706 875 cassus
1735 817 1969 879 habebit.

376 883 486 941 Nec
515 886 747 945 dextans
777 894 975 952 retinet
1006 914 1223 968 nomen,
1250 883 1496 973 sextante
1520 919 1751 966 remoto.

376 976 447 1030 Et
471 977 727 1052 dodrans,
754 986 1060 1055 quadrante
1087 1003 1258 1062 satus,
1288 1006 1514 1054 auctore
1531 1001 1753 1058 carebit.

379 1067 734 1142 Divulsusque
767 1078 936 1133 triens
967 1083 1218 1150 prohibet
1251 1089 1543 1157 persistere
1565 1091 1799 1153 bessem.

374 1162 494 1219 Jam
524 1166 798 1236 quincunx
833 1172 925 1227 tibi
950 1177 1131 1232 nullus
1154 1180 1279 1251 erit,
1303 1184 1346 1236 si
1380 1184 1552 1255 prima
1582 1188 1837 1245 revellas.

372 1255 441 1310 Et
462 1259 649 1329 semis,
674 1262 759 1317 cui
790 1266 957 1321 semis
979 1270 1082 1323 erit
1112 1275 1461 1341 pereuntibus
1492 1278 1631 1334 assis

374 1347 644 1420 Partibus,
674 1366 730 1409 et
766 1357 923 1428 cujus
949 1360 1102 1418 libra:
1128 1381 1254 1435 pars
1283 1369 1534 1439 septima,
1568 1373 1836 1454 septunx?

372 1439 527 1497 Libra
560 1442 754 1516 igitur,
793 1458 963 1506 totum
995 1454 1040 1509 si
1073 1457 1219 1512 nulla
1249 1458 1299 1513 in
1330 1471 1485 1531 parte
1514 1445 1760 1524 vacillet.
1818 1469 1962 1543 [rum

368 1533 655 1609 Ponderis,
674 1552 725 1596 et
746 1548 976 1615 numeri,
994 1565 1334 1623 morumque,
1349 1571 1705 1632 Operumque,
1721 1573 1776 1618 et
1794 1580 1929 1638 aqua
1944 1597 1960 1608 -

368 1626 562 1685 Libra:
591 1644 690 1690 nec
705 1646 787 1692 est
802 1640 1077 1709 modulus,
1092 1661 1250 1715 quem
1278 1665 1386 1705 non
1403 1651 1503 1708 hoc
1517 1656 1735 1713 nomine
1756 1659 1959 1730 signes.

369 1720 624 1795 Telluris,
657 1730 835 1787 medio
861 1749 983 1804 qum
1006 1737 1205 1807 pendet
1230 1741 1281 1795 in
1311 1758 1461 1813 aere,
1494 1746 1629 1804 libra
1651 1759 1754 1806 est.

367 1812 433 1868 Et
450 1814 592 1871 Solis
622 1818 894 1893 Lunaeque
924 1826 1039 1881 vias
1068 1844 1163 1885 sua
1197 1831 1332 1888 libra
1360 1812 1599 1893 coercet.

366 1904 528 1961 Libra
557 1909 651 1977 dii,
682 1914 965 1986 somnique
995 1934 1153 1988 pares
1174 1921 1504 1982 determinat
1532 1927 1717 1987 horas.

364 1998 526 2054 Libra
542 1998 866 2062 Caledonios
893 2009 1012 2066 sine
1039 2012 1220 2070 littore
1250 2019 1496 2075 continet
1517 2032 1703 2079 aestus.

363 2090 443 2147 'l‘u
465 2107 683 2164 quoque
709 2109 857 2154 certa
890 2116 1047 2157 mane
1068 2120 1277 2162 morum
1302 2109 1433 2166 mihi
1455 2113 1590 2170 libra
1615 2131 1881 2174 meorum.

744 2281 824 2338 De
848 2286 1060 2342 ratione
1080 2293 1340 2362 puerperii
1369 2299 1578 2353 maturi.

360 2368 577 2437 Omnia,
600 2387 721 2442 qua:
750 2376 905 2431 vario
935 2394 1118 2434 rerum
1144 2384 1400 2440 metimur
1431 2388 1483 2442 in
1507 2398 1651 2455 actu,

360 2461 647 2519 Astrorum
672 2465 989 2525 dominatus
1010 2473 1143 2541 agit,
1170 2483 1500 2549 terrenaque
1529 2489 1736 2537 tantum
1755 2476 1772 2486 ’

358 2554 601 2614 Membra
630 2558 862 2632 homini,
891 2578 924 2620 e
947 2568 1164 2635 superis
1187 2569 1421 2639 fortuna,
1447 2583 1503 2629 et
1526 2575 1756 2645 spiritus
1778 2578 1948 2647 auris,

360 2652 603 2724 Septem
631 2657 969 2716 moderanda
993 2665 1163 2721 choro
1190 2683 1202 2718 :
1231 2667 1328 2722 sed
1358 2671 1613 2738 prasidet
1635 2673 1759 2729 ullis

359 2744 598 2803 Sortitus
626 2752 869 2820 regimen
894 2755 1080 2811 nitidae
1108 2759 1191 2813 sol
1217 2774 1416 2817 aureus
1436 2763 1646 2819 etiam.

354 2835 470 2893 Nec
484 2838 603 2895 sola
631 2841 686 2896 in
714 2844 872 2900 nobis
904 2848 1220 2907 moderatur
1245 2862 1488 2923 tempora
1520 2856 1669 2924 vitae,

356 2927 493 2984 Dum
524 2930 685 2989 breve
710 2936 934 2993 solliciti
963 2943 1201 3010 spatium
1226 2946 1577 3013 producimus
1598 2951 1698 3005 teri
1733 2970 1746 3003 :

344 3017 607 3079 Creditur
626 3027 980 3100 occultosqne
1001 3042 1171 3100 satus,
1203 3045 1259 3090 et
1286 3045 1530 3105 tempora
1554 3040 1680 3095 vita:

356 3112 601 3181 Materno
625 3116 872 3175 ducenda
899 3129 1079 3193 utero,
1103 3124 1342 3183 formare
1363 3128 1599 3185 videndo
1614 3172 1632 3199 ,

352 3204 419 3267 Ει
446 3209 687 3273 nondum
709 3223 921 3273 exortae
949 3217 1097 3288 leges
1122 3235 1456 3292 componere
1482 3225 1627 3281 vim.

351 3295 594 3370 Namque
618 3302 707 3365 ubi
734 3317 1036 3377 conceptus
1064 3312 1286 3381 genitali
1316 3315 1578 3379 insederit
1617 3318 1761 3386 alvo,

348 3387 506 3446 lland
530 3393 755 3459 dubium
774 3399 949 3457 solem
968 3403 1296 3474 cuicumque
1324 3408 1579 3467 insistere
1598 3412 1773 3483 signo.

343 3482 449 3548 Qui
479 3498 602 3539 cum
631 3486 796 3545 vicini
822 3491 1111 3551 stationem
1138 3498 1348 3565 ceperit
1373 3501 1528 3566 astri,

343 3575 645 3648 Centiguos
673 3581 879 3639 nullum
910 3586 1243 3645 transfundit
1270 3589 1455 3647 lumen
1485 3593 1538 3650 in
1564 3603 1737 3653 ortus.

342 3667 443 3725 Ast
472 3670 564 3733 ubi
594 3674 874 3732 conversis
903 3686 1026 3746 post
1046 3689 1322 3739 menstrua
1349 3691 1592 3755 tempora
1615 3685 1864 3759 habenis.

341 3762 566 3825 Scandit
594 3783 868 3838 purpureo
895 3772 1005 3840 jam
1040 3776 1200 3839 tertia
1228 3777 1408 3839 sidera
1438 3795 1601 3841 curru
1633 3801 1646 3840 :

342 3857 569 3929 Obliqua
600 3861 799 3926 erilem
830 3863 1053 3922 dimittit
1088 3867 1231 3925 linea
1264 3870 1464 3941 lucent,

341 3951 603 4021 Aspirans
631 3964 825 4017 tenues
852 3975 948 4026 per
974 3959 1172 4023 inertia
1205 3965 1447 4034 pondera
1474 3977 1679 4027 motus.

339 4042 538 4110 Quarta
564 4044 618 4101 in
643 4047 773 4105 sede
801 4052 941 4122 viget
961 4054 1120 4123 primi
1153 4056 1487 4129 indulgentia
1516 4063 1670 4121 solis.

340 4132 545 4192 Suadet
567 4147 623 4194 et
652 4139 863 4198 infusus
894 4154 1112 4207 teneros
1134 4150 1444 4209 coalescere
1472 4153 1661 4214 foetus.

335 4225 537 4299 Fulgor
557 4240 837 4304 tetragono
864 4246 1087 4309 aspectu
1110 4242 1278 4305 vitale
1304 4258 1582 4316 coruscat,

332 4318 550 4383 Clarum
580 4332 638 4380 et
656 4325 777 4383 lene
798 4328 1009 4388 micans
1036 4349 1048 4385 :
1080 4335 1255 4404 quinti
1284 4340 1375 4405 qui
1397 4340 1622 4401 cardine
1651 4342 1793 4414 signi

332 4411 529 4470 lncutit
557 4419 840 4480 attonitam
868 4434 1114 4493 vegetata
1144 4426 1352 4485 infante
1380 4441 1683 4499 parentem.

330 4505 467 4562 Nam
487 4517 641 4569 sexto
663 4511 740 4569 vis
768 4513 915 4571 nulla
937 4486 1068 4573 ioco
1095 4534 1110 4574 ς
1143 4521 1269 4589 quia
1296 4486 1442 4579 nulla
1947 4486 2003 4557 ι)

327 4596 551 4668 Αἰτιυωὶ
573 4600 756 4661 lateris
784 4606 1024 4676 signatur
1050 4611 1238 4681 regula
1263 4611 1489 4673 Phoebo.

327 4690 429 4749 Ast
454 4693 546 4749 ubi
565 4695 835 4766 signiferae
860 4701 1038 4757 media
1064 4703 1118 4758 in
1145 4707 1367 4776 regione
1389 4709 1633 4767 cohortis

327 4783 603 4855 Septimus
631 4793 842 4862 accepit
868 4793 1026 4851 limes
1052 4797 1332 4857 rutilantia
1366 4800 1600 4859 ﬂammis

326 4875 502 4935 Recto
528 4888 706 4938 castra
732 4884 872 4941 situ:
897 4888 1160 4959 turgentis
1189 4889 1394 4949 foedera
1429 4903 1612 4962 partus

325 4968 446 5026 Jam
476 4972 635 5043 plena
663 4974 765 5031 sub
794 4976 914 5033 luce
939 4978 1119 5037 videt:
1155 4996 1256 5038 nec
1287 4982 1496 5054 fulgura
1522 4986 1674 5056 parci

325 5060 570 5119 Luminis
590 5062 900 5135 intendens,
929 5078 1039 5126 toto
1070 5070 1214 5129 favet
1243 5073 1366 5146 igne
1395 5090 1632 5135 coronae.

325 5151 466 5209 Hinc
498 5154 651 5224 illud,
682 5158 827 5229 quod
856 5160 1129 5231 legitimos
1154 5163 1356 5223 Lucina
1389 5166 1608 5227 labores

324 5245 626 5316 Praevenit;
658 5259 715 5307 et
734 5252 989 5323 gravidos
1014 5257 1179 5311 sentit
1201 5258 1501 5335 subrepere
1534 5264 1694 5325 nixus

324 5340 468 5397 Ante
491 5352 861 5413 exspectatum
896 5345 1093 5404 festina
1117 5364 1378 5422 puerpera
1404 5366 1612 5411 vomm.

325 5428 481 5499 Quod
508 5434 638 5502 nisi,
661 5445 886 5507 septeno
914 5452 1034 5494 cum
1059 5440 1264 5498 lumina
1290 5441 1427 5500 fudit
1454 5447 1523 5503 ab
1550 5457 1718 5518 astro,

325 5520 610 5594 Impulerit
641 5529 778 5586 tardi
806 5532 1042 5589 claustra
1074 5532 1400 5593 obluctantia
1433 5550 1618 5611 partus
1644 5560 1660 5611 ;

326 5612 612 5674 Posterior
642 5630 894 5692 nequeat,
927 5624 1105 5695 possit
1136 5625 1283 5698 prior
1314 5646 1330 5689 :
1357 5644 1423 5691 an
1454 5635 1577 5703 quia
1608 5644 1763 5693 sexto

250 5704 259 5707 ’
346 5705 597 5769 Εωιιιυε
622 5711 807 5771 Octavi
825 5726 1149 5789 conspectus
1178 5718 1385 5778 inutilis
1412 5725 1546 5783 astri

1894 239 2214 315 δεμ)αά

2000 356 2055 421 Α
2079 358 2265 419 Nescit
2290 370 2617 438 compar-Hes
2647 373 2875 434 laterum
2897 380 3140 444 formare
3162 390 3398 461 figuras?

3583 281 3688 339 910

2090 450 2197 507 Sed
2233 471 2375 510 nono
2405 459 2726 523 incumbens
2745 470 2925 541 signo,
2945 484 3258 538 cunctantia
3288 496 3523 545 matrum

2084 541 2219 599 Vota
2244 546 2405 614 levat,
2432 553 2643 624 trigono
2668 558 2812 617 vires
2836 566 3081 625 sociante
3107 577 3374 644 sequenti.

2080 634 2214 690 Atsi
2240 637 2476 698 difﬁcilis
2507 645 2672 704 trahit
2700 649 2932 727 llytltyia

2080 724 2387 799 Tetragono
2412 733 2658 795 absolvet
2679 724 2962 803 dubiarum
2993 753 3168 811 vincla
3199 773 3496 820 morarum.

2642 950 2809 1027 Signa
2847 957 3093 1015 caelestia.

2075 1050 2156 1106 Ad
2186 1052 2372 1113 Borrae
2396 1069 2582 1133 partes
2609 1066 2757 1127 Arcti
2786 1069 3105 1142 junguntur,
3133 1089 3190 1137 et
3219 1085 3448 1156 Anguis.

2072 1140 2203 1199 Post
2234 1147 2331 1201 itas
2367 1151 2768 1229 Arctophylax,
2799 1140 3113 1240 pariterque
3138 1140 3378 1247 Coronva,
3404 1181 3667 1257 Genuque

2072 1236 2382 1315 Prolapsus,
2407 1244 2568 1321 Lyra,
2595 1248 2748 1320 Avis,
2771 1236 3044 1328 Cepheus,
3075 1273 3131 1321 et
3152 1236 3470 1342 Cassiopen,

2071 1331 2296 1404 Auriga,
2321 1339 2641 1409 ctPetsens,
2673 1346 2946 1418 Deltoton,
2975 1359 3407 1423 etAndromedte
3429 1380 3662 1440 aSIrum,

2070 1423 2327 1495 Pegasus,
2352 1442 2406 1487 ct
2432 1433 2753 1508 Delphinus,
2780 1442 2997 1515 Telum,
3021 1450 3239 1522 Aquila,
3267 1456 3666 1529 Anguitenens-

2070 1514 2306 1587 Signifer
2328 1522 2452 1578 inde
2470 1528 2656 1586 subest
2675 1532 2785 1589 :bis
2798 1552 2891 1592 sex
2906 1548 2961 1593 et
2984 1514 3166 1599 Sidera
3186 1514 3482 1620 complent.
3510 1558 3659 1629 [qne.

2068 1607 2165 1663 llic
2190 1610 2371 1682 Aries,
2406 1615 2640 1690 Taurus,
2669 1624 2906 1698 Gemini,
2930 1632 3157 1707 Cancer,
3188 1607 3328 1708 Leo,
3356 1607 3542 1717 Virgd,

1991 1736 2040 1807 Β
2065 1702 2249 1773 Libra,
2274 1708 2553 1783 Scorpius,
2588 1716 2933 1792 Arcitenens,
2960 1702 3348 1804 Capricornus,
3375 1748 3430 1795 et
3451 1702 3660 1801 limam

2069 1794 2169 1885 Qui
2197 1804 2359 1867 trnet,
2395 1813 2447 1858 et
2482 1803 2686 1864 Pisces.
2711 1809 2839 1867 Post
2866 1814 2966 1873 hos
2988 1794 3309 1891 intpartibus
3328 1827 3515 1887 Austri

2065 1872 2251 1953 orion,
2286 1890 2554 1966 Procyon,
2589 1899 2786 1972 Lepus,
2815 1872 3017 1965 ardens

2065 1979 2302 2052 llydrus,
2326 1983 2555 2060 Chiron,
2575 1990 2896 2055 Turibulum
2920 1986 3160 2074 quoque,
3184 1979 3657 2087 Piscis-stringens.

2062 2074 2221 2132 llnnc
2254 2082 2495 2153 sequitur
2527 2086 2748 2161 Pistrix,
2782 2095 2945 2155 simul
2976 2074 3557 2176 Eridaniqueﬂucnta.

2061 2164 2168 2221 Sed
2205 2185 2333 2245 vaga
2364 2186 2628 2246 praeterea
2660 2183 2911 2244 dicuntur
2935 2164 3138 2249 lumina
3166 2164 3396 2271 septem,

2060 2257 2207 2314 Luna
2236 2273 2290 2318 et
2320 2264 2639 2340 Mercurius,
2670 2274 2879 2347 Venus,
2909 2295 2973 2337 ae
3001 2282 3116 2353 Sol,
3143 2257 3286 2344 Mars
3313 2257 3529 2364 quoque
3556 2296 3659 2352 ful-

2059 2349 2157 2406 Hic
2182 2352 2334 2410 Jovis
2360 2368 2414 2413 et
2442 2361 2591 2419 sidus
2623 2379 2790 2438 super
2818 2373 2999 2430 omnia
3023 2377 3204 2435 sidera
3235 2381 3441 2439 lucens.
3475 2387 3651 2459 [gens.

2056 2442 2270 2503 Celsior
2292 2448 2378 2505 his
2412 2452 2700 2527 Saturnus,
2734 2463 2938 2521 tardior
2967 2470 3219 2527 omnibus
3256 2478 3441 2533 astris.

2433 2652 2590 2713 Ratio
2619 2660 2820 2717 dierum
2855 2668 2983 2721 anui
3006 2673 3261 2731 vertentis.

2050 2756 2351 2831 Nonaginta
2382 2765 2501 2825 dies
2527 2780 2582 2835 et
2609 2783 2864 2845 quatuor,
2895 2794 2960 2834 ac
2983 2783 3218 2841 medium
3248 2787 3342 2844 Sol

2051 2849 2298 2920 Conlieit,
2324 2873 2353 2910 a
2377 2861 2583 2931 tropico
2614 2862 2668 2919 in
2699 2869 2967 2937 tropicum
2992 2874 3120 2931 dum
3151 2890 3397 2947 permeat
3414 2894 3645 2955 astrum,

2050 2943 2364 3016 Octipedem
2400 2952 2451 3007 in
2477 2954 2744 3014 Cancrum
2774 2960 3027 3036 Phryer
3054 2968 3125 3025 ab
3152 2943 3348 3030 'Ariete
3378 2943 3633 3049 pergens.

2052 3035 2165 3093 iloe
2188 3042 2363 3109 spatio
2385 3047 2555 3105 aestivi
2582 3035 2898 3125 pulsusque,
2926 3066 2984 3114 et
3006 3069 3149 3119 meta
3174 3063 3303 3122 diei.

1970 3110 2017 3185 ί)
2050 3128 2482 3206 Semidiemque,
2511 3140 2925 3215 duosque‘dies,
2959 3151 3251 3225 deciesque
3277 3174 3542 3231 novenos,

2049 3225 2090 3275 A
2120 3223 2330 3285 Cancro
2355 3230 2406 3285 in
2430 3231 2649 3302 Chelas,
2681 3250 2909 3309 mquatae
2940 3223 3182 3317 tempora
3214 3255 3393 3312 noctis

2045 3314 2221 3386 Atque
2252 3318 2352 3386 dii,
2380 3337 2540 3380 cursu
2564 3329 2771 3399 peragit
2795 3332 2888 3389 Sol
2916 3314 3114 3399 aureus
3145 3344 3347 3413 altero,

2043 3405 2305 3465 Autumui
2336 3415 2654 3488 mstatisque
2673 3421 2834 3477 simul
2853 3428 3084 3484 confinia
3113 3435 3370 3497 miscens.

2047 3497 2202 3555 Unde
2230 3507 2571 3565 autumnales
2599 3518 2979 3574 transcurrens
3007 3521 3200 3582 ordine
3230 3544 3448 3591 menses
3467 3575 3483 3599 ,

2040 3587 2124 3643 Ad
2155 3593 2419 3660 tropicum
2446 3600 2619 3669 pergit
2646 3601 2859 3672 signum
2887 3609 3051 3676 gelidi
3075 3611 3419 3687 Capricorni,

2039 3679 2175 3737 Octo
2204 3684 2323 3741 dies
2354 3686 2539 3748 decies
2558 3696 2769 3753 octonis
2796 3697 3019 3771 insuper
3042 3679 3271 3778 addens,

2037 3771 2517 3852 Quadrantemque
2546 3784 2621 3840 dii
2647 3805 2659 3842 :
2693 3789 2883 3859 quinto
2912 3795 3001 3863 qui
3028 3771 3275 3868 protinus
3304 3820 3448 3863 anno
3532 3809 3543 3818 ’

2039 3864 2223 3923 Mense
2250 3868 2437 3929 Numa:
2467 3887 2714 3935 extremo
2744 3898 2940 3945 nomen
2972 3864 3115 3961 capit
3138 3895 3485 3957 embolimaci.

2036 3955 2167 4014 Inde
2196 3959 2263 4015 ad
2292 3964 2560 4035 Agenorei
2590 3969 2851 4031 festinans
2876 3993 3079 4037 cornua
3111 3987 3276 4055 tauri,

2034 4050 2258 4108 Scandit
2283 4054 2531 4129 Lanigeri
2564 4066 2831 4134 tropicum
2865 4070 2958 4126 Sol
2984 4088 3182 4133 aureus
3208 4050 3436 4151 astrum,

2008 4141 2334 4223 Nonaginta
2362 4150 2479 4208 dies
2504 4153 2726 4215 decreto
2752 4160 2857 4219 fine
2887 4178 3170 4226 coercens.

2034 4236 2132 4290 Hic
2160 4237 2256 4294 tibi
2284 4241 2464 4299 circus
2490 4247 2596 4302 erit
2624 4264 2842 4325 semper
2870 4260 3207 4320 vertentibus
3237 4268 3415 4336 annis,

2031 4327 2378 4400 Tercentum,
2406 4348 2471 4390 ac
2499 4337 2646 4393 senis
2677 4340 2856 4401 decies
2886 4356 2942 4401 et
2967 4350 3207 4424 quinque
3233 4354 3447 4415 diebus.

2546 4459 3071 4485 -ἣ-ῄιη

2399 4538 2477 4597 De
2502 4542 2794 4601 nominibus
2823 4560 3019 4617 septem
3039 4551 3260 4613 dierum.

2100 4649 2352 4720 Nomina,
2372 4667 2494 4725 quin
2521 4665 2732 4725 septem
2763 4664 3103 4720 vortentibus
3131 4677 3251 4738 apta
3280 4669 3474 4730 diebus

2030 4742 2223 4800 Annus
2245 4743 2431 4811 habet,
2464 4746 2689 4803 totidem
2713 4761 2960 4808 errantes
2989 4754 3171 4813 fecere
3192 4760 3443 4828 planetae.

2028 4834 2175 4903 Quos
2199 4836 2468 4894 indefessa
2493 4838 2716 4896 volvens
2748 4845 3013 4916 vertigine
3031 4849 3265 4909 Mundus

2026 4927 2313 4998 Signornm
2344 4931 2562 5001 obliqua
2584 4934 2741 5004 jubet
2768 4935 2823 4990 in
2863 4940 3097 4999 statione
3123 4948 3327 5017 vagari.

2028 5017 2287 5088 Primum,
2314 5035 2741 5098 supremumque
2768 5029 2910 5086 diem
2937 5035 3179 5093 radiatus
3216 5041 3379 5098 habet
3408 5042 3524 5100 Sol.

2024 5109 2276 5173 Proxima
2302 5112 2557 5170 fraterna)
2584 5120 2829 5175 succedit
2859 5122 3009 5179 Luna
3039 5141 3279 5185 cornuto.

2025 5205 2241 5263 Tertius
2269 5211 2577 5278 assequitur
2607 5210 2819 5269 Titania
2848 5215 3048 5274 lumina
3086 5222 3321 5279 Mavors.

2023 5296 2326 5357 Mercurii»
2348 5300 2526 5369 quarti
2554 5301 2656 5357 tibi
2677 5306 2929 5363 vendieat
2957 5321 3101 5365 astra
3124 5313 3251 5369 diei.

2024 5389 2302 5447 illustrant
2324 5391 2564 5463 quintam
2607 5394 2756 5452 Jovis
2779 5412 2942 5455 aurea
2976 5402 3157 5461 sidera
3186 5423 3397 5465 zonam.

2027 5481 2191 5537 Sexta
2224 5484 2582 5555 salutigerum
2621 5488 2871 5558 sequitur
2904 5491 3087 5551 Venus
3125 5498 3266 5553 alma
3307 5515 3608 5572 parentem.

2030 5572 2235 5628 Cuncta
2265 5574 2687 5645 supergrediens
2714 5581 2935 5643 Saturni
2959 5585 3190 5653 soptima
3218 5591 3305 5648 lux
3340 5606 3444 5652 est.

2032 5666 2297 5725 Octavum
2329 5666 2598 5726 instaurat
2617 5670 2939 5728 revolubilis
2965 5678 3141 5736 orbita
3163 5682 3367 5743 Solem.

2545 5788 3116 5817 *M
