4108 6188
481 280 585 341 9H

1875 269 2057 332 DECII
2094 268 2368 332 AUSONll

3671 272 3785 332 013

480 394 586 451 Hie
614 410 787 452 rersus
817 392 930 449 sine
965 401 1178 446 auctore
1214 401 1307 446 est.
1336 391 1475 455 Quid
1505 403 1705 462 quoque
1735 388 1821 446 die
1857 387 1994 445 demi
2017 387 2080 442 de
2105 385 2160 449 Α
2182 391 2524 450 Coneludcns
2551 404 2834 446 numerum
2868 388 3103 462 genialia
3131 389 3269 444 festa
3300 387 3597 445 December

981 475 997 530 ί
1037 479 1251 533 corpore
1280 471 1530 532 oporteat.

484 578 705 650 Ungues
750 565 1039 643 Mercurio,
1083 575 1308 630 barbam
1342 573 1506 644 Jove,
1537 572 1773 648 Cypride
1799 573 2004 630 crines.

971 689 1088 746 Hoc
1116 692 1192 746 sic
1221 691 1582 762 refellendum.

482 805 782 862 Mercurius
807 805 932 861 furti
966 806 1161 877 probat
1187 822 1396 877 ungues
1435 821 1654 878 semper
1684 816 1894 875 acutos,

556 884 923 970 Articulisque
945 899 1116 955 aciem
1146 913 1255 953 non
1284 899 1412 954 sinit
1440 898 1709 955 imminui.

479 990 654 1046 Barba
685 989 828 1056 Jovi,
857 991 1038 1046 crines
1076 991 1272 1045 Veneri
1305 991 1470 1046 decor
1499 1009 1511 1044 :
1554 1005 1685 1062 ergo
1714 1004 1936 1047 necesse
1967 997 2070 1057 est,

553 1084 624 1140 Ut
650 1084 825 1140 nolint
853 1083 1019 1150 demi,
1051 1100 1158 1155 quo
1183 1083 1286 1138 sibi
1315 1093 1543 1154 uterque
1565 1085 1758 1154 placet.

480 1175 692 1230 Mavors
719 1173 1011 1239 imberbes,
1044 1184 1098 1228 et
1120 1174 1308 1230 calvos
1337 1173 1484 1229 Luna
1508 1173 1792 1229 adamasti.

546 1267 664 1322 Non
694 1266 1142 1335 prohibentcomi
1177 1274 1286 1320 tum
1317 1275 1478 1336 caput
1505 1276 1667 1336 atque
1692 1281 1884 1336 genas.

476 1358 568 1415 Sol
591 1367 646 1414 et
675 1359 940 1413 Saturnus
973 1357 1106 1412 nihil
1129 1359 1350 1412 obstant
1381 1357 1671 1427 unguibus,
1701 1372 1832 1428 ergo

547 1450 666 1506 Non
693 1451 947 1522 placitum
977 1449 1126 1504 Divis
1161 1449 1292 1504 tolle
1320 1448 1764 1504 monostichium.

649 1627 730 1684 De
756 1628 1014 1684 mensibus
1033 1668 1048 1694 ,
1069 1637 1114 1680 et
1137 1637 1357 1696 quatuor
1379 1628 1507 1682 anni
1543 1625 1881 1698 temporibus.

471 1745 731 1802 Eternos
759 1763 998 1813 menses,
1024 1756 1077 1802 et
1099 1756 1342 1816 tempora
1368 1755 1626 1816 quattuor
1655 1747 1807 1812 anni,

470 1839 741 1906 Quattuor
759 1839 860 1892 ista
889 1839 985 1892 tibi
1010 1839 1256 1908 subjecta
1284 1839 1625 1894 monosticha
1649 1837 1854 1894 dicent.

473 1929 721 1995 Martius,
763 1928 986 1998 Aprilis,
1014 1929 1182 1983 Maius
1205 1938 1331 1984 sunt
1355 1940 1594 1998 tempora
1621 1930 1788 1984 veris.

473 2017 669 2082 Julius,
694 2018 992 2090 Augustus,
1028 2035 1127 2074 nec
1156 2036 1261 2074 non
1295 2029 1351 2075 et
1385 2021 1601 2087 Junius,
1635 2030 1818 2076 arstas.

469 2110 800 2179 Septembri,
821 2110 1046 2166 Octobri
1069 2122 1382 2178 autumnus,
1411 2121 1630 2182 totoque
1651 2112 1960 2169 Novembri.

471 2203 776 2275 Brumalcs,
800 2205 991 2274 Janus,
1028 2204 1380 2272 Februarius,
1411 2218 1575 2277 atque
1605 2207 1925 2264 December.

907 2391 985 2447 De
1012 2392 1271 2447 mensibus
1298 2379 1638 2447 monastic/ta.

470 2503 687 2561 Primus
713 2503 989 2560 Romanas
1010 2504 1212 2561 ordiris
1247 2504 1383 2560 Jane
1410 2505 1706 2562 Kalendas.

542 2596 754 2654 Februa
783 2599 964 2654 vicino
991 2614 1181 2655 mense
1209 2598 1380 2654 Numa
1411 2600 1666 2655 instituit.

472 2691 704 2753 Martius
727 2691 934 2762 antiqui
963 2691 1261 2761 primordia
1308 2692 1536 2761 protulit
1564 2693 1713 2748 anni.

541 2781 860 2838 Fmtiferum
892 2783 1135 2853 Aprilem
1166 2783 1402 2840 vindicat
1424 2785 1563 2840 alma
1595 2786 1800 2842 Venus.

468 2874 733 2944 Maiorum
759 2875 937 2932 dictus
959 2885 1171 2945 patrum
1209 2876 1277 2933 de
1299 2877 1518 2933 nomine
1545 2877 1739 2935 Maius.

541 2961 736 3024 Junius
755 2967 934 3024 astatis
963 2968 1242 3038 proximus
1270 2978 1358 3026 est
1387 2970 1568 3024 titulo.

467 3061 699 3118 Nomine
727 3061 982 3118 Caesareo
1007 3063 1336 3130 Quinctilem
1363 3063 1540 3121 Julius
1570 3075 1752 3136 auget.

538 3154 814 3223 Augustus
845 3167 1044 3207 nomen
1076 3154 1385 3208 Cmsareum
1410 3157 1678 3224 sequitur.

467 3247 802 3300 Autumnum
828 3243 1067 3298 Pomona
1098 3252 1250 3298 tuum
1281 3284 1296 3308 ,
1328 3244 1671 3317 September,
1701 3249 1930 3319 opimat.

535 3336 777 3392 Triticeo
801 3336 1040 3392 October
1069 3335 1263 3392 fenore
1289 3336 1429 3392 ditat
1454 3353 1636 3407 agros.

471 3427 662 3486 Sidera
688 3427 996 3498 prmcipitas
1028 3428 1240 3500 pelago,
1275 3428 1604 3500 intetnpestc
1630 3430 1955 3489 November.

536 3518 618 3576 Tu
643 3519 910 3591 genialem
934 3517 1192 3582 hiemem,
1223 3519 1359 3576 feste
1386 3521 1690 3578 December
1711 3522 1846 3595 agis.

845 3695 1084 3752 Disticha
1110 3697 1176 3751 de
1199 3698 1383 3754 iisdem
1413 3700 1690 3754 mensibus.

462 3809 596 3865 Jane
619 3823 782 3874 nove,
810 3811 989 3880 primo
1018 3811 1106 3880 qui
1139 3811 1236 3867 das
1278 3820 1366 3867 tua
1413 3815 1638 3869 nomina
1674 3813 1881 3882 mensi,

535 3902 670 3958 Jane
708 3900 939 3970 bifrons,
966 3911 1179 3973 spectas
1212 3913 1454 3975 tempora
1481 3906 1606 3961 bina
1635 3909 1818 3966 simul.

469 3995 602 4052 Post
621 4010 882 4066 superum
910 3997 1115 4066 cultus,
1149 3995 1330 4052 vicino
1361 3999 1572 4056 Februa
1598 4017 1788 4062 mense

535 4091 642 4146 Dat
659 4090 833 4147 Numa
864 4092 1111 4164 cognatis
1143 4093 1394 4150 Manibus
1429 4095 1675 4153 inferias.

463 4181 689 4238 Martius
721 4193 776 4240 et
798 4184 1018 4254 generis
1047 4185 1277 4241 Romani
1305 4189 1530 4258 praesul,
1561 4199 1618 4246 et
1641 4193 1793 4260 anni,

534 4272 715 4328 Prima
739 4272 906 4329 dabas
929 4275 1099 4332 Latiis
1129 4285 1380 4348 tempora
1409 4284 1747 4341 consulibus.

460 4361 772 4421 IEneadum
797 4367 1044 4436 genetrix
1067 4367 1254 4427 .vicino
1283 4386 1480 4428 nomen
1521 4373 1698 4445 Aprili

535 4459 636 4514 Dat
665 4457 869 4526 Venus,
893 4468 979 4515 est
995 4459 1154 4516 Marti
1181 4478 1414 4535 namque
1437 4467 1742 4536 Apbrodita
1774 4485 1980 4529 comes.

459 4551 599 4607 Maia
627 4552 756 4621 dea,
784 4569 853 4608 an
886 4555 1081 4624 major,
1110 4554 1244 4624 Mai,
1282 4568 1337 4614 te
1362 4560 1552 4616 fecerit
1581 4571 1744 4629 tetas,

530 4642 804 4714 Ambigo:
834 4643 932 4700 sed
970 4645 1148 4700 mensi
1177 4655 1264 4701 est
1288 4657 1484 4704 auctor
1521 4661 1746 4722 uterque
1775 4653 1977 4712 bonus.

457 4731 654 4789 Junius
683 4732 825 4789 hunc
851 4733 1102 4802 sequitur
1122 4735 1322 4806 duplici
1354 4739 1718 4799 celebrandus
1747 4743 1975 4814 honore,

530 4823 640 4879 Seu
665 4839 865 4880 nomen
894 4825 1058 4894 Juno,
1091 4829 1207 4885 sive
1236 4829 1466 4887 Juventa
1493 4832 1663 4890 dedit.

453 4913 586 4972 lude
610 4913 835 4971 Dionaeo
862 4916 1191 4989 praefulgens
1216 4920 1391 4978 Julius
1410 4933 1581 4996 astro,

525 5005 761 5063 lEstatis
789 5007 982 5064 mediae
1014 5017 1258 5082 tempora
1289 5024 1436 5071 certa
1478 5025 1650 5076 tenet.

452 5099 736 5170 Augustus
755 5101 1003 5173 sequitur
1029 5115 1321 5175 cognatum
1348 5123 1378 5164 a
1407 5111 1622 5170 Caesare
1660 5130 1856 5174 nomen
1884 5136 1898 5176 :

523 5193 728 5250 Ordine
749 5195 829 5251 sic
853 5197 985 5252 anni
1011 5199 1320 5272 proximus,
1350 5213 1409 5258 ut
1434 5206 1672 5276 generis.

446 5287 756 5347 Nectuntur
777 5301 900 5364 post
921 5293 1044 5361 bos,
1071 5311 1466 5369 numerumque
1489 5316 1556 5356 ex
1573 5303 1772 5362 ordine
1798 5309 2040 5380 signant;

519 5383 864 5456 September,
893 5387 1096 5445 Bacchi
1124 5404 1349 5448 munere
1378 5393 1543 5464 przela
1571 5396 1755 5467 rigans
1787 5416 1801 5454 :

445 5472 518 5529 Et
545 5475 639 5543 qui
677 5480 943 5534 sementis
973 5496 1069 5551 per
1097 5490 1364 5554 tempora,
1409 5485 1598 5545 fenore
1631 5489 1785 5548 laetus
1808 5535 1824 5564 ,

517 5564 773 5635 October,
805 5570 986 5639 cupidi
1008 5587 1164 5642 spem
1195 5575 1344 5632 fovet
1378 5580 1634 5650 agricola:
1666 5601 1678 5638 :

434 5653 650 5722 Quique
676 5659 796 5712 salo
824 5675 1075 5732 mergens
1110 5666 1375 5722 solemnia
1409 5671 1562 5741 signa
1589 5673 1892 5736 November

487 5745 827 5820 Praecipitat,
860 5754 1002 5812 coelo
1033 5771 1157 5815 mox
1188 5759 1429 5818 reditura
1473 5779 1594 5820 suo.

2253 485 2418 557 Finit,
2453 492 2510 540 ut
2538 499 2568 539 a
2590 484 2778 540 bruma
2809 499 2936 538 mox
2974 496 3147 537 novus
3176 497 3352 538 annus
3379 491 3489 538 eat.

2397 665 2622 731 Quoleni
2654 665 2764 719 dies
2793 665 2898 719 sint
2928 667 3184 720 mensium
3213 665 3560 736 singulorum.

2179 774 2413 846 lmplent
2443 776 2678 833 tricenas
2713 791 2810 848 per
2849 777 3062 848 singula
3089 787 3375 834 menstrua
3415 779 3565 834 luces

2177 865 2392 935 Junius,
2419 868 2760 939 Aprilisque,
2786 878 2841 924 et
2872 884 2994 924 cum
3016 871 3336 939 Septembre
3377 870 3704 928 November.

2179 959 2357 1016 Unum
2391 972 2474 1016 ter
2493 961 2651 1016 denis
2681 963 3014 1019 cumulatius
3045 963 3183 1018 adde
3210 963 3404 1020 diebus

2179 1051 2282 1108 Per
2311 1061 2520 1124 septem
2552 1069 2792 1122 menses,
2819 1054 2948 1112 Jani
2980 1055 3274 1123 Martisque
3303 1055 3593 1126 Kalendis,

2178 1144 2243 1198 Et
2271 1159 2409 1215 quas
2441 1146 2611 1202 Maius
2635 1149 2782 1219 agit,
2814 1165 2949 1219 quas
2976 1147 3153 1204 Julius
3173 1193 3188 1217 ,
3221 1149 3632 1222 Augustusque,

2180 1235 2249 1292 Et
2271 1253 2407 1308 quas
2435 1238 2696 1308 October,
2731 1241 3052 1312 pesitusque
3077 1244 3128 1298 in
3157 1242 3266 1299 fine
3293 1244 3619 1301 December.

2181 1333 2334 1389 Unus
2365 1334 2468 1388 erit
2503 1343 2711 1390 tantum
2742 1335 3146 1407 duodetriginta
3178 1337 3414 1406 dierum,

2175 1428 2347 1493 Quem
2379 1427 2556 1484 Numa
2581 1431 2876 1501 praeposito
2900 1430 3074 1486 voluit
3097 1431 3394 1488 succedere
3424 1433 3582 1488 Jano.

2173 1519 2268 1575 Sic
2300 1521 2636 1577 tercentenis
2666 1522 2849 1579 decies
2875 1522 3140 1578 accedere
3170 1538 3366 1591 senos,

2172 1615 2675 1686 Quadrantemque,
2695 1626 2750 1671 et
2765 1617 3006 1688 quinque
3023 1617 3140 1672 dies
3154 1617 3255 1672 sibi
3275 1625 3783 1688 computatannus.

2537 1794 2612 1850 De
2641 1796 2806 1850 tribus
2835 1798 3108 1851 menstruis
3136 1797 3407 1851 mensium.

2176 1907 2267 1962 Bis
2293 1922 2453 1964 senas
2480 1923 2624 1964 anno
2645 1917 2868 1980 reparat
2887 1909 3089 1966 Lucina
3112 1909 3410 1965 Kalendas:

2175 2003 2244 2058 Et
2271 2003 2495 2060 totidem
2529 2003 2736 2059 medias
2758 2003 2851 2058 dat
2878 2018 3104 2059 currere
3128 2003 3342 2073 Jupiter
3373 2003 3513 2058 ldus.

2176 2095 2564 2166 Nonarumque
2594 2095 2739 2152 diem
2772 2096 2980 2151 faciunt
3005 2096 3142 2150 infra
3169 2103 3296 2152 octo
3325 2094 3575 2151 secundi.

2177 2189 2304 2245 Haec
2334 2200 2463 2245 sunt
2494 2189 2744 2246 Romano
2775 2198 2984 2246 tantum
3020 2190 3122 2245 tria
3147 2191 3362 2245 nomina
3393 2191 3592 2256 mensi,

2173 2281 2388 2339 Caetera
2413 2297 2511 2354 per
2539 2296 2798 2339 numeros
2818 2291 2945 2338 sunt
2969 2293 3331 2353 cognomenta
3373 2282 3602 2340 dierum.

2391 2467 2508 2533 Quo
2531 2482 2705 2522 mense
2723 2475 2894 2538 quota:
2922 2465 3128 2534 Name,
3156 2467 3237 2522 uel
3265 2465 3398 2522 Idus
3426 2469 3550 2522 sint.

2175 2586 2244 2641 At
2265 2585 2444 2641 Nonas
2464 2585 2628 2642 modo
2649 2595 2840 2656 quarta
2862 2585 3061 2654 aperit,
3086 2584 3250 2640 modo
3274 2594 3427 2641 sexta
3451 2585 3620 2640 refert
3651 2585 3772 2641 lux.

2173 2677 2340 2733 Sexta
2371 2676 2542 2732 refert
2573 2676 2722 2746 Maii,
2757 2675 3032 2743 Octobris,
3062 2676 3357 2746 Martisque
3398 2691 3620 2733 recursu
3642 2721 3658 2746 ,

2175 2769 2241 2824 Et
2266 2769 2359 2840 qui
2381 2768 2618 2824 solstitio
2642 2782 2740 2823 sua
2767 2776 3020 2838 tempora
3049 2767 3227 2824 Julius
3267 2767 3448 2824 infert.

2172 2857 2385 2915 Caetera
2411 2874 2536 2929 pars
2564 2858 2832 2914 mensium
2873 2859 3081 2928 quartis
3127 2867 3216 2915 est
3247 2859 3473 2929 praedita
3503 2858 3696 2914 Nonis.

2171 2950 2374 3008 Omnes
2401 2965 2535 3007 vero
2561 2949 2684 3006 ldus
2714 2958 2906 3006 octava
2934 2951 3053 3006 luce
3074 2959 3386 3006 recurrunt.

2337 3141 2522 3209 Quone
2541 3140 2797 3196 Kalendis
2821 3142 2926 3196 sint
2967 3141 3222 3196 mensium
3252 3141 3596 3212 singulorum.

2169 3251 2298 3308 Post
2318 3249 2467 3320 Idus,
2495 3268 2630 3322 quas
2656 3255 2889 3324 quisque
2920 3268 3047 3308 suas
3075 3253 3239 3308 habet
3269 3252 3462 3309 ordine
3488 3255 3690 3310 mensis
3707 3295 3723 3318 ,

2170 3344 2410 3401 Diversa:
2436 3359 2664 3400 numero
2695 3344 2921 3401 redeunt
2946 3343 3187 3399 variante
3213 3343 3494 3410 Kalendae,

2174 3476 2188 3490 .
2223 3479 2236 3491 .
2269 3475 2282 3490 .
2310 3479 2322 3490 .
2361 3478 2374 3491 .
2409 3436 2551 3493 Dum
2579 3453 2908 3509 rursumque
2933 3438 3240 3508 iterumque
3260 3446 3554 3508 vocantur,

2167 3527 2239 3584 Ut
2265 3528 2482 3585 tandem
2504 3529 2675 3600 optati
2711 3529 3012 3600 procedant
3041 3529 3304 3599 temporis
3330 3537 3478 3584 ortu.

2165 3620 2276 3677 Ter
2298 3621 2472 3691 senis,
2517 3637 2736 3693 unoque
2762 3623 2852 3679 die
2882 3623 3117 3693 genialia
3156 3622 3296 3680 festa

2167 3715 2424 3785 Porrigit,
2455 3725 2515 3771 ut
2536 3715 2733 3772 Janum
2765 3725 3009 3771 arcessat
3041 3731 3176 3772 nova
3206 3717 3400 3772 bruma
3430 3727 3762 3774 morantem.

2167 3807 2281 3862 Hoc
2303 3822 2531 3863 numero
2556 3807 2866 3878 mensisque
2891 3807 3081 3863 Nomm
3107 3808 3270 3874 redit,
3304 3809 3661 3878 autumnique

2165 3899 2498 3971 Principium
2525 3899 2775 3956 referens
2799 3899 3004 3955 Bacchi
3046 3899 3373 3970 September
3411 3897 3690 3954 alumnus.

2165 3991 2368 4059 Julius,
2399 4001 2456 4048 et
2481 3991 2674 4064 Maius,
2699 3991 3019 4063 positusque
3050 3993 3103 4046 in
3135 3991 3245 4048 fine
3280 3990 3616 4060 December,

2164 4083 2507 4153 Octoberque
2527 4083 2616 4140 die
2643 4091 2933 4140 revocatur
2963 4082 3172 4139 tardius
3203 4097 3336 4139 uno.

2163 4176 2293 4234 lude
2312 4176 2402 4233 die
2432 4177 2664 4234 redeunt
2683 4179 2864 4233 minus
2893 4192 3000 4233 uno
3017 4185 3274 4248 quattuor
3299 4177 3470 4243 ultra,

2161 4274 2312 4336 Quos
2338 4285 2566 4327 numero
2585 4271 2860 4341 adjiciam,
2892 4270 3116 4327 Sextilis
3135 4312 3150 4337 ,
3188 4269 3388 4326 Junius
3417 4279 3579 4339 atque

2161 4364 2391 4434 Aprilis,
2427 4375 2550 4435 post
2568 4380 2708 4435 quos
2748 4365 3046 4435 penultima
3078 4374 3221 4422 meta
3246 4364 3574 4421 November.

2162 4454 2269 4512 Ter
2299 4457 2500 4528 quinis,
2533 4472 2752 4529 unoque
2771 4457 2862 4513 die
2895 4457 3128 4515 Juuonie
3155 4458 3392 4524 Mavors,

2079 4534 2137 4597 Β
2161 4546 2230 4604 Ut
2257 4549 2470 4618 redeas,
2498 4550 2813 4620 referasque
2855 4548 3075 4606 exordia
3105 4549 3301 4620 prima,
3327 4547 3510 4605 cieris.

2161 4641 2283 4700 Hoc
2307 4658 2557 4712 numero,
2583 4643 2652 4700 ad
2684 4644 2906 4715 plenum
2935 4651 3155 4701 vertens
3185 4643 3528 4716 reparabitur
3552 4655 3755 4697 annus.

2264 4825 2332 4880 In
2353 4844 2454 4899 quo
2471 4842 2646 4883 mense
2665 4829 2804 4899 quod
2833 4829 3044 4900 signum
3068 4829 3136 4883 sit
3157 4827 3227 4882 ad
3249 4841 3456 4882 cursum
3480 4822 3642 4881 Solis.

2156 4938 2489 5012 Principium
2517 4941 2638 4998 Jani
2667 4941 2841 4999 sancit
2871 4942 3111 5014 tropicus
3137 4941 3521 5016 Capricornus.

2154 5032 2341 5089 Mense
2370 5033 2560 5089 Numae
2592 5034 2645 5090 in
2674 5034 2855 5091 medio
2882 5033 3048 5090 solidi
3078 5043 3193 5092 stat
3225 5034 3366 5091 fidus
3393 5031 3617 5104 Aquari.

2154 5125 2469 5183 Procedunt
2494 5125 2741 5196 duplices
2766 5128 2819 5183 in
2845 5128 3036 5185 Martia
3069 5139 3310 5198 tempora
3344 5127 3548 5184 Pisces.

2153 5219 2401 5292 Respicis
2427 5221 2668 5291 Apriles,
2701 5221 2864 5279 Aries
2887 5222 3156 5295 Phryxee,
3193 5221 3484 5278 Kalendas.

2150 5313 2322 5384 Majus
2344 5314 2614 5384 Agenorei
2645 5314 2872 5370 miratur
2901 5331 3106 5372 cornua
3136 5315 3326 5371 Tauri.

2148 5405 2344 5463 Junius
2373 5417 2619 5478 aequatos
2662 5409 2804 5467 caelo
2831 5410 2979 5465 videt
3003 5409 3086 5465 ire
3122 5409 3386 5466 Laconas.

2145 5497 2397 5556 Solstitio
2423 5501 2666 5557 ardentis
2695 5499 2892 5558 Cancri
2930 5502 3033 5558 fert
3061 5501 3242 5558 Julius
3267 5512 3497 5558 astrum.

2145 5591 2449 5664 Augustum
2471 5609 2718 5649 mensem
2743 5593 2854 5650 Leo
2881 5593 3121 5650 fervidus
3147 5594 3272 5666 igne
3299 5593 3524 5665 perurit.

2146 5683 2336 5739 Sidere
2368 5683 2535 5756 Virgo
2568 5693 2660 5740 tuo
2703 5685 2978 5741 Bacchum
3015 5685 3341 5757 September
3370 5685 3596 5756 opimat.

2143 5771 2346 5846 .‘Equat
2367 5785 2422 5834 et
2445 5775 2683 5836 October
2711 5778 2976 5838 sementis
3005 5787 3254 5852 tempore
3273 5777 3516 5836 Libram.
