4108 6188
375 269 482 324 915

373 380 642 452 Scorpion
672 379 932 438 hibernus
962 397 1208 456 prmceps
1238 385 1395 456 jubet
1418 387 1500 444 ire
1530 388 1858 446 November.

317 488 325 494 ‘
371 472 655 529 Terminat
682 473 1010 531 Arcitenens
1039 479 1218 534 medio
1243 494 1339 534 sua
1369 482 1525 552 signa
1551 481 1861 538 Decembri.

373 609 439 676 ρ.
464 605 738 686 Ciceronis
752 623 932 686 versus
958 626 1020 686 eo
1055 612 1334 686 pertinent,
1369 622 1424 666 ut
1463 615 1604 684 quod
1628 613 1838 685 signum
1865 631 1969 686 quo

442 689 671 747 tempore
701 677 1012 758 illustresit,
1048 677 1338 758 noverimus
1363 701 1383 738 .'
1404 677 1546 756 quod
1573 677 1810 756 supErius
1838 677 1970 757 quo-

442 767 540 819 que
560 751 750 804 nostris
778 751 1005 806 versibus
1025 753 1316 823 expeditur.

371 885 618 942 Flumina
650 901 816 944 verna
839 887 991 942 cient
1015 889 1251 945 obscuro
1282 889 1488 946 lumine
1513 889 1721 946 Pisces.

368 978 825 1050 Curriculumque
849 981 1004 1036 Aries
1023 991 1202 1052 aequat
1227 983 1511 1052 noctisque
1540 982 1745 1051 diique.

365 1071 582 1130 Cornua
611 1087 772 1144 quem
800 1082 1022 1128 comunt
1050 1075 1248 1130 ﬂormn
1285 1075 1592 1146 praenuntia
1633 1075 1818 1132 Tauri.

366 1166 643 1238 Aridaque
665 1167 872 1222 aestatis
896 1167 1108 1224 Gemini
1141 1168 1439 1239 primordia
1481 1169 1746 1238 pandunt.

366 1260 659 1332 Longaque
684 1260 796 1330 jam
825 1261 1021 1316 minuit
1056 1262 1354 1332 praeclarus
1395 1263 1597 1318 lumina
1627 1263 1856 1320 Cancer.

364 1350 821 1422 Languificusque
849 1352 960 1407 Leo
987 1352 1184 1423 proﬂat
1217 1353 1367 1410 ferus
1397 1370 1496 1411 ore
1546 1357 1781 1412 calores.

364 1445 518 1513 Post,
544 1444 815 1499 modicum
847 1447 1100 1516 quatiens
1144 1446 1303 1518 Virgo
1326 1447 1479 1520 fugat
1503 1460 1621 1504 orta
1645 1466 1924 1522 vaporem.

363 1536 626 1591 Autumni
650 1547 858 1592 reserat
887 1547 1072 1608 portas
1101 1550 1394 1610 aequatque
1415 1541 1610 1597 diurna

362 1627 632 1697 Tempora
656 1629 937 1684 nocturnis
967 1629 1224 1700 dispenso
1254 1631 1433 1688 sidere
1456 1632 1638 1688 Libra.

364 1719 432 1773 Et
461 1718 598 1774 fetos
620 1734 802 1774 ramos
835 1719 1060 1774 dinudat
1091 1720 1308 1776 ﬂamma
1334 1722 1528 1793 Nepai.

364 1812 520 1882 Pigra
550 1811 944 1883 Sagittipotens
969 1813 1243 1882 iaculatur
1268 1814 1469 1885 frigora
1514 1817 1699 1872 terris.

362 1905 562 1961 Bruma
584 1905 708 1976 gelu
740 1906 982 1976 glacians
1004 1906 1199 1978 jubare
1226 1910 1393 1978 spirat
1417 1911 1758 1980 Capricorni.

360 2000 530 2067 Quam
563 1999 814 2070 sequitur
842 2001 1071 2056 nebulas
1100 2016 1296 2057 rorans
1322 2003 1496 2073 liquor
1537 2005 1682 2060 altus
1704 2005 1908 2076 Aquari
1943 2025 1955 2059 :

361 2091 530 2147 Tenta
562 2106 746 2162 supra,
775 2093 1031 2162 circaque
1058 2093 1242 2164 vigent
1267 2094 1357 2148 ubi
1392 2094 1616 2150 ﬂumina
1641 2098 1849 2153 mundi.

360 2185 431 2238 At
455 2181 669 2250 dextra,
700 2185 943 2255 laevaque
965 2189 1074 2243 ciet
1097 2196 1212 2243 rota
1231 2188 1434 2259 fulgida
1458 2190 1604 2247 Solis

360 2274 560 2330 Mobile
585 2277 942 2345 curriculum,
970 2288 1028 2334 et
1059 2279 1223 2335 Lunaa
1243 2282 1530 2337 simulacra
1559 2283 1838 2338 feruntur.‘

361 2367 599 2437 Squama
629 2367 735 2424 sub
762 2378 969 2425 :eterno
1011 2380 1310 2443 conspectu
1344 2380 1482 2428 torta
1515 2375 1777 2431 Draconis

359 2461 590 2518 Eminet.
619 2463 773 2518 Hunc
801 2463 942 2519 inter
971 2465 1266 2536 fulgentem
1299 2467 1480 2521 sidera
1513 2477 1730 2538 septem

358 2554 547 2625 Magna
577 2557 759 2626 quatit
792 2558 1023 2614 stellans
1053 2577 1065 2612 :
1097 2574 1258 2630 quam
1299 2575 1532 2616 servans
1563 2576 1720 2618 serus
1751 2563 1804 2618 in
1848 2561 1954 2618 alta

355 2647 618 2703 Coudltur
646 2647 847 2704 Oceani
878 2651 991 2720 ripa
1017 2666 1139 2706 cum
1162 2652 1280 2707 luce
1312 2652 1530 2708 Bootes.

666 2836 712 2887 A
744 2833 980 2890 Solstitio
1003 2837 1053 2890 in
1085 2837 1449 2908 azquinoctiunt
1478 2838 1634 2893 ratio.

354 2945 447 3001 Sol
481 2945 754 3016 profectus
773 2963 802 3001 a
829 2955 1021 3018 teporo
1046 2951 1193 3005 veris
1223 2951 1575 3021 aequinoctio,

354 3036 485 3092 Post
512 3039 798 3094 semidiem
829 3050 1058 3110 postque
1087 3050 1228 3097 totos
1256 3045 1546 3114 nonaginta
1578 3053 1637 3099 et
1663 3053 1916 3115 quatuor,

357 3125 600 3183 Fervidis
623 3127 858 3197 ﬂagrans
899 3129 1127 3187 habenis
1156 3133 1370 3202 pulsum
1400 3135 1646 3190 aestivum
1674 3136 1916 3192 conficit.
1981 3157 2026 3219 ρ

357 3218 487 3275 Inde
517 3223 824 3276 Autumnus
853 3224 1028 3279 noctis
1072 3224 1233 3281 horas
1265 3227 1469 3283 librans
1501 3245 1657 3299 aequo
1689 3230 1914 3298 lumine,

358 3309 500 3366 Octo
526 3319 586 3367 et
609 3315 881 3383 octoginta
907 3317 1098 3386 gnaris,
1129 3327 1186 3373 et
1210 3333 1376 3389 super
1400 3320 1648 3377 triborio.

358 3492 491 3549 lnde
521 3494 770 3552 ﬂoridum
795 3498 1016 3555 reﬂexis
1047 3515 1145 3556 ver
1174 3503 1363 3558 revisit
1385 3505 1529 3560 oreis

357 3584 573 3643 Additis
599 3588 666 3644 ad
696 3589 796 3646 bos
825 3594 1040 3662 priores
1066 3609 1249 3665 gteros
1287 3598 1521 3666 geminis
1541 3599 1784 3656 orbibus.

860 3776 940 3831 De
970 3775 1142 3833 Feriis
1181 3778 1450 3836 Romanis.

358 3883 512 3940 Nunc
541 3895 597 3941 et
625 3886 938 3958 Apollineos
963 3890 1216 3947 Tiberina
1249 3908 1347 3963 per
1379 3895 1518 3950 ostia
1551 3895 1738 3964 ludos,

433 3976 503 4032 Et
531 3979 903 4048 Megalesiacae
934 3984 1124 4039 matris
1153 3994 1345 4055 operta
1382 3988 1591 4058 loquar.

365 4068 699 4142 Vulcanique
729 4073 847 4129 dies
873 4078 1118 4132 autumni
1154 4080 1379 4135 exordia
1411 4083 1592 4151 primi,

431 4162 914 4236 Quinquatrusque
949 4170 1068 4224 Deae
1100 4169 1353 4228 Pallados
1380 4175 1666 4242 expediam
1698 4196 1710 4229 :

363 4251 427 4306 Et
455 4254 658 4311 medias
688 4256 835 4323 ldus,
868 4259 1010 4324 Maii,
1038 4262 1382 4336 Augustique
1405 4283 1666 4339 recursu,

433 4345 577 4410 Quas
598 4347 703 4402 sibi
732 4349 1053 4419 Mercurius,
1084 4371 1327 4427 quasque
1357 4358 1525 4414 Diana
1557 4360 1722 4418 dicat.

362 4435 618 4493 Matronre
643 4456 767 4511 qum
793 4457 946 4500 sacra
971 4447 1154 4502 colant
1183 4464 1279 4518 pro
1303 4450 1460 4507 laude
1499 4453 1736 4511 virorum
1758 4499 1772 4523 ,

436 4530 692 4588 Mavortis
721 4536 878 4604 primi
903 4552 1028 4594 cum
1055 4541 1272 4598 rediere
1297 4544 1440 4601 dies.

363 4620 522 4677 Festa
555 4625 866 4695 Caprotinis
895 4635 1209 4691 memorabo
1235 4638 1472 4695 celebria
1506 4644 1685 4699 nonis.

433 4713 566 4769 Cum
595 4719 733 4772 stola
763 4726 1031 4780 matronis
1058 4726 1274 4798 dempta
1317 4739 1464 4802 teget
1489 4720 1753 4792 famulas.

361 4805 630 4873 Quattuor
651 4811 739 4864 illa
769 4815 930 4868 etiam
963 4817 1218 4874 discretis
1257 4822 1499 4890 partibus
1529 4827 1660 4881 anni

435 4901 702 4968 Solstitia,
728 4915 781 4959 et
809 4907 960 4961 lucos
989 4919 1168 4977 nocte,
1200 4911 1399 4983 dieque
1423 4931 1600 4986 pares.

363 4991 472 5047 Nec
501 4995 837 5069 Begifugium
867 5002 1037 5070 pulsis
1067 5018 1134 5058 ex
1158 5005 1290 5062 urbe
1324 5010 1600 5079 tyrannis,

358 5142 3552 5170 —____________________________________________

1821 270 2202 329 EPISTOLAE.

3565 274 3674 334 914

1995 396 2047 455 Α
2145 391 2353 447 Laetum
2377 390 2639 448 Romanis
2671 393 2751 449 fas
2775 393 3016 450 reticere
3033 395 3200 450 diem.

2079 489 2240 545 Visne
2267 489 2398 560 Opis
2425 499 2553 545 ante
2583 505 2824 559 sacrum,
2858 493 2946 548 vel
2980 491 3292 549 Saturnalia
3319 491 3522 560 dicam,

2146 580 2414 652 Festaque
2444 597 2752 648 servorum,
2783 597 2905 638 cum
2929 584 3268 640 famulantur
3297 584 3416 640 heri
3443 585 3466 638 *ἒ

2072 673 2141 729 Ει
2161 671 2453 745 numquam
2479 676 2644 730 certis
2669 675 2952 732 redeuntia
2982 676 3120 732 festa
3149 678 3339 733 diebus
3361 720 3377 744 ,

2141 765 2390 837 Compita
2421 781 2518 836 per
2542 768 2695 823 vicos
2724 782 2846 823 cum
2875 783 2972 824 sua
3009 769 3242 840 quisque
3272 769 3447 825 colit?

2069 862 2177 916 Aut
2197 861 2470 931 duplicem
2510 861 2737 930 cultum,
2767 878 2928 933 quem
2951 863 3283 933 Neptunalia
3312 862 3532 929 dicunt,

2142 951 2212 1007 Et
2234 967 2394 1022 quem
2425 952 2493 1007 de
2519 952 2700 1009 Conso
2725 954 3082 1024 consiliisque
3109 960 3310 1008 vocant
3337 953 3361 1007 ?

2069 1043 2231 1100 Festa
2258 1043 2396 1111 haec,
2425 1044 2676 1116 navigiis,
2701 1053 2793 1099 aut
2820 1060 2941 1116 quae
2972 1045 3250 1101 celebrata
3273 1042 3546 1115 quadrigis
3575 1084 3591 1109 ,

2139 1138 2380 1206 Iungunt
2400 1134 2676 1192 Romanos
2707 1135 3073 1209 ﬁnitimosque
3095 1137 3304 1193 duces?

2067 1226 2333 1298 Adjiciam
2365 1228 2564 1295 cultus,
2596 1229 2990 1300 peregrinaque
3017 1244 3171 1285 sacra
3199 1229 3422 1284 deorum
3445 1271 3460 1296 ,
3514 1235 3524 1274 ε

2137 1319 2382 1375 Natalem
2415 1319 2765 1389 Herculeum,
2800 1321 2884 1376 vel
2918 1321 3051 1376 ratis
3077 1320 3298 1376 Isiacae:

2065 1411 2177 1469 Nec
2198 1427 2305 1468 non
2330 1412 2520 1468 lascivi
2548 1413 2781 1469 Floralia
2808 1414 2928 1468 laeta
2958 1413 3183 1479 theatri,

2134 1503 2267 1572 Quae
2295 1513 2541 1574 spectare
2573 1504 2788 1573 volunt,
2811 1505 2901 1576 qni
2936 1504 3173 1560 voluisse
3205 1514 3422 1575 negant.

2064 1597 2217 1653 Nunc
2241 1598 2407 1653 etiam
2437 1607 2652 1654 veteres
2681 1598 3030 1654 celebrantur
3056 1598 3276 1670 Equiria
3311 1598 3449 1653 ludi.

2135 1693 2315 1748 Prima
2345 1693 2461 1748 hmo
2490 1693 2770 1748 Romanus
2792 1695 3014 1750 nomina
3036 1692 3228 1749 Circus
3258 1694 3438 1749 habet.

1989 1773 2034 1834 Β
2066 1789 2134 1846 Et
2165 1790 2517 1863 Dionysiacos
2547 1791 2703 1846 Latio
2727 1793 3053 1862 cognomine
3079 1793 3238 1847 ludos

2135 1881 2305 1937 Roma
2329 1883 2476 1952 colit,
2512 1882 2675 1939 Liber
2702 1899 2822 1954 quae
2850 1885 2955 1940 sibi
2979 1893 3102 1940 vota
3124 1885 3290 1940 dicat.

2062 1974 2276 2032 A‘Jdiles
2303 1975 2499 2046 plebeii
2533 1976 2724 2042 etiam,
2753 1976 3049 2048 :edilesque
3086 1977 3305 2031 curules

2133 2068 2298 2123 Sacra
2329 2067 2642 2139 Sigillorum
2668 2067 2888 2124 nomine
2919 2068 3062 2124 dicta
3095 2069 3303 2123 colunt.

2060 2161 2126 2216 Et
2156 2160 2493 2232 gladiatores
2521 2159 2769 2216 funebria
2795 2161 2982 2231 praelia
3017 2169 3206 2216 notum

2138 2253 2457 2307 Decertasse
2489 2251 2646 2307 foro:
2680 2267 2826 2307 nunc
2851 2253 2957 2308 sibi
2990 2267 3156 2307 arena
3187 2267 3319 2308 suos

2063 2341 2330 2402 Vendicat
2352 2363 2365 2398 :
2390 2356 2640 2400 extremo
2662 2346 2751 2414 qui
2779 2346 2890 2415 jam
2932 2347 3036 2400 sub
3067 2345 3173 2401 fine
3206 2345 3516 2402 Decembris

2132 2435 2472 2507 Falcigerum
2506 2435 2725 2506 placant
2766 2435 3032 2505 sanguine
3057 2435 3406 2506 Caeligenam.

2617 2555 3022 2568 —————

2511 2638 2586 2694 De
2614 2637 2914 2693 lustralibus
2938 2638 3210 2709 agonibus.

2059 2759 2326 2826 Quattuor
2347 2759 2603 2830 antiquos
2625 2758 2927 2815 celebravit
2951 2757 3156 2813 Achaia
3191 2756 3369 2813 ludos.

2130 2849 2444 2908 Caelicolum
2475 2851 2585 2907 duo
2605 2861 2756 2917 sunt,
2784 2860 2839 2906 et
2866 2851 2973 2906 duo
3004 2850 3137 2906 festa
3170 2850 3476 2906 hominum.

2060 2938 2226 3001 Sacra
2247 2945 2421 3014 Jovis,
2457 2945 2772 3016 thbique,
2800 2946 3147 3012 Palaemonis,
3178 2943 3610 3013 Archemorique
3638 2958 3647 2996 ;

2130 3035 2288 3092 Sert‘a
2310 3036 2506 3107 quibus
2533 3038 2714 3107 pinus,
2747 3036 2944 3101 malus,
2976 3036 3139 3102 oliva,
3165 3036 3369 3107 apium.

2597 3216 2676 3272 De
2705 3218 2836 3272 locis
2871 3234 3121 3289 agonum.

2057 3334 2236 3390 Prima
2261 3333 2380 3390 Jovi
2413 3347 2612 3404 magno
2634 3332 2979 3388 celebrantur
3007 3331 3257 3401 Olympia
3289 3331 3447 3386 Pisae.

2059 3426 2361 3482 Parnassus
2389 3425 2574 3480 Clario
2602 3424 2841 3480 sacravit
2871 3423 3065 3494 Pythia
3097 3422 3325 3478 Phoebo.

2056 3516 2280 3570 Isthmia
2315 3515 2560 3569 Portuno
2589 3514 2811 3568 bimaris
2840 3514 2986 3567 dicat
3025 3522 3143 3568 acta
3173 3512 3444 3568 Corinthi.

2058 3606 2384 3665 Archemori
2417 3605 2668 3661 Nemeaea
2697 3604 2884 3660 colunt
2912 3603 3157 3659 funebria
3190 3603 3412 3658 Thebze.

2514 3775 2593 3844 De
2613 3789 2914 3844 auctoribus
2951 3804 3196 3861 agonum.

2059 3905 2282 3963 Primus
2300 3903 2633 3976 Olympiaca:
2654 3901 2887 3957 sacravit
2916 3901 3054 3956 festa
3075 3915 3294 3956 corona:
3315 3883 3321 3887 ”

2059 4000 2269 4071 Jupiter
2290 4000 2476 4070 Argivi
2499 3997 2674 4054 stadia
2701 3997 2768 4052 ad
2798 3996 3114 4065 longissima
3134 3995 3302 4050 Circi.

2064 4095 2351 4150 Proximus
2376 4093 2594 4148 Alcides
2621 4091 2836 4146 Nemeae
2856 4089 3092 4144 sacravit
3112 4089 3398 4144 honorem.

2062 4187 2191 4242 llaec
2217 4199 2434 4256 quoque
2466 4183 2800 4254 temporibus
2823 4181 3190 4252 quinquennia
3216 4194 3369 4235 sacra
3401 4177 3654 4235 notandis

2061 4277 2283 4332 Isthmia
2305 4276 2558 4347 Neptuno
2582 4276 2707 4329 data
2739 4282 2886 4342 sunt,
2917 4284 2970 4328 et
2992 4273 3184 4346 Pythia
3218 4272 3459 4338 Phceho,

2067 4371 2302 4442 Ancipiti
2349 4371 2496 4425 cultu
2529 4369 2774 4424 divorum
2807 4368 3200 4438 hominumque
3230 4365 3480 4437 sepultis.

1986 4553 2039 4614 D
2172 4553 2323 4620 Quod
2350 4551 2531 4617 iidem,
2556 4550 2650 4629 qui.
2668 4549 2806 4629 sacri
2835 4563 3025 4629 agones
3051 4555 3198 4612 sunt,
3236 4552 3296 4629 et
3312 4543 3556 4614 funebres

2633 4621 2744 4676 ludi
2776 4619 3083 4674 habeantur.

2064 4739 2362 4797 Tantalidae
2395 4737 2580 4807 Pel0pi
2612 4744 2864 4791 nitestum
2897 4733 3042 4788 dicat
3084 4731 3195 4786 Elis
3227 4730 3512 4786 honorem.

2064 4831 2387 4888 Archemori
2417 4830 2663 4886 Nemeaea
2706 4826 2892 4883 Colunt
2927 4825 3294 4896 quinquennia
3327 4824 3368 4879 Τ
3377 4825 3553 4880 Ιιθιιω.

2066 4925 2290 4982 Isthmia
2318 4925 2581 4982 defuncto
2606 4924 2882 4980 celebrata
2907 4923 3242 4991 Palaemone,
3267 4932 3478 4977 notum.

2070 5015 2261 5087 Pythia
2294 5015 2563 5086 placando
2587 5015 2779 5086 Delphi
2813 5023 3059 5072 statuere
3093 5013 3347 5068 Draconi.

1361 5241 2205 5343 EPISTOLARUM
2278 5255 2658 5340 LIBER.

959 5386 1290 5445 EPISTOLA
1329 5390 1370 5445 Ι.
1401 5385 1415 5398 ’

580 5517 846 5577 Ausoutus
882 5523 951 5577 ad
987 5537 1199 5579 PATREM
1237 5525 1300 5580 de
1333 5537 1570 5598 suscepto
1619 5528 1748 5597 ﬁlio.

364 5653 722 5712 Credideram
751 5658 826 5713 nil
853 5673 1016 5730 posse
1046 5661 1184 5717 meis
1209 5661 1494 5718 affectibus
1515 5663 1663 5732 addi,

440 5746 582 5815 Quo,
617 5751 930 5807 venerande
960 5760 1134 5823 pater,
1158 5753 1454 5825 diligerere
1484 5757 1676 5827 magis.

2073 5395 2318 5453 Accessit
2340 5398 2550 5466 (grates
2584 5396 2820 5466 superis,
2857 5394 3143 5465 medioque
3173 5393 3353 5464 nepoti
3381 5435 3398 5462 ,

2143 5488 2276 5542 Bina
2305 5487 2456 5543 dedit
2485 5489 2687 5543 nostris
2717 5489 2807 5558 qui
2831 5489 2956 5558 juga
2985 5487 3316 5543 nominibus.

2068 5576 2198 5647 Ipse
2229 5591 2396 5646 nepos
2426 5586 2478 5631 te
2510 5577 2634 5631 fecit
2662 5593 2823 5632 avum
2852 5596 2863 5630 :
2897 5577 3032 5632 mihi
3057 5577 3199 5632 filius
3224 5575 3368 5632 idem
3389 5616 3405 5642 ,

2143 5671 2212 5726 Et
2243 5671 2336 5726 tibi
2364 5686 2466 5741 ego
2498 5689 2509 5725 :
2540 5669 2642 5726 hoc
2673 5680 2800 5725 nato
2826 5685 2926 5725 nos
2947 5684 3133 5724 sumus
3167 5669 3328 5724 ambo
3358 5678 3556 5741 patres.

2071 5761 2180 5818 Nec
2208 5762 2318 5834 jam
2351 5763 2466 5816 sola
2499 5761 2630 5816 mihi
2661 5762 2833 5833 pietas
2865 5777 2986 5816 mea
3016 5760 3208 5819 suadet
3244 5777 3482 5820 amorem
3512 5782 3524 5816 :
