4108 6188
360 270 469 323 θίῢ

442 383 670 439 Nomine
700 390 752 435 te
778 378 979 451 gemini
1006 377 1116 448 jam
1146 373 1416 447 genitoris
1439 372 1586 429 amo.
1615 373 1635 445 )

372 477 621 540 Accessit
649 473 857 537 titulus,
891 478 973 524 tua
1001 480 1109 541 quo
1132 467 1439 524 reverentia
1466 475 1675 522 crescat
1700 483 1713 518 :

444 571 564 633 Quo
590 563 819 619 doceam
848 569 1059 625 nutum,
1088 558 1217 629 quid
1247 557 1317 613 sit
1345 572 1532 612 amare
1558 566 1794 626 patrem.

373 660 419 730 Q
459 661 584 730 ippe
616 658 708 712 tibi
738 665 981 727 aequatus
1010 653 1221 723 videor,
1256 650 1402 723 quod
1434 651 1692 721 parvulus
1716 651 1822 705 isto

445 751 675 807 Nomine
704 750 1030 802 honoratum
1074 760 1161 801 me
1190 759 1405 815 quoque
1436 743 1726 798 nobilitat:

370 847 549 915 Atque
572 852 702 897 retas
729 839 852 910 quia
884 849 1065 894 nostra
1094 835 1286 892 eadem
1315 854 1329 892 :
1358 849 1487 891 nam
1517 835 1773 905 supparls
1794 834 1895 890 aevi

442 936 570 990 Sum
608 934 699 988 tibi
732 946 858 999 ego,
890 938 944 985 et
974 938 1196 1000 possum
1228 927 1416 983 fratris
1461 927 1665 983 habere
1695 927 1890 981 vicem.

371 1027 482 1083 Nec
505 1036 710 1080 tantum
745 1020 949 1077 nostris
981 1021 1219 1090 spatium
1251 1019 1617 1089 interponitur
1642 1018 1833 1081 annis,

443 1104 652 1185 Quan'ta
683 1115 860 1168 solvut
888 1111 1028 1166 alios
1058 1119 1304 1180 tempera
1332 1109 1602 1165 dividere.

376 1208 498 1264 Vidi
528 1221 659 1277 ergo
684 1203 891 1259 natales
919 1203 1145 1257 fratrum
1165 1202 1370 1256 distare
1395 1210 1472 1256 tot
1492 1201 1683 1267 annis,

444 1298 589 1365 Quot
617 1304 853 1352 iwstros.
888 1293 1087 1350 [Erum
1114 1293 1331 1348 nomina
1366 1302 1475 1347 nou
1505 1300 1759 1347 onerant.

374 1388 858 1458 Pulchrajuventa
895 1388 987 1442 tibi
1018 1386 1229 1442 senium
1255 1386 1336 1441 sic
1375 1384 1575 1455 jungit,
1612 1392 1673 1439 ut
1699 1392 1898 1449 ravum,

444 1484 601 1553 Quod
630 1483 779 1552 prius
804 1489 911 1547 est,
942 1488 1161 1535 maneat
1190 1495 1205 1533 :
1240 1478 1383 1549 quod
1426 1478 1609 1545 modo,
1642 1485 1703 1532 ut
1728 1475 1971 1547 incipiat.

373 1579 445 1633 Et
477 1575 741 1647 placuisse
769 1589 895 1628 reor
915 1572 1146 1644 geminis
1172 1572 1446 1636 :etatibus,
1478 1581 1535 1625 ut
1562 1584 1625 1626 se

447 1671 565 1726 Non
593 1669 849 1725 feSIiuato
879 1679 1125 1737 tempore
1149 1674 1380 1737 utraque
1410 1665 1586 1720 daret.

374 1760 596 1817 Leniter
627 1762 744 1814 haec
774 1761 986 1819 llueret,
1022 1758 1138 1812 haec
1168 1773 1276 1812 non
1305 1765 1592 1827 properata
1619 1756 1857 1821 veniret,

444 1853 703 1906 Maturam
736 1854 948 1919 lrugem
991 1849 1128 1905 ﬂore
1159 1858 1414 1904 manente
1442 1846 1649 1903 ferens.

386 1948 568 2001 Annos
597 1959 683 1998 me
713 1943 925 1997 nescire
956 1951 1101 2010 tuos,
1136 1949 1291 2011 pater
1315 1941 1544 2011 Optime,
1580 1952 1748 1997 teetor
1780 1958 1795 1995 :

450 2037 659 2105 Totque
692 2046 878 2105 putare
906 2044 1051 2103 tuos,
1086 2042 1221 2105 quot
1248 2046 1376 2089 reor
1413 2048 1537 2090 esse
1566 2048 1736 2089 meos.

386 2128 605 2184 Nesciat
644 2126 748 2182 hoc
770 2134 948 2201 natus,
979 2135 1233 2180 numeret
1261 2125 1641 2196 properantior
1671 2126 1869 2194 iurares,

453 2227 800 2282 Testamenta
827 2224 1020 2293 magis,
1050 2236 1212 2293 quam
1239 2221 1325 2291 pia
1357 2230 1481 2277 vota
1507 2221 1698 2277 fovens
1724 2240 1740 2281 :

380 2318 759 2388 Exemploque
789 2316 990 2371 docens
1017 2330 1186 2385 pravo
1211 2315 1574 2385 juvenescere
1600 2323 1757 2370 natos
1781 2356 1798 2381 ,

456 2409 523 2465 Ut
553 2408 725 2463 nolint
750 2415 930 2479 patres
955 2419 1014 2462 se
1039 2420 1255 2477 quoque
1280 2406 1485 2461 habere
1517 2419 1701 2461 senes.

380 2503 585 2557 Verum
612 2516 714 2571 ego
748 2501 1006 2570 primaevo
1036 2499 1253 2569 genitus
1281 2498 1555 2568 genitore,
1586 2496 1799 2552 fatebor

451 2598 712 2665 Supparis
737 2592 854 2649 haec
884 2593 985 2649 teri
1010 2599 1256 2661 tempore
1276 2598 1431 2662 grata
1462 2590 1616 2649 mihi.

381 2686 587 2750 Debeo,
612 2685 757 2757 quod
790 2695 969 2740 natus.
986 2684 1194 2740 Suadet
1219 2686 1303 2754 pia
1328 2678 1460 2739 cura
1489 2683 1723 2759 nepotis,

452 2777 776 2833 Addeudutn
803 2777 963 2845 patri,
997 2790 1106 2845 quo
1128 2784 1454 2830 veneremur
1481 2785 1664 2827 avum.

379 2868 463 2923 Tu
487 2884 723 2939 quoque,
759 2867 829 2921 IIII
857 2867 1092 2937 genitor,
1115 2865 1386 2939 geminata
1422 2864 1685 2921 vocabula
1706 2864 1902 2936 gaude,

460 2962 579 3016 Nati
616 2961 865 3031 primmvi
894 2961 1114 3014 nomine
1137 2957 1310 3013 factus
1338 2966 1493 3012 avus.

390 3054 680 3123 Exiguum,
711 3040 857 3122 quod
889 3067 1042 3106 avus.
1076 3051 1314 3106 Faveant
1344 3052 1427 3121 pia
1454 3050 1671 3105 numina
1695 3042 1904 3117 divum,

461 3146 642 3212 Deque
673 3153 871 3208 nepote
901 3156 1000 3195 suo
1033 3135 1124 3193 fiat
1151 3157 1285 3194 avus
1314 3157 1569 3210 proavus.

385 3236 608 3302 Largius
636 3239 691 3284 et
723 3230 976 3299 poterunt
1005 3228 1305 3298 producere
1341 3227 1445 3282 fatzi
1477 3240 1754 3284 senectam
1787 3246 1800 3282 :

461 3327 564 3378 Sed
601 3332 714 3375 rata
742 3326 861 3372 vina
887 3333 1030 3385 reor,
1060 3328 1179 3389 qua:
1210 3319 1493 3374 titotlerata
1522 3320 1712 3389 magis.

971 3452 1309 3511 EPISTULA
1346 3440 1409 3506 ll.

390 3549 549 3604 Pater
590 3548 660 3602 ad
710 3547 915 3617 ﬁliun;
961 3562 1078 3618 eum
1140 3547 1458 3618 temporibus
1526 3547 1986 3618 tyrannicisipse

458 3612 721 3691 Treveris
760 3617 1114 3691 rentunsissct,
1154 3627 1200 3671 et
1246 3612 1482 3691 'ﬁlius‘a
1529 3612 1673 3691 patre
1717 3612 1985 3690 profectus

457 3705 606 3746 esset.
641 3690 755 3744 Hoc
787 3689 1084 3742 inchoatum
1115 3704 1278 3758 neque
1307 3689 1577 3759 impletum
1603 3690 1676 3743 sic
1706 3691 1770 3743 de
1797 3689 1985 3744 litura-

460 3765 552 3817 riis
571 3763 843 3834 scriptum.

390 3875 572 3930 Debeo
597 3890 650 3928 e.
674 3874 813 3926 lianc
842 3870 1068 3937 nostris,
1104 3869 1175 3924 illi
1203 3869 1545 3938 dulcissime,
1573 3876 1725 3927 euris

390 3969 682 4024 lliswriam
721 3976 1085 4035 :quamquam
1113 3963 1274 4019 titulo
1302 3979 1409 4019 non
1439 3963 1602 4035 digna
1623 3978 1823 4028 serene

391 4062 568 4118 Anxia
600 4071 917 4116 inmatarum
938 4054 1100 4112 luerit
1124 4055 1469 4127 querimonia
1501 4071 1701 4112 rerum.

389 4157 509 4211 Jam
538 4168 703 4223 super
726 4152 956 4221 egelida:
985 4148 1297 4220 stagnantia
1328 4158 1476 4219 terga
1509 4150 1747 4208 Mosellae

390 4246 701 4305 Pretulerat
731 4255 808 4310 te,
844 4252 991 4309 nate,
1019 4253 1167 4298 rates
1192 4259 1206 4297 :
1239 4243 1528 4314 incestique
1556 4246 1797 4314 parentis

387 4342 589 4398 Oscula
613 4350 671 4396 et
696 4338 982 4409 amplexus
1009 4337 1354 4395 discreverat
1376 4337 1596 4395 invidus
1622 4342 1819 4396 amnis.

392 4437 555 4492 Solus
589 4449 726 4504 ego;
751 4443 807 4487 et
833 4432 1080 4503 quamvis
1101 4441 1248 4486 cmtu
1275 4432 1584 4487 celebratus
1611 4432 1806 4499 amico,

1762 251 1937 314 DECII
1980 250 2253 313 AUSONII

1990 374 2041 432 Δ
2073 372 2205 426 Dum
2233 371 2462 427 decores
2494 381 2751 442 suprema
2785 365 2980 438 patris,
3008 373 3064 421 tn
3096 372 3245 430 nate,
3278 368 3581 434 superstes.

3559 243 3672 304 ΜΒ

2632 500 2969 562 EPISTOLA
2995 500 3083 558 IIl.

2570 620 2839 676 Ausoutus
2871 619 3166 674 llesrsnto.

2071 724 2256 806 Qualis
2285 735 2503 791 Picenze
2532 733 2820 804 pepulator
2843 730 3035 787 turdus
3063 729 3225 784 olivae

2142 825 2345 881 Clunes
2375 825 2584 897 opimat
2613 836 2803 878 cereas
2835 839 2849 878 :

2071 916 2171 972 Vel
2200 916 2293 987 qui
2322 915 2571 970 lucentes
2596 912 2782 984 rapuit
2810 910 2879 968 de
2910 910 3119 966 vitibus
3150 922 3308 975 uvas,

2144 1010 2464 1082 Pendetque
2494 1024 2671 1064 nexus
2699 1006 2906 1063 retibus
2932 1024 2947 1061 :

2072 1107 2204 1176 Quae
2234 1100 2563 1177 vespertinis
2591 1098 2803 1158 fluitant
2825 1098 3086 1157 nebulosa
3117 1088 3222 1154 sub
3242 1095 3415 1164 horis,

2145 1198 2242 1255 Vel
2267 1213 2426 1253 mane
2447 1205 2595 1252 tenta
2624 1188 2842 1251 roscido
2867 1212 2881 1246 :

2075 1291 2240 1346 Tales
2269 1289 2510 1346 hibernis
2536 1289 2606 1343 ad
2635 1297 2686 1343 te
2714 1280 2782 1341 de
2812 1284 3053 1358 sepibus,
3087 1284 3239 1357 ipsos

2148 1382 2279 1455 Capi
2308 1382 2574 1448 volentes,
2607 1379 2878 1447 misimus,

2078 1477 2168 1532 Bis
2196 1478 2368 1532 denos
2400 1494 2414 1531 :
2443 1470 2526 1530 tot
2553 1473 2702 1530 enim
2731 1486 2964 1542 erepere
2987 1468 3089 1525 sub
3112 1468 3252 1524 lucis
3284 1462 3414 1524 ane

2150 1569 2400 1639 Praeceps
2422 1564 2643 1622 volatus
2670 1564 2876 1620 intulit.

2079 1664 2217 1721 Tum
2245 1675 2379 1733 quas
2404 1660 2598 1716 vicinxe
2619 1660 2892 1730 suggessit
2914 1656 3098 1730 prteda
3121 1658 3351 1724 lacunar,

2006 1752 2055 1811 B
2151 1758 2356 1811 Anates
2382 1755 2609 1809 maritas
2633 1750 2943 1821 iunximus,

2079 1845 2426 1915 Reinipedcs,
2463 1842 2575 1899 lato
2604 1843 2928 1913 populantes
2957 1840 3161 1898 eterula
3185 1850 3386 1909 rostro,

2150 1937 2218 1993 Et
2243 1952 2402 1993 crure
2426 1936 2621 1991 rubras
2652 1936 2876 2006 punico.

2080 2026 2303 2086 lricolor
2332 2028 2483 2082 vario
2504 2026 2688 2099 pinxit
2713 2042 2851 2099 quas
2882 2026 3063 2099 pluma
3090 2022 3302 2095 colore,

2151 2119 2363 2176 Collum
2390 2120 2662 2176 columbis
2687 2118 2931 2179 aemulas.

2080 2217 2374 2277 Defrudata
2405 2232 2541 2272 mea:
2565 2231 2671 2271 non
2703 2223 2828 2271 sunt
2855 2213 2971 2271 haec
2996 2210 3204 2271 fercula
3233 2227 3456 2271 mensae.

2152 2309 2425 2366 Vescente
2447 2316 2521 2376 te,
2558 2303 2791 2364 fruimur
2823 2296 3015 2378 magis.

2407 2401 2534 2459 Vale
2559 2402 2724 2470 bene,
2756 2413 2815 2457 ut
2835 2386 3069 2458 valeam.

2636 2554 2971 2615 EPISTULA
3018 2556 3109 2614 IV.

2154 2676 2443 2743 Ansomus,
2477 2672 2869 2746 rujusferulam
2900 2689 3036 2746 nunc
3061 2682 3264 2746 scfptra
3285 2670 3554 2738 verentur,

2157 2746 2434 2818 I’aganum
2456 2743 2674 2800 modulis
2687 2745 2847 2818 jubeo
2869 2743 3066 2799 enitere
3094 2743 3380 2798 Timoneas.

2082 2860 2222 2930 Quid
2250 2860 2417 2929 geris,
2447 2854 2708 2914 extremis
2742 2856 2950 2927 positus
2974 2838 3193 2912 telluris
3218 2856 3271 2910 in
3300 2853 3438 2921 oris,

2082 2952 2274 3010 Cultor
2299 2964 2592 3008 arenarum
2617 2946 2809 3006 vates?
2840 2950 2927 3005 cui
2958 2948 3112 3004 littus
3137 2946 3439 3012 arandum,

2083 3046 2286 3103 Oceani
2315 3042 2475 3099 linem
2497 3051 2671 3114 juxta,
2705 3044 2984 3114 solemque
3013 3044 3301 3100 cadentem
3340 3060 3351 3095 :

2010 3129 2056 3191 C
2086 3140 2224 3194 Vilis
2254 3136 2503 3192 arundin-
2526 3136 2571 3191 is
2596 3120 2813 3192 cohibet
2837 3152 2999 3207 quem
3034 3132 3260 3206 pergula
3292 3133 3491 3190 tectis:

2087 3233 2156 3286 Et
2185 3230 2340 3298 tingit
2371 3228 2523 3299 piceo
2550 3228 2852 3300 lacrymosa
2883 3227 3131 3284 colonica
3164 3224 3337 3282 firmo.

2087 3326 2227 3396 Quid
2253 3340 2455 3389 reruni,
2489 3315 2765 3393 Muschue
2789 3324 3005 3394 gerunt,
3033 3326 3091 3377 et
3116 3326 3311 3377 cautor
3341 3316 3576 3389 Apollo?

2089 3418 2257 3473 Musae
2284 3432 2392 3470 non
2426 3415 2688 3469 llclicmie
2720 3423 2874 3482 sane,
2918 3424 3021 3470 nec
3044 3414 3197 3470 fonte
3225 3413 3421 3469 caballi
3449 3432 3463 3469 :

2087 3508 2191 3564 Sed
2223 3523 2342 3577 qua:
2372 3504 2604 3560 fecundo
2631 3503 2697 3560 de
2730 3506 2954 3575 pectore
2983 3500 3315 3562 Clementini

2088 3599 2358 3669 Inspirant
2379 3606 2580 3652 vacuos
2610 3598 2787 3653 aliena
2816 3604 2998 3654 mente
3027 3606 3238 3668 pectas.

2087 3692 2220 3748 .lure
2243 3689 2460 3761 quidem
2489 3707 2502 3743 :
2529 3704 2652 3744 nam
2685 3690 2808 3761 quis
2840 3692 2993 3746 malit
3019 3697 3117 3746 Sua
3141 3691 3381 3748 carmina
3407 3691 3541 3757 dici,

2090 3782 2191 3850 Qui
2215 3791 2268 3836 te
2296 3795 2490 3837 securo
2522 3778 2698 3851 possit
2728 3780 3081 3851 proscindere
3109 3783 3256 3838 risu?

2090 3873 2219 3928 llmc
2246 3884 2466 3943 quoque
2491 3880 2559 3926 ne
2579 3883 2828 3927 nostrum
2856 3875 3069 3943 possint
3099 3872 3294 3946 urgere
3323 3872 3617 3943 pudorem,

2088 3962 2171 4018 Tn
2198 3963 2371 4018 recita
2406 3979 2417 4015 z
2450 3969 2506 4017 et
2532 3977 2662 4018 vere
2689 3972 2957 4033 poterunt
2982 3972 3073 4019 tua
3097 3963 3245 4020 dicta
3271 3964 3461 4020 videri.

2090 4060 2263 4128 Quam
2296 4068 2477 4115 tamen
2498 4073 2727 4116 exerces
2750 4059 3085 4116 Medulorum
3115 4063 3168 4117 in
3201 4061 3385 4117 littore
3414 4056 3618 4117 vitam?

2092 4152 2436 4207 Mercatusne
2460 4152 2662 4223 agitas,
2694 4151 2905 4208 leviore
2936 4152 3269 4211 nomismata
3292 4162 3540 4225 captans,
3606 4198 3611 4203 .

2092 4243 2301 4299 Insanis
2330 4243 2477 4314 quod
2507 4258 2634 4298 mox
2658 4245 2844 4313 pretiis
2869 4245 3051 4312 gravis
3080 4248 3265 4302 auctio
3298 4244 3531 4302 vendat?

2093 4337 2354 4394 Albentes
2383 4337 2498 4393 seVi
2524 4337 2798 4408 globulos,
2824 4348 2876 4394 et
2905 4338 3127 4411 pinguia
3149 4346 3294 4396 certe

2095 4430 2362 4496 l’ondera,
2380 4430 2778 4501 Naryciamque
2805 4432 3006 4502 picem,
3034 4434 3373 4504 scissamtltie
3395 4440 3691 4505 papyrum,

391 4528 555 4585 Solus
575 4502 723 4580 erant
757 4542 771 4581 :
807 4502 1162 4594 profugusque
1182 4522 1382 4578 dabam
1414 4525 1502 4594 pia
1531 4534 1654 4579 vota
1687 4526 1916 4591 carinae,
2015 4502 2071 4569 Ῑ)
2095 4521 2502 4592 Fumantesque
2519 4523 2650 4603 olim
2675 4523 2935 4594 paganica
2964 4525 3167 4580 lumina
3199 4502 3403 4582 tazdasl

391 4618 557 4674 Solus
584 4617 765 4674 adhuc
800 4629 873 4683 te,
910 4626 1058 4682 nate,
1090 4615 1319 4670 videns:
1351 4615 1656 4687 celerisque
1692 4617 1918 4672 remulci

389 4708 689 4778 Culpabam
721 4721 987 4778 properos
1010 4706 1248 4762 adverso
1275 4704 1499 4761 ﬂumine
1531 4722 1748 4763 cursus.

389 4801 523 4869 Quis
552 4798 652 4853 fuit
675 4799 768 4853 ille
793 4798 947 4854 dies?
976 4813 1083 4855 non
1115 4808 1292 4854 annos
1323 4796 1540 4867 longior
1571 4798 1664 4853 ille
1688 4808 1799 4864 est,

388 4892 573 4951 Attica
595 4905 756 4962 quem
783 4890 930 4945 docti
958 4890 1180 4961 collegit
1204 4905 1332 4945 cura
1363 4889 1615 4946 Metonis.

392 4988 673 5051 Desertus,
703 4982 889 5039 vacuis
917 4981 1160 5050 solisque
1190 4996 1455 5037 exerceor
1483 4982 1629 5038 Aris.

392 5080 546 5137 Nunc
572 5092 674 5149 ego
700 5075 962 5147 pubentes
984 5073 1208 5129 salicum
1237 5072 1544 5131 deverbero
1567 5075 1788 5142 frondes
1823 5093 1836 5130 :

395 5173 719 5232 Gramineus
744 5181 887 5222 nunc
919 5168 1106 5236 frango
1140 5176 1288 5222 toros
1316 5185 1326 5220 :
1353 5166 1674 5240 viridesque
1704 5184 1800 5240 per
1832 5169 1992 5228 ulvas

390 5270 624 5327 Lubrica
648 5264 938 5322 sub5tratis
969 5252 1198 5334 vestigia
1229 5263 1369 5320 libro
1392 5265 1616 5335 lapillis.

387 5362 483 5420 Sic
515 5361 606 5415 lux
633 5359 804 5430 prima
834 5357 1003 5423 abiit;
1034 5357 1115 5413 sic
1142 5358 1319 5413 altera
1340 5367 1482 5414 meta
1512 5358 1619 5416 diei
1644 5376 1660 5426 ;

388 5457 483 5513 Sic
514 5454 761 5525 geminas
784 5451 999 5506 alterna
1028 5457 1173 5506 rotat
1204 5450 1414 5522 vertigo
1443 5452 1718 5520 tenebras,

389 5549 484 5603 Sic
516 5548 650 5600 alias
682 5562 696 5600 :
728 5552 984 5614 totusque
1023 5545 1153 5599 milii
1185 5544 1265 5600 sic
1288 5559 1464 5600 annos
1491 5545 1686 5615 abibit,

390 5637 702 5692 Restituunt
739 5636 914 5691 donec
943 5646 1032 5690 tua
1055 5650 1142 5691 me
1170 5635 1267 5692 tibi
1292 5636 1397 5690 lata
1428 5644 1735 5706 parentem.

396 5725 531 5782 IIth
550 5738 650 5794 ego
673 5724 989 5780 conditione
1018 5726 1169 5795 licet,
1192 5726 1278 5783 vel
1310 5735 1486 5784 morte
1515 5726 1761 5798 paciscar
1789 5746 1804 5785 :

2096 4613 2179 4668 An
2202 4616 2407 4683 majora
2429 4610 2648 4684 gerens,
2677 4620 2788 4669 tota
2811 4615 3033 4687 regione
3055 4628 3319 4688 vagantes

2096 4706 2452 4775 Persequeris
2478 4704 2647 4772 fures,
2674 4709 2767 4777 qui
2799 4717 2871 4776 te,
2904 4720 3179 4780 postrema
3208 4714 3491 4778 timentes,

2094 4798 2153 4853 In
2180 4809 2417 4870 partem,
2448 4798 2797 4871 praedamque
2823 4803 3053 4858 vocent?
3075 4804 3157 4860 Tu
3180 4805 3351 4872 mitis,
3375 4814 3432 4860 et
3453 4819 3582 4860 osor

2094 4890 2390 4962 Sanguinis
2425 4892 2651 4947 humani
2681 4892 2968 4950 condonas
2997 4896 3228 4951 erimina
3260 4899 3520 4963 nummis,

2096 4986 2464 5056 Erroremque
2487 4998 2675 5053 vocas,
2711 4987 3062 5059 pretiumque
3083 4988 3317 5060 imponis
3339 4990 3548 5045 abactis

2097 5079 2297 5147 Bubus,
2323 5089 2379 5136 et
2401 5080 2455 5136 in
2482 5089 2693 5150 partem
2725 5083 2994 5138 scelerum
3017 5082 3086 5138 de
3110 5084 3298 5154 judice
3325 5085 3558 5139 transis?

2095 5176 2180 5230 An
2204 5187 2325 5227 cum
2357 5172 2523 5228 fratre
2542 5187 2706 5244 vagos
2733 5172 2950 5228 dumeta
2980 5190 3078 5246 per
3109 5176 3227 5230 avia
3255 5190 3448 5231 cervos

2094 5256 2417 5333 circumdas
2448 5263 2699 5334 maculis,
2723 5275 2778 5319 et
2803 5266 2973 5321 multa
3004 5266 3260 5339 indagine
3287 5267 3504 5339 pinum?

2094 5359 2203 5416 Aut
2227 5355 2529 5427 spumantis
2559 5356 2678 5426 apri
2701 5370 2923 5415 cursum
2955 5359 3294 5417 clamoribus
3322 5376 3509 5431 urges,

2091 5448 2445 5520 Subsidisque
2478 5446 2635 5504 fero?
2665 5464 2863 5506 moneo
2898 5461 3104 5521 tamen,
3140 5470 3311 5526 usque
3341 5470 3562 5515 recuses

2090 5537 2372 5608 Stringere
2401 5536 2668 5594 fulmineo
2699 5541 2963 5597 venabula
2999 5548 3248 5601 cominus
3280 5546 3446 5607 hosti.

2092 5632 2414 5701 Exemplum
2445 5630 2516 5687 de
2552 5631 2721 5689 fratre
2750 5634 2902 5706 time,
2938 5637 3032 5707 qui
3064 5646 3219 5695 veste
3247 5639 3474 5697 reducta

2090 5722 2337 5779 Ostentat
2368 5724 2536 5781 fades
2569 5741 2738 5798 prope
2764 5727 2939 5799 turpia
2965 5745 3107 5788 mem
3122 5732 3219 5790 bra
3242 5731 3487 5803 lacunas,
