4108 6188
341 277 447 335 917

339 401 735 469 Perl'ossasque
757 404 912 452 nates
956 392 1136 449 vicino
1166 387 1360 464 podice
1390 388 1581 444 nudat.

343 494 478 550 Inde
503 496 814 548 ostentator
839 488 1064 544 volitat:
1090 487 1358 541 mirentur
1389 490 1449 537 ut
1467 482 1646 552 ipSum

343 584 611 656 Gedippa,
639 582 986 650 Ursinusque
1009 591 1161 645 suus,
1188 575 1484 646 prolesque
1511 572 1723 639 Iovini,

343 676 752 746 Taurinusque,
785 675 961 744 ipsum
993 671 1188 742 priscis
1214 669 1480 725 heroibus
1499 677 1763 738 aequatis:

342 771 531 839 Qualis
559 771 612 824 in
640 767 837 825 Olenio
868 765 1043 821 victor
1065 764 1384 821 Calidonius
1411 778 1566 835 apro,

347 871 456 921 Aut
478 862 847 932 Erymantheo
877 861 1049 931 pubes
1071 860 1172 914 fuit
1200 858 1380 914 Attica
1400 867 1674 914 monstro.

345 957 454 1014 Sed
481 967 538 1012 tu
570 970 735 1027 parce
767 954 896 1009 feris
918 953 1226 1020 venatibus,
1260 961 1320 1006 et
1349 950 1472 1021 fuge
1496 959 1629 1006 nota

343 1051 584 1107 Crimina
608 1050 862 1104 silvarum
899 1063 913 1102 :
965 1061 1034 1102 ne
1054 1046 1130 1101 sis
1153 1043 1414 1116 Cinyreia
1437 1043 1649 1116 proles,

343 1143 698 1212 Accedasque
727 1141 930 1195 iterum
957 1136 1156 1194 Veneri
1185 1135 1487 1207 plorandus
1515 1134 1746 1190 Adonis.

343 1237 437 1293 Sic
457 1244 607 1291 certe
630 1232 838 1289 crinem
869 1231 1064 1297 ﬂavus,
1101 1230 1402 1299 niveusque
1423 1227 1682 1294 lacertos,

341 1327 634 1383 Cresariem
661 1325 884 1380 rutilam
913 1337 1014 1394 per
1034 1321 1266 1378 candida
1295 1321 1434 1377 colla
1457 1321 1706 1378 refundis
1740 1339 1753 1374 :

343 1423 571 1478 Pectore
599 1420 677 1474 sic
706 1429 914 1484 tenero,
946 1417 1108 1486 plana
1135 1415 1214 1470 sic
1237 1414 1469 1486 iunceus
1495 1415 1642 1485 alvo,

342 1517 448 1572 Per
477 1523 679 1571 teretes
706 1512 966 1568 feminum
994 1523 1178 1582 gyros,
1203 1520 1471 1580 surasque
1493 1509 1734 1565 nitentes

342 1609 662 1680 Descendis,
701 1609 839 1664 talos
868 1623 896 1662 a
919 1607 1128 1663 vertice
1159 1605 1389 1677 pulcher
1420 1605 1488 1661 ad
1522 1605 1682 1662 imos.

343 1702 528 1772 Qualis
551 1701 832 1757 ﬂoricoma
860 1699 1140 1771 quondam
1167 1700 1456 1771 populator
1487 1699 1540 1754 in
1567 1697 1750 1766 ZEIna,

350 1795 628 1866 Virgineas
657 1793 799 1848 inter
824 1792 1054 1848 choreas
1079 1791 1282 1847 Deoida
1307 1800 1517 1861 raptam

343 1885 572 1942 Sustulit
593 1899 840 1942 emersus
871 1884 1065 1957 stygiis
1087 1883 1404 1940 fornacibus
1425 1884 1619 1940 Orcus.

342 1980 424 2033 An
463 1979 589 2048 quia
616 1985 847 2033 venatus
869 1977 937 2032 ob
967 1984 1116 2031 tanta
1145 1977 1387 2047 pericula
1408 1977 1572 2044 vitas,

343 2070 590 2127 Piscandi
613 2068 848 2124 traheris
873 2066 1099 2122 studio?
1124 2083 1248 2122 nam
1284 2076 1394 2122 tota
1420 2067 1667 2138 supellex

343 2160 657 2218 Dumnotini
683 2158 816 2215 tales
844 2158 1006 2213 solita
1036 2166 1118 2215 est
1147 2155 1438 2214 ostendere
1463 2173 1627 2229 gazas
1656 2173 1670 2213 :

340 2257 585 2312 Nodosas
624 2265 806 2310 vestes
833 2252 1174 2306 animantum
1210 2249 1562 2320 Nerinorum,

342 2347 409 2405 Et
429 2348 635 2421 iacula,
662 2356 718 2402 et
746 2345 964 2413 fundas,
991 2353 1046 2399 et
1069 2345 1290 2399 nomina
1320 2341 1499 2399 villica
1523 2342 1643 2410 lini,

339 2443 596 2512 Colaquc,
620 2449 676 2495 et
705 2438 924 2494 indutos
955 2437 1189 2492 terrenis
1217 2435 1500 2492 vermibus
1525 2437 1734 2493 hamos.

338 2535 434 2591 His
465 2533 658 2606 opibus
685 2531 892 2588 conﬁse
926 2531 1134 2587 tumes?
1166 2529 1360 2585 domus
1389 2528 1573 2585 omnis
1601 2529 1846 2585 abundat

339 2626 595 2682 Littoreis
624 2624 776 2680 dives
804 2623 1014 2694 spoliis,
1048 2621 1359 2678 referuntur
1385 2619 1452 2676 ab
1483 2619 1630 2677 unda

281 2727 284 2730 ’
337 2721 598 2789 Carroco,
630 2717 814 2774 letalis
847 2726 1063 2789 trygon,
1099 2715 1400 2786 mollesque
1433 2715 1710 2786 platessae,

341 2812 568 2869 Urentes
598 2810 812 2882 thynni,
851 2820 906 2865 et
936 2809 1077 2864 male
1111 2808 1238 2865 tecti
1261 2809 1419 2879 spina
1445 2808 1667 2879 elegati,

334 2904 447 2960 Nec
477 2904 721 2958 duraturi
756 2912 876 2973 post
903 2900 1032 2957 bina
1059 2900 1289 2975 trihoria
1318 2901 1492 2958 corvi.

336 2999 418 3052 An
447 3007 498 3076 te
525 2995 863 3052 carminibus
889 2997 1042 3068 juvat
1071 2995 1342 3052 incestare
1373 3010 1600 3051 canoras

334 3094 716 3166 Mnemosynes
744 3103 916 3159 natas,
941 3103 1034 3147 aut
1066 3101 1196 3162 tres,
1230 3101 1322 3146 aut
1344 3099 1465 3146 octo
1491 3089 1748 3148 sorores?

338 3187 402 3240 Et
432 3185 690 3257 quoniam
722 3184 828 3240 huc
859 3195 1103 3252 ventum,
1135 3185 1181 3240 si
1211 3183 1293 3240 vis
1324 3198 1679 3255 cognoscere,
1701 3181 1827 3255 quid
1853 3177 1925 3240 sit
1950 3153 1998 3218 C
2031 3154 2286 3257 “Dem”
2314 3167 2524 3257 sum"?
2551 3147 2685 3205 mihi
2713 3157 2828 3257 θξίῖ
2858 3161 2927 3201 ne
2950 3153 3282 3257 ξθβθίδὲξξῗν

337 3278 482 3334 Inter
519 3276 848 3344 doctrinam,
879 3276 1316 3348 deridendaSque
1344 3275 1614 3332 Camenas
1642 3294 1656 3332 :

334 3373 536 3442 Accipe
555 3382 838 3443 congestas
867 3372 1127 3443 mysteria
1161 3367 1349 3426 frivola
1381 3384 1574 3441 nugas,

334 3468 483 3534 Quas
513 3475 686 3521 tamen
720 3464 988 3536 exlilicitis
1021 3479 1260 3538 nequeas
1285 3463 1598 3534 dependere
1626 3461 1847 3530 chartis,

336 3559 545 3616 Scillite
572 3557 754 3614 decies
781 3543 886 3613 non
914 3559 960 3612 si
991 3557 1240 3629 purgeris
1270 3568 1451 3624 aceto,

334 3653 722 3724 Anticipesque
753 3663 845 3709 tuo
870 3653 1038 3710 Samii
1069 3651 1401 3708 Lucumonis
1430 3667 1657 3708 acumen
1695 3669 1708 3706 :

476 3749 583 3802 Aut
612 3747 754 3802 adsit
783 3748 1051 3818 interpres
1075 3755 1218 3814 tuus,

476 3841 846 3912 IEnigmatum
879 3839 968 3912 qui
992 3841 1244 3911 cognitor

477 3937 605 3993 Fuit
629 3952 875 3993 meorum
909 3955 923 3991 :
963 3951 1088 3992 cum
1121 3936 1214 3992 tibi

476 4029 664 4085 Cadmi
695 4030 923 4101 nigellas
944 4029 1104 4096 ﬁlias,

477 4121 704 4178 Melonis
731 4121 912 4176 albam
943 4121 1131 4188 filiam,

479 4215 752 4286 Notusque
778 4213 946 4270 furvae
972 4216 1165 4286 sepiae,

477 4309 811 4380 Cuidiosque
840 4308 1012 4365 nodos
1047 4309 1308 4381 prodidit.

474 4402 624 4458 Nunc
655 4401 800 4457 adsit
827 4419 841 4456 :
874 4412 928 4458 et
951 4411 1100 4458 certe
1128 4402 1289 4458 modo

479 4496 682 4552 Praesul
708 4479 924 4552 creatus
955 4497 1172 4563 litteris,

479 4587 802 4646 Enucleabit
829 4591 1098 4660 protinus,

475 4681 633 4750 Quod
663 4681 965 4737 militantes
996 4683 1311 4738 scribimus.

473 4775 644 4830 Notos
675 4775 820 4844 fingo
847 4775 944 4830 tibi
976 4784 1132 4844 poeta
1156 4789 1350 4832 versus
1375 4792 1388 4828 :

476 4867 624 4936 Quos
651 4868 761 4923 scis
785 4867 1272 4940 hendecasyllabos
1290 4867 1472 4923 vocari
1507 4887 1517 4920 :

476 4961 585 5017 Sed
617 4965 795 5018 nescis
824 4961 1058 5016 modulis
1091 4962 1263 5018 tribus
1302 4961 1529 5017 moveri.

477 5054 615 5110 Istos
642 5055 957 5125 composuit
989 5054 1274 5111 Phalmcus
1303 5055 1457 5120 olim,

478 5149 580 5216 Qui
602 5147 1060 5218 penthemimerin
1089 5146 1294 5201 habent
1317 5147 1554 5216 priorem
1590 5163 1604 5200 :

479 5242 545 5296 Et
571 5249 694 5311 post
713 5239 1052 5310 semipedem
1085 5239 1223 5295 duos
1251 5241 1483 5296 iambos.

477 5334 614 5390 Sunt
635 5349 776 5404 quos
801 5333 1100 5388 hexametri
1130 5341 1319 5388 creant
1344 5332 1541 5387 revulsi
1578 5349 1590 5384 :

477 5427 548 5484 Ut
578 5425 1021 5498 penthemimeris
1040 5425 1198 5495 prior
1224 5426 1455 5481 locetur.

476 5520 613 5576 Tum
641 5519 785 5591 quod
816 5519 1234 5575 bucoliceatome
1266 5517 1546 5587 relinquit.

476 5611 616 5668 Sunt
636 5620 693 5668 et
715 5625 849 5682 quos
877 5619 1106 5682 generat
1137 5609 1314 5679 puclla
1339 5607 1562 5678 Sappho
1595 5627 1606 5660 :

481 5705 631 5772 Quos
662 5704 867 5775 primus
891 5702 1032 5773 rrgit
1063 5702 1288 5773 Hippius
1316 5699 1591 5756 secundus
1621 5717 1634 5754 :

495 5797 567 5854 Ut
600 5797 818 5854 claudat
843 5795 1210 5853 Choriambon
1237 5792 1620 5850 Antibacchus.

1798 259 2180 324 πριετοιΑε.

3542 250 3650 313 918

1967 381 2022 446 Α
2187 379 2296 438 Sed
2317 379 2428 449 iam
2457 390 2567 432 non
2598 375 2828 447 poteris,
2860 374 3074 441 Theon,
3101 372 3286 429 doceri
3313 387 3328 427 :

2187 472 2299 528 Nec
2321 472 2401 525 fas
2431 480 2516 525 est
2542 468 2677 524 mihi
2707 468 2860 539 regio
2899 468 3166 538 magistro

2187 563 2464 619 Plebeiam
2488 574 2748 616 numeros
2773 559 2976 616 docere
3004 559 3248 628 pulpam.

2192 655 2387 711 \‘erum
2415 653 2668 724 protinus
2693 651 2822 718 ede,
2853 649 3000 722 quod
3023 648 3266 719 requiro.

2187 747 2274 803 Nil
2302 761 2512 818 quem,
2540 745 2644 802 nisi
2679 744 2825 816 quod
2852 743 3006 800 libris
3034 749 3252 798 tenetur
3284 762 3299 799 :

2189 841 2256 896 Et
2293 840 2438 911 quod
2466 853 2576 894 non
2600 838 2776 908 opicae
2807 845 2998 907 tegunt
3024 835 3241 906 papyri.

2182 931 2332 1001 Quas
2369 931 2416 986 si
2444 929 2701 996 solveris,
2731 942 2766 984 ο
2796 935 2981 999 poeta,
3008 939 3205 996 nugas,

2184 1024 2380 1080 Totam
2411 1021 2568 1078 trado
2596 1021 2696 1076 tibi
2718 1019 2883 1076 simul
2907 1019 3208 1087 Vacunam,

2186 1117 2296 1174 Nec
2316 1117 2424 1187 iam
2451 1122 2574 1186 post
2594 1124 2806 1170 metues
2825 1113 3025 1184 ubique
3048 1111 3273 1178 dictum,

2186 1211 2285 1266 llic
2313 1219 2398 1266 est
2425 1209 2514 1264 ille
2542 1208 2733 1264 Theon
2767 1215 2926 1278 poeta
2957 1205 3148 1272 falsus,

2184 1303 2458 1359 Bonorum
2486 1300 2628 1358 mala
2655 1299 2960 1356 carminum
2988 1299 3233 1356 taberna.

2621 1433 2964 1493 EPISTOLA
2995 1433 3062 1490 V.

2111 1559 2382 1614 AUSONIUS
2411 1555 2572 1611 Salue
2592 1570 2716 1609 caro
2741 1554 2868 1607 mihi
2899 1553 3017 1607 dico
3040 1551 3274 1620 Tusonr,

2116 1627 2370 1684 Versibus
2391 1626 2660 1698 experiens
2689 1625 2828 1696 quod
2860 1625 2998 1692 volo,
3022 1623 3220 1695 quodve
3244 1637 3453 1694 queror.

1964 1759 2015 1828 ’Β
2039 1767 2223 1827 Tertia
2255 1764 2541 1836 tlsslpedes
2569 1764 2854 1820 renovavit
2883 1763 3034 1818 Luna
3061 1763 3345 1831 iuvencas,

2113 1863 2183 1919 Ut
2211 1861 2413 1932 fugitas
2436 1867 2700 1922 nostram,
2727 1857 2903 1912 dulcis
2931 1856 3124 1920 amice,
3155 1855 3399 1910 domum.

2038 1953 2342 2024 Nonaginta
2372 1950 2491 2006 dies
2516 1949 2636 2004 sine
2668 1957 2740 2014 te,
2763 1945 3103 2014 charissime,
3131 1944 3270 2000 traxi
3295 1961 3308 1998 :

2046 2078 2054 2088 ς
2111 2046 2228 2100 Iluc
2257 2042 2397 2099 adde
2419 2043 2638 2097 aestivos
2669 2057 2683 2095 :
2709 2040 2812 2095 hoc
2838 2038 2970 2094 mihi
3003 2052 3139 2108 pene
3159 2036 3385 2108 duplum
3416 2046 3521 2093 est.

2041 2136 2136 2192 Vis
2161 2134 2348 2190 novies
2375 2132 2547 2189 denos
2578 2131 2781 2198 dicam,
2811 2129 3107 2200 deciesque
3133 2142 3376 2185 novenos

2108 2228 2224 2284 Isse
2249 2225 2404 2282 dies?
2433 2224 2564 2280 anni
2604 2224 2784 2294 portio
2809 2230 3003 2293 quarta
3030 2221 3185 2277 abiit.

2036 2321 2332 2390 Sexaginta
2360 2318 2525 2372 horas
2545 2330 2711 2387 super
2734 2323 2790 2370 et
2815 2313 2926 2369 duo
2957 2313 3126 2368 millia
3157 2320 3380 2368 centum

2107 2414 2185 2469 Te
2211 2413 2329 2468 sine
2354 2409 2667 2479 consumpsi
2693 2426 2705 2463 :
2735 2422 2845 2478 quo
2865 2407 2984 2461 sine
3013 2413 3068 2460 et
3089 2405 3222 2460 hora
3243 2403 3447 2474 gravis.

2035 2506 2201 2564 Millia
2228 2507 2312 2562 bis
2335 2511 2602 2574 nongenta
2627 2501 2788 2572 jubet
2818 2498 3100 2554 demensio
3128 2497 3310 2568 legum

2107 2599 2477 2652 Annumerata
2500 2605 2627 2647 reos
2654 2605 2754 2661 per
2776 2596 2856 2644 tot
2875 2587 3030 2642 obire
3052 2585 3193 2642 dies.

2031 2689 2150 2746 Jam
2177 2687 2324 2760 potui
2348 2686 2577 2741 Romam
2608 2680 2772 2754 pedes
2803 2680 2909 2748 ire,
2938 2677 3213 2749 pedesque
3235 2673 3458 2742 reverti,

2105 2780 2184 2836 Ex
2209 2794 2315 2850 quo
2345 2787 2399 2834 te
2426 2775 2690 2833 dirimunt
2721 2771 2891 2828 millia
2922 2785 3094 2840 pauca
3122 2768 3279 2825 mihi.
3389 2762 3392 2766 ’

2031 2875 2251 2946 Scirpea
2277 2870 2602 2928 Domnotoni
2636 2867 2769 2924 tanti
2791 2875 2876 2923 est
2898 2863 3166 2920 habitatio
3192 2860 3342 2916 vati?

2103 2966 2393 3022 Pauliacus
2426 2962 2561 3018 tanti
2589 2975 2698 3016 non
2727 2957 2859 3014 mihi
2886 2956 3012 3012 villa
3037 2955 3196 3011 foret.

2031 3063 2114 3118 An
2146 3060 2270 3132 quia
2301 3073 2397 3130 per
2426 3056 2665 3112 tabulam
2698 3051 2910 3109 medico
2931 3057 3209 3122 pugnante
3239 3054 3504 3114 notatam,

3314 3142 3481 3200 abes?

2031 3248 2123 3304 Bis
2144 3254 2354 3316 septem
2382 3241 2578 3299 rutilos
2606 3239 2794 3311 regale
2822 3237 3090 3294 nomisma
3122 3234 3422 3305 Philippos,

2101 3339 2177 3396 Ne
2205 3337 2340 3394 tanti
2369 3335 2597 3403 fuerint,
2628 3332 2859 3404 perdere
2888 3330 3054 3394 malo,
3087 3327 3279 3382 Theon
3310 3345 3322 3381 :

2026 3433 2354 3504 lmplicitum
2386 3443 2549 3500 quam
2575 3435 2629 3481 te
2655 3424 2862 3480 nostris
2890 3423 3106 3478 interne
3136 3418 3390 3476 medullis

2102 3524 2299 3580 Defore
2328 3530 2438 3575 tam
2461 3518 2612 3588 longi
2635 3515 2896 3586 temporis
2916 3513 2971 3568 in
2995 3511 3192 3582 spatio.

2028 3618 2172 3687 Ergo
2193 3623 2287 3670 aut
2310 3611 2607 3684 praedictos
2623 3609 2735 3679 iam
2765 3622 2909 3662 nunc
2933 3605 3178 3662 rescribe
3203 3605 3423 3668 Darios;

2101 3709 2168 3764 Et
2198 3706 2428 3771 redime,
2457 3714 2517 3758 ut
2545 3717 2696 3757 mora
2721 3701 2791 3756 sit
2817 3699 2994 3756 libera
3019 3697 3254 3753 desidiae
3281 3716 3293 3750 :

2030 3803 2136 3859 Aut
2157 3801 2292 3855 alios
2319 3813 2351 3852 a
2377 3812 2464 3852 me
2494 3795 2720 3851 totidem
2745 3791 2887 3848 dabo
2919 3790 3255 3850 :dummodo
3282 3790 3399 3845 cari

2098 3891 2400 3961 Conspicer
2413 3903 2508 3944 ora
2530 3885 2652 3951 viri,
2672 3883 2932 3956 pauperis
2954 3882 3293 3953 usquelicet.

2029 3985 2218 4054 Puppe
2243 3980 2382 4036 citus
2410 3993 2672 4050 propera,
2697 3977 3031 4045 sinuosaque
3063 3973 3228 4030 lintea
3254 3972 3362 4030 veli

2099 4077 2306 4133 Pande.
2339 4072 2621 4130 Medullini
2647 4080 2700 4128 te
2719 4070 2860 4128 feret
2890 4085 3022 4126 aura
3051 4070 3165 4125 noti

2030 4168 2355 4240 Expositum
2378 4166 2564 4221 subter
2595 4163 2845 4235 paradas,
2872 4162 3123 4232 lectoque
3140 4161 3412 4232 iacentem
3445 4175 3458 4214 :

2101 4261 2357 4332 Corporis
2377 4270 2438 4313 ut
2463 4257 2598 4312 tanti
2625 4271 2733 4311 non
2766 4264 3053 4311 moveatur
3080 4270 3240 4311 onus.

2031 4359 2182 4414 Unus
2205 4352 2532 4410 Domnotoni
2562 4360 2618 4406 te
2643 4350 2826 4406 littore
2848 4349 3089 4420 perferet
3116 4357 3287 4405 aastus

2102 4447 2400 4505 Condatem
2434 4444 2500 4499 ad
2530 4454 2746 4514 portum
2780 4458 2794 4495 :
2826 4442 2872 4496 si
2897 4441 3063 4496 modo
3093 4441 3447 4510 deproperes.

1952 4527 2008 4604 Ῑ)
2033 4543 2200 4614 Inque
2221 4539 2392 4595 vicem
2425 4536 2595 4603 venti,
2629 4534 2886 4605 quotiens
2912 4540 3002 4588 tua
3033 4531 3251 4586 ﬂamina
3281 4535 3522 4592 cessant,

2102 4629 2454 4701 Remipedem
2475 4627 2667 4696 iubeas
2696 4625 2942 4696 protinus
2969 4624 3048 4679 ire
3075 4632 3246 4678 ratem
3285 4640 3297 4673 :

2029 4725 2284 4782 Invenies
2308 4730 2512 4793 prmsto
2542 4718 2831 4789 subiuncta
2861 4717 3092 4787 petorita
3123 4714 3308 4770 mulis.

1989 4888 1995 4894 _
2103 4816 2239 4871 Villa
2269 4812 2616 4869 Lucani-mox
2650 4809 2888 4882 potieris—
2906 4824 3024 4864 aco.

2028 4909 2284 4965 Rescisso
2307 4905 2461 4962 disce
2489 4917 2821 4974 componere
2848 4902 3073 4958 nomine
3095 4914 3334 4957 versum.

2104 4999 2276 5056 Lucili
2304 4997 2444 5053 vatis
2465 4996 2546 5053 sic
2570 4997 2810 5051 imitator
2839 4996 2970 5050 eris.

2618 5107 2951 5164 EPISTULA
2983 5107 3069 5161 Vl.

2251 5205 2517 5259 Ausonws
2531 5199 2716 5255 consul
2744 5207 2914 5252 vatem
2935 5198 3165 5253 resaluto
3193 5194 3477 5276 Tuscum.

1935 5352 1944 5362 -
2036 5323 2214 5379 Aurea
2246 5319 2408 5384 mala,
2438 5316 2606 5381 Theo,
2641 5313 2738 5370 sed
2762 5304 3016 5383 plumbea
3046 5311 3289 5367 carmina
3319 5305 3516 5364 mittis.

2107 5414 2278 5471 Unius
2308 5425 2505 5467 massae
2534 5410 2657 5481 quis
2690 5416 2840 5479 putet
2871 5405 2969 5462 has
2996 5403 3244 5476 species?

2037 5509 2212 5565 Unum
2235 5521 2432 5562 nomen
2462 5504 2713 5574 utrisque
2739 5520 2749 5554 :
2781 5500 2875 5556 sed
2903 5507 2987 5556 est
3011 5498 3309 5554 discrimen
3339 5493 3585 5566 utrisque
3610 5507 3623 5545 :

2109 5602 2273 5655 Poma
2304 5609 2360 5653 ut
2391 5595 2533 5651 mala
2564 5608 2750 5658 voces,
2779 5591 3022 5647 carmina
3056 5605 3189 5646 vero
3213 5587 3374 5644 mala.

2183 5692 2317 5748 Vale
2346 5689 2518 5746 beatis
2561 5702 2761 5743 nomen
2791 5701 2820 5741 a
2851 5684 2994 5741 divis
3022 5679 3228 5739 Theon.

2188 5783 2439 5843 Metoche
2477 5782 2573 5840 sed
2607 5782 2708 5837 ista
2738 5796 2886 5852 saepe
2907 5785 3214 5837 currentem
3238 5773 3458 5833 indicat.
