  <div class='ocr_page' id='page_1' title='image "/cluster/home/n/w/nwhite01/storage/ocr_20150623/19/hvd.32044096580451/467.png"; bbox 0 0 4108 6188; ppageno 0'>
   <div class='ocr_carea' id='block_1_1' title="bbox 493 199 3792 315">
    <p class='ocr_par' dir='ltr' id='par_1_1' title="bbox 493 199 3792 315">
     <span class='ocr_line' id='line_1_1' title="bbox 493 199 3792 315; baseline -0.016 -5"><span class='ocrx_word' id='word_1_1' title='bbox 493 248 600 315; x_wconf 79' lang='grc'><strong>919</strong></span> <span class='ocrx_word' id='word_1_2' title='bbox 1881 225 2062 285; x_wconf 78' lang='lat' dir='ltr'><strong>DECII</strong></span> <span class='ocrx_word' id='word_1_3' title='bbox 2107 220 2376 284; x_wconf 82' lang='lat' dir='ltr'><strong>AUSONII</strong></span> <span class='ocrx_word' id='word_1_4' title='bbox 2708 222 2716 231; x_wconf 79' lang='lat'><strong>‘</strong></span> <span class='ocrx_word' id='word_1_5' title='bbox 2804 257 2813 265; x_wconf 86' lang='lat'><strong>.</strong></span> <span class='ocrx_word' id='word_1_6' title='bbox 3687 199 3792 260; x_wconf 71' lang='lat'><strong>920</strong></span> 
     </span>
    </p>
   </div>
   <div class='ocr_carea' id='block_1_2' title="bbox 1077 354 1554 419">
    <p class='ocr_par' dir='ltr' id='par_1_2' title="bbox 1077 354 1554 419">
     <span class='ocr_line' id='line_1_2' title="bbox 1077 354 1554 419; baseline -0.017 0"><span class='ocrx_word' id='word_1_7' title='bbox 1077 357 1406 419; x_wconf 83' lang='lat' dir='ltr'><strong>EPISTOLA</strong></span> <span class='ocrx_word' id='word_1_8' title='bbox 1442 354 1554 414; x_wconf 72' lang='lat' dir='ltr'><strong>VII;</strong></span> 
     </span>
    </p>
   </div>
   <div class='ocr_carea' id='block_1_3' title="bbox 569 441 2021 522">
    <p class='ocr_par' dir='ltr' id='par_1_3' title="bbox 569 441 2021 522">
     <span class='ocr_line' id='line_1_3' title="bbox 569 441 2021 522; baseline -0.015 -4"><span class='ocrx_word' id='word_1_9' title='bbox 569 465 833 518; x_wconf 71' lang='lat' dir='ltr'><strong>Ansoxtus</strong></span> <span class='ocrx_word' id='word_1_10' title='bbox 857 456 1089 518; x_wconf 68' lang='lat' dir='ltr'><strong>Titi-10m.</strong></span> <span class='ocrx_word' id='word_1_11' title='bbox 1118 469 1237 507; x_wconf 73' lang='lat' dir='ltr'><strong>tum</strong></span> <span class='ocrx_word' id='word_1_12' title='bbox 1257 454 1303 506; x_wconf 86' lang='lat' dir='ltr'><strong>ei</strong></span> <span class='ocrx_word' id='word_1_13' title='bbox 1323 450 1541 522; x_wconf 84' lang='lat' dir='ltr'><strong>triginta</strong></span> <span class='ocrx_word' id='word_1_14' title='bbox 1564 454 1757 522; x_wconf 77' lang='lat' dir='ltr'><strong>ostrea,</strong></span> <span class='ocrx_word' id='word_1_15' title='bbox 1797 441 2021 516; x_wconf 79' lang='lat' dir='ltr'><strong>grandia</strong></span> 
     </span>
    </p>
   </div>
   <div class='ocr_carea' id='block_1_4' title="bbox 818 518 1763 601">
    <p class='ocr_par' dir='ltr' id='par_1_4' title="bbox 818 518 1763 601">
     <span class='ocr_line' id='line_1_4' title="bbox 818 518 1763 601; baseline -0.015 -16"><span class='ocrx_word' id='word_1_16' title='bbox 818 529 1050 601; x_wconf 77' lang='lat' dir='ltr'><strong>quidem,</strong></span> <span class='ocrx_word' id='word_1_17' title='bbox 1074 526 1164 582; x_wconf 84' lang='lat' dir='ltr'><strong>sed</strong></span> <span class='ocrx_word' id='word_1_18' title='bbox 1192 536 1297 579; x_wconf 85' lang='lat' dir='ltr'><strong>tant</strong></span> <span class='ocrx_word' id='word_1_19' title='bbox 1323 518 1496 595; x_wconf 64' lang='lat' dir='ltr'><strong>pauca</strong></span> <span class='ocrx_word' id='word_1_20' title='bbox 1520 518 1763 574; x_wconf 79' lang='lat' dir='ltr'><strong>misisset.</strong></span> 
     </span>
    </p>
   </div>
   <div class='ocr_carea' id='block_1_5' title="bbox 497 632 1772 707">
    <p class='ocr_par' dir='ltr' id='par_1_5' title="bbox 497 632 1772 707">
     <span class='ocr_line' id='line_1_5' title="bbox 497 632 1772 707; baseline -0.015 -4"><span class='ocrx_word' id='word_1_21' title='bbox 497 649 689 703; x_wconf 79' lang='lat' dir='ltr'><strong>Ostrea</strong></span> <span class='ocrx_word' id='word_1_22' title='bbox 728 643 946 701; x_wconf 80' lang='lat' dir='ltr'><strong>Baianis</strong></span> <span class='ocrx_word' id='word_1_23' title='bbox 966 638 1257 704; x_wconf 71' lang='lat' dir='ltr'><strong>certantia,</strong></span> <span class='ocrx_word' id='word_1_24' title='bbox 1287 651 1408 707; x_wconf 78' lang='lat' dir='ltr'><strong>qua:</strong></span> <span class='ocrx_word' id='word_1_25' title='bbox 1433 632 1772 690; x_wconf 81' lang='lat' dir='ltr'><strong>Medulerum</strong></span> 
     </span>
    </p>
   </div>
   <div class='ocr_carea' id='block_1_6' title="bbox 498 721 1913 804">
    <p class='ocr_par' dir='ltr' id='par_1_6' title="bbox 498 721 1913 804">
     <span class='ocr_line' id='line_1_6' title="bbox 498 721 1913 804; baseline -0.014 -9"><span class='ocrx_word' id='word_1_26' title='bbox 498 738 756 795; x_wconf 86' lang='lat' dir='ltr'><strong>Dulcibus</strong></span> <span class='ocrx_word' id='word_1_27' title='bbox 787 736 842 791; x_wconf 92' lang='lat' dir='ltr'><strong>in</strong></span> <span class='ocrx_word' id='word_1_28' title='bbox 865 732 1071 804; x_wconf 79' lang='lat' dir='ltr'><strong>stagnis</strong></span> <span class='ocrx_word' id='word_1_29' title='bbox 1096 729 1251 787; x_wconf 86' lang='lat' dir='ltr'><strong>reflui</strong></span> <span class='ocrx_word' id='word_1_30' title='bbox 1283 728 1452 783; x_wconf 87' lang='lat' dir='ltr'><strong>maris</strong></span> <span class='ocrx_word' id='word_1_31' title='bbox 1482 735 1652 780; x_wconf 68' lang='lat' dir='ltr'><strong>aestus</strong></span> <span class='ocrx_word' id='word_1_32' title='bbox 1682 721 1913 792; x_wconf 88' lang='lat' dir='ltr'><strong>epimat,</strong></span> 
     </span>
    </p>
   </div>
   <div class='ocr_carea' id='block_1_7' title="bbox 491 817 1824 900">
    <p class='ocr_par' dir='ltr' id='par_1_7' title="bbox 491 817 1824 900">
     <span class='ocr_line' id='line_1_7' title="bbox 491 817 1824 900; baseline -0.014 -13"><span class='ocrx_word' id='word_1_33' title='bbox 491 830 718 900; x_wconf 81' lang='lat' dir='ltr'><strong>Accepi,</strong></span> <span class='ocrx_word' id='word_1_34' title='bbox 749 827 954 883; x_wconf 80' lang='lat' dir='ltr'><strong>dilecte</strong></span> <span class='ocrx_word' id='word_1_35' title='bbox 981 824 1194 890; x_wconf 86' lang='lat' dir='ltr'><strong>Theon,</strong></span> <span class='ocrx_word' id='word_1_36' title='bbox 1231 817 1575 876; x_wconf 88' lang='lat' dir='ltr'><strong>numerabile</strong></span> <span class='ocrx_word' id='word_1_37' title='bbox 1605 828 1824 870; x_wconf 87' lang='lat' dir='ltr'><strong>munus.</strong></span> 
     </span>
    </p>
   </div>
   <div class='ocr_carea' id='block_1_8' title="bbox 499 904 2093 991">
    <p class='ocr_par' dir='ltr' id='par_1_8' title="bbox 499 904 2093 991">
     <span class='ocr_line' id='line_1_8' title="bbox 499 904 2093 991; baseline -0.011 -15"><span class='ocrx_word' id='word_1_38' title='bbox 499 922 703 977; x_wconf 84' lang='lat' dir='ltr'><strong>Verum</strong></span> <span class='ocrx_word' id='word_1_39' title='bbox 745 927 876 991; x_wconf 90' lang='lat' dir='ltr'><strong>quot</strong></span> <span class='ocrx_word' id='word_1_40' title='bbox 930 916 1156 982; x_wconf 77' lang='lat' dir='ltr'><strong>fuerint,</strong></span> <span class='ocrx_word' id='word_1_41' title='bbox 1192 913 1440 983; x_wconf 85' lang='lat' dir='ltr'><strong>subjecta</strong></span> <span class='ocrx_word' id='word_1_42' title='bbox 1480 907 1827 965; x_wconf 85' lang='lat' dir='ltr'><strong>menesticba</strong></span> <span class='ocrx_word' id='word_1_43' title='bbox 1856 904 2093 976; x_wconf 86' lang='lat' dir='ltr'><strong>signant.</strong></span> 
     </span>
    </p>
   </div>
   <div class='ocr_carea' id='block_1_9' title="bbox 500 998 1942 1080">
    <p class='ocr_par' dir='ltr' id='par_1_9' title="bbox 500 998 1942 1080">
     <span class='ocr_line' id='line_1_9' title="bbox 500 998 1942 1080; baseline -0.011 -12"><span class='ocrx_word' id='word_1_44' title='bbox 500 1015 648 1080; x_wconf 85' lang='lat' dir='ltr'><strong>Quot</strong></span> <span class='ocrx_word' id='word_1_45' title='bbox 673 1021 758 1069; x_wconf 87' lang='lat' dir='ltr'><strong>ter</strong></span> <span class='ocrx_word' id='word_1_46' title='bbox 795 1010 1034 1067; x_wconf 89' lang='lat' dir='ltr'><strong>luctatus</strong></span> <span class='ocrx_word' id='word_1_47' title='bbox 1062 1023 1186 1064; x_wconf 90' lang='lat' dir='ltr'><strong>cum</strong></span> <span class='ocrx_word' id='word_1_48' title='bbox 1215 1006 1417 1077; x_wconf 81' lang='lat' dir='ltr'><strong>pollice</strong></span> <span class='ocrx_word' id='word_1_49' title='bbox 1444 1009 1724 1071; x_wconf 81' lang='lat' dir='ltr'><strong>computat</strong></span> <span class='ocrx_word' id='word_1_50' title='bbox 1756 998 1942 1055; x_wconf 82' lang='lat' dir='ltr'><strong>index.</strong></span> 
     </span>
    </p>
   </div>
   <div class='ocr_carea' id='block_1_10' title="bbox 499 1094 1931 1175">
    <p class='ocr_par' dir='ltr' id='par_1_10' title="bbox 499 1094 1931 1175">
     <span class='ocr_line' id='line_1_10' title="bbox 499 1094 1931 1175; baseline -0.013 -13"><span class='ocrx_word' id='word_1_51' title='bbox 499 1107 784 1175; x_wconf 82' lang='lat' dir='ltr'><strong>Geryones</strong></span> <span class='ocrx_word' id='word_1_52' title='bbox 811 1110 946 1174; x_wconf 89' lang='lat' dir='ltr'><strong>quot</strong></span> <span class='ocrx_word' id='word_1_53' title='bbox 975 1110 1158 1166; x_wconf 90' lang='lat' dir='ltr'><strong>erant,</strong></span> <span class='ocrx_word' id='word_1_54' title='bbox 1184 1099 1372 1156; x_wconf 83' lang='lat' dir='ltr'><strong>decies</strong></span> <span class='ocrx_word' id='word_1_55' title='bbox 1401 1097 1446 1154; x_wconf 89' lang='lat' dir='ltr'><strong>si</strong></span> <span class='ocrx_word' id='word_1_56' title='bbox 1476 1094 1931 1164; x_wconf 89' lang='lat' dir='ltr'><strong>multiplicentnr.</strong></span> 
     </span>
    </p>
   </div>
   <div class='ocr_carea' id='block_1_11' title="bbox 500 1180 1986 1274">
    <p class='ocr_par' dir='ltr' id='par_1_11' title="bbox 500 1180 1986 1274">
     <span class='ocr_line' id='line_1_11' title="bbox 500 1180 1986 1274; baseline -0.013 -21"><span class='ocrx_word' id='word_1_57' title='bbox 500 1198 610 1274; x_wconf 87' lang='lat' dir='ltr'><strong>Ter</strong></span> <span class='ocrx_word' id='word_1_58' title='bbox 640 1204 773 1267; x_wconf 91' lang='lat' dir='ltr'><strong>qnet</strong></span> <span class='ocrx_word' id='word_1_59' title='bbox 799 1202 957 1250; x_wconf 90' lang='lat' dir='ltr'><strong>crant</strong></span> <span class='ocrx_word' id='word_1_60' title='bbox 982 1191 1205 1264; x_wconf 78' lang='lat' dir='ltr'><strong>Phrygii</strong></span> <span class='ocrx_word' id='word_1_61' title='bbox 1229 1196 1519 1245; x_wconf 87' lang='lat' dir='ltr'><strong>numerata</strong></span> <span class='ocrx_word' id='word_1_62' title='bbox 1538 1184 1802 1240; x_wconf 88' lang='lat' dir='ltr'><strong>decennia</strong></span> <span class='ocrx_word' id='word_1_63' title='bbox 1833 1180 1986 1237; x_wconf 87' lang='lat' dir='ltr'><strong>belli.</strong></span> 
     </span>
    </p>
   </div>
   <div class='ocr_carea' id='block_1_12' title="bbox 501 1274 1943 1350">
    <p class='ocr_par' dir='ltr' id='par_1_12' title="bbox 501 1274 1943 1350">
     <span class='ocr_line' id='line_1_12' title="bbox 501 1274 1943 1350; baseline -0.01 -5"><span class='ocrx_word' id='word_1_64' title='bbox 501 1289 610 1345; x_wconf 90' lang='lat' dir='ltr'><strong>Ant</strong></span> <span class='ocrx_word' id='word_1_65' title='bbox 641 1297 723 1344; x_wconf 89' lang='lat' dir='ltr'><strong>ter</strong></span> <span class='ocrx_word' id='word_1_66' title='bbox 751 1295 811 1343; x_wconf 94' lang='lat' dir='ltr'><strong>ut</strong></span> <span class='ocrx_word' id='word_1_67' title='bbox 848 1285 1055 1342; x_wconf 58' lang='lat' dir='ltr'><strong>.IEelidi</strong></span> <span class='ocrx_word' id='word_1_68' title='bbox 1080 1282 1286 1339; x_wconf 89' lang='lat' dir='ltr'><strong>mensis</strong></span> <span class='ocrx_word' id='word_1_69' title='bbox 1318 1290 1471 1337; x_wconf 85' lang='lat' dir='ltr'><strong>tenet</strong></span> <span class='ocrx_word' id='word_1_70' title='bbox 1496 1277 1801 1350; x_wconf 88' lang='lat' dir='ltr'><strong>ignicomus</strong></span> <span class='ocrx_word' id='word_1_71' title='bbox 1824 1274 1943 1332; x_wconf 90' lang='lat' dir='ltr'><strong>Sol.</strong></span> 
     </span>
    </p>
   </div>
   <div class='ocr_carea' id='block_1_13' title="bbox 503 1367 2098 1446">
    <p class='ocr_par' dir='ltr' id='par_1_13' title="bbox 503 1367 2098 1446">
     <span class='ocr_line' id='line_1_13' title="bbox 503 1367 2098 1446; baseline -0.009 -12"><span class='ocrx_word' id='word_1_72' title='bbox 503 1379 777 1435; x_wconf 85' lang='lat' dir='ltr'><strong>Cornibus</strong></span> <span class='ocrx_word' id='word_1_73' title='bbox 808 1393 835 1430; x_wconf 90' lang='lat' dir='ltr'><strong>a</strong></span> <span class='ocrx_word' id='word_1_74' title='bbox 885 1375 1075 1446; x_wconf 81' lang='lat' dir='ltr'><strong>primis</strong></span> <span class='ocrx_word' id='word_1_75' title='bbox 1103 1383 1237 1446; x_wconf 88' lang='lat' dir='ltr'><strong>quot</strong></span> <span class='ocrx_word' id='word_1_76' title='bbox 1269 1373 1436 1429; x_wconf 90' lang='lat' dir='ltr'><strong>habet</strong></span> <span class='ocrx_word' id='word_1_77' title='bbox 1459 1386 1593 1443; x_wconf 88' lang='lat' dir='ltr'><strong>vaga</strong></span> <span class='ocrx_word' id='word_1_78' title='bbox 1618 1367 1856 1442; x_wconf 79' lang='lat' dir='ltr'><strong>Cynthia</strong></span> <span class='ocrx_word' id='word_1_79' title='bbox 1886 1376 2098 1423; x_wconf 88' lang='lat' dir='ltr'><strong>noctes.</strong></span> 
     </span>
    </p>
   </div>
   <div class='ocr_carea' id='block_1_14' title="bbox 504 1463 1815 1542">
    <p class='ocr_par' dir='ltr' id='par_1_14' title="bbox 504 1463 1815 1542">
     <span class='ocr_line' id='line_1_14' title="bbox 504 1463 1815 1542; baseline -0.011 -13"><span class='ocrx_word' id='word_1_80' title='bbox 504 1472 734 1542; x_wconf 81' lang='lat' dir='ltr'><strong>Singula</strong></span> <span class='ocrx_word' id='word_1_81' title='bbox 765 1469 1044 1542; x_wconf 79' lang='lat' dir='ltr'><strong>percurrit</strong></span> <span class='ocrx_word' id='word_1_82' title='bbox 1066 1467 1230 1523; x_wconf 84' lang='lat' dir='ltr'><strong>Titan</strong></span> <span class='ocrx_word' id='word_1_83' title='bbox 1260 1476 1391 1538; x_wconf 88' lang='lat' dir='ltr'><strong>quot</strong></span> <span class='ocrx_word' id='word_1_84' title='bbox 1413 1465 1564 1535; x_wconf 90' lang='lat' dir='ltr'><strong>signa</strong></span> <span class='ocrx_word' id='word_1_85' title='bbox 1598 1463 1815 1519; x_wconf 85' lang='lat' dir='ltr'><strong>diebus.</strong></span> 
     </span>
    </p>
   </div>
   <div class='ocr_carea' id='block_1_15' title="bbox 504 1555 1992 1636">
    <p class='ocr_par' dir='ltr' id='par_1_15' title="bbox 504 1555 1992 1636">
     <span class='ocr_line' id='line_1_15' title="bbox 504 1555 1992 1636; baseline -0.008 -17"><span class='ocrx_word' id='word_1_86' title='bbox 504 1566 756 1636; x_wconf 83' lang='lat' dir='ltr'><strong>Quotque</strong></span> <span class='ocrx_word' id='word_1_87' title='bbox 784 1564 944 1619; x_wconf 89' lang='lat' dir='ltr'><strong>annis</strong></span> <span class='ocrx_word' id='word_1_88' title='bbox 975 1562 1226 1619; x_wconf 88' lang='lat' dir='ltr'><strong>sublimis</strong></span> <span class='ocrx_word' id='word_1_89' title='bbox 1249 1561 1360 1632; x_wconf 88' lang='lat' dir='ltr'><strong>agit</strong></span> <span class='ocrx_word' id='word_1_90' title='bbox 1381 1573 1482 1614; x_wconf 86' lang='lat' dir='ltr'><strong>sua</strong></span> <span class='ocrx_word' id='word_1_91' title='bbox 1507 1557 1693 1614; x_wconf 89' lang='lat' dir='ltr'><strong>secula</strong></span> <span class='ocrx_word' id='word_1_92' title='bbox 1725 1555 1992 1610; x_wconf 67' lang='lat' dir='ltr'><strong>Phrenen.</strong></span> 
     </span>
    </p>
   </div>
   <div class='ocr_carea' id='block_1_16' title="bbox 501 1646 2095 1727">
    <p class='ocr_par' dir='ltr' id='par_1_16' title="bbox 501 1646 2095 1727">
     <span class='ocr_line' id='line_1_16' title="bbox 501 1646 2095 1727; baseline -0.008 -16"><span class='ocrx_word' id='word_1_93' title='bbox 501 1660 647 1727; x_wconf 90' lang='lat' dir='ltr'><strong>Quot</strong></span> <span class='ocrx_word' id='word_1_94' title='bbox 690 1672 979 1713; x_wconf 89' lang='lat' dir='ltr'><strong>numerum</strong></span> <span class='ocrx_word' id='word_1_95' title='bbox 1027 1669 1298 1711; x_wconf 86' lang='lat' dir='ltr'><strong>annorum</strong></span> <span class='ocrx_word' id='word_1_96' title='bbox 1330 1650 1568 1709; x_wconf 82' lang='lat' dir='ltr'><strong>Vestalis</strong></span> <span class='ocrx_word' id='word_1_97' title='bbox 1612 1650 1768 1720; x_wconf 83' lang='lat' dir='ltr'><strong>virgo</strong></span> <span class='ocrx_word' id='word_1_98' title='bbox 1798 1646 2095 1711; x_wconf 84' lang='lat' dir='ltr'><strong>ministrat,</strong></span> 
     </span>
    </p>
   </div>
   <div class='ocr_carea' id='block_1_17' title="bbox 513 1740 1970 1819">
    <p class='ocr_par' dir='ltr' id='par_1_17' title="bbox 513 1740 1970 1819">
     <span class='ocr_line' id='line_1_17' title="bbox 513 1740 1970 1819; baseline -0.01 -14"><span class='ocrx_word' id='word_1_99' title='bbox 513 1751 932 1819; x_wconf 83' lang='lat' dir='ltr'><strong>Dardaniusque</strong></span> <span class='ocrx_word' id='word_1_100' title='bbox 956 1762 1126 1817; x_wconf 88' lang='lat' dir='ltr'><strong>nepos</strong></span> <span class='ocrx_word' id='word_1_101' title='bbox 1154 1761 1322 1817; x_wconf 82' lang='lat' dir='ltr'><strong>regno</strong></span> <span class='ocrx_word' id='word_1_102' title='bbox 1352 1752 1488 1815; x_wconf 90' lang='lat' dir='ltr'><strong>qnet</strong></span> <span class='ocrx_word' id='word_1_103' title='bbox 1517 1740 1749 1812; x_wconf 87' lang='lat' dir='ltr'><strong>protulit</strong></span> <span class='ocrx_word' id='word_1_104' title='bbox 1777 1751 1970 1793; x_wconf 87' lang='lat' dir='ltr'><strong>annos.</strong></span> 
     </span>
    </p>
   </div>
   <div class='ocr_carea' id='block_1_18' title="bbox 508 1832 1889 1910">
    <p class='ocr_par' dir='ltr' id='par_1_18' title="bbox 508 1832 1889 1910">
     <span class='ocr_line' id='line_1_18' title="bbox 508 1832 1889 1910; baseline -0.011 -13"><span class='ocrx_word' id='word_1_105' title='bbox 508 1840 799 1897; x_wconf 60' lang='lat' dir='ltr'><strong>Priamidae</strong></span> <span class='ocrx_word' id='word_1_106' title='bbox 824 1848 959 1910; x_wconf 89' lang='lat' dir='ltr'><strong>quot</strong></span> <span class='ocrx_word' id='word_1_107' title='bbox 979 1847 1157 1905; x_wconf 88' lang='lat' dir='ltr'><strong>erant,</strong></span> <span class='ocrx_word' id='word_1_108' title='bbox 1183 1839 1229 1892; x_wconf 88' lang='lat' dir='ltr'><strong>si</strong></span> <span class='ocrx_word' id='word_1_109' title='bbox 1259 1836 1341 1891; x_wconf 74' lang='lat' dir='ltr'><strong>bis</strong></span> <span class='ocrx_word' id='word_1_110' title='bbox 1365 1835 1489 1890; x_wconf 89' lang='lat' dir='ltr'><strong>deni</strong></span> <span class='ocrx_word' id='word_1_111' title='bbox 1519 1832 1889 1889; x_wconf 89' lang='lat' dir='ltr'><strong>retrabantur.</strong></span> 
     </span>
    </p>
   </div>
   <div class='ocr_carea' id='block_1_19' title="bbox 514 1920 2103 2004">
    <p class='ocr_par' dir='ltr' id='par_1_19' title="bbox 514 1920 2103 2004">
     <span class='ocr_line' id='line_1_19' title="bbox 514 1920 2103 2004; baseline -0.009 -17"><span class='ocrx_word' id='word_1_112' title='bbox 514 1931 715 2004; x_wconf 78' lang='lat' dir='ltr'><strong>Bisque</strong></span> <span class='ocrx_word' id='word_1_113' title='bbox 752 1931 899 1986; x_wconf 89' lang='lat' dir='ltr'><strong>viros</strong></span> <span class='ocrx_word' id='word_1_114' title='bbox 930 1942 1209 1993; x_wconf 88' lang='lat' dir='ltr'><strong>numeres,</strong></span> <span class='ocrx_word' id='word_1_115' title='bbox 1237 1925 1329 1997; x_wconf 87' lang='lat' dir='ltr'><strong>qui</strong></span> <span class='ocrx_word' id='word_1_116' title='bbox 1361 1925 1468 1979; x_wconf 89' lang='lat' dir='ltr'><strong>fata</strong></span> <span class='ocrx_word' id='word_1_117' title='bbox 1499 1920 1828 1993; x_wconf 77' lang='lat' dir='ltr'><strong>Amphrysia</strong></span> <span class='ocrx_word' id='word_1_118' title='bbox 1855 1926 2103 1975; x_wconf 78' lang='lat' dir='ltr'><strong>servant.</strong></span> 
     </span>
    </p>
   </div>
   <div class='ocr_carea' id='block_1_20' title="bbox 510 2016 1755 2094">
    <p class='ocr_par' dir='ltr' id='par_1_20' title="bbox 510 2016 1755 2094">
     <span class='ocr_line' id='line_1_20' title="bbox 510 2016 1755 2094; baseline -0.008 -15"><span class='ocrx_word' id='word_1_119' title='bbox 510 2024 651 2093; x_wconf 86' lang='lat' dir='ltr'><strong>Quot</strong></span> <span class='ocrx_word' id='word_1_120' title='bbox 671 2023 859 2094; x_wconf 78' lang='lat' dir='ltr'><strong>genuit</strong></span> <span class='ocrx_word' id='word_1_121' title='bbox 884 2022 1023 2078; x_wconf 92' lang='lat' dir='ltr'><strong>fetus</strong></span> <span class='ocrx_word' id='word_1_122' title='bbox 1048 2021 1253 2077; x_wconf 87' lang='lat' dir='ltr'><strong>Albana</strong></span> <span class='ocrx_word' id='word_1_123' title='bbox 1277 2017 1379 2075; x_wconf 89' lang='lat' dir='ltr'><strong>sub</strong></span> <span class='ocrx_word' id='word_1_124' title='bbox 1402 2016 1618 2073; x_wconf 87' lang='lat' dir='ltr'><strong>ilicibus</strong></span> <span class='ocrx_word' id='word_1_125' title='bbox 1643 2030 1755 2071; x_wconf 89' lang='lat' dir='ltr'><strong>sus.</strong></span> 
     </span>
    </p>
   </div>
   <div class='ocr_carea' id='block_1_21' title="bbox 514 2108 1816 2184">
    <p class='ocr_par' dir='ltr' id='par_1_21' title="bbox 514 2108 1816 2184">
     <span class='ocr_line' id='line_1_21' title="bbox 514 2108 1816 2184; baseline -0.007 -16"><span class='ocrx_word' id='word_1_126' title='bbox 514 2114 580 2168; x_wconf 85' lang='lat' dir='ltr'><strong>Et</strong></span> <span class='ocrx_word' id='word_1_127' title='bbox 602 2121 737 2184; x_wconf 89' lang='lat' dir='ltr'><strong>quot</strong></span> <span class='ocrx_word' id='word_1_128' title='bbox 766 2122 895 2170; x_wconf 91' lang='lat' dir='ltr'><strong>sunt</strong></span> <span class='ocrx_word' id='word_1_129' title='bbox 918 2127 1092 2179; x_wconf 89' lang='lat' dir='ltr'><strong>asses,</strong></span> <span class='ocrx_word' id='word_1_130' title='bbox 1118 2111 1209 2171; x_wconf 83' lang='lat' dir='ltr'><strong>ubi</strong></span> <span class='ocrx_word' id='word_1_131' title='bbox 1242 2109 1536 2179; x_wconf 86' lang='lat' dir='ltr'><strong>nonaginta</strong></span> <span class='ocrx_word' id='word_1_132' title='bbox 1569 2108 1816 2163; x_wconf 87' lang='lat' dir='ltr'><strong>trientes.</strong></span> 
     </span>
    </p>
   </div>
   <div class='ocr_carea' id='block_1_22' title="bbox 516 2197 1962 2280">
    <p class='ocr_par' dir='ltr' id='par_1_22' title="bbox 516 2197 1962 2280">
     <span class='ocr_line' id='line_1_22' title="bbox 516 2197 1962 2280; baseline -0.007 -18"><span class='ocrx_word' id='word_1_133' title='bbox 516 2208 615 2266; x_wconf 86' lang='lat' dir='ltr'><strong>Vel</strong></span> <span class='ocrx_word' id='word_1_134' title='bbox 643 2217 778 2280; x_wconf 90' lang='lat' dir='ltr'><strong>quot</strong></span> <span class='ocrx_word' id='word_1_135' title='bbox 799 2209 964 2263; x_wconf 89' lang='lat' dir='ltr'><strong>habet</strong></span> <span class='ocrx_word' id='word_1_136' title='bbox 992 2214 1189 2263; x_wconf 87' lang='lat' dir='ltr'><strong>unctos</strong></span> <span class='ocrx_word' id='word_1_137' title='bbox 1213 2204 1469 2259; x_wconf 82' lang='lat' dir='ltr'><strong>Vasatica</strong></span> <span class='ocrx_word' id='word_1_138' title='bbox 1498 2201 1671 2257; x_wconf 88' lang='lat' dir='ltr'><strong>rheda</strong></span> <span class='ocrx_word' id='word_1_139' title='bbox 1702 2197 1962 2256; x_wconf 88' lang='lat' dir='ltr'><strong>caballos.</strong></span> 
     </span>
    </p>
   </div>
   <div class='ocr_carea' id='block_1_23' title="bbox 662 2293 1752 2370">
    <p class='ocr_par' dir='ltr' id='par_1_23' title="bbox 662 2293 1752 2370">
     <span class='ocr_line' id='line_1_23' title="bbox 662 2293 1752 2370; baseline -0.006 -18"><span class='ocrx_word' id='word_1_140' title='bbox 662 2299 816 2366; x_wconf 88' lang='lat' dir='ltr'><strong>Quod</strong></span> <span class='ocrx_word' id='word_1_141' title='bbox 845 2299 890 2353; x_wconf 91' lang='lat' dir='ltr'><strong>si</strong></span> <span class='ocrx_word' id='word_1_142' title='bbox 925 2299 1124 2370; x_wconf 85' lang='lat' dir='ltr'><strong>figuras</strong></span> <span class='ocrx_word' id='word_1_143' title='bbox 1155 2296 1353 2352; x_wconf 89' lang='lat' dir='ltr'><strong>fabulis</strong></span> <span class='ocrx_word' id='word_1_144' title='bbox 1379 2293 1752 2358; x_wconf 88' lang='lat' dir='ltr'><strong>adumbratas,</strong></span> 
     </span>
    </p>
   </div>
   <div class='ocr_carea' id='block_1_24' title="bbox 661 2381 1954 2457">
    <p class='ocr_par' dir='ltr' id='par_1_24' title="bbox 661 2381 1954 2457">
     <span class='ocr_line' id='line_1_24' title="bbox 661 2381 1954 2457; baseline -0.007 -11"><span class='ocrx_word' id='word_1_145' title='bbox 661 2389 1068 2457; x_wconf 86' lang='lat' dir='ltr'><strong>Numerumque</strong></span> <span class='ocrx_word' id='word_1_146' title='bbox 1093 2387 1270 2443; x_wconf 88' lang='lat' dir='ltr'><strong>doctis</strong></span> <span class='ocrx_word' id='word_1_147' title='bbox 1299 2385 1600 2441; x_wconf 88' lang='lat' dir='ltr'><strong>involutum</strong></span> <span class='ocrx_word' id='word_1_148' title='bbox 1634 2381 1954 2454; x_wconf 87' lang='lat' dir='ltr'><strong>ambagibus</strong></span> 
     </span>
    </p>
   </div>
   <div class='ocr_carea' id='block_1_25' title="bbox 635 2479 1681 2555">
    <p class='ocr_par' dir='ltr' id='par_1_25' title="bbox 635 2479 1681 2555">
     <span class='ocr_line' id='line_1_25' title="bbox 635 2479 1681 2555; baseline -0.007 -18"><span class='ocrx_word' id='word_1_149' title='bbox 635 2484 882 2555; x_wconf 84' lang='lat' dir='ltr'><strong>&#39;lgnorat</strong></span> <span class='ocrx_word' id='word_1_150' title='bbox 903 2483 1015 2537; x_wconf 91' lang='lat' dir='ltr'><strong>alto</strong></span> <span class='ocrx_word' id='word_1_151' title='bbox 1047 2495 1202 2537; x_wconf 87' lang='lat' dir='ltr'><strong>mens</strong></span> <span class='ocrx_word' id='word_1_152' title='bbox 1232 2481 1397 2536; x_wconf 87' lang='lat' dir='ltr'><strong>obesa</strong></span> <span class='ocrx_word' id='word_1_153' title='bbox 1420 2479 1632 2535; x_wconf 86' lang='lat' dir='ltr'><strong>viscere</strong></span> <span class='ocrx_word' id='word_1_154' title='bbox 1669 2495 1681 2530; x_wconf 93' lang='lat'><strong>:</strong></span> 
     </span>
    </p>
   </div>
   <div class='ocr_carea' id='block_1_26' title="bbox 660 2570 1871 2645">
    <p class='ocr_par' dir='ltr' id='par_1_26' title="bbox 660 2570 1871 2645">
     <span class='ocr_line' id='line_1_26' title="bbox 660 2570 1871 2645; baseline -0.007 -11"><span class='ocrx_word' id='word_1_155' title='bbox 660 2579 963 2635; x_wconf 88' lang='lat' dir='ltr'><strong>Numerare</strong></span> <span class='ocrx_word' id='word_1_156' title='bbox 984 2577 1167 2633; x_wconf 86' lang='lat' dir='ltr'><strong>saltim</strong></span> <span class='ocrx_word' id='word_1_157' title='bbox 1191 2589 1344 2631; x_wconf 88' lang='lat' dir='ltr'><strong>more</strong></span> <span class='ocrx_word' id='word_1_158' title='bbox 1364 2573 1512 2645; x_wconf 86' lang='lat' dir='ltr'><strong>vulgi</strong></span> <span class='ocrx_word' id='word_1_159' title='bbox 1536 2582 1594 2626; x_wconf 91' lang='lat' dir='ltr'><strong>ut</strong></span> <span class='ocrx_word' id='word_1_160' title='bbox 1628 2570 1871 2626; x_wconf 88' lang='lat' dir='ltr'><strong>noveris.</strong></span> 
     </span>
    </p>
   </div>
   <div class='ocr_carea' id='block_1_27' title="bbox 663 2666 1750 2736">
    <p class='ocr_par' dir='ltr' id='par_1_27' title="bbox 663 2666 1750 2736">
     <span class='ocr_line' id='line_1_27' title="bbox 663 2666 1750 2736; baseline -0.006 -10"><span class='ocrx_word' id='word_1_161' title='bbox 663 2672 721 2726; x_wconf 89' lang='lat' dir='ltr'><strong>In</strong></span> <span class='ocrx_word' id='word_1_162' title='bbox 754 2687 815 2727; x_wconf 92' lang='lat' dir='ltr'><strong>se</strong></span> <span class='ocrx_word' id='word_1_163' title='bbox 844 2679 1084 2727; x_wconf 86' lang='lat' dir='ltr'><strong>retortas</strong></span> <span class='ocrx_word' id='word_1_164' title='bbox 1107 2668 1397 2736; x_wconf 84' lang='lat' dir='ltr'><strong>explicabo</strong></span> <span class='ocrx_word' id='word_1_165' title='bbox 1429 2666 1750 2722; x_wconf 85' lang='lat' dir='ltr'><strong>summulas.</strong></span> 
     </span>
    </p>
   </div>
   <div class='ocr_carea' id='block_1_28' title="bbox 589 2760 1745 2832">
    <p class='ocr_par' dir='ltr' id='par_1_28' title="bbox 589 2760 1745 2832">
     <span class='ocr_line' id='line_1_28' title="bbox 589 2760 1745 2832; baseline -0.006 -13"><span class='ocrx_word' id='word_1_166' title='bbox 589 2764 698 2819; x_wconf 86' lang='lat' dir='ltr'><strong>Ter</strong></span> <span class='ocrx_word' id='word_1_167' title='bbox 727 2764 920 2828; x_wconf 79' lang='lat' dir='ltr'><strong>denas,</strong></span> <span class='ocrx_word' id='word_1_168' title='bbox 954 2772 1108 2832; x_wconf 88' lang='lat' dir='ltr'><strong>puto,</strong></span> <span class='ocrx_word' id='word_1_169' title='bbox 1142 2760 1542 2832; x_wconf 86' lang='lat' dir='ltr'><strong>quinquiesquc</strong></span> <span class='ocrx_word' id='word_1_170' title='bbox 1565 2773 1745 2815; x_wconf 89' lang='lat' dir='ltr'><strong>senas.</strong></span> 
     </span>
    </p>
   </div>
   <div class='ocr_carea' id='block_1_29' title="bbox 588 2852 1903 2926">
    <p class='ocr_par' dir='ltr' id='par_1_29' title="bbox 588 2852 1903 2926">
     <span class='ocr_line' id='line_1_29' title="bbox 588 2852 1903 2926; baseline -0.002 -21"><span class='ocrx_word' id='word_1_171' title='bbox 588 2854 690 2911; x_wconf 88' lang='lat' dir='ltr'><strong>Vel</strong></span> <span class='ocrx_word' id='word_1_172' title='bbox 710 2855 794 2909; x_wconf 83' lang='lat' dir='ltr'><strong>bis</strong></span> <span class='ocrx_word' id='word_1_173' title='bbox 820 2855 1087 2926; x_wconf 90' lang='lat' dir='ltr'><strong>quinque,</strong></span> <span class='ocrx_word' id='word_1_174' title='bbox 1119 2853 1338 2921; x_wconf 83' lang='lat' dir='ltr'><strong>dehinc,</strong></span> <span class='ocrx_word' id='word_1_175' title='bbox 1371 2852 1561 2908; x_wconf 87' lang='lat' dir='ltr'><strong>decem</strong></span> <span class='ocrx_word' id='word_1_176' title='bbox 1583 2852 1903 2921; x_wconf 89' lang='lat' dir='ltr'><strong>decemque.</strong></span> 
     </span>
    </p>
   </div>
   <div class='ocr_carea' id='block_1_30' title="bbox 592 2934 1708 3018">
    <p class='ocr_par' dir='ltr' id='par_1_30' title="bbox 592 2934 1708 3018">
     <span class='ocr_line' id='line_1_30' title="bbox 592 2934 1708 3018; baseline -0.004 -18"><span class='ocrx_word' id='word_1_177' title='bbox 592 2946 689 3001; x_wconf 82' lang='lat' dir='ltr'><strong>Vel</strong></span> <span class='ocrx_word' id='word_1_178' title='bbox 716 2961 877 3003; x_wconf 85' lang='lat' dir='ltr'><strong>senas</strong></span> <span class='ocrx_word' id='word_1_179' title='bbox 899 2956 1119 3018; x_wconf 90' lang='lat' dir='ltr'><strong>quater,</strong></span> <span class='ocrx_word' id='word_1_180' title='bbox 1147 2954 1203 3001; x_wconf 90' lang='lat' dir='ltr'><strong>et</strong></span> <span class='ocrx_word' id='word_1_181' title='bbox 1232 2934 1313 3000; x_wconf 82' lang='lat' dir='ltr'><strong>bis</strong></span> <span class='ocrx_word' id='word_1_182' title='bbox 1339 2943 1480 3000; x_wconf 89' lang='lat' dir='ltr'><strong>adde</strong></span> <span class='ocrx_word' id='word_1_183' title='bbox 1506 2951 1708 2997; x_wconf 86' lang='lat' dir='ltr'><strong>ternas.</strong></span> 
     </span>
    </p>
   </div>
   <div class='ocr_carea' id='block_1_31' title="bbox 593 3035 1756 3109">
    <p class='ocr_par' dir='ltr' id='par_1_31' title="bbox 593 3035 1756 3109">
     <span class='ocr_line' id='line_1_31' title="bbox 593 3035 1756 3109; baseline -0.006 -16"><span class='ocrx_word' id='word_1_184' title='bbox 593 3038 861 3106; x_wconf 88' lang='lat' dir='ltr'><strong>Septenas</strong></span> <span class='ocrx_word' id='word_1_185' title='bbox 882 3045 1099 3109; x_wconf 87' lang='lat' dir='ltr'><strong>quater,</strong></span> <span class='ocrx_word' id='word_1_186' title='bbox 1130 3035 1270 3091; x_wconf 90' lang='lat' dir='ltr'><strong>adde</strong></span> <span class='ocrx_word' id='word_1_187' title='bbox 1291 3050 1451 3090; x_wconf 91' lang='lat' dir='ltr'><strong>unam</strong></span> <span class='ocrx_word' id='word_1_188' title='bbox 1481 3041 1536 3089; x_wconf 88' lang='lat' dir='ltr'><strong>et</strong></span> <span class='ocrx_word' id='word_1_189' title='bbox 1569 3047 1756 3088; x_wconf 88' lang='lat' dir='ltr'><strong>unam.</strong></span> 
     </span>
    </p>
   </div>
   <div class='ocr_carea' id='block_1_32' title="bbox 592 3126 1642 3196">
    <p class='ocr_par' dir='ltr' id='par_1_32' title="bbox 592 3126 1642 3196">
     <span class='ocr_line' id='line_1_32' title="bbox 592 3126 1642 3196; baseline -0.004 -13"><span class='ocrx_word' id='word_1_190' title='bbox 592 3130 706 3184; x_wconf 88' lang='lat' dir='ltr'><strong>Duc</strong></span> <span class='ocrx_word' id='word_1_191' title='bbox 734 3129 888 3183; x_wconf 90' lang='lat' dir='ltr'><strong>binas</strong></span> <span class='ocrx_word' id='word_1_192' title='bbox 916 3128 1123 3193; x_wconf 90' lang='lat' dir='ltr'><strong>decies,</strong></span> <span class='ocrx_word' id='word_1_193' title='bbox 1148 3127 1426 3196; x_wconf 88' lang='lat' dir='ltr'><strong>semelque</strong></span> <span class='ocrx_word' id='word_1_194' title='bbox 1455 3126 1642 3180; x_wconf 90' lang='lat' dir='ltr'><strong>denas.</strong></span> 
     </span>
    </p>
   </div>
   <div class='ocr_carea' id='block_1_33' title="bbox 592 3215 1618 3287">
    <p class='ocr_par' dir='ltr' id='par_1_33' title="bbox 592 3215 1618 3287">
     <span class='ocr_line' id='line_1_33' title="bbox 592 3215 1618 3287; baseline -0.007 -12"><span class='ocrx_word' id='word_1_195' title='bbox 592 3222 703 3275; x_wconf 86' lang='lat' dir='ltr'><strong>Ant</strong></span> <span class='ocrx_word' id='word_1_196' title='bbox 724 3228 809 3275; x_wconf 87' lang='lat' dir='ltr'><strong>ter</strong></span> <span class='ocrx_word' id='word_1_197' title='bbox 836 3224 1070 3287; x_wconf 85' lang='lat' dir='ltr'><strong>quatuor</strong></span> <span class='ocrx_word' id='word_1_198' title='bbox 1095 3215 1235 3271; x_wconf 89' lang='lat' dir='ltr'><strong>adde</strong></span> <span class='ocrx_word' id='word_1_199' title='bbox 1264 3217 1349 3271; x_wconf 91' lang='lat' dir='ltr'><strong>bis</strong></span> <span class='ocrx_word' id='word_1_200' title='bbox 1371 3215 1618 3269; x_wconf 88' lang='lat' dir='ltr'><strong>novenis.</strong></span> 
     </span>
    </p>
   </div>
   <div class='ocr_carea' id='block_1_34' title="bbox 592 3296 1773 3379">
    <p class='ocr_par' dir='ltr' id='par_1_34' title="bbox 592 3296 1773 3379">
     <span class='ocr_line' id='line_1_34' title="bbox 592 3296 1773 3379; baseline -0.005 -14"><span class='ocrx_word' id='word_1_201' title='bbox 592 3310 829 3366; x_wconf 87' lang='lat' dir='ltr'><strong>Octonas</strong></span> <span class='ocrx_word' id='word_1_202' title='bbox 851 3318 1065 3379; x_wconf 87' lang='lat' dir='ltr'><strong>quater,</strong></span> <span class='ocrx_word' id='word_1_203' title='bbox 1092 3307 1220 3362; x_wconf 90' lang='lat' dir='ltr'><strong>binc</strong></span> <span class='ocrx_word' id='word_1_204' title='bbox 1247 3306 1371 3361; x_wconf 79' lang='lat' dir='ltr'><strong>dua:</strong></span> <span class='ocrx_word' id='word_1_205' title='bbox 1396 3303 1675 3360; x_wconf 84' lang='lat' dir='ltr'><strong>recedant.</strong></span> <span class='ocrx_word' id='word_1_206' title='bbox 1768 3296 1773 3300; x_wconf 70' lang='grc'><em>’</em></span> 
     </span>
    </p>
   </div>
   <div class='ocr_carea' id='block_1_35' title="bbox 593 3397 1624 3469">
    <p class='ocr_par' dir='ltr' id='par_1_35' title="bbox 593 3397 1624 3469">
     <span class='ocr_line' id='line_1_35' title="bbox 593 3397 1624 3469; baseline -0.006 -13"><span class='ocrx_word' id='word_1_207' title='bbox 593 3400 760 3456; x_wconf 88' lang='lat' dir='ltr'><strong>Binas</strong></span> <span class='ocrx_word' id='word_1_208' title='bbox 784 3399 1071 3464; x_wconf 88' lang='lat' dir='ltr'><strong>terdecies,</strong></span> <span class='ocrx_word' id='word_1_209' title='bbox 1104 3397 1273 3455; x_wconf 89' lang='lat' dir='ltr'><strong>semel</strong></span> <span class='ocrx_word' id='word_1_210' title='bbox 1304 3407 1624 3469; x_wconf 88' lang='lat' dir='ltr'><strong>quaternas.</strong></span> 
     </span>
    </p>
   </div>
   <div class='ocr_carea' id='block_1_36' title="bbox 590 3492 1715 3560">
    <p class='ocr_par' dir='ltr' id='par_1_36' title="bbox 590 3492 1715 3560">
     <span class='ocr_line' id='line_1_36' title="bbox 590 3492 1715 3560; baseline -0.006 -8"><span class='ocrx_word' id='word_1_211' title='bbox 590 3497 661 3553; x_wconf 89' lang='lat' dir='ltr'><strong>Et</strong></span> <span class='ocrx_word' id='word_1_212' title='bbox 686 3510 783 3552; x_wconf 77' lang='lat' dir='ltr'><strong>sex</strong></span> <span class='ocrx_word' id='word_1_213' title='bbox 815 3494 1178 3550; x_wconf 86' lang='lat' dir='ltr'><strong>addenevem</strong></span> <span class='ocrx_word' id='word_1_214' title='bbox 1206 3492 1295 3549; x_wconf 88' lang='lat' dir='ltr'><strong>vel</strong></span> <span class='ocrx_word' id='word_1_215' title='bbox 1323 3500 1450 3547; x_wconf 88' lang='lat' dir='ltr'><strong>octo</strong></span> <span class='ocrx_word' id='word_1_216' title='bbox 1479 3498 1715 3560; x_wconf 86' lang='lat' dir='ltr'><strong>septem.</strong></span> 
     </span>
    </p>
   </div>
   <div class='ocr_carea' id='block_1_37' title="bbox 592 3584 1683 3660">
    <p class='ocr_par' dir='ltr' id='par_1_37' title="bbox 592 3584 1683 3660">
     <span class='ocr_line' id='line_1_37' title="bbox 592 3584 1683 3660; baseline -0.008 -13"><span class='ocrx_word' id='word_1_217' title='bbox 592 3593 701 3647; x_wconf 83' lang='lat' dir='ltr'><strong>Ant</strong></span> <span class='ocrx_word' id='word_1_218' title='bbox 729 3600 939 3660; x_wconf 87' lang='lat' dir='ltr'><strong>septem</strong></span> <span class='ocrx_word' id='word_1_219' title='bbox 967 3589 1201 3660; x_wconf 87' lang='lat' dir='ltr'><strong>geminis</strong></span> <span class='ocrx_word' id='word_1_220' title='bbox 1232 3586 1316 3641; x_wconf 92' lang='lat' dir='ltr'><strong>bis</strong></span> <span class='ocrx_word' id='word_1_221' title='bbox 1345 3594 1471 3641; x_wconf 89' lang='lat' dir='ltr'><strong>octo</strong></span> <span class='ocrx_word' id='word_1_222' title='bbox 1497 3584 1683 3653; x_wconf 76' lang='lat' dir='ltr'><strong>iunge.</strong></span> 
     </span>
    </p>
   </div>
   <div class='ocr_carea' id='block_1_38' title="bbox 592 3679 1671 3751">
    <p class='ocr_par' dir='ltr' id='par_1_38' title="bbox 592 3679 1671 3751">
     <span class='ocr_line' id='line_1_38' title="bbox 592 3679 1671 3751; baseline -0.006 -12"><span class='ocrx_word' id='word_1_223' title='bbox 592 3684 702 3740; x_wconf 88' lang='lat' dir='ltr'><strong>Aut</strong></span> <span class='ocrx_word' id='word_1_224' title='bbox 730 3698 798 3738; x_wconf 91' lang='lat' dir='ltr'><strong>ne</strong></span> <span class='ocrx_word' id='word_1_225' title='bbox 824 3682 927 3737; x_wconf 90' lang='lat' dir='ltr'><strong>sim</strong></span> <span class='ocrx_word' id='word_1_226' title='bbox 959 3681 1056 3737; x_wconf 88' lang='lat' dir='ltr'><strong>tibi</strong></span> <span class='ocrx_word' id='word_1_227' title='bbox 1084 3679 1334 3751; x_wconf 87' lang='lat' dir='ltr'><strong>pluribus</strong></span> <span class='ocrx_word' id='word_1_228' title='bbox 1365 3679 1629 3733; x_wconf 88' lang='lat' dir='ltr'><strong>molestus</strong></span> <span class='ocrx_word' id='word_1_229' title='bbox 1655 3719 1671 3744; x_wconf 94' lang='lat'><strong>,</strong></span> 
     </span>
    </p>
   </div>
   <div class='ocr_carea' id='block_1_39' title="bbox 591 3774 1535 3848">
    <p class='ocr_par' dir='ltr' id='par_1_39' title="bbox 591 3774 1535 3848">
     <span class='ocr_line' id='line_1_39' title="bbox 591 3774 1535 3848; baseline -0.006 -16"><span class='ocrx_word' id='word_1_230' title='bbox 591 3777 836 3848; x_wconf 80' lang='lat' dir='ltr'><strong>Triginta</strong></span> <span class='ocrx_word' id='word_1_231' title='bbox 864 3790 1093 3832; x_wconf 89' lang='lat' dir='ltr'><strong>numero</strong></span> <span class='ocrx_word' id='word_1_232' title='bbox 1118 3774 1274 3829; x_wconf 91' lang='lat' dir='ltr'><strong>fuere</strong></span> <span class='ocrx_word' id='word_1_233' title='bbox 1303 3781 1535 3829; x_wconf 67' lang='lat' dir='ltr'><strong>cunctae.</strong></span> 
     </span>
    </p>
   </div>
   <div class='ocr_carea' id='block_1_40' title="bbox 519 3863 1572 3925">
    <p class='ocr_par' dir='ltr' id='par_1_40' title="bbox 519 3863 1572 3925">
     <span class='ocr_line' id='line_1_40' title="bbox 519 3863 1572 3925; baseline -0.008 0"><span class='ocrx_word' id='word_1_234' title='bbox 519 3869 751 3925; x_wconf 84' lang='lat' dir='ltr'><strong>Junctns</strong></span> <span class='ocrx_word' id='word_1_235' title='bbox 779 3866 1033 3923; x_wconf 87' lang='lat' dir='ltr'><strong>iimicolis</strong></span> <span class='ocrx_word' id='word_1_236' title='bbox 1059 3864 1338 3920; x_wconf 89' lang='lat' dir='ltr'><strong>musculus</strong></span> <span class='ocrx_word' id='word_1_237' title='bbox 1368 3863 1572 3918; x_wconf 88' lang='lat' dir='ltr'><strong>ostreis</strong></span> 
     </span>
    </p>
   </div>
   <div class='ocr_carea' id='block_1_41' title="bbox 523 3957 1562 4033">
    <p class='ocr_par' dir='ltr' id='par_1_41' title="bbox 523 3957 1562 4033">
     <span class='ocr_line' id='line_1_41' title="bbox 523 3957 1562 4033; baseline -0.011 -11"><span class='ocrx_word' id='word_1_238' title='bbox 523 3967 717 4022; x_wconf 74' lang='lat' dir='ltr'><strong>Primo.</strong></span> <span class='ocrx_word' id='word_1_239' title='bbox 731 3963 1042 4033; x_wconf 84' lang='lat' dir='ltr'><strong>composuit</strong></span> <span class='ocrx_word' id='word_1_240' title='bbox 1072 3961 1280 4016; x_wconf 85' lang='lat' dir='ltr'><strong>fercula</strong></span> <span class='ocrx_word' id='word_1_241' title='bbox 1314 3957 1562 4026; x_wconf 89' lang='lat' dir='ltr'><strong>prandio,</strong></span> 
     </span>
    </p>
   </div>
   <div class='ocr_carea' id='block_1_42' title="bbox 518 4049 1459 4117">
    <p class='ocr_par' dir='ltr' id='par_1_42' title="bbox 518 4049 1459 4117">
     <span class='ocr_line' id='line_1_42' title="bbox 518 4049 1459 4117; baseline -0.011 -4"><span class='ocrx_word' id='word_1_242' title='bbox 518 4057 720 4114; x_wconf 89' lang='lat' dir='ltr'><strong>Gratus</strong></span> <span class='ocrx_word' id='word_1_243' title='bbox 749 4054 960 4112; x_wconf 88' lang='lat' dir='ltr'><strong>deliciis</strong></span> <span class='ocrx_word' id='word_1_244' title='bbox 991 4050 1250 4109; x_wconf 88' lang='lat' dir='ltr'><strong>nobilium</strong></span> <span class='ocrx_word' id='word_1_245' title='bbox 1281 4049 1459 4117; x_wconf 89' lang='lat' dir='ltr'><strong>cibus,</strong></span> 
     </span>
    </p>
   </div>
   <div class='ocr_carea' id='block_1_43' title="bbox 522 4141 1660 4218">
    <p class='ocr_par' dir='ltr' id='par_1_43' title="bbox 522 4141 1660 4218">
     <span class='ocr_line' id='line_1_43' title="bbox 522 4141 1660 4218; baseline -0.006 -15"><span class='ocrx_word' id='word_1_246' title='bbox 522 4150 589 4204; x_wconf 78' lang='lat' dir='ltr'><strong>Et</strong></span> <span class='ocrx_word' id='word_1_247' title='bbox 616 4157 833 4218; x_wconf 90' lang='lat' dir='ltr'><strong>sumptu</strong></span> <span class='ocrx_word' id='word_1_248' title='bbox 862 4145 1108 4202; x_wconf 86' lang='lat' dir='ltr'><strong>medicus</strong></span> <span class='ocrx_word' id='word_1_249' title='bbox 1138 4142 1473 4215; x_wconf 88' lang='lat' dir='ltr'><strong>pauperibus</strong></span> <span class='ocrx_word' id='word_1_250' title='bbox 1500 4141 1660 4198; x_wconf 83' lang='lat' dir='ltr'><strong>focis.</strong></span> 
     </span>
    </p>
   </div>
   <div class='ocr_carea' id='block_1_44' title="bbox 519 4237 1632 4309">
    <p class='ocr_par' dir='ltr' id='par_1_44' title="bbox 519 4237 1632 4309">
     <span class='ocr_line' id='line_1_44' title="bbox 519 4237 1632 4309; baseline -0.008 -11"><span class='ocrx_word' id='word_1_251' title='bbox 519 4241 637 4298; x_wconf 86' lang='lat' dir='ltr'><strong>Non</strong></span> <span class='ocrx_word' id='word_1_252' title='bbox 670 4240 758 4295; x_wconf 88' lang='lat' dir='ltr'><strong>hic</strong></span> <span class='ocrx_word' id='word_1_253' title='bbox 788 4237 1070 4309; x_wconf 86' lang='lat' dir='ltr'><strong>navifrago</strong></span> <span class='ocrx_word' id='word_1_254' title='bbox 1095 4237 1359 4307; x_wconf 71' lang='lat' dir='ltr'><strong>quaeritur</strong></span> <span class='ocrx_word' id='word_1_255' title='bbox 1387 4248 1632 4305; x_wconf 63' lang='lat' dir='ltr'><strong>arquore,</strong></span> 
     </span>
    </p>
   </div>
   <div class='ocr_carea' id='block_1_45' title="bbox 519 4322 1653 4401">
    <p class='ocr_par' dir='ltr' id='par_1_45' title="bbox 519 4322 1653 4401">
     <span class='ocr_line' id='line_1_45' title="bbox 519 4322 1653 4401; baseline -0.01 -10"><span class='ocrx_word' id='word_1_256' title='bbox 519 4335 589 4392; x_wconf 90' lang='lat' dir='ltr'><strong>Ut</strong></span> <span class='ocrx_word' id='word_1_257' title='bbox 617 4322 846 4389; x_wconf 48' lang='lat' dir='ltr'><strong>crescat”</strong></span> <span class='ocrx_word' id='word_1_258' title='bbox 862 4333 1097 4401; x_wconf 88' lang='lat' dir='ltr'><strong>pretium</strong></span> <span class='ocrx_word' id='word_1_259' title='bbox 1124 4328 1330 4400; x_wconf 89' lang='lat' dir='ltr'><strong>grande</strong></span> <span class='ocrx_word' id='word_1_260' title='bbox 1359 4326 1615 4397; x_wconf 85' lang='lat' dir='ltr'><strong>periculis</strong></span> <span class='ocrx_word' id='word_1_261' title='bbox 1642 4345 1653 4380; x_wconf 91' lang='lat'>:</span> 
     </span>
    </p>
   </div>
   <div class='ocr_carea' id='block_1_46' title="bbox 515 4421 1729 4500">
    <p class='ocr_par' dir='ltr' id='par_1_46' title="bbox 515 4421 1729 4500">
     <span class='ocr_line' id='line_1_46' title="bbox 515 4421 1729 4500; baseline -0.009 -14"><span class='ocrx_word' id='word_1_262' title='bbox 515 4428 624 4486; x_wconf 88' lang='lat' dir='ltr'><strong>Sed</strong></span> <span class='ocrx_word' id='word_1_263' title='bbox 657 4428 901 4500; x_wconf 85' lang='lat' dir='ltr'><strong>primore</strong></span> <span class='ocrx_word' id='word_1_264' title='bbox 928 4423 1095 4488; x_wconf 87' lang='lat' dir='ltr'><strong>vado,</strong></span> <span class='ocrx_word' id='word_1_265' title='bbox 1123 4430 1247 4495; x_wconf 85' lang='lat' dir='ltr'><strong>post</strong></span> <span class='ocrx_word' id='word_1_266' title='bbox 1275 4421 1523 4493; x_wconf 84' lang='lat' dir='ltr'><strong>refugum</strong></span> <span class='ocrx_word' id='word_1_267' title='bbox 1555 4435 1729 4485; x_wconf 87' lang='lat' dir='ltr'><strong>mare,</strong></span> 
     </span>
    </p>
   </div>
   <div class='ocr_carea' id='block_1_47' title="bbox 517 4514 1460 4589">
    <p class='ocr_par' dir='ltr' id='par_1_47' title="bbox 517 4514 1460 4589">
     <span class='ocr_line' id='line_1_47' title="bbox 517 4514 1460 4589; baseline -0.008 -14"><span class='ocrx_word' id='word_1_268' title='bbox 517 4521 722 4589; x_wconf 86' lang='lat' dir='ltr'><strong>Algeso</strong></span> <span class='ocrx_word' id='word_1_269' title='bbox 751 4517 951 4587; x_wconf 83' lang='lat' dir='ltr'><strong>legitur</strong></span> <span class='ocrx_word' id='word_1_270' title='bbox 980 4515 1162 4570; x_wconf 85' lang='lat' dir='ltr'><strong>littere</strong></span> <span class='ocrx_word' id='word_1_271' title='bbox 1181 4514 1460 4569; x_wconf 85' lang='lat' dir='ltr'><strong>concolor.</strong></span> 
     </span>
    </p>
   </div>
   <div class='ocr_carea' id='block_1_48' title="bbox 516 4606 1671 4681">
    <p class='ocr_par' dir='ltr' id='par_1_48' title="bbox 516 4606 1671 4681">
     <span class='ocr_line' id='line_1_48' title="bbox 516 4606 1671 4681; baseline -0.008 -14"><span class='ocrx_word' id='word_1_272' title='bbox 516 4612 648 4667; x_wconf 86' lang='lat' dir='ltr'><strong>Nam</strong></span> <span class='ocrx_word' id='word_1_273' title='bbox 675 4621 827 4667; x_wconf 63' lang='lat' dir='ltr'><strong>testce</strong></span> <span class='ocrx_word' id='word_1_274' title='bbox 854 4610 1092 4681; x_wconf 87' lang='lat' dir='ltr'><strong>duplicis</strong></span> <span class='ocrx_word' id='word_1_275' title='bbox 1119 4607 1370 4663; x_wconf 89' lang='lat' dir='ltr'><strong>conditur</strong></span> <span class='ocrx_word' id='word_1_276' title='bbox 1397 4606 1450 4660; x_wconf 91' lang='lat' dir='ltr'><strong>in</strong></span> <span class='ocrx_word' id='word_1_277' title='bbox 1481 4619 1671 4675; x_wconf 88' lang='lat' dir='ltr'><strong>specu,</strong></span> 
     </span>
    </p>
   </div>
   <div class='ocr_carea' id='block_1_49' title="bbox 513 4698 1600 4773">
    <p class='ocr_par' dir='ltr' id='par_1_49' title="bbox 513 4698 1600 4773">
     <span class='ocr_line' id='line_1_49' title="bbox 513 4698 1600 4773; baseline -0.006 -16"><span class='ocrx_word' id='word_1_278' title='bbox 513 4705 648 4773; x_wconf 72' lang='lat' dir='ltr'><strong>Quae</strong></span> <span class='ocrx_word' id='word_1_279' title='bbox 676 4703 937 4759; x_wconf 76' lang='lat' dir='ltr'><strong>ferventis</strong></span> <span class='ocrx_word' id='word_1_280' title='bbox 965 4714 1122 4772; x_wconf 67' lang='lat' dir='ltr'><strong>aqua:</strong></span> <span class='ocrx_word' id='word_1_281' title='bbox 1148 4700 1255 4755; x_wconf 87' lang='lat' dir='ltr'><strong>fota</strong></span> <span class='ocrx_word' id='word_1_282' title='bbox 1286 4698 1600 4767; x_wconf 82' lang='lat' dir='ltr'><strong>vaporibus,</strong></span> 
     </span>
    </p>
   </div>
   <div class='ocr_carea' id='block_1_50' title="bbox 512 4791 1505 4852">
    <p class='ocr_par' dir='ltr' id='par_1_50' title="bbox 512 4791 1505 4852">
     <span class='ocr_line' id='line_1_50' title="bbox 512 4791 1505 4852; baseline -0.006 -1"><span class='ocrx_word' id='word_1_283' title='bbox 512 4797 747 4852; x_wconf 83' lang='lat' dir='ltr'><strong>Carnem</strong></span> <span class='ocrx_word' id='word_1_284' title='bbox 781 4794 999 4850; x_wconf 88' lang='lat' dir='ltr'><strong>lacteeli</strong></span> <span class='ocrx_word' id='word_1_285' title='bbox 1031 4791 1254 4850; x_wconf 82' lang='lat' dir='ltr'><strong>visceris</strong></span> <span class='ocrx_word' id='word_1_286' title='bbox 1281 4791 1505 4847; x_wconf 88' lang='lat' dir='ltr'><strong>indicat.</strong></span> 
     </span>
    </p>
   </div>
   <div class='ocr_carea' id='block_1_51' title="bbox 584 4884 1644 4955">
    <p class='ocr_par' dir='ltr' id='par_1_51' title="bbox 584 4884 1644 4955">
     <span class='ocr_line' id='line_1_51' title="bbox 584 4884 1644 4955; baseline -0.008 -9"><span class='ocrx_word' id='word_1_287' title='bbox 584 4889 690 4948; x_wconf 90' lang='lat' dir='ltr'><strong>Sed</strong></span> <span class='ocrx_word' id='word_1_288' title='bbox 721 4888 984 4944; x_wconf 89' lang='lat' dir='ltr'><strong>damnosa</strong></span> <span class='ocrx_word' id='word_1_289' title='bbox 1018 4886 1181 4941; x_wconf 90' lang='lat' dir='ltr'><strong>nimis</strong></span> <span class='ocrx_word' id='word_1_290' title='bbox 1207 4884 1468 4955; x_wconf 88' lang='lat' dir='ltr'><strong>panditur</strong></span> <span class='ocrx_word' id='word_1_291' title='bbox 1495 4897 1644 4939; x_wconf 88' lang='lat' dir='ltr'><strong>area.</strong></span> 
     </span>
    </p>
   </div>
   <div class='ocr_carea' id='block_1_52' title="bbox 508 4976 1696 5050">
    <p class='ocr_par' dir='ltr' id='par_1_52' title="bbox 508 4976 1696 5050">
     <span class='ocr_line' id='line_1_52' title="bbox 508 4976 1696 5050; baseline -0.005 -12"><span class='ocrx_word' id='word_1_292' title='bbox 508 4981 619 5038; x_wconf 85' lang='lat' dir='ltr'><strong>Fac</strong></span> <span class='ocrx_word' id='word_1_293' title='bbox 646 4993 898 5050; x_wconf 87' lang='lat' dir='ltr'><strong>campum</strong></span> <span class='ocrx_word' id='word_1_294' title='bbox 930 4976 1167 5048; x_wconf 87' lang='lat' dir='ltr'><strong>replices</strong></span> <span class='ocrx_word' id='word_1_295' title='bbox 1198 4977 1349 5031; x_wconf 87' lang='lat' dir='ltr'><strong>Musa</strong></span> <span class='ocrx_word' id='word_1_296' title='bbox 1374 4976 1655 5049; x_wconf 88' lang='lat' dir='ltr'><strong>papyrinm</strong></span> <span class='ocrx_word' id='word_1_297' title='bbox 1681 4992 1696 5032; x_wconf 90' lang='lat'><strong>:</strong></span> 
     </span>
    </p>
   </div>
   <div class='ocr_carea' id='block_1_53' title="bbox 506 5068 1567 5145">
    <p class='ocr_par' dir='ltr' id='par_1_53' title="bbox 506 5068 1567 5145">
     <span class='ocr_line' id='line_1_53' title="bbox 506 5068 1567 5145; baseline -0.006 -16"><span class='ocrx_word' id='word_1_298' title='bbox 506 5073 619 5129; x_wconf 84' lang='lat' dir='ltr'><strong>Nec</strong></span> <span class='ocrx_word' id='word_1_299' title='bbox 642 5073 759 5145; x_wconf 84' lang='lat' dir='ltr'><strong>jam</strong></span> <span class='ocrx_word' id='word_1_300' title='bbox 791 5068 1065 5141; x_wconf 87' lang='lat' dir='ltr'><strong>fissipedis</strong></span> <span class='ocrx_word' id='word_1_301' title='bbox 1097 5083 1194 5140; x_wconf 90' lang='lat' dir='ltr'><strong>per</strong></span> <span class='ocrx_word' id='word_1_302' title='bbox 1220 5068 1415 5124; x_wconf 88' lang='lat' dir='ltr'><strong>calami</strong></span> <span class='ocrx_word' id='word_1_303' title='bbox 1451 5072 1567 5123; x_wconf 80' lang='lat' dir='ltr'><strong>vlas</strong></span> 
     </span>
    </p>
   </div>
   <div class='ocr_carea' id='block_1_54' title="bbox 504 5160 1587 5223">
    <p class='ocr_par' dir='ltr' id='par_1_54' title="bbox 504 5160 1587 5223">
     <span class='ocr_line' id='line_1_54' title="bbox 504 5160 1587 5223; baseline -0.006 -1"><span class='ocrx_word' id='word_1_304' title='bbox 504 5166 801 5222; x_wconf 84' lang='lat' dir='ltr'><strong>Grassetur</strong></span> <span class='ocrx_word' id='word_1_305' title='bbox 824 5162 1033 5220; x_wconf 61' lang='lat' dir='ltr'><strong>Cnidia:</strong></span> <span class='ocrx_word' id='word_1_306' title='bbox 1063 5162 1251 5219; x_wconf 88' lang='lat' dir='ltr'><strong>sulcus</strong></span> <span class='ocrx_word' id='word_1_307' title='bbox 1281 5160 1587 5223; x_wconf 83' lang='lat' dir='ltr'><strong>arundinis.</strong></span> 
     </span>
    </p>
   </div>
   <div class='ocr_carea' id='block_1_55' title="bbox 500 5253 1495 5330">
    <p class='ocr_par' dir='ltr' id='par_1_55' title="bbox 500 5253 1495 5330">
     <span class='ocr_line' id='line_1_55' title="bbox 500 5253 1495 5330; baseline -0.005 -16"><span class='ocrx_word' id='word_1_308' title='bbox 500 5257 741 5330; x_wconf 88' lang='lat' dir='ltr'><strong>Pingens</strong></span> <span class='ocrx_word' id='word_1_309' title='bbox 769 5255 994 5313; x_wconf 85' lang='lat' dir='ltr'><strong>aridolae</strong></span> <span class='ocrx_word' id='word_1_310' title='bbox 1019 5253 1232 5311; x_wconf 88' lang='lat' dir='ltr'><strong>subdita</strong></span> <span class='ocrx_word' id='word_1_311' title='bbox 1264 5254 1495 5325; x_wconf 68' lang='lat' dir='ltr'><strong>paginae,</strong></span> 
     </span>
    </p>
   </div>
   <div class='ocr_carea' id='block_1_56' title="bbox 501 5346 1344 5408">
    <p class='ocr_par' dir='ltr' id='par_1_56' title="bbox 501 5346 1344 5408">
     <span class='ocr_line' id='line_1_56' title="bbox 501 5346 1344 5408; baseline -0.009 -1"><span class='ocrx_word' id='word_1_312' title='bbox 501 5350 695 5408; x_wconf 86' lang='lat' dir='ltr'><strong>Cadmi</strong></span> <span class='ocrx_word' id='word_1_313' title='bbox 726 5348 910 5405; x_wconf 85' lang='lat' dir='ltr'><strong>filiolis</strong></span> <span class='ocrx_word' id='word_1_314' title='bbox 934 5346 1344 5404; x_wconf 86' lang='lat' dir='ltr'><strong>atriceloribus.</strong></span> 
     </span>
    </p>
   </div>
   <div class='ocr_carea' id='block_1_57' title="bbox 500 5435 1615 5513">
    <p class='ocr_par' dir='ltr' id='par_1_57' title="bbox 500 5435 1615 5513">
     <span class='ocr_line' id='line_1_57' title="bbox 500 5435 1615 5513; baseline -0.008 -12"><span class='ocrx_word' id='word_1_315' title='bbox 500 5442 612 5501; x_wconf 77' lang='lat' dir='ltr'><strong>Ant</strong></span> <span class='ocrx_word' id='word_1_316' title='bbox 639 5442 854 5500; x_wconf 88' lang='lat' dir='ltr'><strong>cunctis</strong></span> <span class='ocrx_word' id='word_1_317' title='bbox 883 5439 1092 5513; x_wconf 89' lang='lat' dir='ltr'><strong>pariter</strong></span> <span class='ocrx_word' id='word_1_318' title='bbox 1121 5438 1380 5495; x_wconf 85' lang='lat' dir='ltr'><strong>versibus</strong></span> <span class='ocrx_word' id='word_1_319' title='bbox 1406 5435 1615 5493; x_wconf 92' lang='lat' dir='ltr'><strong>oblinat</strong></span> 
     </span>
    </p>
   </div>
   <div class='ocr_carea' id='block_1_58' title="bbox 497 5529 1565 5604">
    <p class='ocr_par' dir='ltr' id='par_1_58' title="bbox 497 5529 1565 5604">
     <span class='ocr_line' id='line_1_58' title="bbox 497 5529 1565 5604; baseline -0.005 -15"><span class='ocrx_word' id='word_1_320' title='bbox 497 5533 733 5591; x_wconf 86' lang='lat' dir='ltr'><strong>Furvam</strong></span> <span class='ocrx_word' id='word_1_321' title='bbox 763 5533 1049 5590; x_wconf 87' lang='lat' dir='ltr'><strong>lacticoler</strong></span> <span class='ocrx_word' id='word_1_322' title='bbox 1078 5532 1308 5604; x_wconf 88' lang='lat' dir='ltr'><strong>spongia</strong></span> <span class='ocrx_word' id='word_1_323' title='bbox 1334 5529 1565 5602; x_wconf 77' lang='lat' dir='ltr'><strong>sepia‘m.</strong></span> 
     </span>
    </p>
   </div>
   <div class='ocr_carea' id='block_1_59' title="bbox 568 5625 1644 5683">
    <p class='ocr_par' dir='ltr' id='par_1_59' title="bbox 568 5625 1644 5683">
     <span class='ocr_line' id='line_1_59' title="bbox 568 5625 1644 5683; baseline -0.002 -2"><span class='ocrx_word' id='word_1_324' title='bbox 568 5626 868 5683; x_wconf 88' lang='lat' dir='ltr'><strong>Pareamns</strong></span> <span class='ocrx_word' id='word_1_325' title='bbox 889 5625 1024 5683; x_wconf 89' lang='lat' dir='ltr'><strong>vitio</strong></span> <span class='ocrx_word' id='word_1_326' title='bbox 1044 5626 1391 5682; x_wconf 82' lang='lat' dir='ltr'><strong>Dumnotinae</strong></span> <span class='ocrx_word' id='word_1_327' title='bbox 1407 5625 1603 5681; x_wconf 89' lang='lat' dir='ltr'><strong>demus</strong></span> <span class='ocrx_word' id='word_1_328' title='bbox 1629 5640 1644 5679; x_wconf 91' lang='lat'><strong>:</strong></span> 
     </span>
    </p>
   </div>
   <div class='ocr_carea' id='block_1_60' title="bbox 491 5714 1518 5773">
    <p class='ocr_par' dir='ltr' id='par_1_60' title="bbox 491 5714 1518 5773">
     <span class='ocr_line' id='line_1_60' title="bbox 491 5714 1518 5773; baseline -0.006 0"><span class='ocrx_word' id='word_1_329' title='bbox 491 5714 577 5773; x_wconf 82' lang='lat' dir='ltr'><strong>Ne</strong></span> <span class='ocrx_word' id='word_1_330' title='bbox 604 5716 676 5769; x_wconf 85' lang='lat' dir='ltr'><strong>sit</strong></span> <span class='ocrx_word' id='word_1_331' title='bbox 699 5716 889 5772; x_wconf 83' lang='lat' dir='ltr'><strong>charta</strong></span> <span class='ocrx_word' id='word_1_332' title='bbox 921 5717 1052 5771; x_wconf 91' lang='lat' dir='ltr'><strong>mihi</strong></span> <span class='ocrx_word' id='word_1_333' title='bbox 1086 5716 1266 5771; x_wconf 88' lang='lat' dir='ltr'><strong>carior</strong></span> <span class='ocrx_word' id='word_1_334' title='bbox 1295 5715 1518 5772; x_wconf 87' lang='lat' dir='ltr'><strong>ostreis.</strong></span> 
     </span>
    </p>
   </div>
   <div class='ocr_carea' id='block_1_61' title="bbox 2119 346 2174 406">
    <p class='ocr_par' dir='ltr' id='par_1_61' title="bbox 2119 346 2174 406">
     <span class='ocr_line' id='line_1_61' title="bbox 2119 346 2174 406; baseline 0 -2"><span class='ocrx_word' id='word_1_335' title='bbox 2119 346 2174 406; x_wconf 86' lang='grc' dir='ltr'><strong>Λ</strong></span> 
     </span>
    </p>
   </div>
   <div class='ocr_carea' id='block_1_62' title="bbox 2693 326 3217 395">
    <p class='ocr_par' dir='ltr' id='par_1_62' title="bbox 2693 326 3217 395">
     <span class='ocr_line' id='line_1_62' title="bbox 2693 326 3217 395; baseline -0.025 0"><span class='ocrx_word' id='word_1_336' title='bbox 2693 332 3033 395; x_wconf 73' lang='lat' dir='ltr'><strong>EPISTOLA</strong></span> <span class='ocrx_word' id='word_1_337' title='bbox 3083 326 3217 386; x_wconf 79' lang='lat' dir='ltr'><strong>Vl&quot;.</strong></span> 
     </span>
    </p>
   </div>
   <div class='ocr_carea' id='block_1_63' title="bbox 2339 415 3640 495">
    <p class='ocr_par' dir='ltr' id='par_1_63' title="bbox 2339 415 3640 495">
     <span class='ocr_line' id='line_1_63' title="bbox 2339 415 3640 495; baseline -0.018 -3"><span class='ocrx_word' id='word_1_338' title='bbox 2339 434 2611 491; x_wconf 80' lang='lat' dir='ltr'><strong>Ausomus</strong></span> <span class='ocrx_word' id='word_1_339' title='bbox 2656 431 2795 487; x_wconf 77' lang='lat' dir='ltr'><strong>Axio</strong></span> <span class='ocrx_word' id='word_1_340' title='bbox 2832 426 3019 483; x_wconf 66' lang='lat' dir='ltr'><strong>Paene</strong></span> <span class='ocrx_word' id='word_1_341' title='bbox 3072 432 3307 495; x_wconf 64' lang='lat' dir='ltr'><strong>onerent</strong></span> <span class='ocrx_word' id='word_1_342' title='bbox 3354 415 3640 473; x_wconf 59' lang='lat' dir='ltr'><strong>Securus.</strong></span> 
     </span>
    </p>
   </div>
   <div class='ocr_carea' id='block_1_64' title="bbox 2198 533 3593 605">
    <p class='ocr_par' dir='ltr' id='par_1_64' title="bbox 2198 533 3593 605">
     <span class='ocr_line' id='line_1_64' title="bbox 2198 533 3593 605; baseline -0.016 0"><span class='ocrx_word' id='word_1_343' title='bbox 2198 548 2440 605; x_wconf 86' lang='lat' dir='ltr'><strong>Tandem</strong></span> <span class='ocrx_word' id='word_1_344' title='bbox 2473 543 2699 603; x_wconf 89' lang='lat' dir='ltr'><strong>eluctati</strong></span> <span class='ocrx_word' id='word_1_345' title='bbox 2722 538 3025 600; x_wconf 88' lang='lat' dir='ltr'><strong>retinacula</strong></span> <span class='ocrx_word' id='word_1_346' title='bbox 3058 533 3254 593; x_wconf 89' lang='lat' dir='ltr'><strong>blanda</strong></span> <span class='ocrx_word' id='word_1_347' title='bbox 3286 543 3593 595; x_wconf 88' lang='lat' dir='ltr'><strong>morarum,</strong></span> 
     </span>
    </p>
   </div>
   <div class='ocr_carea' id='block_1_65' title="bbox 2271 624 3434 714">
    <p class='ocr_par' dir='ltr' id='par_1_65' title="bbox 2271 624 3434 714">
     <span class='ocr_line' id='line_1_65' title="bbox 2271 624 3434 714; baseline -0.017 -15"><span class='ocrx_word' id='word_1_348' title='bbox 2271 640 2577 714; x_wconf 62' lang='lat' dir='ltr'><strong>Burdigalae</strong></span> <span class='ocrx_word' id='word_1_349' title='bbox 2605 637 2799 695; x_wconf 86' lang='lat' dir='ltr'><strong>molles</strong></span> <span class='ocrx_word' id='word_1_350' title='bbox 2827 633 3087 705; x_wconf 85' lang='lat' dir='ltr'><strong>liquimus</strong></span> <span class='ocrx_word' id='word_1_351' title='bbox 3116 624 3434 691; x_wconf 84' lang='lat' dir='ltr'><strong>illecebras,</strong></span> 
     </span>
    </p>
   </div>
   <div class='ocr_carea' id='block_1_66' title="bbox 2200 717 3655 804">
    <p class='ocr_par' dir='ltr' id='par_1_66' title="bbox 2200 717 3655 804">
     <span class='ocr_line' id='line_1_66' title="bbox 2200 717 3655 804; baseline -0.016 -12"><span class='ocrx_word' id='word_1_352' title='bbox 2200 734 2665 804; x_wconf 90' lang='lat' dir='ltr'><strong>Santonicamque</strong></span> <span class='ocrx_word' id='word_1_353' title='bbox 2691 729 2883 785; x_wconf 88' lang='lat' dir='ltr'><strong>urbem</strong></span> <span class='ocrx_word' id='word_1_354' title='bbox 2912 724 3097 781; x_wconf 85' lang='lat' dir='ltr'><strong>vicino</strong></span> <span class='ocrx_word' id='word_1_355' title='bbox 3133 717 3468 777; x_wconf 82' lang='lat' dir='ltr'><strong>accessimus</strong></span> <span class='ocrx_word' id='word_1_356' title='bbox 3496 729 3655 786; x_wconf 85' lang='lat' dir='ltr'><strong>agro.</strong></span> 
     </span>
    </p>
   </div>
   <div class='ocr_carea' id='block_1_67' title="bbox 2269 809 3702 897">
    <p class='ocr_par' dir='ltr' id='par_1_67' title="bbox 2269 809 3702 897">
     <span class='ocr_line' id='line_1_67' title="bbox 2269 809 3702 897; baseline -0.014 -12"><span class='ocrx_word' id='word_1_357' title='bbox 2269 827 2428 897; x_wconf 81' lang='lat' dir='ltr'><strong>Quod</strong></span> <span class='ocrx_word' id='word_1_358' title='bbox 2459 827 2555 883; x_wconf 90' lang='lat' dir='ltr'><strong>tibi</strong></span> <span class='ocrx_word' id='word_1_359' title='bbox 2584 826 2632 883; x_wconf 89' lang='lat' dir='ltr'><strong>si</strong></span> <span class='ocrx_word' id='word_1_360' title='bbox 2660 833 2874 896; x_wconf 89' lang='lat' dir='ltr'><strong>gratum</strong></span> <span class='ocrx_word' id='word_1_361' title='bbox 2903 830 3008 889; x_wconf 91' lang='lat' dir='ltr'><strong>est,</strong></span> <span class='ocrx_word' id='word_1_362' title='bbox 3039 817 3249 889; x_wconf 87' lang='lat' dir='ltr'><strong>optime</strong></span> <span class='ocrx_word' id='word_1_363' title='bbox 3278 810 3467 877; x_wconf 85' lang='lat' dir='ltr'><strong>Paule,</strong></span> <span class='ocrx_word' id='word_1_364' title='bbox 3505 809 3702 880; x_wconf 85' lang='lat' dir='ltr'><strong>proba.</strong></span> 
     </span>
    </p>
   </div>
   <div class='ocr_carea' id='block_1_68' title="bbox 2201 901 3553 991">
    <p class='ocr_par' dir='ltr' id='par_1_68' title="bbox 2201 901 3553 991">
     <span class='ocr_line' id='line_1_68' title="bbox 2201 901 3553 991; baseline -0.018 -13"><span class='ocrx_word' id='word_1_365' title='bbox 2201 919 2546 991; x_wconf 84' lang='lat' dir='ltr'><strong>Cernipedes</strong></span> <span class='ocrx_word' id='word_1_366' title='bbox 2580 917 2793 988; x_wconf 87' lang='lat' dir='ltr'><strong>rapiant</strong></span> <span class='ocrx_word' id='word_1_367' title='bbox 2824 914 3061 983; x_wconf 86' lang='lat' dir='ltr'><strong>imposta</strong></span> <span class='ocrx_word' id='word_1_368' title='bbox 3090 906 3327 981; x_wconf 83' lang='lat' dir='ltr'><strong>petorita</strong></span> <span class='ocrx_word' id='word_1_369' title='bbox 3354 901 3553 960; x_wconf 72' lang='lat' dir='ltr'><strong>molat:</strong></span> 
     </span>
    </p>
   </div>
   <div class='ocr_carea' id='block_1_69' title="bbox 2276 998 3377 1080">
    <p class='ocr_par' dir='ltr' id='par_1_69' title="bbox 2276 998 3377 1080">
     <span class='ocr_line' id='line_1_69' title="bbox 2276 998 3377 1080; baseline -0.017 -10"><span class='ocrx_word' id='word_1_370' title='bbox 2276 1013 2380 1070; x_wconf 79' lang='lat' dir='ltr'><strong>Vel</strong></span> <span class='ocrx_word' id='word_1_371' title='bbox 2406 1011 2544 1070; x_wconf 88' lang='lat' dir='ltr'><strong>cisio</strong></span> <span class='ocrx_word' id='word_1_372' title='bbox 2574 1008 2756 1080; x_wconf 87' lang='lat' dir='ltr'><strong>trijugi</strong></span> <span class='ocrx_word' id='word_1_373' title='bbox 2778 1050 2794 1075; x_wconf 93' lang='lat'><strong>,</strong></span> <span class='ocrx_word' id='word_1_374' title='bbox 2823 1005 2869 1061; x_wconf 93' lang='lat' dir='ltr'><strong>si</strong></span> <span class='ocrx_word' id='word_1_375' title='bbox 2899 1004 3094 1076; x_wconf 85' lang='lat' dir='ltr'><strong>placet,</strong></span> <span class='ocrx_word' id='word_1_376' title='bbox 3129 998 3377 1056; x_wconf 88' lang='lat' dir='ltr'><strong>insilias:</strong></span> 
     </span>
    </p>
   </div>
   <div class='ocr_carea' id='block_1_70' title="bbox 2204 1089 3795 1165">
    <p class='ocr_par' dir='ltr' id='par_1_70' title="bbox 2204 1089 3795 1165">
     <span class='ocr_line' id='line_1_70' title="bbox 2204 1089 3795 1165; baseline -0.012 -1"><span class='ocrx_word' id='word_1_377' title='bbox 2204 1106 2304 1164; x_wconf 79' lang='lat' dir='ltr'><strong>Vel</strong></span> <span class='ocrx_word' id='word_1_378' title='bbox 2334 1105 2576 1163; x_wconf 89' lang='lat' dir='ltr'><strong>celerem</strong></span> <span class='ocrx_word' id='word_1_379' title='bbox 2618 1115 2913 1165; x_wconf 86' lang='lat' dir='ltr'><strong>manuum,</strong></span> <span class='ocrx_word' id='word_1_380' title='bbox 2958 1098 3041 1153; x_wconf 89' lang='lat' dir='ltr'><strong>vel</strong></span> <span class='ocrx_word' id='word_1_381' title='bbox 3091 1102 3313 1165; x_wconf 89' lang='lat' dir='ltr'><strong>ruptum</strong></span> <span class='ocrx_word' id='word_1_382' title='bbox 3353 1100 3505 1162; x_wconf 87' lang='lat' dir='ltr'><strong>terga</strong></span> <span class='ocrx_word' id='word_1_383' title='bbox 3533 1089 3795 1147; x_wconf 86' lang='lat' dir='ltr'><strong>vercdum</strong></span> 
     </span>
    </p>
   </div>
   <div class='ocr_carea' id='block_1_71' title="bbox 2274 1181 3633 1264">
    <p class='ocr_par' dir='ltr' id='par_1_71' title="bbox 2274 1181 3633 1264">
     <span class='ocr_line' id='line_1_71' title="bbox 2274 1181 3633 1264; baseline -0.014 -11"><span class='ocrx_word' id='word_1_384' title='bbox 2274 1195 2653 1262; x_wconf 81' lang='lat' dir='ltr'><strong>Couscendas,</strong></span> <span class='ocrx_word' id='word_1_385' title='bbox 2688 1205 2923 1264; x_wconf 89' lang='lat' dir='ltr'><strong>propere</strong></span> <span class='ocrx_word' id='word_1_386' title='bbox 2948 1184 3247 1245; x_wconf 88' lang='lat' dir='ltr'><strong>dummodo</strong></span> <span class='ocrx_word' id='word_1_387' title='bbox 3269 1183 3382 1254; x_wconf 85' lang='lat' dir='ltr'><strong>jam</strong></span> <span class='ocrx_word' id='word_1_388' title='bbox 3416 1181 3633 1237; x_wconf 83' lang='lat' dir='ltr'><strong>venias.</strong></span> 
     </span>
    </p>
   </div>
   <div class='ocr_carea' id='block_1_72' title="bbox 2205 1273 3625 1361">
    <p class='ocr_par' dir='ltr' id='par_1_72' title="bbox 2205 1273 3625 1361">
     <span class='ocr_line' id='line_1_72' title="bbox 2205 1273 3625 1361; baseline -0.014 -15"><span class='ocrx_word' id='word_1_389' title='bbox 2205 1288 2467 1361; x_wconf 84' lang='lat' dir='ltr'><strong>Instantis</strong></span> <span class='ocrx_word' id='word_1_390' title='bbox 2492 1296 2752 1343; x_wconf 87' lang='lat' dir='ltr'><strong>revocant</strong></span> <span class='ocrx_word' id='word_1_391' title='bbox 2777 1285 2905 1355; x_wconf 88' lang='lat' dir='ltr'><strong>quia</strong></span> <span class='ocrx_word' id='word_1_392' title='bbox 2933 1296 3031 1337; x_wconf 90' lang='lat' dir='ltr'><strong>nos</strong></span> <span class='ocrx_word' id='word_1_393' title='bbox 3055 1276 3327 1336; x_wconf 87' lang='lat' dir='ltr'><strong>solemnia</strong></span> <span class='ocrx_word' id='word_1_394' title='bbox 3357 1273 3581 1331; x_wconf 67' lang='lat' dir='ltr'><strong>Pascha:</strong></span> <span class='ocrx_word' id='word_1_395' title='bbox 3609 1290 3625 1327; x_wconf 89' lang='lat'><strong>:</strong></span> 
     </span>
    </p>
   </div>
   <div class='ocr_carea' id='block_1_73' title="bbox 2280 1369 3337 1437">
    <p class='ocr_par' dir='ltr' id='par_1_73' title="bbox 2280 1369 3337 1437">
     <span class='ocr_line' id='line_1_73' title="bbox 2280 1369 3337 1437; baseline -0.013 0"><span class='ocrx_word' id='word_1_396' title='bbox 2280 1380 2472 1437; x_wconf 89' lang='lat' dir='ltr'><strong>Libera</strong></span> <span class='ocrx_word' id='word_1_397' title='bbox 2499 1394 2602 1437; x_wconf 90' lang='lat' dir='ltr'><strong>nec</strong></span> <span class='ocrx_word' id='word_1_398' title='bbox 2629 1378 2784 1435; x_wconf 87' lang='lat' dir='ltr'><strong>nobis</strong></span> <span class='ocrx_word' id='word_1_399' title='bbox 2809 1385 2893 1432; x_wconf 85' lang='lat' dir='ltr'><strong>est</strong></span> <span class='ocrx_word' id='word_1_400' title='bbox 2917 1389 3069 1430; x_wconf 88' lang='lat' dir='ltr'><strong>mora</strong></span> <span class='ocrx_word' id='word_1_401' title='bbox 3088 1369 3337 1428; x_wconf 87' lang='lat' dir='ltr'><strong>desidi.e.</strong></span> 
     </span>
    </p>
   </div>
   <div class='ocr_carea' id='block_1_74' title="bbox 2208 1461 3588 1538">
    <p class='ocr_par' dir='ltr' id='par_1_74' title="bbox 2208 1461 3588 1538">
     <span class='ocr_line' id='line_1_74' title="bbox 2208 1461 3588 1538; baseline -0.012 -6"><span class='ocrx_word' id='word_1_402' title='bbox 2208 1474 2399 1533; x_wconf 81' lang='lat' dir='ltr'><strong>Perfer</strong></span> <span class='ocrx_word' id='word_1_403' title='bbox 2427 1473 2481 1529; x_wconf 89' lang='lat' dir='ltr'><strong>in</strong></span> <span class='ocrx_word' id='word_1_404' title='bbox 2509 1486 2745 1529; x_wconf 79' lang='lat' dir='ltr'><strong>excursu</strong></span> <span class='ocrx_word' id='word_1_405' title='bbox 2776 1469 2864 1525; x_wconf 92' lang='lat' dir='ltr'><strong>vel</strong></span> <span class='ocrx_word' id='word_1_406' title='bbox 2895 1466 3103 1538; x_wconf 87' lang='lat' dir='ltr'><strong>terjuga</strong></span> <span class='ocrx_word' id='word_1_407' title='bbox 3134 1463 3307 1521; x_wconf 84' lang='lat' dir='ltr'><strong>millia</strong></span> <span class='ocrx_word' id='word_1_408' title='bbox 3337 1461 3588 1534; x_wconf 86' lang='lat' dir='ltr'><strong>epodon,</strong></span> 
     </span>
    </p>
   </div>
   <div class='ocr_carea' id='block_1_75' title="bbox 2286 1555 3520 1635">
    <p class='ocr_par' dir='ltr' id='par_1_75' title="bbox 2286 1555 3520 1635">
     <span class='ocr_line' id='line_1_75' title="bbox 2286 1555 3520 1635; baseline -0.01 -12"><span class='ocrx_word' id='word_1_409' title='bbox 2286 1568 2382 1624; x_wconf 80' lang='lat' dir='ltr'><strong>Vel</strong></span> <span class='ocrx_word' id='word_1_410' title='bbox 2408 1567 2576 1624; x_wconf 75' lang='lat' dir='ltr'><strong>falsas</strong></span> <span class='ocrx_word' id='word_1_411' title='bbox 2596 1566 2742 1629; x_wconf 80' lang='lat' dir='ltr'><strong>lites,</strong></span> <span class='ocrx_word' id='word_1_412' title='bbox 2773 1576 2912 1635; x_wconf 89' lang='lat' dir='ltr'><strong>quas</strong></span> <span class='ocrx_word' id='word_1_413' title='bbox 2936 1559 3121 1618; x_wconf 87' lang='lat' dir='ltr'><strong>scbola</strong></span> <span class='ocrx_word' id='word_1_414' title='bbox 3154 1566 3339 1613; x_wconf 87' lang='lat' dir='ltr'><strong>vestra</strong></span> <span class='ocrx_word' id='word_1_415' title='bbox 3360 1555 3520 1613; x_wconf 88' lang='lat' dir='ltr'><strong>serit.</strong></span> 
     </span>
    </p>
   </div>
   <div class='ocr_carea' id='block_1_76' title="bbox 2211 1648 3622 1722">
    <p class='ocr_par' dir='ltr' id='par_1_76' title="bbox 2211 1648 3622 1722">
     <span class='ocr_line' id='line_1_76' title="bbox 2211 1648 3622 1722; baseline -0.012 -4"><span class='ocrx_word' id='word_1_416' title='bbox 2211 1660 2507 1718; x_wconf 82' lang='lat' dir='ltr'><strong>Nobiscum</strong></span> <span class='ocrx_word' id='word_1_417' title='bbox 2535 1657 2782 1714; x_wconf 88' lang='lat' dir='ltr'><strong>invenies</strong></span> <span class='ocrx_word' id='word_1_418' title='bbox 2813 1655 3010 1711; x_wconf 89' lang='lat' dir='ltr'><strong>nullas.</strong></span> <span class='ocrx_word' id='word_1_419' title='bbox 3043 1650 3184 1720; x_wconf 83' lang='lat' dir='ltr'><strong>Quia</strong></span> <span class='ocrx_word' id='word_1_420' title='bbox 3211 1651 3469 1722; x_wconf 87' lang='lat' dir='ltr'><strong>liquimus</strong></span> <span class='ocrx_word' id='word_1_421' title='bbox 3496 1648 3622 1703; x_wconf 88' lang='lat' dir='ltr'><strong>istic</strong></span> 
     </span>
    </p>
   </div>
   <div class='ocr_carea' id='block_1_77' title="bbox 2138 1726 3423 1827">
    <p class='ocr_par' dir='ltr' id='par_1_77' title="bbox 2138 1726 3423 1827">
     <span class='ocr_line' id='line_1_77' title="bbox 2138 1726 3423 1827; baseline -0.013 -14"><span class='ocrx_word' id='word_1_422' title='bbox 2138 1726 2187 1788; x_wconf 77' lang='grc' dir='ltr'><strong>Β</strong></span> <span class='ocrx_word' id='word_1_423' title='bbox 2282 1755 2560 1827; x_wconf 88' lang='lat' dir='ltr'><strong>Nugarum</strong></span> <span class='ocrx_word' id='word_1_424' title='bbox 2594 1760 2815 1809; x_wconf 80' lang='lat' dir='ltr'><strong>veteres</strong></span> <span class='ocrx_word' id='word_1_425' title='bbox 2846 1763 2971 1805; x_wconf 89' lang='lat' dir='ltr'><strong>cum</strong></span> <span class='ocrx_word' id='word_1_426' title='bbox 2997 1746 3115 1804; x_wconf 88' lang='lat' dir='ltr'><strong>sale</strong></span> <span class='ocrx_word' id='word_1_427' title='bbox 3140 1744 3423 1817; x_wconf 87' lang='lat' dir='ltr'><strong>reliquias.</strong></span> 
     </span>
    </p>
   </div>
   <div class='ocr_carea' id='block_1_78' title="bbox 2755 1879 3230 1940">
    <p class='ocr_par' dir='ltr' id='par_1_78' title="bbox 2755 1879 3230 1940">
     <span class='ocr_line' id='line_1_78' title="bbox 2755 1879 3230 1940; baseline -0.013 0"><span class='ocrx_word' id='word_1_428' title='bbox 2755 1882 3090 1940; x_wconf 75' lang='lat' dir='ltr'><strong>EPISTULA</strong></span> <span class='ocrx_word' id='word_1_429' title='bbox 3136 1879 3230 1935; x_wconf 79' lang='lat' dir='ltr'><strong>IX.</strong></span> 
     </span>
    </p>
   </div>
   <div class='ocr_carea' id='block_1_79' title="bbox 2755 1974 3275 2032">
    <p class='ocr_par' dir='ltr' id='par_1_79' title="bbox 2755 1974 3275 2032">
     <span class='ocr_line' id='line_1_79' title="bbox 2755 1974 3275 2032; baseline -0.012 0"><span class='ocrx_word' id='word_1_430' title='bbox 2755 1976 3021 2032; x_wconf 72' lang='lat' dir='ltr'><strong>Ausenws</strong></span> <span class='ocrx_word' id='word_1_431' title='bbox 3070 1974 3275 2030; x_wconf 71' lang='lat' dir='ltr'><strong>PAULO.</strong></span> 
     </span>
    </p>
   </div>
   <div class='ocr_carea' id='block_1_80' title="bbox 2214 2092 3574 2159">
    <p class='ocr_par' dir='ltr' id='par_1_80' title="bbox 2214 2092 3574 2159">
     <span class='ocr_line' id='line_1_80' title="bbox 2214 2092 3574 2159; baseline -0.01 -7"><span class='ocrx_word' id='word_1_432' title='bbox 2214 2095 2405 2153; x_wconf 88' lang='lat' dir='ltr'><strong>Ostrea</strong></span> <span class='ocrx_word' id='word_1_433' title='bbox 2438 2092 2702 2150; x_wconf 88' lang='lat' dir='ltr'><strong>nobilium</strong></span> <span class='ocrx_word' id='word_1_434' title='bbox 2732 2092 2928 2158; x_wconf 72' lang='lat' dir='ltr'><strong>ctenis,</strong></span> <span class='ocrx_word' id='word_1_435' title='bbox 2953 2097 3283 2159; x_wconf 85' lang='lat' dir='ltr'><strong>sumptoque</strong></span> <span class='ocrx_word' id='word_1_436' title='bbox 3315 2092 3574 2157; x_wconf 89' lang='lat' dir='ltr'><strong>nepotum</strong></span> 
     </span>
    </p>
   </div>
   <div class='ocr_carea' id='block_1_81' title="bbox 2212 2174 3614 2257">
    <p class='ocr_par' dir='ltr' id='par_1_81' title="bbox 2212 2174 3614 2257">
     <span class='ocr_line' id='line_1_81' title="bbox 2212 2174 3614 2257; baseline -0.01 -14"><span class='ocrx_word' id='word_1_437' title='bbox 2212 2185 2439 2257; x_wconf 85' lang='lat' dir='ltr'><strong>Cognita</strong></span> <span class='ocrx_word' id='word_1_438' title='bbox 2463 2226 2479 2250; x_wconf 91' lang='lat'><strong>,</strong></span> <span class='ocrx_word' id='word_1_439' title='bbox 2502 2183 2839 2254; x_wconf 85' lang='lat' dir='ltr'><strong>diversoque</strong></span> <span class='ocrx_word' id='word_1_440' title='bbox 2869 2179 3037 2236; x_wconf 89' lang='lat' dir='ltr'><strong>maris</strong></span> <span class='ocrx_word' id='word_1_441' title='bbox 3065 2176 3289 2234; x_wconf 90' lang='lat' dir='ltr'><strong>defensa</strong></span> <span class='ocrx_word' id='word_1_442' title='bbox 3318 2174 3614 2247; x_wconf 89' lang='lat' dir='ltr'><strong>profundo,</strong></span> 
     </span>
    </p>
   </div>
   <div class='ocr_carea' id='block_1_82' title="bbox 2215 2266 3585 2346">
    <p class='ocr_par' dir='ltr' id='par_1_82' title="bbox 2215 2266 3585 2346">
     <span class='ocr_line' id='line_1_82' title="bbox 2215 2266 3585 2346; baseline -0.009 -14"><span class='ocrx_word' id='word_1_443' title='bbox 2215 2280 2325 2333; x_wconf 83' lang='lat' dir='ltr'><strong>Aut</strong></span> <span class='ocrx_word' id='word_1_444' title='bbox 2349 2275 2551 2346; x_wconf 88' lang='lat' dir='ltr'><strong>refugis</strong></span> <span class='ocrx_word' id='word_1_445' title='bbox 2581 2272 2784 2329; x_wconf 87' lang='lat' dir='ltr'><strong>nudata</strong></span> <span class='ocrx_word' id='word_1_446' title='bbox 2816 2270 2990 2339; x_wconf 86' lang='lat' dir='ltr'><strong>vadis,</strong></span> <span class='ocrx_word' id='word_1_447' title='bbox 3014 2279 3109 2324; x_wconf 87' lang='lat' dir='ltr'><strong>aut</strong></span> <span class='ocrx_word' id='word_1_448' title='bbox 3137 2282 3367 2338; x_wconf 85' lang='lat' dir='ltr'><strong>scrupea</strong></span> <span class='ocrx_word' id='word_1_449' title='bbox 3393 2266 3585 2321; x_wconf 84' lang='lat' dir='ltr'><strong>subter</strong></span> 
     </span>
    </p>
   </div>
   <div class='ocr_carea' id='block_1_83' title="bbox 2215 2357 3657 2434">
    <p class='ocr_par' dir='ltr' id='par_1_83' title="bbox 2215 2357 3657 2434">
     <span class='ocr_line' id='line_1_83' title="bbox 2215 2357 3657 2434; baseline -0.011 -9"><span class='ocrx_word' id='word_1_450' title='bbox 2215 2369 2416 2431; x_wconf 86' lang='lat' dir='ltr'><strong>Antra,</strong></span> <span class='ocrx_word' id='word_1_451' title='bbox 2449 2376 2506 2423; x_wconf 90' lang='lat' dir='ltr'><strong>et</strong></span> <span class='ocrx_word' id='word_1_452' title='bbox 2533 2364 2793 2421; x_wconf 73' lang='lat' dir='ltr'><strong>morieris</strong></span> <span class='ocrx_word' id='word_1_453' title='bbox 2823 2362 3174 2434; x_wconf 89' lang='lat' dir='ltr'><strong>scopulorum</strong></span> <span class='ocrx_word' id='word_1_454' title='bbox 3207 2374 3384 2415; x_wconf 87' lang='lat' dir='ltr'><strong>mersa</strong></span> <span class='ocrx_word' id='word_1_455' title='bbox 3419 2357 3657 2421; x_wconf 88' lang='lat' dir='ltr'><strong>lacunis,</strong></span> 
     </span>
    </p>
   </div>
   <div class='ocr_carea' id='block_1_84' title="bbox 2217 2447 3701 2532">
    <p class='ocr_par' dir='ltr' id='par_1_84' title="bbox 2217 2447 3701 2532">
     <span class='ocr_line' id='line_1_84' title="bbox 2217 2447 3701 2532; baseline -0.01 -14"><span class='ocrx_word' id='word_1_456' title='bbox 2217 2464 2353 2532; x_wconf 84' lang='lat' dir='ltr'><strong>Quae</strong></span> <span class='ocrx_word' id='word_1_457' title='bbox 2380 2452 2570 2517; x_wconf 86' lang='lat' dir='ltr'><strong>viridis</strong></span> <span class='ocrx_word' id='word_1_458' title='bbox 2601 2472 2847 2527; x_wconf 89' lang='lat' dir='ltr'><strong>muscus,</strong></span> <span class='ocrx_word' id='word_1_459' title='bbox 2870 2472 2990 2526; x_wconf 72' lang='lat' dir='ltr'><strong>qua:</strong></span> <span class='ocrx_word' id='word_1_460' title='bbox 3015 2454 3254 2513; x_wconf 74' lang='lat' dir='ltr'><strong>dedecet-</strong></span> <span class='ocrx_word' id='word_1_461' title='bbox 3276 2453 3398 2524; x_wconf 89' lang='lat' dir='ltr'><strong>alga</strong></span> <span class='ocrx_word' id='word_1_462' title='bbox 3426 2447 3701 2514; x_wconf 84' lang='lat' dir='ltr'><strong>recondit,</strong></span> 
     </span>
    </p>
   </div>
   <div class='ocr_carea' id='block_1_85' title="bbox 2216 2546 3614 2625">
    <p class='ocr_par' dir='ltr' id='par_1_85' title="bbox 2216 2546 3614 2625">
     <span class='ocr_line' id='line_1_85' title="bbox 2216 2546 3614 2625; baseline -0.01 -13"><span class='ocrx_word' id='word_1_463' title='bbox 2216 2559 2349 2625; x_wconf 72' lang='lat' dir='ltr'><strong>Qute</strong></span> <span class='ocrx_word' id='word_1_464' title='bbox 2381 2555 2535 2611; x_wconf 88' lang='lat' dir='ltr'><strong>testis</strong></span> <span class='ocrx_word' id='word_1_465' title='bbox 2565 2559 2819 2609; x_wconf 82' lang='lat' dir='ltr'><strong>concreta</strong></span> <span class='ocrx_word' id='word_1_466' title='bbox 2851 2550 2992 2618; x_wconf 83' lang='lat' dir='ltr'><strong>suis,</strong></span> <span class='ocrx_word' id='word_1_467' title='bbox 3023 2563 3125 2605; x_wconf 91' lang='lat' dir='ltr'><strong>ceu</strong></span> <span class='ocrx_word' id='word_1_468' title='bbox 3153 2563 3284 2604; x_wconf 74' lang='lat' dir='ltr'><strong>saxa</strong></span> <span class='ocrx_word' id='word_1_469' title='bbox 3311 2546 3614 2611; x_wconf 71' lang='lat' dir='ltr'><strong>cobmrent,</strong></span> 
     </span>
    </p>
   </div>
   <div class='ocr_carea' id='block_1_86' title="bbox 2217 2638 3573 2717">
    <p class='ocr_par' dir='ltr' id='par_1_86' title="bbox 2217 2638 3573 2717">
     <span class='ocr_line' id='line_1_86' title="bbox 2217 2638 3573 2717; baseline -0.008 -16"><span class='ocrx_word' id='word_1_470' title='bbox 2217 2649 2350 2717; x_wconf 78' lang='lat' dir='ltr'><strong>Quze</strong></span> <span class='ocrx_word' id='word_1_471' title='bbox 2382 2655 2587 2703; x_wconf 87' lang='lat' dir='ltr'><strong>mutata</strong></span> <span class='ocrx_word' id='word_1_472' title='bbox 2618 2646 2768 2716; x_wconf 80' lang='lat' dir='ltr'><strong>loco,</strong></span> <span class='ocrx_word' id='word_1_473' title='bbox 2802 2643 2985 2714; x_wconf 79' lang='lat' dir='ltr'><strong>pingui</strong></span> <span class='ocrx_word' id='word_1_474' title='bbox 3014 2657 3141 2696; x_wconf 76' lang='lat' dir='ltr'><strong>mox</strong></span> <span class='ocrx_word' id='word_1_475' title='bbox 3166 2639 3385 2695; x_wconf 90' lang='lat' dir='ltr'><strong>condita</strong></span> <span class='ocrx_word' id='word_1_476' title='bbox 3419 2638 3573 2704; x_wconf 87' lang='lat' dir='ltr'><strong>lituo,</strong></span> 
     </span>
    </p>
   </div>
   <div class='ocr_carea' id='block_1_87' title="bbox 2219 2732 3469 2805">
    <p class='ocr_par' dir='ltr' id='par_1_87' title="bbox 2219 2732 3469 2805">
     <span class='ocr_line' id='line_1_87' title="bbox 2219 2732 3469 2805; baseline -0.011 -7"><span class='ocrx_word' id='word_1_477' title='bbox 2219 2743 2405 2798; x_wconf 79' lang='lat' dir='ltr'><strong>Nntrit</strong></span> <span class='ocrx_word' id='word_1_478' title='bbox 2425 2752 2670 2796; x_wconf 87' lang='lat' dir='ltr'><strong>secretus</strong></span> <span class='ocrx_word' id='word_1_479' title='bbox 2691 2737 2969 2794; x_wconf 67' lang='lat' dir='ltr'><strong>conclusae</strong></span> <span class='ocrx_word' id='word_1_480' title='bbox 3002 2733 3220 2805; x_wconf 88' lang='lat' dir='ltr'><strong>uliginis</strong></span> <span class='ocrx_word' id='word_1_481' title='bbox 3252 2732 3469 2799; x_wconf 89' lang='lat' dir='ltr'><strong>humor,</strong></span> 
     </span>
    </p>
   </div>
   <div class='ocr_carea' id='block_1_88' title="bbox 2219 2818 3683 2902">
    <p class='ocr_par' dir='ltr' id='par_1_88' title="bbox 2219 2818 3683 2902">
     <span class='ocr_line' id='line_1_88' title="bbox 2219 2818 3683 2902; baseline -0.01 -12"><span class='ocrx_word' id='word_1_482' title='bbox 2219 2834 2555 2890; x_wconf 85' lang='lat' dir='ltr'><strong>Enumerare</strong></span> <span class='ocrx_word' id='word_1_483' title='bbox 2583 2832 2770 2902; x_wconf 87' lang='lat' dir='ltr'><strong>jubcs,</strong></span> <span class='ocrx_word' id='word_1_484' title='bbox 2801 2838 2958 2884; x_wconf 87' lang='lat' dir='ltr'><strong>vetus</strong></span> <span class='ocrx_word' id='word_1_485' title='bbox 2989 2844 3022 2884; x_wconf 95' lang='lat' dir='ltr'><strong>e</strong></span> <span class='ocrx_word' id='word_1_486' title='bbox 3053 2825 3208 2891; x_wconf 89' lang='lat' dir='ltr'><strong>mihi,</strong></span> <span class='ocrx_word' id='word_1_487' title='bbox 3234 2825 3423 2889; x_wconf 81' lang='lat' dir='ltr'><strong>Paule,</strong></span> <span class='ocrx_word' id='word_1_488' title='bbox 3454 2818 3683 2889; x_wconf 78' lang='lat' dir='ltr'><strong>sodalis,</strong></span> 
     </span>
    </p>
   </div>
   <div class='ocr_carea' id='block_1_89' title="bbox 2219 2915 3451 2995">
    <p class='ocr_par' dir='ltr' id='par_1_89' title="bbox 2219 2915 3451 2995">
     <span class='ocr_line' id='line_1_89' title="bbox 2219 2915 3451 2995; baseline -0.011 -11"><span class='ocrx_word' id='word_1_489' title='bbox 2219 2925 2538 2984; x_wconf 84' lang='lat' dir='ltr'><strong>Assuefacte</strong></span> <span class='ocrx_word' id='word_1_490' title='bbox 2567 2924 2702 2981; x_wconf 86' lang='lat' dir='ltr'><strong>meis</strong></span> <span class='ocrx_word' id='word_1_491' title='bbox 2729 2921 2964 2995; x_wconf 84' lang='lat' dir='ltr'><strong>jnculari</strong></span> <span class='ocrx_word' id='word_1_492' title='bbox 2992 2921 3234 2977; x_wconf 90' lang='lat' dir='ltr'><strong>carmine</strong></span> <span class='ocrx_word' id='word_1_493' title='bbox 3267 2915 3451 2987; x_wconf 83' lang='lat' dir='ltr'><strong>nugis,</strong></span> 
     </span>
    </p>
   </div>
   <div class='ocr_carea' id='block_1_90' title="bbox 2221 3007 3576 3091">
    <p class='ocr_par' dir='ltr' id='par_1_90' title="bbox 2221 3007 3576 3091">
     <span class='ocr_line' id='line_1_90' title="bbox 2221 3007 3576 3091; baseline -0.012 -14"><span class='ocrx_word' id='word_1_494' title='bbox 2221 3017 2553 3091; x_wconf 79' lang='lat' dir='ltr'><strong>Aggrediar;</strong></span> <span class='ocrx_word' id='word_1_495' title='bbox 2582 3016 2827 3087; x_wconf 87' lang='lat' dir='ltr'><strong>quamvis</strong></span> <span class='ocrx_word' id='word_1_496' title='bbox 2852 3029 3040 3069; x_wconf 86' lang='lat' dir='ltr'><strong>curam</strong></span> <span class='ocrx_word' id='word_1_497' title='bbox 3075 3026 3182 3067; x_wconf 87' lang='lat' dir='ltr'><strong>non</strong></span> <span class='ocrx_word' id='word_1_498' title='bbox 3214 3009 3317 3065; x_wconf 87' lang='lat' dir='ltr'><strong>ista</strong></span> <span class='ocrx_word' id='word_1_499' title='bbox 3344 3007 3576 3063; x_wconf 90' lang='lat' dir='ltr'><strong>senilem</strong></span> 
     </span>
    </p>
   </div>
   <div class='ocr_carea' id='block_1_91' title="bbox 2118 3085 3576 3183">
    <p class='ocr_par' dir='ltr' id='par_1_91' title="bbox 2118 3085 3576 3183">
     <span class='ocr_line' id='line_1_91' title="bbox 2118 3085 3576 3183; baseline -0.012 -11"><span class='ocrx_word' id='word_1_500' title='bbox 2118 3085 2188 3162; x_wconf 6' lang='lat' dir='ltr'><strong>SC</strong></span> <span class='ocrx_word' id='word_1_501' title='bbox 2222 3085 2552 3181; x_wconf 73' lang='lat' dir='ltr'><strong>sollicitent,</strong></span> <span class='ocrx_word' id='word_1_502' title='bbox 2584 3085 2834 3183; x_wconf 74' lang='lat' dir='ltr'><strong>frugique</strong></span> <span class='ocrx_word' id='word_1_503' title='bbox 2860 3110 2978 3164; x_wconf 90' lang='lat' dir='ltr'><strong>viro</strong></span> <span class='ocrx_word' id='word_1_504' title='bbox 3007 3103 3275 3178; x_wconf 86' lang='lat' dir='ltr'><strong>dignanda</strong></span> <span class='ocrx_word' id='word_1_505' title='bbox 3302 3109 3576 3174; x_wconf 88' lang='lat' dir='ltr'><strong>putentur.</strong></span> 
     </span>
    </p>
   </div>
   <div class='ocr_carea' id='block_1_92' title="bbox 2220 3190 3726 3271">
    <p class='ocr_par' dir='ltr' id='par_1_92' title="bbox 2220 3190 3726 3271">
     <span class='ocr_line' id='line_1_92' title="bbox 2220 3190 3726 3271; baseline -0.012 -9"><span class='ocrx_word' id='word_1_506' title='bbox 2220 3205 2356 3262; x_wconf 86' lang='lat' dir='ltr'><strong>Nam</strong></span> <span class='ocrx_word' id='word_1_507' title='bbox 2387 3205 2519 3262; x_wconf 89' lang='lat' dir='ltr'><strong>mihi</strong></span> <span class='ocrx_word' id='word_1_508' title='bbox 2546 3218 2654 3259; x_wconf 90' lang='lat' dir='ltr'><strong>non</strong></span> <span class='ocrx_word' id='word_1_509' title='bbox 2685 3203 2883 3258; x_wconf 90' lang='lat' dir='ltr'><strong>saliare</strong></span> <span class='ocrx_word' id='word_1_510' title='bbox 2910 3199 3153 3271; x_wconf 89' lang='lat' dir='ltr'><strong>epulum,</strong></span> <span class='ocrx_word' id='word_1_511' title='bbox 3184 3212 3290 3252; x_wconf 90' lang='lat' dir='ltr'><strong>non</strong></span> <span class='ocrx_word' id='word_1_512' title='bbox 3320 3209 3476 3251; x_wconf 72' lang='lat' dir='ltr'><strong>omna</strong></span> <span class='ocrx_word' id='word_1_513' title='bbox 3503 3190 3726 3262; x_wconf 85' lang='lat' dir='ltr'><strong>dapalis,</strong></span> 
     </span>
    </p>
   </div>
   <div class='ocr_carea' id='block_1_93' title="bbox 2218 3294 3693 3368">
    <p class='ocr_par' dir='ltr' id='par_1_93' title="bbox 2218 3294 3693 3368">
     <span class='ocr_line' id='line_1_93' title="bbox 2218 3294 3693 3368; baseline -0.008 -17"><span class='ocrx_word' id='word_1_514' title='bbox 2218 3298 2444 3368; x_wconf 84' lang='lat' dir='ltr'><strong>Qualem</strong></span> <span class='ocrx_word' id='word_1_515' title='bbox 2478 3296 2778 3365; x_wconf 87' lang='lat' dir='ltr'><strong>Penelopes</strong></span> <span class='ocrx_word' id='word_1_516' title='bbox 2810 3294 3147 3350; x_wconf 88' lang='lat' dir='ltr'><strong>nebulonum</strong></span> <span class='ocrx_word' id='word_1_517' title='bbox 3179 3304 3363 3345; x_wconf 89' lang='lat' dir='ltr'><strong>mensa</strong></span> <span class='ocrx_word' id='word_1_518' title='bbox 3388 3299 3693 3359; x_wconf 84' lang='lat' dir='ltr'><strong>procorum,</strong></span> 
     </span>
    </p>
   </div>
   <div class='ocr_carea' id='block_1_94' title="bbox 2221 3382 3644 3461">
    <p class='ocr_par' dir='ltr' id='par_1_94' title="bbox 2221 3382 3644 3461">
     <span class='ocr_line' id='line_1_94' title="bbox 2221 3382 3644 3461; baseline -0.008 -14"><span class='ocrx_word' id='word_1_519' title='bbox 2221 3389 2541 3461; x_wconf 88' lang='lat' dir='ltr'><strong>Alcinoique</strong></span> <span class='ocrx_word' id='word_1_520' title='bbox 2573 3389 2763 3444; x_wconf 87' lang='lat' dir='ltr'><strong>habuit</strong></span> <span class='ocrx_word' id='word_1_521' title='bbox 2792 3388 2979 3443; x_wconf 61' lang='lat' dir='ltr'><strong>nitida:</strong></span> <span class='ocrx_word' id='word_1_522' title='bbox 3007 3386 3149 3442; x_wconf 89' lang='lat' dir='ltr'><strong>cutis</strong></span> <span class='ocrx_word' id='word_1_523' title='bbox 3170 3392 3331 3440; x_wconf 88' lang='lat' dir='ltr'><strong>uncta</strong></span> <span class='ocrx_word' id='word_1_524' title='bbox 3359 3382 3644 3452; x_wconf 83' lang='lat' dir='ltr'><strong>juventus.</strong></span> 
     </span>
    </p>
   </div>
   <div class='ocr_carea' id='block_1_95' title="bbox 2220 3478 3612 3546">
    <p class='ocr_par' dir='ltr' id='par_1_95' title="bbox 2220 3478 3612 3546">
     <span class='ocr_line' id='line_1_95' title="bbox 2220 3478 3612 3546; baseline -0.009 -6"><span class='ocrx_word' id='word_1_525' title='bbox 2220 3482 2570 3541; x_wconf 84' lang='lat' dir='ltr'><strong>Enumerabe</strong></span> <span class='ocrx_word' id='word_1_526' title='bbox 2602 3490 2803 3544; x_wconf 87' lang='lat' dir='ltr'><strong>tamen.</strong></span> <span class='ocrx_word' id='word_1_527' title='bbox 2838 3478 3036 3535; x_wconf 88' lang='lat' dir='ltr'><strong>famam</strong></span> <span class='ocrx_word' id='word_1_528' title='bbox 3065 3487 3341 3546; x_wconf 88' lang='lat' dir='ltr'><strong>testesque</strong></span> <span class='ocrx_word' id='word_1_529' title='bbox 3368 3482 3612 3536; x_wconf 88' lang='lat' dir='ltr'><strong>secutus.</strong></span> 
     </span>
    </p>
   </div>
   <div class='ocr_carea' id='block_1_96' title="bbox 2218 3568 3717 3642">
    <p class='ocr_par' dir='ltr' id='par_1_96' title="bbox 2218 3568 3717 3642">
     <span class='ocr_line' id='line_1_96' title="bbox 2218 3568 3717 3642; baseline -0.009 -8"><span class='ocrx_word' id='word_1_530' title='bbox 2218 3578 2324 3634; x_wconf 89' lang='lat' dir='ltr'><strong>Pro</strong></span> <span class='ocrx_word' id='word_1_531' title='bbox 2353 3574 2546 3632; x_wconf 89' lang='lat' dir='ltr'><strong>studiis</strong></span> <span class='ocrx_word' id='word_1_532' title='bbox 2575 3573 2854 3629; x_wconf 87' lang='lat' dir='ltr'><strong>hominum</strong></span> <span class='ocrx_word' id='word_1_533' title='bbox 2884 3586 3102 3642; x_wconf 89' lang='lat' dir='ltr'><strong>semper</strong></span> <span class='ocrx_word' id='word_1_534' title='bbox 3126 3569 3338 3625; x_wconf 87' lang='lat' dir='ltr'><strong>diversa</strong></span> <span class='ocrx_word' id='word_1_535' title='bbox 3368 3568 3717 3637; x_wconf 88' lang='lat' dir='ltr'><strong>probanlum.</strong></span> 
     </span>
    </p>
   </div>
   <div class='ocr_carea' id='block_1_97' title="bbox 2216 3661 3699 3738">
    <p class='ocr_par' dir='ltr' id='par_1_97' title="bbox 2216 3661 3699 3738">
     <span class='ocr_line' id='line_1_97' title="bbox 2216 3661 3699 3738; baseline -0.01 -9"><span class='ocrx_word' id='word_1_536' title='bbox 2216 3670 2323 3729; x_wconf 88' lang='lat' dir='ltr'><strong>Sed</strong></span> <span class='ocrx_word' id='word_1_537' title='bbox 2350 3669 2486 3726; x_wconf 90' lang='lat' dir='ltr'><strong>mihi</strong></span> <span class='ocrx_word' id='word_1_538' title='bbox 2515 3685 2623 3738; x_wconf 74' lang='lat' dir='ltr'><strong>pra:</strong></span> <span class='ocrx_word' id='word_1_539' title='bbox 2651 3667 2866 3724; x_wconf 88' lang='lat' dir='ltr'><strong>cunctis</strong></span> <span class='ocrx_word' id='word_1_540' title='bbox 2893 3665 3189 3733; x_wconf 86' lang='lat' dir='ltr'><strong>ditissima,</strong></span> <span class='ocrx_word' id='word_1_541' title='bbox 3215 3678 3338 3735; x_wconf 81' lang='lat' dir='ltr'><strong>quae</strong></span> <span class='ocrx_word' id='word_1_542' title='bbox 3365 3661 3699 3718; x_wconf 74' lang='lat' dir='ltr'><strong>Metluierum</strong></span> 
     </span>
    </p>
   </div>
   <div class='ocr_carea' id='block_1_98' title="bbox 2219 3757 3527 3831">
    <p class='ocr_par' dir='ltr' id='par_1_98' title="bbox 2219 3757 3527 3831">
     <span class='ocr_line' id='line_1_98' title="bbox 2219 3757 3527 3831; baseline -0.009 -10"><span class='ocrx_word' id='word_1_543' title='bbox 2219 3764 2425 3821; x_wconf 86' lang='lat' dir='ltr'><strong>Educat</strong></span> <span class='ocrx_word' id='word_1_544' title='bbox 2444 3762 2712 3829; x_wconf 85' lang='lat' dir='ltr'><strong>Oceanus,</strong></span> <span class='ocrx_word' id='word_1_545' title='bbox 2745 3775 2868 3831; x_wconf 66' lang='lat' dir='ltr'><strong>qua:</strong></span> <span class='ocrx_word' id='word_1_546' title='bbox 2897 3757 3304 3828; x_wconf 88' lang='lat' dir='ltr'><strong>Burdigalensia</strong></span> <span class='ocrx_word' id='word_1_547' title='bbox 3328 3769 3527 3811; x_wconf 84' lang='lat' dir='ltr'><strong>nomen</strong></span> 
     </span>
    </p>
   </div>
   <div class='ocr_carea' id='block_1_99' title="bbox 2215 3851 3534 3931">
    <p class='ocr_par' dir='ltr' id='par_1_99' title="bbox 2215 3851 3534 3931">
     <span class='ocr_line' id='line_1_99' title="bbox 2215 3851 3534 3931; baseline -0.009 -16"><span class='ocrx_word' id='word_1_548' title='bbox 2215 3858 2401 3931; x_wconf 85' lang='lat' dir='ltr'><strong>Usque</strong></span> <span class='ocrx_word' id='word_1_549' title='bbox 2429 3856 2494 3911; x_wconf 90' lang='lat' dir='ltr'><strong>ad</strong></span> <span class='ocrx_word' id='word_1_550' title='bbox 2516 3854 2798 3911; x_wconf 62' lang='lat' dir='ltr'><strong>Caesareas</strong></span> <span class='ocrx_word' id='word_1_551' title='bbox 2824 3853 2948 3909; x_wconf 88' lang='lat' dir='ltr'><strong>tulit</strong></span> <span class='ocrx_word' id='word_1_552' title='bbox 2971 3851 3261 3908; x_wconf 89' lang='lat' dir='ltr'><strong>admiratio</strong></span> <span class='ocrx_word' id='word_1_553' title='bbox 3291 3863 3534 3916; x_wconf 86' lang='lat' dir='ltr'><strong>mensas,</strong></span> 
     </span>
    </p>
   </div>
   <div class='ocr_carea' id='block_1_100' title="bbox 2216 3932 3567 4017">
    <p class='ocr_par' dir='ltr' id='par_1_100' title="bbox 2216 3932 3567 4017">
     <span class='ocr_line' id='line_1_100' title="bbox 2216 3932 3567 4017; baseline -0.01 -8"><span class='ocrx_word' id='word_1_554' title='bbox 2216 3953 2335 4010; x_wconf 85' lang='lat' dir='ltr'><strong>Non</strong></span> <span class='ocrx_word' id='word_1_555' title='bbox 2367 3950 2584 4007; x_wconf 88' lang='lat' dir='ltr'><strong>laudata</strong></span> <span class='ocrx_word' id='word_1_556' title='bbox 2615 3948 2798 4004; x_wconf 89' lang='lat' dir='ltr'><strong>minus</strong></span> <span class='ocrx_word' id='word_1_557' title='bbox 2829 3932 2999 4003; x_wconf 86' lang='lat' dir='ltr'><strong>nostri</strong></span> <span class='ocrx_word' id='word_1_558' title='bbox 3033 3960 3196 4017; x_wconf 88' lang='lat' dir='ltr'><strong>quam</strong></span> <span class='ocrx_word' id='word_1_559' title='bbox 3228 3943 3403 4015; x_wconf 84' lang='lat' dir='ltr'><strong>gloria</strong></span> <span class='ocrx_word' id='word_1_560' title='bbox 3432 3942 3567 3997; x_wconf 89' lang='lat' dir='ltr'><strong>vini.</strong></span> 
     </span>
    </p>
   </div>
   <div class='ocr_carea' id='block_1_101' title="bbox 2216 4036 3588 4111">
    <p class='ocr_par' dir='ltr' id='par_1_101' title="bbox 2216 4036 3588 4111">
     <span class='ocr_line' id='line_1_101' title="bbox 2216 4036 3588 4111; baseline -0.007 -12"><span class='ocrx_word' id='word_1_561' title='bbox 2216 4045 2347 4100; x_wconf 64' lang='lat' dir='ltr'><strong>llaec</strong></span> <span class='ocrx_word' id='word_1_562' title='bbox 2376 4043 2518 4098; x_wconf 90' lang='lat' dir='ltr'><strong>inter</strong></span> <span class='ocrx_word' id='word_1_563' title='bbox 2540 4052 2766 4098; x_wconf 86' lang='lat' dir='ltr'><strong>cunctas</strong></span> <span class='ocrx_word' id='word_1_564' title='bbox 2794 4040 3029 4111; x_wconf 84' lang='lat' dir='ltr'><strong>palmam</strong></span> <span class='ocrx_word' id='word_1_565' title='bbox 3057 4052 3313 4094; x_wconf 89' lang='lat' dir='ltr'><strong>meruere</strong></span> <span class='ocrx_word' id='word_1_566' title='bbox 3342 4036 3588 4107; x_wconf 86' lang='lat' dir='ltr'><strong>priorem</strong></span> 
     </span>
    </p>
   </div>
   <div class='ocr_carea' id='block_1_102' title="bbox 2216 4127 3629 4204">
    <p class='ocr_par' dir='ltr' id='par_1_102' title="bbox 2216 4127 3629 4204">
     <span class='ocr_line' id='line_1_102' title="bbox 2216 4127 3629 4204; baseline -0.008 -13"><span class='ocrx_word' id='word_1_567' title='bbox 2216 4135 2481 4191; x_wconf 85' lang='lat' dir='ltr'><strong>Omnibus</strong></span> <span class='ocrx_word' id='word_1_568' title='bbox 2506 4149 2574 4190; x_wconf 80' lang='lat' dir='ltr'><strong>ex</strong></span> <span class='ocrx_word' id='word_1_569' title='bbox 2609 4134 2770 4204; x_wconf 87' lang='lat' dir='ltr'><strong>longo</strong></span> <span class='ocrx_word' id='word_1_570' title='bbox 2800 4131 3142 4187; x_wconf 89' lang='lat' dir='ltr'><strong>cedentibus.</strong></span> <span class='ocrx_word' id='word_1_571' title='bbox 3166 4130 3272 4184; x_wconf 56' lang='lat' dir='ltr'><strong>leta</strong></span> <span class='ocrx_word' id='word_1_572' title='bbox 3303 4139 3359 4183; x_wconf 90' lang='lat' dir='ltr'><strong>et</strong></span> <span class='ocrx_word' id='word_1_573' title='bbox 3388 4127 3556 4198; x_wconf 87' lang='lat' dir='ltr'><strong>epitni</strong></span> <span class='ocrx_word' id='word_1_574' title='bbox 3605 4129 3629 4193; x_wconf 60' lang='grc' dir='ltr'>ξ</span> 
     </span>
    </p>
   </div>
   <div class='ocr_carea' id='block_1_103' title="bbox 2217 4219 3662 4294">
    <p class='ocr_par' dir='ltr' id='par_1_103' title="bbox 2217 4219 3662 4294">
     <span class='ocr_line' id='line_1_103' title="bbox 2217 4219 3662 4294; baseline -0.007 -10"><span class='ocrx_word' id='word_1_575' title='bbox 2217 4227 2481 4291; x_wconf 80' lang='lat' dir='ltr'><strong>Visceris,</strong></span> <span class='ocrx_word' id='word_1_576' title='bbox 2509 4235 2568 4283; x_wconf 90' lang='lat' dir='ltr'><strong>et</strong></span> <span class='ocrx_word' id='word_1_577' title='bbox 2598 4225 2769 4290; x_wconf 89' lang='lat' dir='ltr'><strong>nivei,</strong></span> <span class='ocrx_word' id='word_1_578' title='bbox 2799 4223 3061 4294; x_wconf 86' lang='lat' dir='ltr'><strong>dulcique</strong></span> <span class='ocrx_word' id='word_1_579' title='bbox 3091 4222 3386 4279; x_wconf 88' lang='lat' dir='ltr'><strong>tenerrima</strong></span> <span class='ocrx_word' id='word_1_580' title='bbox 3412 4232 3613 4286; x_wconf 88' lang='lat' dir='ltr'><strong>succo,</strong></span> <span class='ocrx_word' id='word_1_581' title='bbox 3653 4219 3662 4247; x_wconf 87' lang='lat'><strong><em>‘</em></strong></span> 
     </span>
    </p>
   </div>
   <div class='ocr_carea' id='block_1_104' title="bbox 2214 4313 3601 4389">
    <p class='ocr_par' dir='ltr' id='par_1_104' title="bbox 2214 4313 3601 4389">
     <span class='ocr_line' id='line_1_104' title="bbox 2214 4313 3601 4389; baseline -0.009 -13"><span class='ocrx_word' id='word_1_582' title='bbox 2214 4319 2443 4376; x_wconf 83' lang='lat' dir='ltr'><strong>Miscent</strong></span> <span class='ocrx_word' id='word_1_583' title='bbox 2470 4331 2781 4389; x_wconf 68' lang='lat' dir='ltr'><strong>aequoreum</strong></span> <span class='ocrx_word' id='word_1_584' title='bbox 2810 4315 2958 4372; x_wconf 90' lang='lat' dir='ltr'><strong>tenui</strong></span> <span class='ocrx_word' id='word_1_585' title='bbox 2991 4313 3106 4371; x_wconf 86' lang='lat' dir='ltr'><strong>sale</strong></span> <span class='ocrx_word' id='word_1_586' title='bbox 3135 4314 3300 4369; x_wconf 84' lang='lat' dir='ltr'><strong>tincta</strong></span> <span class='ocrx_word' id='word_1_587' title='bbox 3330 4324 3601 4383; x_wconf 87' lang='lat' dir='ltr'><strong>saporem.</strong></span> 
     </span>
    </p>
   </div>
   <div class='ocr_carea' id='block_1_105' title="bbox 2216 4404 3653 4480">
    <p class='ocr_par' dir='ltr' id='par_1_105' title="bbox 2216 4404 3653 4480">
     <span class='ocr_line' id='line_1_105' title="bbox 2216 4404 3653 4480; baseline -0.007 -12"><span class='ocrx_word' id='word_1_588' title='bbox 2216 4413 2471 4468; x_wconf 77' lang='lat' dir='ltr'><strong>Proxima</strong></span> <span class='ocrx_word' id='word_1_589' title='bbox 2501 4412 2611 4466; x_wconf 91' lang='lat' dir='ltr'><strong>sint</strong></span> <span class='ocrx_word' id='word_1_590' title='bbox 2636 4412 2863 4480; x_wconf 72' lang='lat' dir='ltr'><strong>qumvis,</strong></span> <span class='ocrx_word' id='word_1_591' title='bbox 2887 4408 2983 4464; x_wconf 90' lang='lat' dir='ltr'><strong>sed</strong></span> <span class='ocrx_word' id='word_1_592' title='bbox 3007 4407 3167 4479; x_wconf 87' lang='lat' dir='ltr'><strong>longe</strong></span> <span class='ocrx_word' id='word_1_593' title='bbox 3196 4406 3439 4478; x_wconf 74' lang='lat' dir='ltr'><strong>proxima</strong></span> <span class='ocrx_word' id='word_1_594' title='bbox 3461 4404 3653 4469; x_wconf 85' lang='lat' dir='ltr'><strong>multo,</strong></span> 
     </span>
    </p>
   </div>
   <div class='ocr_carea' id='block_1_106' title="bbox 2139 4491 3375 4572">
    <p class='ocr_par' dir='ltr' id='par_1_106' title="bbox 2139 4491 3375 4572">
     <span class='ocr_line' id='line_1_106' title="bbox 2139 4491 3375 4572; baseline -0.006 -12"><span class='ocrx_word' id='word_1_595' title='bbox 2139 4491 2192 4552; x_wconf 83' lang='lat' dir='ltr'><strong>D</strong></span> <span class='ocrx_word' id='word_1_596' title='bbox 2217 4503 2297 4560; x_wconf 79' lang='lat' dir='ltr'><strong>Ex</strong></span> <span class='ocrx_word' id='word_1_597' title='bbox 2321 4501 2606 4559; x_wconf 82' lang='lat' dir='ltr'><strong>intervallo</strong></span> <span class='ocrx_word' id='word_1_598' title='bbox 2631 4518 2645 4556; x_wconf 91' lang='lat'><strong>:</strong></span> <span class='ocrx_word' id='word_1_599' title='bbox 2674 4517 2795 4572; x_wconf 70' lang='lat' dir='ltr'><strong>quae</strong></span> <span class='ocrx_word' id='word_1_600' title='bbox 2817 4498 3170 4556; x_wconf 89' lang='lat' dir='ltr'><strong>Massiliensia</strong></span> <span class='ocrx_word' id='word_1_601' title='bbox 3192 4507 3375 4569; x_wconf 87' lang='lat' dir='ltr'><strong>portu,</strong></span> 
     </span>
    </p>
   </div>
   <div class='ocr_carea' id='block_1_107' title="bbox 2212 4587 3658 4662">
    <p class='ocr_par' dir='ltr' id='par_1_107' title="bbox 2212 4587 3658 4662">
     <span class='ocr_line' id='line_1_107' title="bbox 2212 4587 3658 4662; baseline -0.006 -13"><span class='ocrx_word' id='word_1_602' title='bbox 2212 4598 2344 4662; x_wconf 70' lang='lat' dir='ltr'><strong>Qua:</strong></span> <span class='ocrx_word' id='word_1_603' title='bbox 2364 4593 2546 4651; x_wconf 88' lang='lat' dir='ltr'><strong>Narbo</strong></span> <span class='ocrx_word' id='word_1_604' title='bbox 2568 4593 2634 4648; x_wconf 90' lang='lat' dir='ltr'><strong>ad</strong></span> <span class='ocrx_word' id='word_1_605' title='bbox 2660 4592 2889 4648; x_wconf 82' lang='lat' dir='ltr'><strong>Veneris</strong></span> <span class='ocrx_word' id='word_1_606' title='bbox 2914 4592 3079 4646; x_wconf 88' lang='lat' dir='ltr'><strong>nutrit</strong></span> <span class='ocrx_word' id='word_1_607' title='bbox 3101 4607 3116 4657; x_wconf 91' lang='lat'><strong>;</strong></span> <span class='ocrx_word' id='word_1_608' title='bbox 3141 4590 3399 4661; x_wconf 90' lang='lat' dir='ltr'><strong>cultuque</strong></span> <span class='ocrx_word' id='word_1_609' title='bbox 3421 4587 3658 4645; x_wconf 87' lang='lat' dir='ltr'><strong>carentia</strong></span> 
     </span>
    </p>
   </div>
   <div class='ocr_carea' id='block_1_108' title="bbox 2214 4668 3513 4759">
    <p class='ocr_par' dir='ltr' id='par_1_108' title="bbox 2214 4668 3513 4759">
     <span class='ocr_line' id='line_1_108' title="bbox 2214 4668 3513 4759; baseline -0.005 -15"><span class='ocrx_word' id='word_1_610' title='bbox 2214 4688 2637 4759; x_wconf 74' lang='lat' dir='ltr'><strong>Hellespontiaci</strong></span> <span class='ocrx_word' id='word_1_611' title='bbox 2666 4703 2785 4757; x_wconf 68' lang='lat' dir='ltr'><strong>qua!</strong></span> <span class='ocrx_word' id='word_1_612' title='bbox 2815 4668 3270 4757; x_wconf 33' lang='lat' dir='ltr'><strong>protegit&#39;a‘qnor</strong></span> <span class='ocrx_word' id='word_1_613' title='bbox 3294 4682 3468 4754; x_wconf 84' lang='lat' dir='ltr'><strong>Abydi</strong></span> <span class='ocrx_word' id='word_1_614' title='bbox 3496 4699 3513 4738; x_wconf 90' lang='lat'><strong>:</strong></span> 
     </span>
    </p>
   </div>
   <div class='ocr_carea' id='block_1_109' title="bbox 2212 4776 3475 4851">
    <p class='ocr_par' dir='ltr' id='par_1_109' title="bbox 2212 4776 3475 4851">
     <span class='ocr_line' id='line_1_109' title="bbox 2212 4776 3475 4851; baseline -0.006 -14"><span class='ocrx_word' id='word_1_615' title='bbox 2212 4781 2309 4837; x_wconf 81' lang='lat' dir='ltr'><strong>Vel</strong></span> <span class='ocrx_word' id='word_1_616' title='bbox 2339 4797 2463 4851; x_wconf 65' lang='lat' dir='ltr'><strong>quae</strong></span> <span class='ocrx_word' id='word_1_617' title='bbox 2491 4780 2711 4836; x_wconf 88' lang='lat' dir='ltr'><strong>Baianis</strong></span> <span class='ocrx_word' id='word_1_618' title='bbox 2744 4778 2978 4849; x_wconf 88' lang='lat' dir='ltr'><strong>pendent</strong></span> <span class='ocrx_word' id='word_1_619' title='bbox 3000 4778 3267 4834; x_wconf 84' lang='lat' dir='ltr'><strong>fluitantia</strong></span> <span class='ocrx_word' id='word_1_620' title='bbox 3299 4776 3475 4847; x_wconf 81' lang='lat' dir='ltr'><strong>palis:</strong></span> 
     </span>
    </p>
   </div>
   <div class='ocr_carea' id='block_1_110' title="bbox 2209 4864 3629 4943">
    <p class='ocr_par' dir='ltr' id='par_1_110' title="bbox 2209 4864 3629 4943">
     <span class='ocr_line' id='line_1_110' title="bbox 2209 4864 3629 4943; baseline -0.006 -14"><span class='ocrx_word' id='word_1_621' title='bbox 2209 4871 2506 4929; x_wconf 88' lang='lat' dir='ltr'><strong>Santonico</strong></span> <span class='ocrx_word' id='word_1_622' title='bbox 2538 4885 2662 4943; x_wconf 76' lang='lat' dir='ltr'><strong>qua:</strong></span> <span class='ocrx_word' id='word_1_623' title='bbox 2693 4880 2835 4926; x_wconf 89' lang='lat' dir='ltr'><strong>tecta</strong></span> <span class='ocrx_word' id='word_1_624' title='bbox 2865 4864 2981 4926; x_wconf 85' lang='lat' dir='ltr'><strong>salo</strong></span> <span class='ocrx_word' id='word_1_625' title='bbox 3008 4889 3020 4922; x_wconf 87' lang='lat'>:</span> <span class='ocrx_word' id='word_1_626' title='bbox 3049 4884 3169 4939; x_wconf 83' lang='lat' dir='ltr'><strong>quae</strong></span> <span class='ocrx_word' id='word_1_627' title='bbox 3194 4878 3321 4923; x_wconf 88' lang='lat' dir='ltr'><strong>nota</strong></span> <span class='ocrx_word' id='word_1_628' title='bbox 3348 4864 3629 4924; x_wconf 86' lang='lat' dir='ltr'><strong>Genonis:</strong></span> 
     </span>
    </p>
   </div>
   <div class='ocr_carea' id='block_1_111' title="bbox 2210 4961 3689 5034">
    <p class='ocr_par' dir='ltr' id='par_1_111' title="bbox 2210 4961 3689 5034">
     <span class='ocr_line' id='line_1_111' title="bbox 2210 4961 3689 5034; baseline -0.003 -14"><span class='ocrx_word' id='word_1_629' title='bbox 2210 4967 2320 5021; x_wconf 84' lang='lat' dir='ltr'><strong>Aut</strong></span> <span class='ocrx_word' id='word_1_630' title='bbox 2346 4965 2588 5021; x_wconf 82' lang='lat' dir='ltr'><strong>Eberum</strong></span> <span class='ocrx_word' id='word_1_631' title='bbox 2618 4964 2816 5020; x_wconf 79' lang='lat' dir='ltr'><strong>mixtus</strong></span> <span class='ocrx_word' id='word_1_632' title='bbox 2847 4964 3037 5034; x_wconf 90' lang='lat' dir='ltr'><strong>pelago</strong></span> <span class='ocrx_word' id='word_1_633' title='bbox 3063 4978 3187 5034; x_wconf 67' lang='lat' dir='ltr'><strong>qua:</strong></span> <span class='ocrx_word' id='word_1_634' title='bbox 3215 4963 3451 5033; x_wconf 88' lang='lat' dir='ltr'><strong>protegit</strong></span> <span class='ocrx_word' id='word_1_635' title='bbox 3479 4961 3653 5016; x_wconf 81' lang='lat' dir='ltr'><strong>amnis</strong></span> <span class='ocrx_word' id='word_1_636' title='bbox 3672 5000 3689 5026; x_wconf 90' lang='lat'><strong>,</strong></span> 
     </span>
    </p>
   </div>
   <div class='ocr_carea' id='block_1_112' title="bbox 2212 5054 3548 5129">
    <p class='ocr_par' dir='ltr' id='par_1_112' title="bbox 2212 5054 3548 5129">
     <span class='ocr_line' id='line_1_112' title="bbox 2212 5054 3548 5129; baseline -0.004 -15"><span class='ocrx_word' id='word_1_637' title='bbox 2212 5057 2280 5114; x_wconf 87' lang='lat' dir='ltr'><strong>Ut</strong></span> <span class='ocrx_word' id='word_1_638' title='bbox 2311 5057 2480 5113; x_wconf 90' lang='lat' dir='ltr'><strong>multo</strong></span> <span class='ocrx_word' id='word_1_639' title='bbox 2504 5057 2722 5129; x_wconf 84' lang='lat' dir='ltr'><strong>jaceant</strong></span> <span class='ocrx_word' id='word_1_640' title='bbox 2750 5056 2992 5127; x_wconf 69' lang='lat' dir='ltr'><strong>a&#39;gztrnm</strong></span> <span class='ocrx_word' id='word_1_641' title='bbox 3022 5054 3269 5111; x_wconf 78' lang='lat' dir='ltr'><strong>obducta</strong></span> <span class='ocrx_word' id='word_1_642' title='bbox 3288 5068 3507 5111; x_wconf 85' lang='lat' dir='ltr'><strong>recessu</strong></span> <span class='ocrx_word' id='word_1_643' title='bbox 3532 5070 3548 5119; x_wconf 89' lang='lat'><strong>;</strong></span> 
     </span>
    </p>
   </div>
   <div class='ocr_carea' id='block_1_113' title="bbox 2205 5148 3491 5222">
    <p class='ocr_par' dir='ltr' id='par_1_113' title="bbox 2205 5148 3491 5222">
     <span class='ocr_line' id='line_1_113' title="bbox 2205 5148 3491 5222; baseline -0.001 -16"><span class='ocrx_word' id='word_1_644' title='bbox 2205 5151 2410 5219; x_wconf 56' lang='lat' dir='ltr'><strong>Astaera</strong></span> <span class='ocrx_word' id='word_1_645' title='bbox 2436 5165 2559 5222; x_wconf 76' lang='lat' dir='ltr'><strong>quae</strong></span> <span class='ocrx_word' id='word_1_646' title='bbox 2586 5151 2765 5217; x_wconf 89' lang='lat' dir='ltr'><strong>testis,</strong></span> <span class='ocrx_word' id='word_1_647' title='bbox 2793 5160 2849 5206; x_wconf 80' lang='lat' dir='ltr'><strong>et</strong></span> <span class='ocrx_word' id='word_1_648' title='bbox 2873 5149 3055 5217; x_wconf 75' lang='lat' dir='ltr'><strong>dulcia</strong></span> <span class='ocrx_word' id='word_1_649' title='bbox 3082 5148 3244 5204; x_wconf 89' lang='lat' dir='ltr'><strong>farris</strong></span> <span class='ocrx_word' id='word_1_650' title='bbox 3274 5149 3491 5221; x_wconf 53' lang='lat' dir='ltr'><strong>opimas.</strong></span> 
     </span>
    </p>
   </div>
   <div class='ocr_carea' id='block_1_114' title="bbox 2206 5228 3570 5312">
    <p class='ocr_par' dir='ltr' id='par_1_114' title="bbox 2206 5228 3570 5312">
     <span class='ocr_line' id='line_1_114' title="bbox 2206 5228 3570 5312; baseline -0.005 -12"><span class='ocrx_word' id='word_1_651' title='bbox 2206 5243 2344 5300; x_wconf 88' lang='lat' dir='ltr'><strong>Sunt</strong></span> <span class='ocrx_word' id='word_1_652' title='bbox 2374 5249 2431 5299; x_wconf 91' lang='lat' dir='ltr'><strong>et</strong></span> <span class='ocrx_word' id='word_1_653' title='bbox 2459 5240 2762 5297; x_wconf 89' lang='lat' dir='ltr'><strong>Aremorici</strong></span> <span class='ocrx_word' id='word_1_654' title='bbox 2792 5240 2885 5312; x_wconf 90' lang='lat' dir='ltr'><strong>qui</strong></span> <span class='ocrx_word' id='word_1_655' title='bbox 2922 5228 3153 5296; x_wconf 83' lang='lat' dir='ltr'><strong>laudent</strong></span> <span class='ocrx_word' id='word_1_656' title='bbox 3171 5250 3356 5295; x_wconf 86' lang='lat' dir='ltr'><strong>ostrea</strong></span> <span class='ocrx_word' id='word_1_657' title='bbox 3385 5238 3570 5310; x_wconf 83' lang='lat' dir='ltr'><strong>ponti:</strong></span> 
     </span>
    </p>
   </div>
   <div class='ocr_carea' id='block_1_115' title="bbox 2205 5335 3588 5411">
    <p class='ocr_par' dir='ltr' id='par_1_115' title="bbox 2205 5335 3588 5411">
     <span class='ocr_line' id='line_1_115' title="bbox 2205 5335 3588 5411; baseline -0.005 -16"><span class='ocrx_word' id='word_1_658' title='bbox 2205 5338 2275 5395; x_wconf 85' lang='lat' dir='ltr'><strong>Et</strong></span> <span class='ocrx_word' id='word_1_659' title='bbox 2302 5354 2424 5411; x_wconf 77' lang='lat' dir='ltr'><strong>qua:</strong></span> <span class='ocrx_word' id='word_1_660' title='bbox 2455 5337 2717 5393; x_wconf 89' lang='lat' dir='ltr'><strong>Pictonici</strong></span> <span class='ocrx_word' id='word_1_661' title='bbox 2745 5336 2878 5409; x_wconf 88' lang='lat' dir='ltr'><strong>legit</strong></span> <span class='ocrx_word' id='word_1_662' title='bbox 2900 5335 3085 5392; x_wconf 89' lang='lat' dir='ltr'><strong>accola</strong></span> <span class='ocrx_word' id='word_1_663' title='bbox 3107 5335 3310 5391; x_wconf 90' lang='lat' dir='ltr'><strong>littoris</strong></span> <span class='ocrx_word' id='word_1_664' title='bbox 3341 5352 3354 5387; x_wconf 92' lang='lat'>:</span> <span class='ocrx_word' id='word_1_665' title='bbox 3387 5344 3445 5389; x_wconf 90' lang='lat' dir='ltr'><strong>et</strong></span> <span class='ocrx_word' id='word_1_666' title='bbox 3466 5348 3588 5403; x_wconf 60' lang='lat' dir='ltr'><strong>qua:</strong></span> 
     </span>
    </p>
   </div>
   <div class='ocr_carea' id='block_1_116' title="bbox 2200 5425 3570 5498">
    <p class='ocr_par' dir='ltr' id='par_1_116' title="bbox 2200 5425 3570 5498">
     <span class='ocr_line' id='line_1_116' title="bbox 2200 5425 3570 5498; baseline -0.007 -10"><span class='ocrx_word' id='word_1_667' title='bbox 2200 5431 2332 5488; x_wconf 76' lang='lat' dir='ltr'><strong>Mira</strong></span> <span class='ocrx_word' id='word_1_668' title='bbox 2359 5429 2690 5486; x_wconf 88' lang='lat' dir='ltr'><strong>Caledonius</strong></span> <span class='ocrx_word' id='word_1_669' title='bbox 2712 5442 3119 5498; x_wconf 89' lang='lat' dir='ltr'><strong>nonnumquam</strong></span> <span class='ocrx_word' id='word_1_670' title='bbox 3149 5425 3355 5497; x_wconf 88' lang='lat' dir='ltr'><strong>detegit</strong></span> <span class='ocrx_word' id='word_1_671' title='bbox 3381 5435 3570 5480; x_wconf 68' lang='lat' dir='ltr'><strong>aestus.</strong></span> 
     </span>
    </p>
   </div>
   <div class='ocr_carea' id='block_1_117' title="bbox 2201 5514 3636 5593">
    <p class='ocr_par' dir='ltr' id='par_1_117' title="bbox 2201 5514 3636 5593">
     <span class='ocr_line' id='line_1_117' title="bbox 2201 5514 3636 5593; baseline -0.005 -16"><span class='ocrx_word' id='word_1_672' title='bbox 2201 5520 2515 5587; x_wconf 85' lang='lat' dir='ltr'><strong>Accedunt,</strong></span> <span class='ocrx_word' id='word_1_673' title='bbox 2545 5535 2666 5591; x_wconf 61' lang='lat' dir='ltr'><strong>quae</strong></span> <span class='ocrx_word' id='word_1_674' title='bbox 2694 5517 2870 5593; x_wconf 88' lang='lat' dir='ltr'><strong>(fama</strong></span> <span class='ocrx_word' id='word_1_675' title='bbox 2900 5518 3127 5588; x_wconf 89' lang='lat' dir='ltr'><strong>recens)</strong></span> <span class='ocrx_word' id='word_1_676' title='bbox 3157 5516 3415 5590; x_wconf 82' lang='lat' dir='ltr'><strong>Byzantia</strong></span> <span class='ocrx_word' id='word_1_677' title='bbox 3446 5514 3636 5571; x_wconf 89' lang='lat' dir='ltr'><strong>subter</strong></span> 
     </span>
    </p>
   </div>
   <div class='ocr_carea' id='block_1_118' title="bbox 2199 5607 3577 5682">
    <p class='ocr_par' dir='ltr' id='par_1_118' title="bbox 2199 5607 3577 5682">
     <span class='ocr_line' id='line_1_118' title="bbox 2199 5607 3577 5682; baseline -0.007 -14"><span class='ocrx_word' id='word_1_678' title='bbox 2199 5611 2429 5680; x_wconf 88' lang='lat' dir='ltr'><strong>Littera,</strong></span> <span class='ocrx_word' id='word_1_679' title='bbox 2455 5620 2511 5667; x_wconf 89' lang='lat' dir='ltr'><strong>et</strong></span> <span class='ocrx_word' id='word_1_680' title='bbox 2538 5611 2732 5667; x_wconf 84' lang='lat' dir='ltr'><strong>insana</strong></span> <span class='ocrx_word' id='word_1_681' title='bbox 2757 5616 3017 5682; x_wconf 83' lang='lat' dir='ltr'><strong>generata</strong></span> <span class='ocrx_word' id='word_1_682' title='bbox 3048 5607 3396 5680; x_wconf 76' lang='lat' dir='ltr'><strong>Propontidis</strong></span> <span class='ocrx_word' id='word_1_683' title='bbox 3425 5615 3543 5663; x_wconf 87' lang='lat' dir='ltr'><strong>acta</strong></span> <span class='ocrx_word' id='word_1_684' title='bbox 3563 5648 3577 5670; x_wconf 87' lang='lat'><strong>,</strong></span> 
     </span>
    </p>
   </div>
   <div class='ocr_carea' id='block_1_119' title="bbox 2198 5699 3571 5771">
    <p class='ocr_par' dir='ltr' id='par_1_119' title="bbox 2198 5699 3571 5771">
     <span class='ocr_line' id='line_1_119' title="bbox 2198 5699 3571 5771; baseline -0.004 -11"><span class='ocrx_word' id='word_1_685' title='bbox 2198 5705 2440 5761; x_wconf 87' lang='lat' dir='ltr'><strong>Promeli</strong></span> <span class='ocrx_word' id='word_1_686' title='bbox 2465 5703 2735 5762; x_wconf 78' lang='lat' dir='ltr'><strong>celebrata</strong></span> <span class='ocrx_word' id='word_1_687' title='bbox 2763 5704 2918 5761; x_wconf 90' lang='lat' dir='ltr'><strong>ducis</strong></span> <span class='ocrx_word' id='word_1_688' title='bbox 2947 5702 3023 5760; x_wconf 87' lang='lat' dir='ltr'><strong>de</strong></span> <span class='ocrx_word' id='word_1_689' title='bbox 3047 5702 3287 5771; x_wconf 89' lang='lat' dir='ltr'><strong>nomine,</strong></span> <span class='ocrx_word' id='word_1_690' title='bbox 3325 5699 3571 5756; x_wconf 89' lang='lat' dir='ltr'><strong>laudant.</strong></span> 
     </span>
    </p>
   </div>
  </div>
