4108 6188
305 288 405 345 921

304 400 435 456 llaec
466 395 563 453 tibi
595 406 702 450 non
732 401 911 462 vates,
942 407 1050 450 non
1080 391 1395 458 historicus,
1427 401 1605 460 neque
1633 393 1750 443 toto

300 493 450 549 Orbe
477 504 649 561 vagus
677 488 907 546 conviva
938 489 1151 559 loquor,
1182 484 1279 542 sed
1313 482 1508 540 tradita
1532 481 1753 537 multis:

303 586 374 644 Ut
399 585 649 650 solitum,
681 580 937 654 quotiens
960 581 1170 637 dextra:
1197 576 1456 635 invitatio
1484 588 1689 632 mensa:

300 678 572 738 Sollicitat
602 679 779 734 lenem
807 675 949 731 comi
983 687 1239 729 sermone
1260 670 1505 745 Lyaeum.

304 773 433 829 llaec
468 786 578 827 non
606 784 705 841 per
729 767 953 839 vulgum
988 764 1120 820 mihi
1151 763 1391 835 cognita,
1416 772 1624 833 perque
1645 755 1896 831 popinas.

302 869 411 922 Aut
434 863 800 935 parasitorum
831 857 1060 930 collegia
1093 856 1468 913 Plautinorum
1493 870 1508 909 :

302 956 412 1014 Sed
435 1000 450 1025 ,
482 953 652 1010 festos
681 951 810 1023 quia
839 964 987 1021 saepe
1016 948 1136 1005 dies
1168 948 1366 1018 partim
1394 946 1512 1015 ipse
1540 956 1790 999 meorum

302 1048 559 1113 Excolui,
591 1046 752 1116 inque
784 1043 960 1099 vicem
991 1040 1225 1097 conviva
1257 1046 1479 1095 vocatus
1505 1035 1681 1103 adivi,

298 1139 511 1197 Natalis
536 1139 580 1193 si
612 1136 753 1192 forte
784 1133 887 1190 fuit
912 1132 1173 1190 solemnis
1202 1131 1402 1195 amico,

293 1233 684 1305 Coujugioque
712 1229 903 1298 dapes,
935 1234 1029 1282 aut
1056 1240 1211 1283 sacra
1238 1223 1453 1296 repmia
1480 1229 1697 1294 patrum
1718 1260 1735 1287 ,

297 1328 496 1386 Audivi
522 1344 537 1384 :
561 1323 899 1395 meminique
926 1322 1102 1376 bonos
1133 1318 1358 1375 laudare
1386 1316 1722 1388 frequentes.

869 1432 1209 1492 EPISTOLA
1254 1429 1325 1487 Χ.

809 1529 1077 1584 Ausoums
1113 1524 1320 1581 Paveo.

292 1647 353 1704 Si
384 1660 489 1718 qua
522 1643 658 1700 fides
687 1640 840 1699 falsis
868 1652 1130 1711 umquam
1159 1645 1246 1692 est
1271 1629 1581 1690 adhibenda
1608 1628 1784 1701 poetis
1805 1670 1820 1695 ,

368 1739 479 1795 Nec
504 1737 714 1809 plasma
746 1748 964 1804 semper
991 1731 1226 1786 atlinunt
1246 1770 1262 1797 ,

290 1833 491 1900 Paule,
517 1830 880 1887 Camenarum
907 1824 1269 1883 celeberrime
1290 1821 1656 1878 Castaliarum

366 1928 602 1982 Alumne
628 1923 930 1996 quondam,
966 1934 1109 1976 nunc
1140 1927 1318 1990 pater,

292 2023 405 2079 Aut
433 2033 592 2091 avus,
619 2028 715 2074 aut
744 2017 964 2090 proavis
989 2014 1290 2086 antiquior,
1326 2018 1385 2066 ut
1416 2008 1516 2066 fuit
1544 2008 1675 2065 olim

366 2115 770 2171 Tartessiorum
798 2111 1019 2184 regulus
1047 2128 1061 2163 :

291 2208 617 2263 lntemerata
651 2204 748 2260 tibi
777 2210 1040 2259 maneant
1070 2198 1340 2271 promissa
1373 2202 1673 2252 memento.

366 2300 605 2356 Plitebus
626 2297 783 2369 jubet
809 2310 999 2351 verum
1029 2293 1198 2365 loqui.

292 2392 362 2448 Et
388 2390 433 2445 si
462 2388 666 2445 Pierias
691 2387 895 2458 patitur
919 2385 1090 2440 lirare
1121 2397 1372 2447 sorores,

365 2483 669 2554 Numquam
704 2482 820 2551 ipse
850 2488 1071 2549 torquet
1094 2474 1317 2533 αὔλακα.

291 2579 373 2636 Te
399 2592 617 2650 quoque
646 2590 715 2630 ne
743 2573 926 2644 pigeat
954 2571 1249 2640 conSpuusi
1284 2565 1541 2624 foederis:
1573 2575 1624 2621 et
1650 2564 1764 2636 jam

364 2669 519 2727 Citus
547 2668 670 2725 veni
700 2681 887 2733 remo,
919 2675 1011 2721 aut
1041 2672 1182 2719 rota.

294 2764 557 2836 Equinis
582 2760 781 2817 undosi
806 2774 911 2831 qua
944 2755 1306 2826 multiplicata
1331 2766 1577 2817 recursu,

364 2858 637 2915 Garumna
668 2864 895 2927 pontum
928 2861 1210 2925 provocat.

291 2954 401 3010 Aut
432 2954 747 3007 iteratarum
775 2963 880 3020 qua
907 2947 1091 3017 glarea
1116 2945 1241 3000 trita
1268 2940 1504 3008 viarum,

362 3046 491 3103 Fert
523 3045 811 3101 militarent
839 3045 906 3098 ad
931 3042 1198 3097 Blaviam.

287 3137 402 3195 Nos
426 3138 629 3194 etenim
665 3136 856 3206 primis
881 3142 1128 3190 sanctum
1164 3139 1285 3203 post
1313 3126 1520 3185 Pascha
1549 3124 1758 3182 diebus'

362 3232 601 3288 Avernus
631 3244 820 3301 agrum
850 3228 1054 3283 visere.

290 3327 425 3383 Nam
455 3322 641 3396 populi
670 3330 865 3390 coetus,
894 3330 951 3376 et
983 3318 1221 3389 compita
1252 3313 1472 3371 sordida
1508 3311 1644 3368 rixis

363 3419 733 3475 Fastidientes
754 3459 770 3483 ,
801 3415 1080 3473 cernimus

286 3518 567 3584 Augustas
593 3514 802 3568 fervere
834 3510 976 3577 vias,
1004 3517 1061 3564 et
1090 3519 1361 3579 congrege
1388 3502 1552 3573 vulgo

360 3606 567 3663 Nomen
593 3605 803 3677 plateas
834 3602 1088 3673 perdere.

285 3698 526 3755 Turbida
552 3697 832 3769 congestis
862 3694 1119 3750 referitur
1141 3689 1372 3747 vocibus
1402 3685 1575 3754 Echo,

358 3794 507 3850 Tene
526 3834 542 3860 ,
572 3792 708 3859 feri,
737 3790 873 3856 duc,
905 3789 1005 3854 da,
1037 3801 1211 3843 cave:

284 3883 394 3941 Sus
424 3884 695 3939 lutulenta
728 3879 898 3951 fugit,
929 3877 1154 3935 rabidus
1180 3874 1333 3932 canis
1363 3872 1569 3944 impete
1593 3883 1776 3935 saevo,

358 3975 428 4032 Et
457 3976 694 4046 impares
718 3972 960 4043 plaustro
983 3970 1170 4026 boves.

283 4066 396 4123 Nec
425 4066 647 4137 prodest
677 4062 961 4134 penetrale
989 4060 1184 4116 domus
1210 4067 1265 4116 et
1294 4065 1483 4129 operta
1509 4054 1697 4112 subire
1722 4071 1735 4109 :

357 4160 462 4217 Per
488 4167 631 4215 tecta
656 4157 927 4214 clamores
957 4160 1163 4209 meant.

284 4255 438 4321 llmc,
468 4262 524 4310 et
554 4268 674 4325 qum
704 4257 936 4323 possunt
965 4245 1206 4318 placidos
1233 4243 1517 4301 offendere
1548 4253 1765 4308 mores,

356 4324 827 4418 Coguntrelinqui
859 4324 1090 4398 muenia:

282 4440 476 4496 Dulcia
500 4438 697 4495 secreti
728 4443 1043 4504 repetantur
1066 4441 1125 4488 ut
1153 4432 1263 4488 otia
1289 4430 1434 4486 ruris

353 4531 523 4604 Nugis
550 4545 765 4587 ammua
796 4530 980 4585 seriis.

278 4623 557 4695 Tempora
580 4622 840 4692 disponas
867 4620 955 4675 ubi
988 4630 1042 4674 tu
1075 4626 1166 4674 tua
1192 4617 1424 4688 :jusque
1456 4624 1610 4670 tuum
1634 4612 1736 4680 sit,

359 4716 428 4773 Ut
463 4716 537 4771 nil
570 4731 733 4797 agas,
764 4715 847 4770 vel
876 4712 1021 4784 quod
1047 4712 1219 4766 voles.

282 4810 365 4868 Ad
391 4826 513 4879 quae
540 4810 583 4864 si
614 4821 899 4881 properas,
934 4813 1045 4862 tota
1074 4819 1198 4860 cum
1230 4815 1412 4858 merce
1440 4807 1663 4855 tuarum

356 4903 496 4959 Veni
527 4904 886 4958 Camenarum
918 4901 1085 4955 citus.
1198 4900 1205 4909 '

282 4995 627 5066 Dactylicos,
653 4994 861 5063 elegos,
891 4990 1272 5071 choriambum
1302 5000 1554 5052 carmen,
1578 4983 1808 5056 epodos,

353 5088 511 5142 Socci
538 5098 591 5143 et
622 5084 878 5143 cothurni
912 5086 1175 5138 musicam
1194 5123 1211 5148 ,

280 5180 574 5251 Carpentis
598 5181 818 5251 impone
843 5179 988 5234 tuis:
1014 5192 1140 5233 nam
1177 5182 1287 5230 tota
1317 5172 1564 5244 supellex

355 5274 550 5330 Vatum
579 5273 790 5345 piorqu
818 5271 1042 5327 chartea
1072 5280 1178 5326 est.

284 5366 583 5423 Nobiscum
616 5365 870 5422 invenies
894 5362 1223 5432 catenoplia,
1251 5360 1298 5417 si
1331 5358 1465 5415 libet
1502 5357 1578 5413 uti
1599 5396 1617 5423 ,

357 5458 476 5514 Non
501 5458 669 5514 Pinna
687 5498 703 5524 ,
732 5455 829 5513 sed
860 5455 1051 5512 Graeca
1080 5453 1209 5510 fide.

362 5591 558 5649 Versus
578 5609 720 5648 meos
745 5592 866 5647 utili
892 5600 940 5648 et
966 5591 1176 5647 conscio
1198 5588 1298 5645 sibi
1319 5588 1521 5663 pudore
1545 5585 1737 5642 celatos
1764 5600 1882 5640 car-

283 5687 426 5741 mine
453 5695 540 5741 tuo
582 5696 629 5742 et
669 5702 911 5742 sermone
951 5685 1234 5757 prtemissis
1286 5684 1411 5738 dum
1443 5691 1595 5754 putas
1622 5680 1759 5744 elici,
1799 5695 1882 5735 re-

277 5779 537 5849 pressisti.
570 5777 711 5834 Nam
735 5779 827 5850 qui
866 5781 979 5849 ipse
1004 5777 1283 5850 facundus,
1313 5785 1361 5830 et
1386 5776 1613 5831 musicus
1661 5772 1881 5830 editioni

1734 264 2125 328 EPISTOLIE.

1930 381 1983 444 Α
2006 380 2195 437 atiente
2233 380 2508 449 prolectat,
2553 378 2835 436 audaciam
2864 379 3104 449 consilio,
3153 396 3259 454 quo
3285 380 3489 445 suadet,
3518 395 3609 434 ca:-

1906 4534 1964 4596 D

3501 260 3608 320 922

2004 484 2184 531 terret.
2215 473 2380 547 Tegat
2406 482 2611 544 oportet
2639 474 2850 529 auditor
2869 474 3166 529 doctrinam
3192 490 3367 545 suam,
3397 474 3487 547 qui
3512 489 3604 528 vo-

2003 568 2075 623 let
2111 569 2180 622 ad
2226 567 2502 622 dicendum
2532 566 2820 622 sollicitare
2849 568 3195 637 trepidantem
3222 582 3242 623 :
3265 583 3360 622 nec
3389 565 3604 622 emerita

2002 658 2276 715 adversum
2298 658 2603 730 tgrunculos
2618 674 2766 713 arma
2785 658 3044 713 concutiat
3060 666 3304 713 veterana
3320 657 3603 713 calliditas.

2004 751 2181 809 Sensit
2199 752 2295 807 hoc
2324 749 2501 808 Venus
2521 750 2588 806 de
2611 736 3018 824 pulchritudinis
3038 752 3219 824 palma
3240 752 3332 806 diu
3361 750 3606 825 ambiguo

2001 844 2254 914 ampliata
2271 843 2499 916 judicio.
2533 840 2807 897 Pudenter
2834 843 2969 897 enim
2999 851 3053 895 ut
3086 842 3231 913 apud
3258 851 3481 913 patrem.
3512 858 3605 897 ve-

2001 937 2111 993 lata
2127 945 2444 992 certaverat:
2462 950 2629 1007 neque
2644 930 2931 990 deterrebat
2952 932 3172 989 aemulas
3193 942 3407 990 ornatus
3427 950 3606 1005 (equa-

2000 1028 2086 1084 lis.
2128 1028 2199 1083 At
2233 1036 2505 1099 postquam
2552 1028 2607 1082 in
2641 1026 2869 1100 pastoris
2906 1042 3123 1081 examen
3171 1026 3392 1081 deducta
3417 1035 3493 1081 est
3537 1026 3604 1081 lis

1999 1121 2236 1186 dearum,
2269 1119 2439 1189 qualis
2468 1128 2742 1174 emerserat
2768 1119 2925 1185 mari,
2952 1126 3043 1172 aut
3070 1134 3187 1173 cum
3213 1118 3387 1173 Marte
3414 1134 3602 1174 conue-

2002 1222 2169 1280 nerat,
2202 1220 2252 1267 et
2271 1212 2619 1267 consternavit
2648 1212 2929 1279 arbitrum,
2959 1221 3008 1266 et
3035 1209 3451 1266 contendentium
3489 1226 3605 1265 εει*-

2000 1315 2172 1360 tamen
2205 1304 2478 1378 oppressit.
2510 1302 2652 1375 Ergo
2674 1303 2776 1358 nisi
2798 1303 2994 1358 delirus
3024 1312 3142 1357 tuus
3167 1303 3221 1357 in
3244 1318 3302 1356 re
3331 1301 3471 1363 tenui
3498 1317 3603 1356 non

1998 1390 2218 1451 tenuiter
2240 1395 2512 1450 laboratas
2534 1395 2788 1465 opuscula
2814 1410 2948 1461 mea,
2977 1408 3091 1464 qua:
3108 1393 3276 1464 promi
3296 1391 3599 1457 studueras,

1996 1490 2331 1555 retardasset,
2369 1488 2688 1562 jamdudum
2733 1502 2848 1561 ego,
2881 1496 2934 1541 ut
2966 1484 3164 1557 palmes
3218 1483 3499 1551 audacior,
3545 1482 3601 1537 in

1998 1582 2252 1654 Itgbernas
2277 1582 2448 1637 adhuc
2478 1598 2631 1636 curas
2660 1581 2954 1649 improbum
2989 1595 3197 1652 germen
3239 1578 3481 1651 egissem,
3514 1593 3601 1646 pe-

1996 1675 2427 1749 riculumjudicii
2449 1674 2618 1746 gravis
2638 1673 2935 1728 inconsulta
2958 1670 3286 1744 festinatione
3307 1667 3597 1725 subiturus.

1930 1761 1973 1822 Β
2001 1768 2239 1839 Denique
2280 1767 2571 1834 dissonum,
2598 1782 2751 1835 quem
2780 1764 3090 1819 colonomon
3127 1763 3364 1817 existimo
3388 1761 3603 1832 proprie
3627 1828 3635 1837 ’

1998 1880 2032 1918 a
2069 1860 2349 1933 philologis
2396 1858 2747 1929 appellatum;
2780 1857 3002 1925 accrevi,
3043 1865 3099 1910 ut
3137 1855 3360 1928 jubebas
3408 1854 3605 1907 recenti

1996 1970 2239 2009 uersuum
2269 1962 2477 2007 tuorum
2522 1949 2746 2005 lectione
2787 1964 2890 2004 non
2935 1964 3095 2002 ausus
3132 1963 3196 2000 ea
3225 1960 3339 2013 qua:
3366 1943 3458 1998 tibi
3479 1944 3598 2014 jam

1996 2046 2191 2103 cursim
2220 2048 2429 2116 fuerant
2459 2044 2697 2110 recitata,
2735 2038 3023 2095 transmisi.
3062 2034 3277 2092 Etenim
3303 2035 3399 2090 hoc
3430 2050 3599 2107 popo-

1994 2140 2161 2208 scisti,
2188 2148 2338 2210 atque
2363 2136 2420 2192 id
2449 2152 2541 2209 ego
2568 2134 2755 2205 malui,
2786 2142 2842 2189 tu
2872 2141 2929 2189 ut
2956 2142 3045 2188 tua
3080 2130 3234 2204 culpa
3264 2131 3331 2185 ad
3360 2130 3597 2185 eumdem

1995 2230 2224 2304 lapidem
2245 2229 2323 2284 bis
2346 2226 2658 2296 offenderes,
2686 2242 2782 2299 ego
2808 2234 3003 2295 autem,
3033 2238 3366 2297 quacumque
3386 2222 3597 2294 fortuna

1994 2332 2146 2391 esset,
2172 2323 2328 2379 semel
2356 2322 2724 2378 erubescerem.

2552 2433 2887 2493 EPISTOLA
2948 2432 3019 2489 XI
3032 2474 3047 2489 .

2415 2532 2684 2587 Ausomus
2718 2528 2903 2585 ΡΑυιο
2940 2527 3178 2583 salutem.

2075 2646 2229 2713 Vide,
2259 2647 2333 2702 mi
2351 2644 2520 2701 Paule
2535 2690 2550 2715 ,
2582 2660 2739 2716 quam
2763 2643 2998 2711 ineptum
3023 2640 3331 2710 lacessierit,
3350 2640 3406 2695 in
3432 2639 3595 2695 verbis

1992 2741 2219 2805 rudem,
2260 2740 2315 2794 in
2363 2738 2653 2810 eloquendo
2700 2736 2953 2803 hiulcum,
3001 2752 3035 2789 a
3083 2735 3364 2806 propositis
3394 2734 3593 2789 discre-

1992 2844 2229 2908 pantem,
2251 2834 2307 2889 in
2342 2833 2570 2888 uersibus
2595 2829 3013 2887 concinnationis
3037 2838 3294 2903 expertem
3311 2870 3326 2894 ,
3348 2828 3402 2883 in
3432 2826 3593 2882 cavil-

1992 2928 2152 2982 lando
2201 2934 2394 2981 natura
2439 2927 2766 2980 invenustum
2807 2940 2898 2979 nec
2942 2933 3055 2977 arte
3101 2922 3390 2992 conditum,
3438 2920 3596 2976 diluti

1992 3020 2118 3073 satis
2149 3030 2197 3074 et
2223 3019 2364 3090 fellis
2391 3018 2565 3090 ignavi
2591 3057 2606 3082 ,
2638 3032 2730 3071 nec
2770 3016 2834 3071 de
2862 3016 3021 3070 mimo
3067 3014 3400 3087 planipedem
3427 3054 3445 3081 ,
3499 3029 3594 3068 nec

1915 3146 1963 3209 C
1992 3110 2057 3209 de
2081 3110 2351 3165 contrudiis
2394 3108 2721 3209 histrionem.
2774 3107 2847 3209 Ae
2898 3106 3002 3161 nisi
3037 3104 3171 3209 hac.
3196 3103 3595 3209 a.nobis.ntissa

1992 3202 2101 3274 ipse
2133 3206 2363 3256 tecturus
2404 3216 2560 3267 esses,
2608 3201 2765 3255 etiam
2812 3199 2876 3254 de
2924 3195 3347 3272 pronuntiatione
3374 3196 3588 3250 rideres.

1914 3325 1937 3350 ι
1996 3292 2157 3347 Nunc
2188 3291 2532 3348 commodiore
2560 3292 2670 3365 fato
2699 3301 2855 3356 sunt,
2884 3292 3027 3364 quod
3055 3289 3173 3346 licet
3202 3288 3345 3362 apud
3375 3303 3468 3343 nos
3504 3302 3593 3359 ge-

1993 3387 2190 3455 nuina,
2220 3384 2365 3454 apud
2393 3395 2439 3439 te
2466 3392 2617 3440 erunt
2649 3385 2915 3456 adaptiva.

2141 3499 2339 3555 Vinum
2372 3513 2495 3554 cum
2524 3499 2709 3569 biiugo
2738 3497 2941 3567 parabo
2968 3497 3214 3568 plaustro

2133 3589 2320 3647 Primo
2349 3599 2595 3660 tempore
2616 3587 2892 3646 Santonos
2920 3588 3229 3644 vehendum
3250 3628 3266 3655 ,

2137 3684 2312 3740 Ovum
2344 3693 2398 3737 lu
2420 3698 2638 3755 quoque
2670 3681 2909 3753 passeris
2937 3680 3165 3748 marini,

2134 3777 2291 3846 Quod
2325 3791 2470 3831 nunc
2511 3789 2736 3846 promus
2764 3776 2843 3830 ait
2874 3774 3065 3845 procul
3095 3773 3345 3830 relictum

2139 3872 2197 3928 In
2230 3870 2399 3927 fundo
2429 3869 2622 3944 patria:
2654 3870 3033 3943 Bigerritanaz.

2524 3938 2862 4044 ΕΡιετὸιΑ
2922 3984 3041 4042 XII.
3148 3938 3157 3943 1

2506 4087 2794 4138 ΔΪΣΟΝΙΟΣ
2832 4085 3060 4137 ΠΔΥΛΩ.

2057 4193 2348 4258 ’Βλλαόικῆς
2373 4197 2612 4269 μετέχων
2638 4196 2864 4259 Μούσης,
2894 4194 3172 4264 Latiaeque
3197 4192 3473 4259 Camenze,

1986 4288 2131 4362 Ἀξίῳ
2153 4286 2393 4351 Αὐσόνιος
2417 4302 2670 4343 sermone
2696 4284 2876 4343 alludo
2906 4287 3151 4357 bilingui.

1987 4380 2181 4448 Musae,
2209 4380 2338 4453 quid
2371 4380 2635 4436 facimus?
2660 4384 2714 4439 τί
2748 4389 2970 4438 κεναῖσιν
2997 4380 3077 4438 ἐπ’
3094 4382 3292 4439 ἓλπίσιν
3310 4380 3480 4441 αὕτως

1986 4473 2247 4530 Ludimus
2266 4472 2587 4548 ἀφραδίῃσιν,
2617 4474 2855 4547 ἐν,ἥματι
2879 4475 3250 4549 γηράσκοντεςε

1985 4574 2293 4627 Σαντονικοῖς
2319 4580 2602 4635 comparatu
2629 4564 2734 4624 ὅπη
2760 4567 2913 4642 κρύος
2939 4561 3161 4620 ἅσπετόν
3187 4564 3346 4628 ἔστιν,

1982 4657 2241 4714 Erramus
2271 4656 2449 4728 gelido
2468 4661 2711 4734 τρομεροί
2735 4657 2999 4727 rigidique
3031 4665 3223 4726 poetas.

1984 4749 2225 4826 Πιερίδων
2247 4750 2696 4828 τερτνοπλοκοὶμων
2720 4752 3030 4828 θεράποντες
3051 4750 3280 4804 inertes.

1981 4844 2151 4899 Πάντα
2178 4840 2224 4897 δ’
2241 4841 2362 4916 ἔχει
2396 4844 2617 4919 παγετός
2640 4864 2696 4900 τι
2723 4843 2918 4914 pedum
2942 4846 3027 4899 καί
3050 4842 3245 4920 κρυμὸς
3268 4840 3511 4909 ὀδόντων,

1984 4935 2240 5010 Θα).πωρή
2261 4935 2385 5004 quia
2408 4935 2555 4990 nulla
2579 4936 2719 4991 non
2744 4932 2987 5007 χιονώδεῑ
3011 4937 3183 5012 χώρῃ,

1986 5027 2056 5083 Ει
2083 5025 2363 5095 duplicant
2391 5026 2562 5099 frigus
2590 5028 2791 5106 ψυχρὰ
2816 5028 3058 5086 carmina
3088 5027 3415 5101 μητιόωντες.

1984 5119 2296 5199 ’Δρχὸμ-ενος
2320 5117 2366 5175 δ’
2385 5116 2488 5193 ἄρα
2512 5135 2657 5192 μῆνιν
2687 5123 2827 5176 initia.
2868 5162 2882 5175 .
2910 5158 2926 5174 .
2956 5158 2972 5175 .
3008 5160 3021 5175 .

1987 5211 2261 5267 Primitias
2287 5214 2469 5287 Παύλῳ
2500 5221 2691 5269 nostro
2713 5213 2906 5286 πέμψω
2934 5212 3206 5286 μιλιηδιῖς.

1985 5305 2315 5378 Μνημοσύνης
2344 5304 2754 5383 κρηδιμνοκὸμου
2775 5307 2905 5362 πολύ
2934 5305 3129 5377 inclyta
3152 5307 3302 5363 τέκνα

1985 5398 2156 5455 Ἐννέα
2176 5398 2441 5466 verbosa,
2463 5401 2835 5476 κρινοστέφανοί
2852 5421 2908 5455 τι
2932 5398 3145 5470 puellae.

1987 5488 2115 5546 ’Ἔνθ’
2140 5488 2231 5565 ἆγε
2254 5512 2341 5564 μοι
2359 5486 2658 5548 columba”
2680 5490 2800 5561 ἔπη,
2829 5490 3091 5567 πυρώδεα
3129 5492 3344 5565 μολπήν.

1986 5584 2254 5658 Φρόνιῆιιιε
2279 5587 2550 5663 ἡμετέραις
2570 5587 2808 5659 πτέρινον
2828 5585 3082 5655 praeferte
3110 5585 3352 5642 libellum

1988 5687 2273 5749 Υματαρ..;
2307 5680 2516 5749 στίχον.
2551 5718 2566 5732 .
2600 5717 2615 5732 .
2649 5714 2666 5732 .
2702 5716 2716 5731 .

1987 5771 2166 5846 Παύλῳ
2187 5771 2501 5850 ἐφαρμόζητε
2526 5774 2900 5847 μεμιγμένον...
2923 5772 3077 5846 ᾠδήν.
