4108 6188
250 312 362 370 925
1562 320 1570 325 -
1697 278 2107 361 imsrom.

247 434 294 483 et
324 423 549 499 Nepotis
574 419 820 477 chronica
847 419 997 491 quasi
1027 418 1157 474 alios
1186 416 1440 489 apologos
1470 416 1630 489 (nam
1659 414 1705 471 et
1734 414 1853 486 ipsa
1877 409 1933 478 Α

242 524 412 578 instar
452 520 572 572 sunt
622 512 922 587 fabularum
953 512 973 585 )
1003 511 1073 567 ad
1113 510 1436 567 nobilitatem
1486 518 1630 564 tuam
1684 508 1844 577 misi,

248 612 487 688 gaudens
507 616 659 680 atque
678 609 837 663 etiam
860 603 1094 678 glorians
1124 608 1235 676 fore
1260 600 1484 674 aliquid,
1511 601 1650 674 quod
1678 601 1747 655 ad
1769 599 1852 655 in-

247 704 573 762 stitutionem
601 710 811 754 tuorum
851 694 1147 751 sedulitatis
1186 706 1316 749 metr.
1338 694 1508 749 studio
1530 694 1846 765 conferatur.
1890 712 1897 719 ·

248 794 456 851 Libello
480 802 651 848 tamen
677 784 1021 860 apologorum
1041 786 1257 841 antetuli
1284 801 1475 857 paucos
1498 785 1712 855 epodos,
1740 792 1852 837 stu-

247 891 339 945 dio
365 891 421 943 in
467 884 516 943 le
546 883 894 941 observantia
931 894 1059 936 mea?
1104 879 1581 951 impudentissimas
1616 890 1851 949 :paucos

249 982 484 1052 quidem,
514 987 570 1032 ut
595 993 689 1047 ego
714 975 911 1045 loquax
930 973 1123 1045 judico
1154 987 1170 1024 :
1200 986 1377 1025 verum
1406 981 1464 1025 tu
1498 984 1612 1023 cum
1642 969 1847 1039 legeris,

251 1074 412 1128 etiam
460 1069 678 1124 nimium
708 1068 899 1121 multos
942 1062 1170 1136 putabis.
1213 1062 1418 1135 Adjura
1447 1061 1849 1115 benevolentiam

250 1176 398 1220 tuam
422 1160 742 1219 verecundiae
776 1173 902 1213 mea:
935 1166 1132 1221 testem,
1165 1170 1253 1209 eos
1281 1152 1409 1207 milii
1437 1153 1610 1207 subita
1633 1168 1851 1225 persua-

247 1258 393 1313 sione
436 1254 669 1326 ﬂuxisse.
705 1248 893 1326 (Nunt
931 1248 1048 1321 quis
1089 1245 1183 1302 hos
1211 1247 1305 1300 diu
1345 1242 1682 1317 cogitaret?)
1707 1246 1847 1315 quod

212 1401 222 1409 .
246 1368 376 1407 sane
415 1350 516 1418 ipsi
543 1364 638 1422 per
665 1363 718 1401 se
744 1340 1050 1418 probabunt.
1099 1340 1236 1396 Fors
1261 1342 1398 1413 fuat,
1429 1349 1485 1393 ut
1513 1339 1557 1392 si
1585 1339 1716 1392 milii
1744 1337 1849 1391 vita

247 1451 503 1517 suppetet,
534 1438 736 1511 aliquid
766 1454 939 1493 rerum
981 1446 1188 1489 tuarum
1216 1435 1451 1504 quamvis
1492 1430 1723 1486 incultus
1750 1444 1845 1483 ea:-

249 1536 472 1608 spoliam
504 1549 523 1587 :
550 1530 687 1603 quod
731 1537 786 1582 tu
827 1526 922 1583 etsi
970 1522 1156 1579 lectum
1186 1540 1291 1578 non
1337 1524 1543 1595 probes,
1594 1521 1849 1590 scriptum

249 1625 369 1679 boni
421 1622 679 1679 consules.
727 1617 958 1689 Cumque
1009 1633 1103 1689 ego
1147 1616 1381 1671 imitatus
1431 1613 1533 1668 sim
1582 1612 1847 1666 vesaniam

250 1712 484 1783 Clucrili,
515 1724 569 1769 tu
594 1714 831 1784 ignoscas
854 1704 1277 1783 magnanimitate
1312 1703 1617 1760 Alexandri.
1655 1701 1727 1756 Ili
1751 1701 1850 1774 igi-

250 1819 359 1878 tur,
394 1818 451 1862 ut
478 1796 704 1860 Plautus
732 1804 827 1873 ait,
872 1801 1081 1857 interim
1115 1806 1276 1859 erunt
1304 1797 1612 1869 antilogium
1642 1794 1848 1866 fabula-
1882 1792 1927 1852 Β

250 1919 389 1967 rum,
414 1900 614 1972 garruli
653 1907 702 1953 et
728 1898 1044 1966 deceptores,
1067 1894 1157 1965 qui
1198 1892 1467 1963 compositi
1493 1889 1562 1944 ad
1585 1886 1842 1958 honori/i-

249 1998 431 2050 centt'te
461 1992 778 2063 obsequium,
802 1989 870 2044 ad
895 1988 1100 2042 aurium
1130 1986 1419 2041 convicium
1450 1989 1839 2045 concurrerunt.

263 2087 410 2157 Vale,
442 2098 490 2144 et
519 2103 595 2145 me
618 2086 798 2159 dilige.

592 2220 675 2277 Ad
708 2222 937 2278 librum:
966 2227 1025 2273 ut
1067 2226 1153 2273 eat
1175 2217 1245 2272 ad
1270 2215 1525 2271 Probum.

542 2324 730 2406 Perge,
763 2340 797 2389 ο
819 2330 1024 2399 libelle,
1057 2329 1339 2398 Sirmium,
1367 2370 1373 2397 ,

536 2426 605 2483 Et
628 2426 715 2483 dic
743 2426 876 2482 bero
902 2434 1049 2492 meo,
1076 2436 1141 2478 ac
1171 2430 1287 2488 tuo,

536 2514 650 2579 Ave
678 2530 841 2592 atque
868 2518 1022 2575 salve
1048 2517 1367 2590 plurimum.

535 2608 669 2684 Quis
698 2613 803 2671 iste
830 2613 901 2668 sit
923 2610 1080 2667 nobis
1106 2608 1292 2677 herus,

536 2706 749 2773 Nescis,
778 2694 1001 2762 libelle?
1033 2712 1122 2773 an,
1154 2716 1277 2760 cum
1309 2703 1472 2776 scias,

538 2792 795 2856 Libenter
823 2798 999 2865 audis,
1021 2797 1164 2869 quod
1183 2796 1371 2867 juvat?

534 2892 755 2950 Possem
786 2892 1035 2947 absolute
1059 2890 1273 2946 dicere:

543 2978 651 3043 Sed
680 2986 892 3041 dulcius
917 2986 1340 3055 circumIOquar,

535 3081 742 3152 Diuque
762 3079 945 3148 fando,
970 3082 1237 3150 perfruar.

536 3175 691 3230 llunc
718 3175 858 3244 dico,
889 3174 980 3244 qui
1008 3174 1193 3244 lingua
1222 3180 1434 3242 potens,
1866 3180 1912 3241 ο

534 3269 797 3324 Minorem
828 3266 1078 3322 Atridam
1108 3267 1374 3337 praeterit,

536 3361 755 3416 Orando
784 3374 952 3431 pauca
983 3368 1038 3414 et
1064 3358 1290 3413 musica.

541 3452 646 3521 Qui
673 3450 965 3522 grandines
992 3447 1194 3513 Ulixei,
1320 3436 1337 3445 ’

534 3545 935 3603 Melliflnentetn
965 3543 1217 3609 Nestora,

532 3642 988 3701 Concitmatorem
1016 3648 1071 3695 ct
1100 3640 1363 3705 Tullium,

532 3735 635 3804 Qui
664 3734 815 3791 solus
836 3774 852 3801 ,
880 3732 1124 3802 exceptis
1153 3730 1321 3787 tribus

536 3830 718 3897 lleris,
750 3828 1005 3884 berorum
1038 3824 1242 3897 primus
1269 3835 1371 3894 est,

432 3976 435 3979 .
530 3928 907 3999 Praetorioque
940 3924 1233 3981 maximus.

533 4020 668 4079 Dico
695 4020 845 4077 hunc
876 4018 1048 4075 senati
1085 4014 1396 4090 praesulem,

528 4113 854 4170 Praefectum
885 4108 1159 4177 eamdem,
1190 4117 1244 4165 et
1274 4106 1555 4164 consulem

535 4208 691 4280 (Nam
723 4203 917 4261 consul
945 4208 1208 4259 aeternum
1236 4200 1431 4274 cluet),

540 4300 814 4369 Collegam
837 4296 1065 4367 Augusti
1096 4295 1359 4362 consulis,

531 4392 798 4449 Columen
826 4391 1030 4447 curulis
1059 4389 1331 4457 Romulae,

534 4484 773 4539 Primum
805 4483 858 4538 in
887 4478 1144 4536 secundis
1175 4478 1431 4536 fascibus.

536 4576 670 4632 Nam
698 4577 904 4648 primus
931 4591 963 4630 e
987 4574 1201 4630 cunctis
1230 4574 1337 4629 erit
1865 4550 1923 4618 Π

532 4668 760 4734 Consul,
791 4666 1065 4724 secundus
1094 4666 1351 4737 principi.

532 4760 733 4819 Generi
762 4761 850 4817 hic
879 4768 1163 4831 superstes
1191 4772 1378 4825 aureo,

532 4860 801 4930 Saterque
829 4858 1000 4929 prolis
1022 4868 1225 4925 aureae,
1390 4918 1401 4924 _

536 4951 830 5007 Convincit
854 4954 1135 5006 Ascraeum
1171 4960 1380 5004 senem.

533 5045 636 5112 Qui
661 5044 919 5099 saeculum
951 5050 1114 5097 omne
1143 5041 1381 5097 ferreum
1407 5060 1419 5094 :

534 5136 637 5206 Qui
660 5134 826 5192 vincit
855 5132 954 5190 avi
993 5134 1269 5203 iniuriam;

538 5229 740 5300 Stirpis
767 5236 998 5284 navator
1028 5228 1249 5283 Atiniae:

541 5321 882 5391 Paribusque‘
905 5320 1073 5375 comit
1103 5319 1289 5375 infulis

534 5414 855 5469 Aniciorum
880 5420 1191 5468 Stemmata.

534 5508 773 5564 Probum
804 5506 1018 5578 loquor.
1053 5505 1173 5562 Scis
1193 5507 1422 5577 optime,

532 5598 705 5666 Quem
734 5612 901 5654 nemo
926 5597 1091 5653 fando
1119 5597 1339 5667 dixerit,

536 5692 641 5760 Qui
669 5706 779 5749 non
802 5691 955 5763 prius
982 5690 1305 5747 laudaverit.

536 5784 732 5855 Perge,
760 5798 795 5842 ο
817 5783 1023 5855 libelle,
1052 5791 1109 5841 et
1131 5792 1288 5842 utere

2245 413 2530 472 Felicitate
2556 411 2868 469 intermina.

2241 507 2383 577 Quin
2413 516 2471 563 et
2491 508 2734 577 require,
2765 505 2810 561 si
2839 504 2981 561 sinet

2241 601 2457 657 Tenere
2480 599 2577 655 lari
2601 598 2840 655 obnoxio
2863 608 2879 652 :

2310 694 2426 764 Age
2452 704 2576 747 vera
2612 690 2792 762 proles
2821 688 3059 759 Romuli,

2204 844 2209 849 γ
2239 787 2418 843 ElTare
2445 800 2662 843 causam
2695 784 2953 840 nominis.

2248 881 2515 937 Utrumne
2545 886 2723 934 mores
2748 877 2852 933 hoc
2880 876 2955 931 tui

2232 971 2441 1027 Nomen
2480 969 2703 1037 dedere,
2729 985 2794 1023 an
2822 980 3023 1023 nomen
3050 964 3155 1022 hoc

2237 1062 2433 1119 Secuta
2452 1072 2662 1116 morum
2690 1057 2913 1130 regula?

2236 1158 2319 1210 An
2346 1154 2439 1208 ille
2468 1153 2679 1210 venturi
2705 1153 2889 1208 sciens

2240 1247 2424 1303 Mundi
2447 1262 2737 1318 supremus
2760 1246 2995 1313 arbiter,

2232 1338 2462 1410 Qualem
2487 1338 2693 1395 creavit
2720 1337 2964 1395 moribus
2980 1376 2997 1406 ,

2231 1433 2402 1489 Jussit
2429 1433 2609 1488 vocari
2635 1432 2898 1487 nomine?
3036 1494 3049 1501 ἡ

2229 1525 2440 1582 Nomen
2471 1524 2656 1580 datum
2683 1523 2992 1594 prtecomis,

2235 1618 2476 1688 Vitthue
2505 1617 2838 1673 testimonio.

2304 1710 2517 1768 Libelle
2544 1709 2671 1766 felix
2693 1728 2705 1763 :
2726 1723 2887 1781 quem
2913 1708 3034 1765 sinu

2237 1803 2334 1859 Vir
2364 1810 2547 1857 tantus
2572 1800 2789 1857 evolvet
2812 1815 2937 1866 suo,

2231 1894 2344 1950 Nec
2372 1894 2634 1966 occupari
2662 1901 2911 1962 tempora

2233 1984 2403 2042 Grato
2430 1991 2691 2056 queretur
2716 1982 2851 2038 otio.

2232 2080 2406 2148 Quem
2437 2078 2585 2136 mille
2609 2092 2737 2134 cum
2769 2077 2918 2134 vocis
2946 2075 3143 2142 modis,

2233 2173 2365 2230 Leni
2387 2181 2484 2228 aut
2511 2185 2741 2228 susurro
2770 2170 3047 2241 impertiet
3065 2186 3091 2223 :-

2232 2266 2446 2337 Cuique
2473 2264 2668 2336 vigiles
2695 2263 2960 2318 luminum

2235 2358 2443 2416 Vacsre
2466 2355 2766 2427 dignabunt
2793 2369 2963 2410 corrc.

2235 2450 2408 2520 Quem
2434 2456 2640 2514 mente,
2663 2455 2720 2502 et
2748 2460 2881 2501 aure
2909 2444 3164 2511 consciis,

2231 2538 2567 2609 Quibusdam
2592 2536 2832 2604 omissis,
2859 2536 3112 2608 pelleget.

2233 2633 2599 2704 Quaecumque
2626 2631 2844 2686 lortuna
2872 2638 2955 2685 est
2986 2628 3106 2695 tibi,

2236 2728 2434 2797 Perge,
2461 2740 2494 2781 ο
2523 2723 2727 2791 libelle,
2759 2732 2814 2779 et
2843 2730 2997 2779 utere

2232 2819 2520 2878 Felicitate
2543 2816 2857 2875 intermina.

2235 2914 2331 2969 Dic
2370 2927 2457 2967 me
2485 2910 2693 2975 valere,
2723 2916 2781 2965 et
2805 2907 3013 2964 vivere.

2236 3004 2333 3061 Dic
2360 3004 2550 3060 vivere
2574 3018 2642 3056 ex
2669 3008 2794 3055 voto
2826 3000 2940 3071 pio,

2232 3096 2446 3152 Sanctis
2475 3102 2786 3165 precantem
2816 3090 3060 3159 vocibus,

2230 3188 2301 3247 Ut
2328 3202 2489 3259 quem
2515 3183 2730 3241 Curulis
2759 3183 3004 3254 proxima

2229 3276 2472 3349 Collegio
2500 3276 2608 3333 nali
2641 3273 2821 3332 dedit:

2230 3372 2381 3427 llunc
2409 3384 2598 3425 rursus
2635 3368 2914 3439 Augusms
2943 3367 3091 3438 prior

2233 3461 2360 3519 Suis
2390 3470 2655 3531 perennet
2681 3460 2940 3515 fascibus.

2231 3552 2507 3609 Subnecte
2534 3561 2591 3605 et
2621 3548 2755 3604 illud
2787 3549 2983 3605 leniter
3008 3569 3020 3603 :

2236 3646 2535 3717 Apologos,
2560 3660 2654 3713 en,
2689 3629 2839 3701 misit
2866 3644 2962 3700 tibi

2192 3764 2197 3769 τ
2232 3740 2316 3796 Ab
2344 3754 2514 3820 usque
2542 3738 2718 3801 Rheni
2747 3738 2921 3795 limite

2233 3832 2532 3902 Ausonius,
2558 3847 2757 3895 nomen
2790 3831 3007 3898 Italum,

2239 3916 2551 3999 Praeceptor
2578 3920 2808 3996 Augusti
2831 3924 2933 3992 tui,

2231 4021 2511 4092 Aisopiam
2546 4019 2866 4079 trimetriam
2889 4036 2901 4071 :

2231 4115 2405 4184 Quam
2430 4112 2596 4169 vertit
2620 4112 2750 4168 exili
2782 4111 2945 4184 stylo.

2233 4209 2497 4266 Pedestre
2525 4206 2863 4264 concinnans
2883 4218 3043 4277 opus,

2232 4299 2407 4357 Fandi
2432 4300 2681 4354 Titianus
2708 4297 2931 4353 artifex.

2233 4394 2306 4452 Ut
2327 4393 2415 4449 hic
2441 4392 2530 4449 avi
2559 4406 2623 4448 ac
2644 4388 2814 4463 patris
2835 4382 3001 4447 decus

2232 4490 2401 4545 Mixto
2431 4486 2715 4554 refulgens
2737 4485 3022 4554 sanguine,

2227 4580 2635 4650 Probianoque,
2677 4590 2742 4632 ac
2777 4575 3003 4642 Anicio;

2231 4674 2326 4749 (Ut
2346 4672 2619 4746 quondam
2651 4672 2703 4728 in
2731 4670 2887 4728 Alba:
2912 4669 3183 4727 mcenibus

2229 4766 2529 4838 Supremus
2557 4762 2737 4821 :Euea
2765 4773 2936 4832 satus,

2233 4861 2437 4918 Silvios
2468 4858 2595 4915 Iulis
2624 4856 2873 4914 miscuit:
2898 4856 2918 4928 )

2237 4954 2331 5009 Sic
2358 4953 2480 5016 iste.
2513 4951 2603 5021 qui
2633 4958 2791 5009 natus
2819 4958 2965 5017 tuus,

2232 5043 2359 5098 Flos
2383 5040 2738 5097 ﬂosculorum
2775 5036 2994 5097 Romuli

2234 5134 2474 5191 Nutricis
2504 5134 2647 5189 inter
2679 5133 2958 5200 lemmata,
3006 5136 3011 5143 ‘

2231 5225 2477 5295 Latiique
2507 5223 2835 5281 somniferos
2861 5222 3077 5291 modos,

2237 5319 2470 5377 Suescat
2495 5317 2684 5388 peritis
2711 5316 2912 5372 fabulis
3012 5360 3023 5383 κ

2236 5413 2408 5470 Simul
2442 5410 2638 5482 jocari,
2662 5418 2717 5467 et
2745 5410 2978 5465 discere.

2240 5507 2308 5562 Et
2328 5505 2469 5561 adde
2498 5512 2707 5570 votum,
2740 5502 2883 5573 quod
2918 5501 3007 5571 pio

2240 5597 2605 5667 Concepimus
2628 5594 2708 5651 rei
2737 5593 2882 5648 Deo:

2232 5690 2304 5749 Ut
2339 5692 2552 5762 genitor
2576 5694 2846 5759 Augustus
2872 5685 3021 5743 dedit

2235 5786 2482 5857 Collegio
2512 5784 2625 5843 nati
2652 5781 2928 5840 Probum:
