4108 6188
524 246 631 312 927

813 364 906 422 Sic
936 366 1228 424 Gratianus
1259 368 1402 424 hunc
1425 384 1620 427 novum

810 458 983 529 Stirpi
1011 458 1206 514 futurae
1233 462 1471 530 copulet.

817 551 952 606 Rata
980 563 1108 608 sunt
1135 554 1334 620 futura,
1368 570 1490 626 quin
1519 556 1731 628 loquor.

807 644 900 702 Sic
928 646 1144 713 merita,
1176 649 1258 704 sic
1287 647 1648 719 fatumjubet.

815 737 921 792 Sed
940 737 1049 808 jam
1079 748 1136 793 ut
1165 739 1415 810 loquatur
1443 742 1642 803 Julius.

813 829 980 886 Fandi
1013 831 1232 888 modum
1260 834 1426 888 invita
1457 834 1642 906 accipe

821 921 1140 994 Volucripes
1171 923 1447 982 dimetria.

821 1015 1048 1088 Aveque
1068 1015 1237 1088 dicto,
1262 1018 1368 1084 dic,
1403 1017 1555 1075 Vale.

1065 1151 1402 1210 EPISTULA
1425 1153 1588 1209 XVII.

529 1256 925 1334 Ad‘URSCLUS.
967 1266 1367 1334 grammaticum
1417 1266 1773 1322 Trevirorum:
1810 1269 1896 1322 cui
1921 1278 2126 1324 strenas

599 1329 832 1409 lculendis
869 1329 1145 1390 Jan-uariis
1193 1337 1256 1390 ab
1289 1339 1596 1409 imperatore
1638 1356 1743 1393 non
1793 1341 1944 1394 datas
1976 1342 2127 1395 reddi

601 1402 741 1471 fecit.

532 1513 747 1570 Primus
762 1516 988 1588 jucundi
1018 1519 1114 1574 fuit
1133 1521 1222 1577 hic
1247 1523 1340 1578 tibi
1374 1523 1585 1580 fructus
1614 1524 1858 1591 honoris,

602 1607 863 1676 Augusta:
895 1609 1131 1667 faustum
1163 1629 1359 1670 munus
1393 1617 1594 1673 habere
1617 1634 1829 1674 manus.

529 1696 821 1755 Proximus
850 1716 918 1757 ex
947 1703 1109 1774 longo
1131 1707 1335 1775 gradus
1361 1716 1463 1773 est,
1491 1707 1788 1776 Quae-storis
1819 1711 1980 1766 amici

600 1791 802 1847 Curam
831 1810 930 1864 pro
953 1799 1160 1853 strenis
1191 1802 1522 1857 excubuisse
1563 1805 1688 1857 tuis.

534 1879 700 1950 Ergo,
736 1883 1075 1957 interceptos
1099 1891 1284 1960 regale
1313 1894 1579 1949 nomisma
1607 1895 1883 1968 Philippos

604 1973 806 2044 Accipe
830 1985 908 2032 tot
926 1994 1174 2047 numero,
1206 1992 1339 2053 quot
1367 1984 1476 2040 duo
1505 1986 1808 2058 Geryones.

531 2063 673 2131 Quot
698 2068 837 2123 terni
867 2069 1112 2142 biiuges:
1153 2073 1484 2148 demptoque
1511 2080 1713 2135 triente
1740 2081 2034 2140 Camenm:

606 2157 854 2228 Quotque
885 2161 1051 2218 doces
1077 2163 1251 2234 horis,
1285 2176 1527 2240 quotque
1556 2171 1702 2227 domi
1733 2175 1958 2230 resides.

531 2249 680 2306 Ostia
708 2263 840 2323 quot
868 2270 966 2325 pro
995 2268 1152 2329 parte
1183 2261 1360 2330 aperit
1389 2264 1674 2320 stridentia
1702 2266 1921 2324 Circus:

607 2343 873 2418 Excepto,
906 2350 1146 2406 medium
1171 2353 1314 2423 quod
1349 2365 1498 2425 patet
1524 2357 1590 2412 ad
1623 2359 1887 2415 stadium.

533 2436 677 2504 Quot
699 2439 929 2508 pedibus
950 2443 1272 2512 gradiuntur
1300 2462 1454 2518 apes,
1494 2458 1548 2504 et
1574 2465 1765 2507 versus
1801 2452 2049 2510 Homeri:

606 2530 857 2605 Quotque
891 2536 1039 2592 horis
1070 2539 1295 2611 pelagus
1318 2541 1557 2612 profluit,
1580 2554 1678 2600 aut
1697 2545 1896 2601 refluit.

537 2621 774 2680 Protulit
806 2626 861 2682 in
893 2643 1110 2686 scenam
1141 2644 1269 2702 quot
1294 2635 1537 2690 dramata
1573 2635 1890 2695 fabellarum

607 2719 856 2774 Arcadia:
881 2723 1064 2778 medio
1093 2728 1182 2795 qui
1207 2727 1351 2797 jacet
1380 2729 1432 2783 in
1465 2731 1696 2800 gremio.

536 2805 632 2862 Vel
657 2819 790 2879 quot
814 2811 1097 2882 juncturas
1119 2822 1448 2887 geometrica
1471 2822 1641 2878 forma
1671 2824 1914 2881 favorum

605 2900 860 2984 Conserit
880 2911 1140 2966 extremis
1169 2913 1442 2985 omnibus,
1471 2924 1529 2970 et
1557 2919 1771 2974 mediis.

533 2992 679 3062 Quot
703 2995 861 3052 telios
895 3001 1102 3070 primus
1133 3007 1396 3074 numeris,
1424 3008 1683 3079 solusque
1706 3010 2002 3080 probatur;

605 3093 751 3160 Quot
779 3111 900 3165 par,
927 3109 1090 3169 atque
1112 3102 1288 3170 impar
1318 3106 1564 3172 partibus
1594 3108 1911 3177 aequiperat.

535 3183 624 3239 Bis
656 3195 862 3254 ternos,
896 3199 950 3242 et
985 3202 1068 3245 ter
1093 3193 1249 3248 binos
1279 3198 1369 3262 qui
1393 3202 1633 3254 conserit
1660 3217 1832 3256 unus:

606 3277 709 3343 Qui
736 3275 890 3330 solus
920 3280 1143 3336 totidem
1173 3288 1586 3355 congeminatus
1612 3290 1794 3347 habet.

535 3366 679 3433 Quot
706 3365 920 3425 faciunt
939 3373 1112 3442 juncti
1139 3376 1438 3448 subterque
1460 3396 1731 3455 supraque
1760 3386 1945 3456 locati,
2009 3391 2022 3403 ”’

604 3458 704 3528 Qui
740 3475 1031 3521 numerant
1062 3466 1299 3540 Hyadas,
1332 3471 1688 3546 Pleiadasque
1719 3477 1900 3534 simul.

607 3645 829 3719 Ursule,
861 3651 1068 3724 collega
1100 3655 1296 3711 nobilis
1330 3657 1650 3716 Harmonio.

535 3737 854 3810 Harmonio,
884 3760 1042 3816 quem
1073 3745 1358 3820 Claranus,
1384 3770 1545 3825 quem
1571 3756 1830 3826 Scaurus,
1864 3769 1916 3816 et
1933 3761 2127 3834 Asper,

609 3831 783 3921 Quem
815 3836 918 3891 sibi
950 3838 1220 3896 eonferret
1255 3842 1446 3911 Varro,
1475 3849 1732 3919 priorque
1761 3850 1983 3921 Crates,

533 3918 745 3995 Quique
774 3929 914 3983 sacri
950 3929 1190 3987 lacerum
1223 3937 1446 4007 collegit
1475 3918 1674 4011 corpus
1707 3942 1948 4008 Homeri,

605 4017 820 4088 Quique
848 4031 1007 4076 notas
1036 4026 1239 4093 spuriis
1266 4030 1519 4084 versibus
1543 4038 1825 4104 apposuit:

537 4108 818 4178 Cecropiae
848 4127 1138 4171 commune
1165 4116 1355 4184 decus,
1386 4122 1639 4194 lalimque
1669 4143 1936 4200 camenae,

605 4200 769 4258 Solus
801 4206 890 4275 qui
916 4206 1112 4264 Chium
1137 4211 1348 4281 miscet,
1372 4224 1426 4270 et
1454 4218 1821 4290 Ammineum,

1058 4345 1394 4405 EPISTULA
1427 4351 1612 4410 XVIII.

924 4454 1194 4515 Ausomus
1220 4460 1428 4519 Pomm
1467 4465 1725 4525 PAULINO.

528 4567 862 4626 Condiderat
887 4572 996 4644 jam
1027 4576 1162 4630 solis
1185 4593 1355 4648 equos
1380 4581 1656 4640 Tartessia
1684 4586 1883 4659 Calpe:

530 4666 916 4741 Stridebatque
941 4671 1082 4728 freto
1109 4674 1268 4730 Titan
1295 4677 1524 4746 insignis
1545 4681 1699 4737 Ibero
1725 4701 1737 4736 :

529 4757 649 4814 lam
682 4765 1039 4822 succedentes
1078 4771 1353 4838 quatiebat
1385 4772 1534 4828 Luna
1558 4775 1860 4846 juvencas;

537 4850 789 4907 Vincerat
819 4862 876 4909 ut
904 4859 1157 4914 tenebras
1186 4861 1376 4926 radiis,
1405 4866 1552 4920 velut
1578 4869 1775 4923 :emula
1809 4871 2010 4928 fratris.

527 4943 650 4999 Jam
681 4945 957 5017 volucres,
992 4950 1385 5025 hominumque
1426 4972 1598 5027 genus
1619 4964 1928 5030 superabile
1953 4969 2122 5036 curis,

528 5038 836 5098 Mulcebant
861 5043 1056 5113 placidi
1079 5047 1368 5117 tranquilla
1399 5050 1595 5106 oblivia
1618 5057 1818 5110 somni.

527 5131 879 5193 Transierant
907 5139 1050 5207 idus,
1083 5142 1294 5198 medius
1317 5159 1572 5216 suprema
1600 5148 1892 5207 december

526 5225 796 5298 Tempora
827 5242 1058 5289 venturo
1090 5237 1425 5305 properabat
1443 5239 1677 5311 jnngere
1705 5243 1863 5299 Jano.

532 5320 597 5374 Et
623 5336 794 5377 nonas
822 5323 1066 5381 decimas
1099 5327 1168 5381 ab
1195 5342 1254 5383 se
1281 5345 1386 5385 nox
1417 5330 1577 5404 longa
1603 5331 1867 5390 kalendas

528 5415 743 5486 Jugiter
771 5419 932 5475 acciri
954 5421 1278 5478 celebranda
1311 5425 1377 5479 ad
1407 5424 1545 5481 fesm
1577 5428 1820 5498 jubebat.

606 5553 811 5622 Nescis,
834 5566 980 5628 puto,
1011 5560 1137 5630 quid
1158 5562 1306 5616 velini
1339 5571 1412 5618 tot
1438 5564 1661 5620 versibus
1696 5567 1894 5634 dicere;
1926 5569 2124 5624 medius

533 5647 691 5714 fidius
721 5665 882 5718 neque
905 5652 1015 5720 ipse
1044 5654 1166 5708 bene
1215 5655 1449 5727 intelligo
1469 5674 1488 5712 :
1519 5669 1685 5713 tamen
1715 5661 1969 5728 suspicor.
2001 5661 2124 5716 lam

532 5736 702 5804 prima
724 5755 741 5791 ι
760 5754 826 5792 aa:
852 5751 960 5796 erat
981 5754 1099 5798 ante
1127 5747 1260 5802 diem
1294 5765 1488 5802 nonum
1516 5750 1769 5804 decimum
1789 5750 2124 5807 kalendarum

1910 257 2091 315 DECII
2132 255 2410 315 AUSONII

2148 374 2199 433 Α
2229 370 2630 441 Ianuariarum,
2655 389 2769 427 cum
2799 371 3021 427 reddita:
3036 373 3296 429 suntmihi
3318 373 3838 452 litterteluirOppido

3723 262 3840 318 99.8

2223 482 2377 536 quam
2400 466 2663 521 litteratte.
2697 464 2796 520 liis
2828 468 2977 538 longe
3009 466 3448 536 jucundissimum
3490 487 3675 540 poema
3704 475 3837 527 sub-

2226 557 2457 627 dideras,
2488 560 2625 628 quod
2671 558 2736 612 de
2775 561 2934 613 tribus
2972 559 3213 614 Suetonii
3242 559 3410 627 libris,
3449 579 3581 632 quos
3631 565 3726 620 ille
3769 567 3839 622 de

2225 649 2434 720 regibus
2466 651 2630 713 dedit,
2672 651 2724 704 in
2780 651 3033 721 epitomen
3087 651 3317 721 coegisti,
3359 661 3505 707 tanta
3537 653 3835 725 elegantia,

2225 743 2369 796 solus
2391 753 2446 797 ut
2469 742 2596 796 mihi
2623 743 2826 797 rideare
2851 753 3140 810 assecutus,
3163 746 3305 816 quod
3333 756 3512 799 contra
3537 765 3714 802 rerum
3741 768 3842 804 na-

2229 843 2400 887 turam
2428 843 2523 900 est,
2555 835 2778 891 brevitas
2803 846 2855 889 ut
2878 836 3091 890 obscura
3117 853 3220 891 non
3235 847 3385 893 esset.
3410 836 3476 893 In
3496 838 3578 894 his
3599 843 3841 897 uersibus

2154 933 2157 937 '
2229 941 2321 998 ego
2347 926 2449 980 ista
2475 927 2711 997 cognovi.

2229 1079 2612 1153 Europamque
2635 1083 2932 1153 Asiamque
2957 1082 3068 1138 duo
3089 1084 3172 1139 vel
3205 1085 3438 1142 maxima
3473 1095 3632 1144 terra:

2230 1172 2472 1228 Membra
2498 1192 2511 1228 :
2542 1175 2741 1244 quibus
2772 1175 2996 1248 Libyam
3021 1177 3188 1233 dubie
3215 1178 3504 1234 Sallustius
3534 1181 3690 1236 addit

2229 1262 2466 1334 Europae
2496 1265 2810 1335 adjunctam
2841 1309 2855 1332 ,
2889 1267 3064 1337 possit
3093 1281 3218 1323 cum
3252 1269 3416 1323 tertia
3443 1269 3578 1324 dici:

2231 1355 2504 1426 Regnatas
2524 1358 2730 1425 multis,
2766 1374 2900 1426 quos
2933 1359 3078 1414 fama
3112 1360 3403 1416 obliterat:
3435 1371 3490 1418 et
3519 1379 3657 1433 quos

2230 1448 2465 1504 Barbara
2494 1450 2755 1505 Romana:
2779 1465 2885 1506 non
2922 1453 3140 1507 tradunt
3181 1455 3403 1510 nomina
3437 1456 3655 1527 linguae,

2233 1540 2536 1610 lllibanum,
2563 1541 2958 1615 Numidamque
2986 1546 3221 1613 Avelim,
3243 1547 3612 1621 Parthumque
3642 1551 3832 1607 Vono-

2233 1632 2303 1688 Et
2327 1633 2617 1701 Caranum,
2643 1635 2839 1691 Pella'a
2862 1637 3010 1692 dedit
3035 1640 3125 1708 qui
3154 1641 3374 1696 nomina
3400 1657 3612 1712 regum.
3652 1646 3836 1717 luem,

2158 1762 2205 1822 Β
2233 1725 2448 1797 Quique
2488 1743 2677 1798 magos
2703 1728 2888 1811 docuit
2919 1731 3177 1801 mysteria
3207 1747 3342 1787 vana
3373 1732 3679 1804 Necepsus:

2234 1821 2303 1876 Et
2321 1820 2411 1891 qui
2443 1822 2692 1892 regnavit
2720 1807 2840 1878 sine
2864 1823 3092 1879 nomine
3122 1839 3248 1880 mox
3275 1824 3600 1883 Sesoostris.

2302 1998 2432 2054 Haec
2457 2008 2512 2053 tu
2541 2016 2696 2071 quam
2717 2001 2902 2073 perite,
2933 2013 2980 2056 et
3009 2005 3280 2072 concinne,
3299 2022 3454 2075 quam
3476 2009 3760 2076 modulate,
3785 2020 3842 2065 et

2231 2094 2471 2159 dulciter,
2526 2095 2604 2148 ita
2635 2099 2798 2167 juxta
2849 2106 3093 2152 naturam
3138 2099 3491 2153 Romanorum
3524 2112 3842 2157 accentuum

2231 2187 2531 2252 enuntiasti,
2560 2197 2616 2241 ut
2646 2199 2820 2242 tamen
2848 2191 3000 2256 veris,
3041 2207 3103 2244 ac
3134 2193 3454 2263 primigeniis
3479 2196 3688 2250 vocibus
3733 2213 3841 2252 sua

2232 2281 2445 2350 fastigia
2475 2297 2578 2335 non
2605 2282 2856 2353 perirent.
2901 2282 3026 2338 .lam
3052 2287 3179 2355 quid
3214 2288 3277 2340 de
3299 2287 3594 2358 eloquentia
3623 2292 3846 2347 dicam?

2231 2371 2426 2441 liquide
2446 2372 2696 2445 adjurare
2724 2391 2956 2444 possunt,
2999 2378 3208 2432 nullum
3234 2380 3328 2434 tibi
3366 2381 3435 2434 ad
3467 2384 3720 2452 poeticam
3748 2387 3848 2456 fa-

2232 2463 2480 2517 cundiam
2515 2463 2764 2520 llomante
2801 2467 3082 2532 iuuentutis
3130 2471 3357 2540 wquari.
3389 2469 3544 2527 Certe
3579 2476 3655 2528 ita
3705 2477 3843 2531 mihi

2233 2557 2450 2610 videris.
2503 2558 2567 2612 Si
2587 2574 2726 2626 erro,
2775 2542 2924 2631 pater
2970 2579 3108 2630 sum,
3161 2568 3242 2636 fer
3271 2581 3382 2620 me:
3403 2576 3452 2620 et
3494 2568 3603 2622 noli
3627 2570 3847 2643 exigere

2223 2645 2510 2719 judicium,
2543 2648 2779 2703 obstante
2830 2651 3038 2722 pietate.
3083 2652 3275 2707 Verum
3320 2672 3437 2711 cum
3468 2658 3549 2726 pie
3590 2659 3839 2732 diligam,

2231 2739 2430 2794 sincere
2450 2756 2512 2794 ac
2531 2757 2708 2796 severe
2749 2742 2950 2808 iudico.
3000 2743 3154 2815 Aﬁice
3203 2762 3306 2812 me,
3336 2763 3450 2812 oro,
3496 2749 3590 2803 tali
3619 2767 3846 2806 munere

2231 2830 2561 2902 frequenter:
2582 2849 2683 2903 quo
2698 2843 2748 2888 et
2765 2834 3010 2904 oblector,
3040 2847 3086 2892 et
3115 2837 3361 2894 honoror.
3389 2841 3615 2895 Accessit
3633 2843 3731 2896 tibi
3766 2848 3844 2898 ad

2233 2933 2438 2992 partem
2475 2928 2734 2996 poeticam
2757 2927 2947 2984 mellea
2989 2931 3298 2986 modulatio.
3328 2934 3467 3002 Quid
3503 2937 3636 2990 enim
3688 2938 3843 2993 aliud

2233 3027 2418 3088 agunt,
2701 3027 2712 3035 '

2158 3145 2204 3208 C
2305 3153 2496 3209 Audax
2528 3154 2699 3210 Icario
2721 3158 2811 3226 qui
2840 3157 2966 3213 fecit
2994 3160 3208 3214 nomina
3241 3171 3424 3231 ponto,

2308 3245 2376 3300 Et
2396 3249 2485 3317 qui
2513 3249 2856 3306 Chalcidicas
2891 3252 3170 3309 moderate
3201 3257 3384 3311 enavit
3411 3256 3479 3312 ad
3511 3273 3691 3326 arces,

2232 3404 2334 3458 nisi
2361 3414 2413 3458 ut
2443 3416 2490 3460 et
2515 3417 2766 3478 uegetam,
2790 3419 2838 3464 et
2893 3410 3163 3466 sublimem
3188 3413 3512 3470 alacritatem
3557 3428 3724 3484 tuam,
3751 3429 3839 3475 te-

2232 3497 2524 3552 meritatem
2553 3516 2730 3554 uoces:
2754 3518 2835 3555 me
2861 3519 3000 3570 vero,
3026 3513 3075 3558 et
3097 3506 3415 3572 consultum,
3440 3517 3490 3561 et
3516 3525 3667 3578 quem
3692 3511 3842 3580 ﬁlius

2234 3587 2411 3642 debeat
2423 3589 2634 3657 imitari,
2655 3593 2879 3647 salutari
2895 3597 3172 3666 prudentia
3185 3599 3462 3667 prtcditum
3477 3602 3623 3654 dicas
3639 3603 3666 3656 ?
3681 3605 3841 3670 Quod

2233 3682 2469 3752 equidem
2489 3693 2669 3736 contra
2692 3693 2788 3742 est.
2820 3685 2961 3740 Nam
2991 3697 3047 3741 tu
3071 3705 3272 3745 summa
3293 3691 3366 3746 sic
3390 3695 3616 3763 appetis,
3651 3704 3708 3748 ut
3732 3713 3841 3751 non

2234 3775 2447 3829 decidas
2470 3792 2489 3831 :
2517 3789 2751 3832 senectus
2781 3796 2896 3834 mea
2931 3784 3056 3836 satis
3085 3783 3260 3852 habet,
3313 3786 3358 3838 si
3388 3789 3665 3846 consistat.
3705 3789 3843 3845 Haec

2232 3867 2303 3920 ad
2317 3875 2365 3921 te
2387 3868 2625 3937 breviter,
2666 3880 2715 3924 et
2754 3873 2919 3940 illico,
2958 3876 3183 3943 uesperis
3201 3877 3342 3930 illius
3357 3889 3528 3932 secuto
3545 3897 3701 3934 mane
3727 3882 3843 3935 dic-

2199 3963 2355 4016 ”tavi.
2392 3962 2476 4016 Ita
2502 3965 2638 4017 enim
2675 3965 2979 4022 tabellarius
3026 3980 3171 4036 tuus,
3202 3982 3260 4025 ut
3289 3971 3568 4042 epistolam
3597 3975 3839 4045 referret,

2232 4056 2478 4110 instabat.
2535 4056 2676 4111 Nam
2707 4061 2754 4113 si
2784 4062 2912 4114 milii
2941 4062 3103 4116 otium
3133 4064 3311 4130 fuerit,
3344 4065 3646 4120 oblcctabile
3676 4084 3842 4138 nego-

2233 4151 2361 4204 tium
2392 4153 2487 4206 erit
2508 4141 2578 4206 ad
2601 4162 2649 4206 te
2677 4155 2939 4225 prolixius
2972 4156 3217 4223 delirare,
3271 4167 3320 4212 te
3353 4168 3406 4212 ut
3444 4159 3677 4225 eliciam,
3707 4161 3842 4215 mihi

2235 4253 2292 4296 ut
2333 4244 2676 4313 satisfaciam.
2716 4245 2866 4302 Vale.

2756 4405 3094 4463 EPISTOLA
3117 4409 3261 4465 XIX.

2153 4521 2209 4585 Ῑ)
2234 4537 2470 4595 Pavcmo
2493 4541 2779 4597 Ausomus.
2806 4542 3035 4599 Metrum
3066 4547 3146 4600 sic
3174 4548 3365 4613 suasit,
3398 4557 3456 4602 ut
3484 4561 3635 4604 esses
3696 4577 3706 4582 -

2303 4619 2384 4688 Tu
2419 4638 2588 4704 prior,
2619 4645 2675 4689 et
2706 4652 2903 4693 nomen
2938 4639 3346 4710 pra-grederere
3366 4658 3568 4697 meum.

2230 4724 2566 4793 Quamquam
2595 4735 2648 4782 et
2670 4727 2928 4783 fastorum
2957 4730 3110 4785 titulo
3145 4731 3314 4802 prior,
3349 4743 3402 4788 et
3425 4744 3513 4788 tua
3545 4735 3735 4789 llomm

2303 4817 2588 4874 Praecessit
2619 4829 2866 4876 nostrum
2897 4823 3030 4878 sella
3064 4824 3274 4880 curulis
3301 4826 3455 4882 ebur.

2231 4911 2300 4966 Et
2326 4927 2445 4982 qua:
2465 4912 2780 4980 jamdudum
2807 4913 2899 4969 tibi
2933 4916 3106 4984 palma
3134 4920 3348 4985 poetica
3383 4920 3571 4990 pollet.

2307 5001 2595 5059 Lemnisco
2623 5014 2817 5059 ornata
2840 5016 2944 5074 est,
2978 5022 3088 5078 quo
3117 5024 3237 5064 mea
3257 5011 3433 5079 palma
3459 5022 3631 5068 caret.

2230 5093 2518 5165 Lougtevae
2541 5103 2748 5151 tantum
2781 5111 3109 5166 superamus
3141 5099 3352 5158 honore
3381 5113 3640 5160 senectae.

2233 5243 2242 5250 _
2301 5187 2438 5256 Quid
2464 5189 2667 5244 refert?
2684 5190 2873 5245 cornix
2902 5207 3009 5246 non
3035 5191 3158 5248 ideo
3175 5202 3306 5250 ante
3323 5209 3581 5266 cycnum.

2229 5281 2344 5337 Nec
2373 5281 2498 5352 quia
2528 5282 2676 5336 mille
2705 5297 2881 5338 annos
2908 5283 3039 5339 vivit
3070 5284 3402 5356 Gangeticus
3438 5289 3576 5357 ales,

2304 5373 2486 5430 Vincit
2509 5383 2725 5430 centum
2749 5375 2955 5447 oculos,
2981 5379 3132 5448 regie
3158 5395 3314 5450 pave,
3339 5390 3481 5437 tuos.

2227 5463 2485 5522 Cedimus
2515 5466 2748 5537 ingenio,
2780 5477 3042 5538 quantum
3074 5471 3437 5541 praecedimus
3466 5491 3603 5531 aevo.

2303 5561 2552 5631 Assurgit
2575 5560 2738 5616 Musae
2765 5574 2951 5616 nosua
2977 5561 3208 5619 Camena
3242 5575 3366 5620 tuae.

2233 5657 2386 5725 Vive,
2415 5658 2535 5714 vale
2560 5675 2571 5711 :
2603 5668 2660 5714 et
2683 5658 2908 5715 totidem
2939 5670 3198 5742 venturos
3225 5677 3460 5734 congere
3488 5662 3680 5730 Janus,

2303 5750 2443 5818 Quot
2475 5761 2619 5818 tuus,
2648 5761 2741 5807 aut
2765 5764 2952 5808 neSIer
2981 5769 3307 5814 conseruere
3336 5767 3536 5826 patres.
