4108 6188
261 216 370 278 939

818 331 1151 391 EPISTOLA
1193 335 1313 393 XX.

581 422 855 481 Ausoutus
893 425 1133 485 Paumso
1170 443 1269 485 suo
1304 428 1548 484 salutem.

335 536 547 604 Quanto
578 554 657 593 me
684 538 857 607 affecit
889 539 1150 610 beneﬁcio,
1179 558 1286 597 non
1312 543 1487 599 delata
1514 544 1742 615 quidem,
1782 546 1874 600 sed

255 642 496 704 suscepta
519 632 845 703 querimonia
880 650 1012 704 utea,
1054 633 1280 691 Pauline
1306 636 1422 706 ﬁli!
1460 638 1649 693 veritus
1687 638 1874 708 displi—

256 725 428 779 cuisse
468 725 661 790 oleum,
702 724 846 796 quod
890 726 1130 795 miseras,
1178 744 1366 783 munus
1409 729 1651 785 iterasti:
1693 730 1872 786 addito

259 817 416 872 etiam
473 815 871 873 Barcinonensis
925 800 1107 875 murice
1175 821 1502 877 condimento
1558 824 1871 880 cumulatius

259 912 572 983 prwstitisti.
607 912 725 969 Scis
751 922 923 968 autem
955 931 1036 969 me
1062 916 1117 969 id
1163 933 1346 972 nomen
1389 916 1688 986 MURI.E,
1729 920 1871 992 quod

258 1008 313 1060 in
342 1023 440 1062 usu
464 1006 603 1078 vulgi
643 1015 739 1076 est,
796 1023 889 1062 nec
935 1009 1121 1077 solere,
1171 1028 1261 1066 nec
1307 1028 1457 1081 posse
1497 1014 1706 1068 dicere:
1754 1030 1871 1068 cum

258 1099 589 1177 scientissimi
610 1108 866 1165 austerum,
915 1112 965 1155 et
1009 1101 1191 1158 (ἔνευσα
1236 1105 1484 1160 vocabula
1527 1106 1868 1177 fastidientes,

258 1189 511 1246 Latinum
528 1174 593 1246 'in
619 1190 795 1248 GARI
824 1194 1176 1266 appellatione
1202 1213 1303 1252 non
1339 1174 1586 1252 habeant.
1631 1198 1740 1254 Sed
1776 1174 1869 1269 ego

257 1301 577 1355 quocumque
618 1287 825 1342 nomine
870 1288 1075 1359 loquar,
1126 1290 1295 1361 liquor
1342 1291 1438 1346 iste
1475 1289 1865 1349 SOCIORUM

258 1389 493 1434 vocatur.
531 1377 683 1435 Vale.
1298 1406 1301 1411 ·

259 1514 383 1569 Jam
414 1516 629 1587 patinas
659 1516 899 1587 implebo
930 1535 1104 1587 meas,
1138 1532 1195 1577 ut
1218 1524 1437 1594 parcior
1458 1525 1547 1582 ille

258 1607 528 1679 Majorum
556 1610 764 1667 mensis
787 1612 1031 1683 applaria
1058 1630 1251 1674 succus
1279 1619 1524 1674 inundet.

1749 174 2135 305 custom.

1892 342 1949 404 Α
1972 342 2216 415 Amicus,
2252 353 2308 402 et
2332 346 2560 417 vicinus,
2595 358 2649 405 et
2679 350 2856 407 fautor
2887 361 3031 417 tuus.

3472 245 3576 304 930

1975 434 2211 493 llonoris
2238 448 2448 507 auctor,
2480 440 2625 497 altor
2653 441 2830 514 ingeni
2861 444 2957 499 tui.

1976 524 2075 583 Dic
2102 536 2158 583 et
2185 529 2465 601 magister,
2489 530 2577 588 die
2604 548 2823 603 parens,
2852 534 2941 591 dic
2968 537 3152 595 omnia

1973 616 2178 674 Blanda
2209 627 2374 688 atque
2403 632 2590 679 saneta
2620 624 2900 682 charitatis
2929 630 3166 685 nomina.

1974 712 2201 783 Aveque
2227 712 2395 780 dicto,
2425 714 2514 771 die
2544 716 2697 786 Vale,
2727 730 2785 774 et
2814 728 3054 790 actutum
3085 723 3226 780 redi.

1973 801 2127 868 Quod
2161 803 2207 859 si
2237 807 2470 877 rogabit,
2498 809 2628 879 quid
2652 824 2817 880 super
2839 810 3063 883 scriptis
3090 816 3248 874 novis

1973 898 2218 956 Maturus
2248 903 2372 973 aevi,
2411 918 2512 960 nec
2538 904 2688 960 rudis
2719 905 3013 977 dijudicem
3039 927 3056 965 :

1972 988 2198 1048 Nescire
2223 991 2398 1062 dices,
2425 994 2522 1051 sed
2549 1004 2797 1067 paratum
2823 997 2935 1068 jam
2967 998 3087 1057 fore

1976 1080 2328 1139 Hernicorum
2361 1100 2618 1142 versuum
2650 1087 2868 1158 plenum
2898 1091 3172 1149 essedum.

1971 1173 2070 1230 Cui
2097 1177 2400 1249 subjugabo
2425 1178 2493 1236 de
2525 1182 2792 1237 molarum
2822 1184 3160 1257 ambagibus,

1972 1267 2074 1337 Qui
2099 1271 2388 1327 machinati
2421 1287 2553 1328 saxa
2584 1274 2809 1331 volvunt
2837 1278 3097 1347 pondere,

1972 1361 2238 1433 Tripodes
2262 1365 2501 1423 caballos
2528 1376 2678 1438 terga
2711 1381 2900 1439 ruptos
2926 1374 3174 1431 verbere.

1973 1454 2069 1511 His
2095 1464 2153 1510 ut
2177 1458 2445 1513 vehantur
2473 1470 2583 1517 tres
2611 1463 2828 1521 sedales
2856 1467 3050 1523 nuntii.

1973 1544 2110 1601 Fors
2140 1555 2196 1603 et
2222 1550 2457 1620 rogabit,
2484 1567 2623 1623 quos
2652 1554 2872 1613 sodales
2900 1558 3110 1616 dixeris

1974 1636 2147 1695 Simul
2178 1640 2404 1698 venire:
2435 1642 2544 1708 die,
2575 1644 2874 1704 'l‘rinodem
2899 1649 3172 1723 dactylum

336 1742 480 1810 Quid
508 1753 678 1799 autent
702 1754 809 1799 tam
847 1748 1089 1815 amabile,
1140 1759 1346 1822 tamque
1388 1751 1665 1826 hospitale,
1711 1772 1866 1826 quam
1892 1729 1944 1792 Β
1970 1729 2095 1826 Ῡίίίί
2126 1743 2369 1826 Paratum
2401 1735 2665 1792 "Miami
2693 1742 2977 1798 cauterio:

257 1834 401 1905 quod
422 1842 502 1903 tu,
533 1844 588 1890 ut
616 1853 696 1891 me
721 1840 1023 1911 participes,
1053 1840 1268 1898 delicias
1294 1854 1408 1899 tuas
1438 1847 1493 1900 in
1530 1847 1645 1915 ipsa
1683 1849 1868 1919 primi-

261 1925 456 1980 tiarum
498 1928 719 1983 novitate
764 1930 1086 2000 defraudes?
1119 1950 1149 1987 o
1189 1934 1340 1990 melle
1369 1935 1593 2005 dulcior,
1627 1956 1657 1993 o
1684 1942 1868 2009 gratia:

261 2026 520 2073 venustate
542 2020 791 2089 festioior,
817 2036 847 2075 o
870 2022 934 2075 ab
957 2023 1188 2079 onmibus
1219 2027 1390 2094 patrio
1410 2030 1706 2100 stringende
1728 2047 1867 2085 cont-

259 2107 453 2177 plexu!
480 2110 586 2166 Sed
607 2109 741 2179 haec,
769 2122 921 2181 atque
948 2114 1056 2167 alia
1080 2113 1382 2184 huiusmodi
1409 2116 1724 2173 documenta
1744 2121 1870 2175 libe-

259 2201 388 2256 ralis
414 2202 595 2268 aninti,
624 2203 785 2258 alicui
815 2208 1058 2275 fortasse,
1088 2215 1137 2261 et
1171 2208 1475 2277 aliquando,
1514 2211 1745 2279 quanwis
1785 2228 1870 2265 ra-

260 2292 372 2348 rius
392 2309 412 2349 .°
437 2294 572 2350 illud
597 2296 661 2351 de
682 2297 1018 2367 epistolarum
1041 2301 1596 2384 tuarumeruditione,
1641 2304 1706 2358 de
1746 2322 1869 2375 poe-
1912 2364 1917 2369 ,

261 2386 418 2440 matis
436 2387 793 2458 jucunditate,
822 2389 885 2445 de
903 2390 1215 2459 inventione,
1241 2401 1287 2447 et
1308 2394 1725 2463 concinnatione,
1740 2399 1870 2467 jura

265 2481 463 2547 omnia,
492 2481 627 2536 nulli
648 2499 893 2554 umquam
933 2485 1188 2540 imitabile
1217 2486 1473 2556 futurum,
1512 2489 1606 2544 etsi
1644 2490 1872 2560 fateatur

262 2570 591 2629 imitandum.
615 2573 695 2631 De
722 2593 825 2648 quo
852 2578 1127 2650 apusculo,
1157 2588 1213 2634 ut
1233 2580 1407 2652 jnbes,
1431 2583 1641 2653 faciam.
1672 2583 1872 2655 Exqui-

264 2666 417 2723 sitius
446 2668 684 2724 universa
713 2668 904 2726 limabo
926 2687 945 2726 :
970 2681 1019 2726 et
1048 2675 1286 2744 quamvis
1313 2692 1405 2748 per
1430 2685 1477 2732 te
1503 2661 1688 2733 manus
1731 2695 1874 2734 sunt-

268 2773 354 2811 ma
382 2760 677 2832 contigerit,
714 2763 900 2816 coelum
924 2766 1204 2834 super/luce
1223 2766 1555 2838 eapolitionis
1579 2767 1838 2824 adhibebo
1853 2785 1873 2825 .'

268 2852 435 2922 magis
461 2861 520 2906 ut
548 2853 639 2907 tibi
666 2870 900 2925 parcam,
930 2872 1084 2926 quam
1119 2868 1175 2913 ut
1206 2860 1448 2930 perfectis
1487 2862 1688 2934 aliquid
1728 2864 1873 2932 adii-

266 2945 423 3000 ciam.
452 2945 664 3001 Interea
693 2958 885 3016 tamen,
914 2966 977 3005 ne
1006 2951 1115 3006 sine
1157 2951 1437 3008 corollario
1477 2957 1675 3025 poetico
1710 2956 1876 3011 tabel-

269 3036 436 3092 larius
452 3046 569 3093 tuus
584 3040 792 3105 rediret,
815 3043 995 3113 paucis
1007 3043 1239 3099 iambicis
1251 3044 1838 3120 prceludendumputaui
1852 3063 1870 3102 :

269 3130 397 3184 dum
420 3132 578 3200 illud,
601 3132 739 3203 quod
757 3150 791 3187 a
816 3110 897 3189 me
918 3136 1124 3192 heroico
1150 3110 1313 3193 metro
1341 3139 1632 3210 desideras,
1659 3110 1874 3197 inchoa—
1898 3110 1945 3175 Ο

270 3231 375 3278 tur.
408 3221 510 3279 Isti
534 3234 725 3295 tamen,
763 3228 837 3282 ita
880 3237 928 3283 te
963 3240 1010 3284 et
1053 3229 1372 3301 Hesperium
1417 3233 1586 3288 salvos
1633 3233 1872 3304 habeam,

268 3316 409 3386 quod
431 3318 599 3389 spatio
643 3318 1111 3376 lucubratiunculas
1157 3324 1315 3378 unius
1360 3322 1518 3391 effusi
1565 3342 1877 3398 quamquam

271 3406 371 3461 hoc
400 3408 501 3480 ipsi
528 3410 593 3465 de
618 3427 673 3466 se
697 3412 1008 3483 probabunt,
1034 3422 1207 3469 tamen
1245 3415 1377 3470 nihil
1417 3416 1707 3486 diligentia:
1744 3420 1877 3475 ulte—

271 3503 430 3558 rioris
457 3504 765 3561 habuerunt.
801 3507 951 3565 Vale.

345 3659 529 3719 lambe
555 3663 788 3733 Parthis,
815 3674 872 3723 et
897 3664 1179 3740 Cydonum
1211 3668 1455 3741 spiculis,

274 3751 457 3810 lambe
483 3754 661 3826 pinnis
690 3757 880 3813 alitum
913 3759 1175 3830 velocior,

278 3845 407 3903 Padi
436 3848 642 3906 ruentis
670 3850 876 3922 impetu
908 3855 1226 3924 torrentior,

275 3937 466 4012 Magna
496 3956 710 3998 sonora:
738 3944 1021 4014 grandinis
1050 3946 1105 4001 vi
1137 3946 1380 4015 densior,

274 4029 537 4090 Flammis
563 4034 771 4091 corusci
799 4035 1042 4093 fulminis
1071 4037 1355 4107 vibratior,

275 4122 396 4181 Jam
422 4142 565 4183 nunc
594 4143 690 4199 per
718 4145 877 4185 auras
908 4131 1090 4189 Persei
1123 4133 1408 4198 talaribus,

278 4218 579 4291 Petasoque
604 4221 731 4278 ditis
758 4222 1004 4281 Arcados
1035 4235 1244 4295 vectus,
1273 4227 1418 4283 vola.

270 4310 331 4366 Si
363 4328 491 4368 vera
518 4313 659 4370 fama
688 4325 774 4372 est
800 4316 1162 4389 Hippocrene,
1193 4335 1355 4390 quam
1389 4318 1546 4391 pedis

274 4404 443 4461 l’ulsu
470 4407 686 4464 citatam
717 4411 970 4480 cornipes
1002 4410 1141 4467 fudit
1169 4411 1410 4468 tremens
1435 4431 1449 4468 :

275 4499 357 4555 Tu
381 4498 531 4558 fonte
558 4502 611 4558 in
638 4502 758 4574 ipso
787 4514 1108 4575 procreatus
1139 4506 1353 4579 Pegasi,

274 4593 495 4651 Primus
524 4611 790 4654 novorum
820 4609 990 4656 metra
1017 4600 1250 4672 iunxisti
1278 4602 1512 4674 pedum:

276 4685 499 4760 lllicque
526 4690 696 4746 musis
723 4693 1141 4750 concinentibus
1174 4710 1395 4765 novem,

274 4778 493 4838 Caedem
525 4782 580 4838 in
609 4782 863 4841 draconis
887 4786 1171 4843 concitasti
1199 4788 1431 4844 Delium.

276 4871 385 4930 Fer
407 4875 550 4931 hanc
578 4877 806 4934 salutem
839 4894 1050 4951 praepes
1078 4891 1133 4938 et
1160 4882 1471 4953 volucripes

276 4961 488 5021 Paulini
517 4966 584 5023 ad
612 4982 783 5040 usque
809 4972 1031 5038 mmuia,
1062 4973 1462 5047 llebromagum
1496 4977 1706 5051 loquor.

276 5056 349 5115 Et
373 5060 638 5131 protinus,
662 5062 778 5134 jam
806 5064 851 5120 si
887 5066 1179 5139 resumptis
1206 5068 1414 5126 viribus

275 5151 458 5208 Alacri
492 5152 678 5210 refecti
708 5157 956 5229 corporis
984 5167 1134 5215 motu
1161 5160 1327 5232 viget,
1514 5234 1519 5238 δ

279 5242 505 5301 Salvere
521 5244 734 5315 jussum
764 5264 891 5305 mox
919 5265 1146 5320 reposce
1175 5262 1443 5310 mutuum.

278 5335 427 5393 Nihil
450 5339 720 5396 moreris:
745 5340 969 5413 jamque
997 5342 1125 5399 dum
1155 5343 1369 5415 loquor,
1398 5344 1538 5413 redi,

277 5428 523 5489 Imitatus
551 5432 703 5489 illum
729 5432 914 5506 stirpis
942 5445 1221 5494 auctorem
1251 5446 1374 5495 tum.

276 5520 507 5595 Triplici
535 5524 807 5585 furentem
838 5531 928 5597 qui
958 5529 1282 5588 Chimaeram
1313 5533 1568 5592 inccndio

275 5616 682 5692 Supervolavit,
714 5629 865 5679 tutus
893 5623 1019 5697 igne
1044 5625 1308 5696 proximo.

282 5709 384 5770 Dic
410 5720 467 5772 et
501 5712 729 5773 Valere:
759 5714 869 5789 dic,
902 5718 1080 5776 Avere
1110 5726 1162 5776 te
1183 5717 1343 5791 jubet

1970 1822 2259 1894 Spondeus
2293 1826 2369 1881 illi
2400 1826 2631 1900 leutipes
2657 1830 2766 1885 ibat
2795 1848 3000 1902 comes,

1969 1914 2198 1971 Paribus
2227 1928 2470 1974 moratur
2490 1921 2579 1990 qui
2611 1921 2746 1978 locis
2773 1939 2997 1981 cursum
3029 1944 3209 1986 meum
3237 1947 3251 1985 :

1970 2007 2210 2078 Mihique
2234 2009 2448 2077 similis,
2477 2026 2694 2082 semper
2717 2015 2978 2074 adversus
3009 2027 3213 2089 tamen,

1969 2097 2083 2155 Nec
2111 2114 2228 2170 par,
2262 2117 2364 2159 nec
2392 2101 2587 2174 impar,
2619 2106 2711 2176 qui
2740 2106 3039 2166 Trocltmus
3067 2111 3284 2171 dicitur.

1970 2193 2100 2249 llaec
2129 2194 2243 2251 fare
2268 2198 2495 2269 cursim,
2529 2214 2628 2256 nec
2659 2211 2900 2260 moratus
2930 2207 3172 2276 pervola,

1971 2284 2188 2358 Aliquid
2219 2299 2504 2358 reportans
2532 2291 2755 2349 interim
2783 2300 3091 2357 munusculi

1973 2379 2049 2437 De
2079 2381 2331 2452 largitate
2361 2385 2555 2441 musici
2586 2391 2923 2459 promptarii.

2517 2530 2847 2592 EPISTOLA
2886 2536 3030 2595 XXI.

2284 2647 2552 2705 Ausoruus
2589 2647 2828 2708 Panum
2870 2668 2969 2710 suo
3018 2656 3260 2714 salutem.

2049 2784 2250 2844 Multas
2276 2799 2324 2844 et
2366 2782 2659 2864 frequentes
2686 2792 2816 2851 milti
2846 2799 3031 2871 gratia:
3058 2796 3161 2858 tute
3197 2821 3385 2863 causas
3412 2821 3460 2866 et
3490 2794 3579 2865 oc;

1976 2880 2119 2935 casio
2143 2882 2370 2937 subinde
2402 2894 2529 2940 nata
2563 2889 2862 2959 concinnat,
2892 2904 2941 2947 et
2987 2903 3194 2952 natura:
3221 2908 3322 2955 tua:
3347 2902 3582 2971 facilitas

1978 2972 2202 3045 benigna
2225 2967 2494 3043 conciliat,
2538 2980 2766 3038 Pauline
2794 2986 2896 3054 ﬁli.
2920 2985 3083 3058 Nam,
3113 2988 3243 3060 quia
3272 2967 3427 3061 nihil,
3452 3013 3579 3066 pos-

1977 3077 2123 3122 cente
2144 3084 2244 3138 me,
2274 3070 2482 3141 abnuis,
2502 3075 2669 3149 magis
2696 3080 2845 3133 acuis
2872 3082 3189 3151 procaciam,
3225 3102 3383 3156 quam
3403 3069 3583 3144 retun—

1979 3156 2095 3213 dis:
2141 3169 2197 3214 ut
2242 3178 2380 3217 nunc
2407 3181 2615 3237 quoque
2652 3168 2708 3223 in
2746 3186 2906 3225 causa
2946 3170 3190 3229 Philonis
3227 3182 3584 3248 procuratoris

1975 3253 2240 3323 quondant
2276 3257 2378 3311 mei
2402 3258 2697 3330 experiere,
2742 3265 2836 3334 qui
2861 3263 3006 3337 apud
3030 3265 3427 3327 Hebromanum
3452 3268 3582 3329 con-'-

1977 3344 2099 3400 ditis
2148 3346 2399 3404 mercibus
2422 3392 2436 3418 ,
2469 3368 2598 3423 quas
2628 3370 2721 3424 per
2749 3371 2904 3427 agros
2946 3358 3178 3415 diversos
3226 3363 3434 3431 coemit,
3459 3382 3585 3420 con-

1978 3456 2122 3495 cesso
2151 3442 2214 3496 ab
2243 3444 2539 3498 hominibus
2569 3448 2673 3503 tuis
2711 3465 2833 3503 usus
2882 3451 3111 3522 hospitio
3152 3454 3429 3512 immature
3446 3461 3585 3530 peri-

1978 3530 2193 3585 clitatur
2212 3535 2428 3605 expelli.
2464 3536 2619 3603 Quod
2644 3538 2751 3591 nisi
2772 3539 3080 3610 indulseris,
3120 3557 3340 3615 rogante
3380 3564 3490 3615 me,
3524 3542 3582 3604 ut

1979 3633 2028 3678 et
2075 3640 2221 3680 mora
2271 3625 2541 3683 habitandi
2580 3630 2654 3684 'ad
2702 3624 3031 3689 commodum
3077 3650 3234 3692 suum
3272 3649 3487 3696 utatur:
3532 3653 3583 3697 et

1980 3734 2169 3790 nauso,
2202 3721 2413 3793 aliaque
2438 3726 2623 3795 quavis
2651 3727 2768 3781 navi
2794 3744 2956 3800 usque
2979 3730 3051 3784 ad
3066 3732 3317 3804 oppidum
3338 3737 3580 3805 prazbita,

1981 3810 2153 3882 frugis
2181 3811 2562 3885 aliquantulum
2590 3826 2785 3874 nostra:
2825 3820 3008 3876 advehi
3037 3825 3221 3894 possit,
3250 3824 3583 3885 Lucaniacus

1981 3914 2039 3959 ut
2069 3906 2249 3978 inopia
2293 3908 2538 3964 liberetur
2570 3922 2803 3968 mature:
2849 3923 2957 3970 tota
2985 3913 3081 3971 illa
3109 3917 3319 3988 fatnilia
3362 3920 3585 3978 hominis

1981 3995 2199 4053 litterati
2227 4016 2331 4055 non
2360 4001 2431 4056 ad
2453 4000 2620 4057 Tullii
2649 4008 3066 4076 frumentariam,
3098 4011 3191 4065 sed
3211 4013 3281 4066 ad
3309 4011 3583 4070 Curculio-

1983 4106 2098 4144 nem
2130 4091 2314 4148 Plauti
2350 4096 2646 4166 pertinebit.
2680 4096 2802 4153 Hoc
2830 4117 2933 4171 quo
2978 4102 3187 4174 {acilius
3220 4105 3584 4176 impetrarem,

1984 4194 2072 4240 aut
2098 4202 2199 4256 quo
2229 4190 2482 4258 majorem
2512 4193 2759 4247 verereris
2780 4196 3102 4265 molestiam,
3130 4198 3177 4252 si
3197 4215 3434 4271 negares,
3462 4218 3587 4258 con-

1984 4278 2247 4333 cinnatam
2274 4280 2495 4348 iambis,
2549 4284 2916 4356 signatumque
2943 4286 3015 4340 ad
3045 4298 3093 4342 te
3127 4290 3398 4360 epistolam
3429 4294 3586 4350 misi:

1985 4385 2049 4425 ne
2077 4368 2413 4427 subornatum
2443 4372 2647 4429 diceres
2674 4375 3004 4433 tabellarium
3023 4420 3039 4448 ,
3073 4380 3120 4433 si
3144 4380 3214 4434 ad
3238 4390 3284 4437 te
3313 4382 3426 4437 sine
3451 4383 3591 4454 signi

1906 4490 1960 4551 Β
1987 4463 2091 4532 [ide
2119 4463 2329 4519 veniret.
2359 4463 2580 4538 Signavi
2618 4475 2791 4523 autem
2816 4509 2830 4535 ,
2881 4486 2984 4524 non
3015 4479 3071 4524 ut
3101 4470 3328 4528 Plautus
3355 4474 3469 4539 ait,
3496 4490 3588 4542 per

1982 4574 2175 4625 ceram,
2207 4568 2257 4614 et
2287 4559 2475 4625 linum,
2501 4558 2804 4632 litterasque
2838 4561 3170 4635 interpretes,
3193 4563 3285 4620 sed
3312 4581 3403 4635 per
3423 4568 3588 4637 poeti-

1981 4667 2098 4705 cum
2124 4649 2479 4708 characterem
2520 4653 2684 4725 ntagis
2715 4654 3003 4711 notavimus
3024 4700 3039 4727 ,
3072 4664 3335 4729 tamquam
3381 4659 3588 4732 signum

1982 4742 2291 4815 impressum
2308 4744 2605 4817 judicares.

1982 4874 2202 4944 Philan,
2234 4878 2371 4935 meis
2400 4877 2492 4949 qui
2519 4877 2787 4935 villicatus
2814 4877 3059 4949 praediis,

2052 4968 2122 5026 Ut
2150 4970 2268 5040 ipse
2297 4970 2433 5040 vult,
2464 4972 2782 5043 epitropos;

1981 5062 2152 5136 (Nam
2177 5064 2474 5135 gloriosum
2500 5065 2782 5124 Graeculus
2811 5082 3015 5125 nomen
3047 5077 3225 5139 putat,

2051 5158 2208 5228 Quod
2236 5173 2418 5216 sermo
2447 5159 2599 5217 fucat
2625 5159 2894 5229 Doricus)

1979 5248 2106 5309 Suis
2130 5250 2370 5323 querelis
2397 5250 2596 5308 asserit
2625 5260 2841 5308 nostras
2871 5264 3099 5324 preces:

2051 5343 2198 5412 Quas
2225 5344 2341 5415 ipse
2372 5342 2547 5400 lentus
2572 5357 2892 5415 prosequor.

1984 5433 2207 5492 Videbis
2235 5434 2434 5506 ipsum,
2464 5434 2643 5506 qualis
2671 5433 2852 5492 adstet
2880 5433 3151 5504 cominus,

2052 5506 2232 5603 Imago
2258 5529 2491 5586 fortunae
2517 5544 2653 5598 suae,

1979 5624 2184 5693 Canus,
2213 5636 2488 5689 comosus,
2520 5612 2790 5692 hispidus,
2824 5628 2966 5691 trux,
2994 5620 3241 5691 attubus,

2052 5717 2415 5777 Terentianus
2444 5713 2720 5776 Phormio.
