4108 6188
545 209 644 271 951
1374 214 1378 220 ·
1922 180 2105 259 υιξσιι
2140 179 2424 255 Αυερριιι
3744 182 3861 249 ω

544 328 786 383 Horrens
814 318 1026 392 capillis
1052 324 1110 373 ut
1142 313 1383 373 marinus
1407 308 1618 381 asperis

613 416 872 479 Echinus,
900 421 993 467 aut
1018 423 1210 466 versus
1241 406 1363 463 mei.

539 508 643 566 Hic
672 521 817 577 saepe
847 504 1012 567 falsus
1036 500 1306 560 messibus
1331 494 1711 569 vegrandibus,

611 600 820 657 Nomen
848 611 1076 669 perosus
1105 592 1291 659 villici,
1390 642 1394 647 .

541 696 799 752 Semente
828 706 971 755 sere,
1000 688 1116 749 sive
1147 685 1373 746 mullum
1408 694 1719 756 prtecoqna,

612 790 680 845 Et
707 786 929 845 siderali
959 783 1194 845 inscitia,

539 880 747 938 Ctelum
779 880 1073 943 lacessens,
1105 888 1272 945 seque
1301 871 1474 943 eulpae
1501 865 1847 935 subtrahens,

612 975 754 1030 Reos
784 971 992 1043 peregit
1017 968 1251 1029 milites.
1808 1026 1817 1031 η

538 1065 656 1122 Non
686 1066 863 1120 cultor
894 1064 1124 1127 instans,
1158 1074 1265 1117 non
1294 1067 1477 1115 arator
1502 1053 1775 1125 gnat-uris,

611 1158 968 1226 Promusque,
996 1168 1159 1224 quam
1188 1151 1398 1208 condas
1428 1148 1620 1216 magis,

538 1252 763 1309 Terram
799 1248 1094 1314 inﬁdelem,
1123 1260 1224 1303 uec
1251 1243 1486 1303 feracem
1515 1240 1841 1300 criminans,

607 1341 878 1414 Negotiari
906 1340 1110 1404 maluit.

539 1435 807 1492 Mereatur
832 1447 1047 1505 quoquo
1076 1429 1197 1491 loro
1227 1427 1516 1491 venalium.

498 1570 503 1575 .
608 1528 882 1582 Mutualur
909 1523 976 1579 ad
1003 1522 1247 1585 Grecam
1278 1518 1464 1577 ﬁdem.

534 1618 869 1690 Sapiensque
894 1630 1058 1687 supra
1082 1612 1307 1673 Grant-i8
1333 1617 1542 1680 septem
1575 1603 1740 1670 viros,

606 1713 837 1765 Octavus
866 1707 1095 1763 accessit
1124 1703 1345 1774 sonitus.

534 1803 604 1858 Et
633 1816 775 1856 nunc
803 1800 1016 1870 paravit
1048 1797 1283 1853 triticum
1309 1807 1469 1853 caseo
1497 1790 1635 1857 sale.

605 1895 894 1962 Novusque
926 1891 1094 1961 pollet
1121 1903 1397 1958 emporus.
1422 1912 1423 1915 η

534 1986 662 2042 Adit
690 1984 1005 2056 inquilinos,
1037 1997 1187 2047 rura,
1220 1980 1394 2045 vicos,
1427 1974 1643 2047 oppida.
1686 2020 1687 2025 η

603 2079 716 2136 Soli
743 2087 801 2133 et
826 2077 925 2139 sali
952 2074 1301 2137 commercio.

532 2172 739 2238 Acatis,
768 2170 1027 2241 phaselis,
1056 2166 1330 2230 lintribus,
1366 2162 1564 2228 stlatis,
1597 2168 1739 2225 rate,

602 2264 823 2320 Tarnim
854 2271 910 2318 et
934 2260 1263 2321 Garumnam
1291 2260 1549 2325 permeat.

529 2364 607 2416 Ac
633 2359 781 2414 lucra
809 2354 1042 2419 damnis,
1070 2353 1264 2415 damna
1296 2358 1510 2415 mutans
1537 2344 1835 2412 fraudibus,

600 2452 674 2507 Se
700 2449 855 2516 ditat,
889 2458 944 2504 et
972 2458 1060 2501 me
1090 2451 1370 2523 pauperat.

525 2545 575 2601 Is
607 2556 752 2599 nunc
775 2541 838 2597 ad
873 2536 1048 2611 usque
1077 2544 1267 2593 vectus
1296 2532 1694 2602 Hebromagum
1726 2538 1894 2593 tuam,

597 2636 793 2691 Sedem
825 2630 1026 2689 locavit
1049 2627 1340 2686 mercibus.

592 3011 819 3068 Nostros
846 3010 897 3066 in
928 3022 1079 3079 usus,
1108 3015 1167 3061 ut
1197 3004 1383 3069 refert,

520 3105 673 3162 llunc
706 3120 806 3181 ego
832 3102 1038 3183 paucis,
1072 3116 1142 3166 ne
1172 3096 1415 3170 graveris
1448 3092 1735 3171 hostiitem.

519 3239 534 3255 ο
615 3237 630 3252 0
709 3234 725 3250 0
804 3233 818 3248 0
898 3231 914 3248 ο
994 3232 1009 3248 0
1089 3230 1102 3247 ι
1182 3231 1198 3247 0
1280 3231 1294 3245 0
1375 3229 1390 3242 ο
1471 3228 1486 3241 0
1567 3227 1582 3242 0
1660 3225 1677 3240 0
1756 3224 1772 3238 ο
1851 3222 1866 3239 0

516 3287 748 3359 Adjutus
776 3293 836 3339 ut
859 3296 987 3338 mox
1012 3281 1163 3337 navis
1190 3280 1389 3335 auxilio
1415 3288 1542 3347 tum,

587 3379 671 3436 Ad
699 3391 873 3449 usque
896 3387 1084 3449 portus
1113 3372 1318 3447 Oppidi,

512 3473 632 3529 Jam
658 3470 768 3542 jam
796 3468 1083 3534 Perusina,
1114 3475 1171 3521 et
1194 3463 1489 3536 Saguntina
1516 3460 1679 3527 fame,

587 3563 946 3621 Lucaniacum
975 3562 1191 3618 liberet.
1512 3608 1519 3613 .

509 3660 623 3717 Hoc
650 3659 698 3717 si
727 3661 1068 3733 impetratum
1098 3670 1297 3710 munus
1326 3653 1420 3710 abs
1454 3663 1509 3710 te
1533 3665 1817 3722 accepero,

580 3753 734 3808 Prior
763 3751 970 3815 colere,
999 3763 1159 3820 quam
1189 3749 1377 3804 Ceres.

508 3842 885 3916 Triptolemon
915 3840 1066 3909 olim,
1097 3838 1212 3895 sive
1242 3837 1617 3917 Epimenidem
1648 3842 1861 3902 vocant,

580 3941 689 3995 Aut
712 3936 999 3993 Bulianum
1032 3935 1305 4006 Buzygcn,

509 4031 625 4088 Tuo
654 4030 845 4088 locabo
872 4027 1256 4103 postferendos
1286 4025 1510 4087 nomini.

504 4127 547 4197 ε,
576 4123 712 4181 Nam
745 4137 944 4183 munus
974 4123 1080 4179 hoc
1110 4122 1202 4177 lict
1233 4131 1403 4176 tuum.

1036 4256 1375 4315 EPISTOLA
1412 4252 1577 4312 XXII.

892 4376 1157 4432 Ausomus
1197 4372 1436 4427 PAULINO
1472 4370 1714 4424 salutem.

503 4487 760 4547 Proxima
791 4502 907 4562 quae
940 4496 1144 4544 nosme
1176 4484 1357 4542 fuerat
1385 4480 1718 4556 querimonia
1745 4478 1970 4547 chartae,

501 4582 874 4647 Credideram,
906 4580 1049 4657 quod
1080 4590 1152 4644 te,
1183 4578 1427 4645 Pauline,
1459 4575 1737 4631 inﬂectere
1764 4579 1969 4649 posset,

500 4674 843 4745 Eliccretque
869 4682 1013 4729 tuam
1041 4670 1236 4728 blanda
1264 4668 1567 4739 obiurgatio
1594 4681 1808 4722 vocem.

502 4766 612 4824 Sed
644 4777 698 4820 tu
720 4766 916 4835 juratis
946 4766 1095 4821 velut
1121 4764 1228 4819 alta
1254 4761 1475 4817 silentia
1500 4760 1670 4814 sacris

502 4858 741 4914 Devotus
771 4867 975 4922 teneas,
1008 4865 1221 4927 perstas
1250 4855 1304 4919 in
1332 4854 1455 4924 lege
1485 4851 1719 4909 tacendi.

498 4951 616 5008 Non
644 4950 808 5007 licet:
838 4964 981 5005 anne
1009 4949 1194 5020 pudet,
1225 4949 1269 5004 si
1301 4949 1421 5018 quis
1451 4946 1545 5004 tibi
1574 4945 1697 5017 jure
1724 4952 1950 5017 paterno

496 5042 663 5099 Vivat
689 5042 894 5100 amicus
922 5038 1122 5107 adhuc,
1147 5054 1475 5111 murreaque
1494 5039 1764 5096 obnoxius
1790 5038 2001 5097 limes?

495 5139 724 5210 ignavos
752 5138 918 5210 agitet
946 5136 1067 5192 talis
1097 5137 1294 5201 timur;
1325 5143 1382 5191 at
1412 5134 1512 5191 tibi
1536 5132 1717 5189 nullus

493 5232 579 5289 Sit
604 5241 814 5290 metus:
847 5240 903 5288 et
924 5245 1131 5287 morem
1162 5229 1342 5284 missae
1365 5237 1710 5299 acceptaeque
1737 5223 1926 5285 salutis

495 5325 767 5382 Audacter
794 5324 1004 5390 retine;
1034 5323 1122 5379 vel
1153 5323 1199 5377 si
1230 5321 1327 5378 tibi
1355 5320 1600 5392 proditor
1629 5319 1816 5386 instat,

492 5422 598 5478 Aut
622 5420 926 5492 quaesitoris
951 5420 1166 5491 gravior
1189 5433 1418 5475 censura
1445 5417 1687 5484 timetur,

489 5514 726 5571 Occurre
754 5513 993 5585 ingenio,
1026 5529 1133 5585 quo
1162 5528 1309 5584 saepe
1336 5513 1545 5568 occulta
1574 5502 1850 5583 teguntur.

491 5605 725 5662 Threicii
756 5606 1031 5677 quondam
1054 5622 1220 5679 quam
1252 5621 1397 5665 saeve
1424 5605 1645 5663 licentia
1671 5603 1815 5677 regis

490 5691 717 5755 Fecerat
744 5695 1034 5769 elinguem,
1068 5712 1166 5768 per
1196 5694 1317 5754 licia
1347 5701 1494 5755 texta
1518 5695 1773 5767 querelas

2161 297 2213 371 Α
2238 309 2442 376 Edidit,
2473 314 2528 363 et
2553 303 2737 362 tacitis
2767 302 3043 365 mandavit
3069 300 3295 365 crimina
3327 299 3470 355 telis.

2244 402 2314 456 Et
2343 396 2658 470 pudibunda
2686 410 2815 453 suos
2841 394 2987 453 malo
3011 390 3281 455 conmisit
3307 402 3525 455 amores

2247 491 2431 564 Virgo,
2463 505 2562 551 nec
2588 488 2807 546 erubuit
2835 487 3067 550 tacituro
3095 483 3311 547 conscia
3338 495 3522 552 pomo.

2243 584 2522 654 Depressis
2552 581 2835 643 scrobibus
2863 578 3052 635 vitium
3086 576 3265 649 regale
3295 573 3545 631 minister

2243 673 2507 743 Credidit,
2538 673 2698 745 idque
2722 672 2811 732 diu
2846 673 2976 725 texit
3003 667 3261 723 ﬁdissima
3292 665 3447 720 tellus
3474 682 3485 717 :

2243 768 2509 841 inspirata
2538 767 2732 821 dehinc
2759 773 2923 822 vento
2953 761 3192 819 cantavit
3218 757 3448 817 arundo.

2244 860 2410 919 Lacte
2434 859 2614 923 incide
2641 866 2795 914 notas
2821 875 2835 912 :
2867 869 3122 911 arescens
3152 852 3342 908 charta
3372 849 3582 908 tenebit

2243 952 2471 1021 Semper
2502 950 2805 1021 inaSpicuas
2830 965 2845 1003 :
2876 946 3173 1020 prodentur
3203 942 3405 1013 scripta
3434 941 3648 1007 favillis.

2248 1044 2341 1108 Vel
2365 1043 2829 1103 Lacedaemonium
2860 1041 3104 1119 scytalen
3138 1038 3375 1105 imitare,
3412 1034 3580 1090 libelli

2242 1135 2495 1215 segmina
2530 1134 2806 1205 l'ergamei
2838 1131 2992 1187 tereti
3022 1128 3356 1187 circumdata
3383 1128 3527 1200 ligno

2244 1225 2511 1296 Perpetuo
2538 1223 2839 1287 inscribens
2870 1239 3056 1289 versu;
3083 1221 3172 1292 qui
3201 1218 3399 1281 deinde
3430 1220 3642 1276 Solutus

2243 1316 2361 1372 Non
2392 1315 2786 1387 respondentes
2817 1324 3008 1384 Sparso
3036 1314 3184 1369 dabit
3213 1311 3408 1366 ordine
3437 1309 3666 1380 fortnas,

2244 1410 2428 1465 Donec
2455 1408 2756 1464 consimilis
2787 1407 2912 1477 ligni
2946 1405 3236 1475 replicetur
3261 1403 3313 1458 in
3345 1403 3554 1459 orbem.

2242 1500 2557 1557 innumeras
2590 1516 2808 1571 possum
2838 1499 3046 1556 celandi
3078 1497 3372 1555 ostendere
3396 1497 3622 1566 ferron,

2244 1594 2309 1649 Et
2340 1582 2704 1650 clandestinae
2735 1594 2975 1648 veterum
3008 1606 3256 1648 reserare
3286 1589 3557 1660 loquelas,

2162 1686 2213 1763 Β
2239 1685 2293 1742 Si
2321 1686 2495 1758 prodi,
2522 1684 2770 1753 Pauline,
2804 1687 2982 1750 times,
3009 1692 3319 1755 nostraeque
3350 1683 3562 1738 vereris

2240 1778 2456 1835 Crimen
2488 1776 2762 1835 amicitiae.
2795 1775 3060 1847 Tanaquil
3093 1786 3181 1830 tua
3212 1773 3418 1831 nesciat
3444 1773 3611 1841 istud.

2241 1870 2320 1926 Tu
2349 1876 2643 1927 contemne
2668 1869 2833 1936 alios;
2871 1885 2972 1925 nec
2998 1867 3293 1941 dedignare
3324 1877 3607 1941 parentem

2239 1966 2405 2024 Aﬁ‘ari
2435 1967 2636 2024 verbis.
2665 1966 2776 2038 Ego
2805 1982 2924 2021 sum
2956 1975 3078 2020 tuus
3104 1966 3267 2039 altor,
3297 1973 3352 2023 et
3381 1964 3472 2029 ille

2237 2060 2549 2129 Prmceptor
2576 2061 2807 2135 primus,
2836 2061 3043 2139 primus
3071 2059 3299 2129 largitor
3327 2059 3617 2126 honorum,

2239 2154 2449 2219 Primus
2480 2155 2533 2213 in
2565 2152 2837 2212 Aonidum
2865 2153 2956 2225 qui
2994 2164 3043 2208 te
3072 2152 3303 2225 collegia
3332 2152 3481 2213 duxi.

2751 2265 3090 2327 EPISTULA
3130 2265 3322 2329 XXIII.

2602 2361 2871 2423 Ausomus
2910 2360 3152 2423 PAOLIBO
3188 2360 3433 2419 salutem.

2232 2454 2585 2521 Discutimns,
2616 2455 2856 2520 Pauline,
2884 2454 3094 2525 iugum,
3125 2454 3269 2524 quod
3295 2465 3445 2512 certa
3474 2453 3695 2513 fovebat

2231 2545 2581 2617 Temperies:
2614 2545 2731 2602 leve
2760 2545 2904 2616 quod
2947 2547 3144 2616 positu,
3184 2554 3244 2602 et
3288 2544 3572 2605 tolerabile
3605 2547 3853 2617 junctis,

2232 2639 2524 2701 Tractabat
2553 2640 2776 2710 paribus
2800 2638 3091 2705 concordia
3120 2639 3269 2701 mitis
3295 2639 3543 2707 habenis,

2229 2732 2383 2801 Quod
2413 2747 2508 2799 per
2536 2739 2647 2791 tam
2672 2734 2886 2804 longam
2914 2733 3113 2795 seriem
3142 2731 3488 2793 volventibus
3514 2733 3677 2797 annis

2229 2824 2434 2889 Fabula
2463 2841 2572 2885 non
2602 2840 2883 2896 umquam,
2922 2840 3213 2897 numquam
3262 2826 3603 2895 (lacrimantia
3635 2828 3843 2899 movit,

2228 2919 2382 2981 Nulla
2412 2920 2632 2990 querela
2662 2920 2783 2977 loco
2811 2919 3038 2990 pepulit,
3072 2934 3181 2979 non
3211 2920 3313 2988 ira,
3344 2935 3447 2977 nec
3469 2935 3650 2986 error,

2231 3014 2339 3078 Nec
2368 3031 2490 3086 qua
2517 3016 2835 3086 compositis
2863 3015 3191 3073 malesuada
3214 3016 3433 3073 credula
3455 3018 3660 3083 causis,

2231 3066 2338 3078 νη
2369 3066 2487 3086 ηπ
2524 3066 2832 3086 "MP"---
2863 3066 3189 3073 ww---“
3218 3066 3371 3073 _--_-

2148 3066 2197 3133 Ω
2226 3107 2529 3163 Cuncinnat
2558 3108 2869 3165 verisimilis
2895 3108 3136 3180 suspicio
3160 3108 3371 3179 culpas.

2225 3198 2357 3255 Tata
2386 3197 2679 3269 placidum,
2708 3208 2821 3261 tam
2852 3200 2983 3259 mile
3002 3201 3190 3273 iugum
3216 3218 3227 3256 :
3268 3200 3414 3271 quod
3456 3210 3839 3347 alterum”.

3569 3288 3662 3337 ten

3569 3283 3757 3341 tentes

2222 3364 2303 3425 Ad
2336 3366 2545 3425 senium
2577 3368 2746 3424 nostri
2778 3378 2994 3427 traxere
3019 3366 3087 3422 ab
3113 3366 3321 3439 origine
3348 3366 3508 3427 vitas:

2220 3456 2644 3528 laiposituiuquc
2676 3458 2777 3528 piis
2803 3457 3132 3523 hacrcdihus,
3163 3474 3334 3531 usque
3360 3473 3582 3521 manere

2218 3551 2507 3621 Optaruut,
2536 3552 2663 3608 dum
2691 3553 2847 3623 longa
2878 3552 2995 3607 dies
3026 3552 3350 3609 dissolveret
3375 3569 3573 3610 navum.

2218 3646 2288 3700 Et
2316 3646 2533 3715 mansit,
2566 3647 2694 3703 dum
2727 3648 2850 3704 laeta
2884 3647 3040 3715 ﬁdes,
3071 3663 3173 3703 nec
3202 3663 3333 3705 cura
3365 3647 3581 3705 laborat

2216 3738 2389 3794 Ofﬁcii
2423 3756 2643 3797 servare
2671 3741 2817 3797 vices
2844 3760 2856 3796 :
2890 3742 2985 3799 sed
3016 3752 3211 3812 sponte
3237 3742 3485 3799 let-untur

2219 3829 2605 3886 lncustoditum
2630 3832 2732 3886 sibi
2761 3832 3131 3889 continuantia
3160 3848 3402 3890 cursum.

2214 3923 2329 3979 lloc
2360 3935 2467 3980 tam
2496 3927 2624 3981 mite
2647 3925 2837 3997 jugum
2862 3926 3027 3983 docili
3056 3928 3272 3984 cervice
3300 3929 3548 3985 subirent

2212 4016 2396 4072 Martis
2423 4020 2567 4089 equi,
2604 4020 2928 4092 stabuluque
2959 4021 3059 4077 feri
3089 4022 3370 4080 Diomedis
3395 4024 3571 4080 abacti
3599 4044 3611 4077 :

2213 4112 2279 4166 Et
2305 4113 2394 4182 qui
2429 4112 2649 4168 mutatis
2672 4112 2840 4181 ignoti
2872 4111 3009 4168 solis
3030 4113 3262 4170 habenis

2210 4205 2551 4261 Fulmineum
2584 4205 2920 4262 Phaethonta
2950 4206 3099 4263 Pado
3129 4223 3377 4265 mersere
3398 4209 3633 4281 iugales.

2214 4297 2563 4367 Discutimus,
2597 4297 2840 4364 Pauline,
2877 4309 3094 4357 tamen:
3129 4316 3231 4357 nec
3257 4301 3415 4373 culpa
3445 4301 3681 4359 ductim

2211 4390 2338 4457 ista,
2365 4389 2460 4445 sed
2492 4389 2647 4445 unius
2678 4399 2887 4446 tantum
2918 4402 3046 4447 tua:
3077 4407 3311 4464 namque
3339 4409 3445 4465 ego
3470 4409 3696 4467 semper

2126 4454 2182 4525 D
2207 4480 2472 4536 Contenta
2498 4480 2708 4537 cervice
2741 4480 2939 4548 feram;
2969 4454 3236 4539 consorte
3251 4454 3497 4541 laborum

2207 4572 2513 4638 Destituor;
2545 4588 2645 4629 nec
2669 4582 2778 4629 tam
2812 4585 3118 4646 promptum
3148 4586 3355 4647 gestata
3386 4576 3598 4634 duobus

2208 4664 2383 4722 Unum
2412 4665 2698 4721 deﬁciente
2725 4670 2838 4738 pari
2870 4668 3115 4737 perferre
3139 4670 3404 4726 sodalem.

2205 4758 2320 4814 Non
2349 4759 2581 4826 animus,
2614 4760 2868 4831 viresque
2897 4762 3080 4817 labant
3108 4780 3121 4817 :
3153 4763 3250 4820 sed
3284 4764 3469 4835 ὶηὶῳιι
3494 4763 3724 4821 terendo

2203 4852 2455 4910 Conditio
2482 4863 2567 4911 est
2594 4856 2768 4924 oneri,
2800 4870 2925 4911 eum
2955 4856 3168 4926 pondus
3194 4866 3488 4928 utrumque
3512 4857 3713 4915 relicto

2201 4944 2440 5018 Ingruit;
2465 4945 2836 5018 acceduntque
2861 4947 3052 5005 alienae
3082 4950 3321 5019 pondera
3349 4949 3524 5005 ἤδη.

2198 5041 2287 5098 Sic
2311 5057 2435 5112 pars
2461 5056 2604 5114 aegra
2635 5041 2871 5099 hominis
2899 5042 3065 5101 trahit
3088 5043 3154 5100 ad
3181 5043 3433 5115 contagia
3463 5058 3661 5102 unum

2198 5135 2408 5206 Corpus
2434 5154 2446 5189 :
2476 5144 2531 5191 et
2559 5135 2736 5205 exigui
2765 5135 3011 5213 quamvis
3039 5135 3353 5192 discrimine
3378 5135 3636 5205 membri,

2199 5228 2333 5283 Tota
2362 5243 2458 5299 per
2483 5228 2799 5286 innumeros
2827 5240 2978 5286 artus
3002 5243 3267 5300 compago
3290 5228 3531 5285 vacillat.

2197 5321 2408 5378 Obruar
2431 5336 2599 5393 usque
2637 5332 2840 5390 tamen,
2869 5323 3072 5379 veteris
3100 5338 3173 5379 ne
3191 5323 3335 5379 desit
3360 5323 3520 5380 amici

2199 5415 2282 5469 Me
2313 5413 2542 5469 durante
2575 5413 2739 5470 ﬁdes:
2770 5414 3107 5486 memorique
3132 5422 3193 5470 ut
3221 5413 3325 5471 lin
3355 5415 3459 5471 sub
3483 5429 3605 5474 avo

2195 5503 2507 5561 Rcstituant
2528 5504 2811 5577 profugum
2835 5507 3027 5566 solatia
3058 5516 3205 5565 casta
3236 5508 3501 5566 sodalem.

2194 5600 2381 5672 lmpie,
2407 5602 2649 5659 Pirithoo
2672 5602 3206 5675 disjungcreTbesea
3236 5610 3432 5677 possis,

2195 5691 2595 5766 Euryalumque
2614 5709 2715 5752 suo
2736 5694 2941 5753 seciam
2968 5710 3255 5757 secernere
3280 5697 3433 5756 meo.
