4108 6188
277 222 386 279 955

272 338 352 395 Te
375 335 642 393 suadente
663 336 867 407 fugam,
903 336 1134 409 Pylades
1150 337 1397 410 liquisset
1424 328 1705 405 Orestem;

272 430 387 488 Nec
409 428 742 487 custodisset
766 428 983 487 Siculus
1007 431 1312 487 vadimonia
1343 431 1571 487 Damon.

270 524 545 593 Quantum
571 521 913 579 oblectamen
944 524 1157 594 populi,
1189 539 1311 595 quin
1332 533 1458 580 vota
1490 523 1756 580 bonorum

267 618 500 688 Sperate
529 614 773 679 fraudata
805 616 985 672 bono?
1009 616 1286 673 Gratantia
1312 616 1495 673 cuncti

272 709 449 766 Verba
477 708 874 779 loquebantur;
905 707 1017 778 jam
1049 708 1268 764 nomina
1298 717 1489 764 nostra
1513 708 1777 780 parabant

272 802 522 858 lnserere
549 801 789 873 antiquis
818 801 919 856 aevi
951 802 1193 858 melioris
1222 802 1441 867 amicis;

269 890 515 949 Cedebat
538 892 806 964 Pylades:
850 891 1071 965 Phrygii
1099 908 1315 965 quoque
1342 894 1512 965 gloria
1538 893 1652 950 Nisi

270 985 391 1042 lam
428 985 631 1055 minor,
664 992 722 1040 et
753 986 1019 1056 promissa
1043 986 1244 1043 obiens
1269 987 1576 1044 vadimonia
1609 989 1833 1046 Damon.

271 1078 384 1135 Nos
411 1077 740 1135 documenta
765 1078 936 1150 magis
970 1080 1174 1137 felicia:
1203 1081 1385 1153 qualia
1405 1098 1631 1154 magnas

248 1172 477 1242 Scipio,
513 1171 853 1244 longaevique
877 1171 1025 1229 dedit
1055 1173 1317 1244 sapientia
1354 1174 1513 1241 Laeli;

268 1262 382 1320 Nos
411 1264 604 1320 studiis
622 1265 932 1336 animisque
960 1267 1172 1335 iisdem,
1208 1269 1468 1325 miracula
1490 1270 1737 1326 eunetis:

270 1355 389 1411 Hoc
411 1356 640 1425 majora,
670 1370 833 1427 pares
860 1357 1063 1414 fuimus
1090 1359 1234 1430 quod
1265 1359 1484 1433 dispare
1506 1362 1562 1417 in
1582 1376 1726 1418 levo.

268 1450 452 1520 Oeyus
474 1448 567 1504 illa
591 1449 705 1521 jugi
734 1449 914 1506 fatalis
942 1452 1160 1508 solvere
1180 1452 1299 1509 lora

268 1540 538 1596 Pellaeum
562 1542 807 1611 potuisse
829 1543 1022 1599 ducem
1055 1558 1202 1611 reor,
1224 1544 1405 1601 abdita
1430 1545 1636 1615 opertis

272 1631 593 1701 Principiis,
622 1640 677 1687 et
698 1641 931 1704 utroque
949 1643 1111 1705 caput
1134 1635 1362 1691 celantia
1387 1635 1553 1695 nodo.

266 1726 491 1782 Grande
518 1726 733 1797 aliquod
766 1728 992 1784 verbum
1024 1729 1281 1785 nimirum
1310 1730 1570 1801 diximus,
1594 1741 1651 1787 ut
1680 1745 1742 1788 se

265 1818 501 1876 inferret
530 1819 712 1877 nimiis
742 1821 943 1879 vindex
967 1822 1303 1879 Rhamnusia
1327 1824 1496 1890 votis;

265 1911 544 1969 Arsacidae
573 1922 629 1969 ut
657 1914 929 1985 quondam
959 1916 1106 1986 regis
1126 1931 1239 1971 non
1261 1916 1383 1971 laeta
1414 1916 1704 1988 triumphis

264 2002 505 2060 Grandia
533 2004 701 2061 verba
732 2020 985 2075 premens
1010 2007 1172 2062 ultrix
1197 2007 1297 2062 dea
1325 2006 1533 2063 Medica
1564 2008 1693 2064 belli

268 2095 482 2154 Sistere
499 2097 865 2169 Cecropidum
892 2101 949 2155 in
982 2100 1144 2156 terris
1170 2112 1518 2157 monumenta
1548 2102 1763 2173 paranti

262 2188 528 2245 Obstitit:
561 2199 616 2247 et
633 2189 802 2247 Graio
818 2191 930 2261 iam
956 2191 1068 2264 iam
1098 2191 1310 2264 ﬁgenda
1331 2200 1561 2264 tropaeo,

264 2280 424 2339 Ultro
449 2285 612 2340 etiam
632 2286 791 2341 victis
817 2285 1063 2342 Nemesis
1091 2287 1244 2343 stetit
1274 2287 1450 2343 Attica
1477 2288 1679 2344 Persis.

262 2373 398 2441 Quae
421 2374 518 2431 tibi
548 2374 867 2433 Romulidas
888 2391 1147 2449 proceres
1176 2392 1380 2435 vexare
1407 2378 1574 2434 libido
1593 2379 1720 2436 est?

266 2465 324 2522 in
352 2466 564 2532 Medos,
590 2470 911 2542 Arabasque
937 2480 1060 2527 tuos
1091 2487 1189 2543 per
1215 2473 1426 2539 nubila,
1454 2483 1508 2529 et
1539 2485 1718 2531 atrum

264 2558 439 2630 Perge
466 2559 655 2616 chaos.
688 2562 934 2619 Romana
965 2565 1159 2636 procul
1188 2565 1284 2623 tibi
1317 2567 1537 2622 nomina
1566 2578 1750 2626 sunto.

265 2650 381 2706 Illic
400 2666 587 2722 quare
609 2653 749 2710 alios
777 2660 1158 2727 oppugnatura
1189 2658 1441 2715 sodales:

266 2743 435 2801 Livor
460 2744 556 2800 ubi
586 2746 687 2801 iste
712 2756 856 2814 tuus,
882 2747 1358 2822 ferrugineumque
1383 2766 1657 2811 venenum

265 2838 582 2909 Opportuna
606 2842 717 2896 tuis
738 2840 985 2898 inimicat
1011 2852 1229 2913 pectora
1250 2844 1406 2901 fucis.

267 2932 578 3001 Paulinum,
604 2935 1037 3006 Ausoniumque,
1068 2937 1240 3005 viros,
1264 2953 1402 3008 quos
1422 2952 1578 2994 sacra
1609 2937 1819 3008 Quirini

264 3023 530 3095 Purpura,
562 3035 619 3082 et
645 3037 867 3082 auratus
891 3028 1091 3084 trabeae
1114 3027 1317 3084 velavit
1346 3032 1576 3087 amictus
1597 3074 1613 3100 ,

262 3115 382 3172 Non
402 3117 555 3173 decet
580 3118 803 3174 insidiis
824 3122 1124 3190 peregrinae
1152 3120 1347 3178 cedere
1372 3121 1530 3178 diva.

262 3209 406 3277 Quid
430 3226 652 3281 queror,
677 3212 884 3284 Eoique
908 3213 1151 3269 insector
1178 3215 1407 3270 crimina
1448 3215 1714 3272 monstri?

262 3307 483 3364 Occidui
507 3323 596 3364 me
625 3310 742 3380 ripa
780 3309 935 3381 Tagi,
966 3326 1054 3367 me
1083 3310 1287 3367 Punica
1314 3310 1468 3367 ltrdit

262 3400 519 3468 Barcino,
552 3417 639 3457 me
670 3402 895 3458 bimaris
915 3404 1041 3473 jnga
1072 3405 1324 3473 ninguida
1357 3405 1622 3476 Pyrenaei.

262 3493 533 3551 Manibus
558 3510 591 3550 e
622 3495 815 3566 patriis
845 3496 1027 3552 forsan
1059 3512 1276 3569 quoque
1307 3499 1471 3553 vestis
1493 3510 1546 3553 et
1567 3499 1699 3568 oris,

260 3584 544 3657 Quemque
573 3601 675 3643 suo
707 3588 869 3659 longe
905 3588 1126 3644 dirimat
1154 3589 1436 3660 provincia
1470 3599 1643 3646 tractu

258 3677 434 3734 Trans
452 3688 689 3747 montes,
705 3679 987 3751 solemque
1004 3681 1192 3745 alium;
1210 3691 1355 3736 trans
1370 3681 1589 3737 numina
1604 3690 1659 3738 et
1676 3681 1855 3752 urbes,

260 3770 330 3825 Et
356 3770 502 3843 quod
524 3778 794 3828 terrarum
818 3774 1049 3844 emtique
1066 3775 1379 3831 extenditur
1405 3776 1550 3833 inter

263 3863 618 3921 Emeritensis
648 3866 804 3936 Ante,
839 3867 1072 3940 latasque
1099 3868 1301 3925 ﬂuenta
1322 3870 1633 3928 Garamum.

260 3956 415 4024 Quod
443 3958 487 4012 si
509 3959 812 4014 intervallis
839 3961 1074 4030 spatium
1106 3960 1387 4018 tolerabile
1417 3962 1573 4019 limes

261 4048 501 4105 Poneret
525 4050 755 4122 exiguus
779 4052 1050 4122 (quamvis
1075 4052 1235 4125 longa
1264 4055 1445 4109 omnia
1476 4054 1723 4125 credant,

260 4139 539 4209 Quisimul
560 4156 682 4199 esse
694 4143 932 4215 volunt),
959 4143 1163 4201 faceret
1184 4154 1366 4203 tamen
1386 4146 1500 4218 ipsa
1521 4149 1861 4221 prepiuqnos

259 4233 399 4291 Cura
428 4238 601 4303 locos,
630 4237 824 4295 mediis
847 4238 1081 4310 iungens
1109 4240 1368 4296 distantia
1396 4242 1601 4299 verbis.

257 4329 531 4386 Santonus
554 4339 615 4387 ut
640 4333 742 4388 sibi
774 4333 1142 4405 Burdigalam,
1171 4351 1297 4391 mox
1326 4335 1503 4407 jungit
1527 4338 1800 4409 Aginnum

259 4419 357 4476 Illa
384 4422 487 4477 sibi
507 4432 563 4478 et
589 4425 817 4495 populos
848 4426 1165 4496 Aquitanica
1192 4441 1317 4482 rura
1346 4429 1630 4485 colentes:

260 4513 438 4585 thue
466 4515 678 4587 duplex“
698 4520 907 4585 Arelas,
941 4520 1151 4591 Alpinae
1176 4529 1317 4577 tecta
1344 4522 1588 4591 Vienna,

257 4605 676 4680 Narbonemque
707 4612 823 4681 pari
853 4614 1031 4683 spatio
1060 4614 1161 4668 sibi
1193 4614 1433 4670 conserit
1460 4632 1474 4669 :
1505 4624 1559 4670 et
1586 4631 1709 4672 mox

258 4699 668 4770 Quincuplicem
688 4703 866 4759 socias
892 4705 1007 4770 tibi,
1042 4704 1235 4760 Martio
1261 4704 1465 4771 Narbo,
1496 4706 1776 4766 Tolosam.

258 4791 375 4849 Hoc
395 4794 526 4850 mihi
551 4796 596 4851 si
627 4796 859 4866 spatium
889 4797 1081 4853 vicinis
1110 4799 1380 4856 iuvenibus
1406 4811 1576 4870 esset,

255 4882 413 4941 Tunc
438 4898 543 4957 ego
571 4894 624 4943 te
640 4895 701 4943 ut
724 4890 925 4945 nostris
945 4898 1131 4960 aptum
1154 4891 1549 4962 complecterer
1579 4894 1724 4951 ulnis
1747 4917 1761 4953 :

256 4977 593 5052 Allaretque
620 4989 738 5038 tuas
763 4996 925 5038 aures
950 4992 1151 5040 nostra:
1172 4999 1304 5041 aura
1326 4986 1572 5056 loquelae.

253 5069 413 5128 Nunc
438 5072 538 5130 tibi
567 5082 722 5131 trans
745 5075 932 5146 Alpes,
963 5088 1019 5134 et
1043 5093 1404 5136 marmoream
1435 5080 1687 5154 Pyrenen

255 5161 525 5220 Caesareae
554 5165 811 5238 Augustas
836 5168 1030 5225 domus
1057 5179 1166 5226 est.
1203 5169 1541 5245 Tyrrhenica
1565 5183 1787 5245 propter

257 5255 518 5325 Tarraco,
549 5266 604 5314 et
632 5259 885 5317 ostrifero
912 5262 1264 5332 superaddita
1293 5264 1523 5322 Barcino
1557 5276 1741 5337 ponto.

253 5345 344 5404 Ille
363 5347 489 5418 juga
517 5349 840 5424 Burdigalae,
884 5355 1029 5411 trino
1052 5370 1138 5413 me
1165 5357 1390 5414 ﬂumina
1418 5366 1563 5416 ctetu

257 5436 565 5507 Secernunt
591 5444 766 5508 turbis
787 5447 1142 5520 popularibus
1168 5468 1180 5507 :
1212 5449 1428 5523 otiaque
1460 5451 1602 5515 inter

256 5530 474 5591 Vitiferi
502 5549 763 5595 esercent
784 5540 979 5609 miles,
1012 5542 1310 5615 laetumque
1334 5543 1553 5600 colonis

256 5621 413 5709 Uber
432 5628 569 5700 agri,
595 5637 708 5686 tum
739 5639 898 5703 prata
920 5632 1176 5703 virentia,
1202 5642 1315 5691 tum
1337 5650 1529 5692 nemus
1554 5633 1765 5709 umbris

255 5708 570 5793 nobilibus,
594 5718 906 5795 celebrique
932 5722 1191 5799 frequens
1221 5723 1457 5788 ecclesia
1485 5727 1647 5807 vico;

1738 216 2121 279 EPISTULA.

1904 303 1961 400 ί
1984 339 2199 410 Totque
2228 353 2350 397 mea
2377 340 2431 396 in
2454 340 2668 397 Novero
2693 340 2796 397 sibi
2829 339 3080 413 proxima
3108 340 3311 412 praedia
3339 340 3519 414 pago,’

3476 225 3580 295 954

1987 432 2273 502 Dispositis
2304 440 2478 489 totum
2508 433 2717 491 vicibus
2748 434 2951 490 variata
2988 449 3083 503 per
3111 448 3311 490 annum
3337 451 3352 491 ε

1986 522 2227 595 Εεειίἀω
2253 532 2314 580 ut
2345 534 2561 596 tepeant
2595 526 2823 593 hiemes,
2858 525 3182 596 rabidosque
3208 540 3303 597 per
3332 535 3498 583 aestus

1982 617 2241 688 Aspirent
2268 628 2456 675 tenues
2482 618 2653 692 frigus
2678 620 2877 676 subtile
2907 620 3192 691 aquilones
3221 637 3236 675 :

1984 709 2062 765 Te
2092 709 2211 767 sine
2238 711 2333 767 sed
2366 712 2545 767 nullus
2571 721 2722 781 grata
2752 713 2870 769 vice
2901 714 3153 781 provenit
3182 727 3359 769 annus
3384 728 3399 777 ;

1986 802 2096 859 Ver
2117 804 2355 875 pluvium
2377 805 2500 861 sine
2525 804 2661 861 ﬂore
2693 806 2824 876 fugit
2849 822 2864 871 ;
2898 806 3049 861 canis
3078 804 3288 863 aestifer
3307 804 3492 871 ardet;

1983 893 2137 949 Nulla
2168 896 2514 954 autumnales
2544 897 2716 955 variat
2742 897 2981 954 Pomona
3012 913 3267 967 sapores;

1984 984 2278 1054 Ellusaque
2309 988 2542 1047 hiemem
2573 988 2861 1045 contristat
2887 988 3158 1059 Aquarius
3187 990 3351 1045 unda.

1979 1077 2318 1148 Agnoscisne
2341 1089 2512 1147 tuam,
2538 1080 2698 1139 Ponti
2729 1080 3066 1149 dulcissime,
3097 1082 3358 1153 culpam?

1977 1167 2111 1224 Nam
2142 1170 2274 1225 mihi
2303 1181 2456 1228 certa
2478 1172 2635 1240 ﬁdes,
2665 1188 2766 1229 nec
2796 1156 3199 1235 commutabilis
3231 1192 3484 1248 umquam

1977 1260 2190 1316 Paulini
2219 1262 2362 1319 illius
2389 1264 2593 1323 veteris
2622 1266 2926 1321 reverentia
2949 1266 3106 1325 durat
3132 1287 3142 1320 :
3174 1286 3179 1291 ·

1976 1350 2223 1423 Quaeque
2251 1367 2398 1423 meo,
2439 1362 2604 1423 atque
2634 1364 2729 1411 tuo
2757 1355 2932 1415 fuerat
2957 1358 3250 1417 concordia
3279 1360 3441 1431 patri.

1976 1446 2033 1504 Si
2061 1447 2210 1504 tendi
2234 1449 2407 1505 facilis
2428 1450 2680 1520 cuiquam
2711 1450 2813 1506 fuit
2838 1467 2996 1513 arcus
3025 1453 3227 1523 Ulixei,

1978 1540 2087 1594 Aut
2112 1548 2311 1610 praeter
2337 1540 2619 1599 dominum
2651 1543 2936 1601 vibrabilis
2962 1560 3131 1601 ornus
3155 1546 3410 1613 Achillei,

1976 1628 2088 1685 Nos
2109 1646 2328 1701 quoque
2355 1642 2467 1689 tam
2492 1633 2657 1704 longe
2682 1633 3021 1695 Rhamnusia
3056 1637 3261 1694 findere
3288 1638 3486 1694 solvet.

1897 1728 1948 1791 ι
1972 1720 2080 1779 Sed
2106 1738 2202 1781 cur
2226 1734 2335 1783 tam
2364 1736 2562 1785 Intesto
2584 1741 2710 1784 sero
2737 1729 2907 1789 tristia
2939 1730 3178 1787 carmina
3204 1734 3411 1791 versui

1971 1814 2038 1869 Et
2067 1829 2173 1870 non
2198 1816 2252 1870 in
2276 1817 2502 1875 meliora
2531 1818 2744 1877 animus
2770 1834 2832 1875 se
2861 1828 2984 1875 vota
3016 1824 3386 1893 propinquat?

1968 1904 2049 1961 Sit
2072 1907 2258 1975 procul
2285 1908 2389 1965 iste
2410 1919 2590 1967 metus
2617 1928 2628 1962 :
2661 1920 2810 1967 certa
2843 1922 2925 1967 est
2949 1912 3141 1968 ﬁducia
3176 1917 3356 1980 nobis,

1967 1996 2026 2053 Si
2053 1999 2268 2069 genitor
2293 2009 2562 2072 natusque
2584 2002 2680 2061 Dei
2711 2003 2798 2073 pia
2834 2006 2998 2061 verba
3018 2007 3298 2067 volentum

1967 2092 2239 2165 Accipiat,
2270 2102 2459 2151 nostro
2488 2095 2642 2152 reddi
2671 2106 2724 2152 te
2747 2112 2909 2168 posse
2932 2109 3197 2170 precatu:

1966 2183 2046 2242 Ne
2074 2200 2321 2255 sparsam
2348 2196 2671 2259 raptamque
2698 2189 2943 2258 domum,
2973 2192 3315 2264 lacerataque
3360 2205 3579 2255 centum

1964 2277 2072 2334 Per
2100 2278 2374 2348 dominos,
2408 2282 2614 2339 veteris
2638 2281 2848 2341 Paulini
2879 2299 3042 2353 regna
3075 2284 3325 2345 lleainus.

1964 2369 2153 2441 Teque
2180 2386 2378 2442 vagum
2408 2382 2525 2431 toto
2554 2388 2716 2443 quam
2749 2374 2911 2444 longa
2937 2375 3203 2446 Hispania
3235 2388 3434 2447 tractu,

1964 2461 2342 2541 immemorem
2371 2472 2640 2532 veterum,
2667 2466 2972 2537 peregrinis
3002 2467 3174 2527 ﬁdere
3207 2471 3417 2535 amicis.

1963 2552 2226 2621 Aceurre,
2251 2571 2287 2612 o
2314 2563 2561 2615 nostrum
2588 2557 2778 2626 decus,
2810 2574 2843 2617 ο
2870 2574 2993 2622 mea
3021 2562 3259 2621 maxima
3286 2578 3414 2619 cura
3432 2610 3448 2633 ,

1967 2644 2141 2713 Votis,
2172 2647 2557 2719 ominibusque
2584 2649 2764 2717 bonis,
2799 2651 3162 2724 precibusque
3187 2665 3430 2723 vocatus,

1963 2739 2311 2813 Appropera:
2342 2741 2472 2801 dum
2495 2753 2550 2803 tu
2576 2743 2815 2814 juvenis,
2844 2745 2975 2805 dum
3000 2758 3186 2805 nostra
3218 2758 3472 2807 senectus

1963 2828 2161 2889 Servat
2187 2832 2572 2893 inexhaustum
2602 2837 2698 2898 tibi
2724 2838 3026 2908 gratiﬁcata
3058 2840 3320 2911 vigorem.

1963 2922 2035 2981 Et
2052 2926 2272 2996 quando
2292 2926 2399 2984 iste
2416 2943 2569 2987 meas
2596 2930 2838 3000 impellet
2870 2934 3089 2993 nuntius
3116 2935 3321 2990 aures?

1964 3015 2109 3074 Ecce
2138 3027 2265 3077 tuus
2285 3018 2543 3077 Paulinus
2572 3022 2764 3090 adest;
2783 3024 2891 3093 jam
2926 3024 3184 3095 ninguida
3215 3028 3409 3098 linquit

1884 3116 1933 3181 ο
1962 3109 2170 3191 Oppida
2202 3111 2504 3182 lbernrutn,
2533 3113 2840 3173 Tarbellica
2868 3116 2976 3187 jam
3007 3128 3154 3176 tenet
3182 3135 3308 3177 arva
3336 3137 3351 3186 ;

1965 3200 2293 3273 Hebromagi
2311 3203 2427 3273 jam
2457 3214 2607 3263 tecta
2631 3206 2816 3273 subit;
2837 3207 2949 3279 jam
2980 3210 3183 3279 praedia
3213 3212 3398 3269 lratris

1963 3292 2149 3351 Vicina
2181 3296 2525 3366 ingreditur;
2552 3297 2666 3367 jam
2699 3299 2899 3361 labitur
2921 3317 3080 3359 amne
3103 3306 3381 3373 secundo;

1958 3383 2186 3457 Jamque
2204 3388 2259 3445 in
2281 3402 2579 3458 conspectu
2600 3399 2715 3457 est;
2741 3392 2850 3461 jam
2876 3408 3037 3463 prora
3055 3396 3360 3456 obvertitur
3378 3402 3560 3470 amni;

1962 3478 2347 3551 ingressusque
2368 3483 2453 3539 sui
2477 3481 2753 3543 celebrata
2780 3500 2878 3553 per
2904 3487 3045 3549 ostia
3076 3499 3266 3557 portus

1962 3568 2159 3624 Totum
2188 3572 2526 3631 occursantis
2553 3573 2737 3643 populi
2771 3579 3113 3643 prmvertitur
3142 3595 3336 3649 agmen
3364 3602 3378 3638 :

1962 3661 2031 3715 Et
2046 3676 2145 3723 sua
2176 3665 2518 3733 praeteriens,
2545 3664 2655 3734 jam
2682 3666 2794 3737 jam
2825 3678 2913 3727 tua
2934 3669 3120 3727 limina
3153 3675 3352 3742 pulsat.

1962 3753 2270 3823 Credimus,
2293 3773 2362 3815 an
2392 3760 2484 3829 qui
2513 3771 2718 3826 amant,
2750 3761 2855 3829 ipsi
2883 3763 2986 3820 sibi
3014 3769 3223 3824 sontnia
3253 3770 3497 3842 tingunt?

2476 3851 2815 3911 EPISTULA
2858 3853 3056 3917 XXIV.

2289 3950 2557 4004 Ausozttus
2597 3948 2836 4006 PAULINO
2873 3967 2972 4007 suo
3008 3954 3246 4011 salutem.

1962 4037 2164 4106 Quarta
2192 4037 2293 4096 tibi
2324 4038 2440 4096 haec
2467 4049 2628 4098 notos
2654 4042 2860 4099 detexit
2890 4046 3121 4119 epistola
3152 4059 3402 4119 questus,

1966 4130 2213 4197 Pauline,
2246 4140 2302 4187 et
2325 4130 2526 4188 blando
2554 4132 2788 4191 residem
2815 4118 3070 4193 sermone
3098 4138 3339 4196 lacessit.

1962 4222 2210 4284 Oliicium
2238 4225 2335 4282 sed
2375 4226 2522 4285 nulla
2552 4227 2698 4296 pium
2731 4227 2863 4287 mihi
2893 4231 3082 4300 pagina
3113 4232 3322 4303 reddit,

1964 4316 2163 4373 Fausta
2192 4318 2502 4389 salutigeris
2529 4321 2809 4379 ascribcns
2836 4338 2962 4380 orsa
2989 4308 3209 4384 libellis.

1964 4411 2121 4468 Unde
2149 4412 2311 4469 istam
2339 4415 2541 4470 meruit
2568 4430 2676 4470 non
2706 4416 2835 4472 felix
2867 4418 3054 4475 charta
3083 4423 3381 4492 repulsam,

1882 4505 1938 4568 Ι)
1962 4502 2184 4574 Spernit
2214 4514 2323 4561 tam
2348 4504 2509 4576 longo
2538 4506 2774 4563 cessatio
2798 4524 2963 4578 quam
2992 4520 3080 4565 tua
3104 4511 3245 4567 fastu
3274 4513 3296 4567 i

1963 4598 2147 4657 iiostis
2173 4597 2243 4655 ab
2265 4597 2429 4654 hoste
2458 4606 2639 4655 tamen
2673 4615 2769 4670 per
2797 4601 3029 4658 barbara
3061 4606 3227 4661 verba
3253 4607 3484 4664 salutem

1961 4689 2173 4762 Accipit
2196 4707 2210 4744 :
2234 4700 2289 4747 et
2311 4689 2474 4747 Salve
2504 4690 2703 4751 mediis
2731 4694 3027 4753 intervenit
3049 4699 3237 4754 armis.

1961 4780 2316 4853 Respondent
2343 4793 2397 4843 ct
2422 4797 2550 4840 saxa
2580 4783 2807 4847 homini.
2840 4786 3137 4847 Percussus
3164 4790 3234 4846 ab
3252 4793 3426 4850 antris

1960 4877 2152 4936 Sermo
2178 4878 2343 4948 redit,
2371 4880 2515 4939 redit
2541 4888 2596 4937 et
2620 4896 2903 4939 nemorum
2935 4886 3139 4944 vocalis
3166 4890 3345 4961 imago
3372 4909 3387 4947 :

1964 4969 2194 5026 Littorei
2216 4972 2453 5028 clamant
2479 4976 2721 5043 scopuli,
2754 4975 2884 5033 dant
2914 4994 3189 5037 murmura
3213 4983 3343 5049 rivi,

1965 5061 2207 5135 Hybieis
2228 5064 2427 5133 apibus
2451 5080 2610 5135 sepes
2638 5067 2862 5138 depasta
2891 5084 3163 5128 susurrat.

1966 5155 2064 5213 Est
2092 5165 2146 5213 et
2174 5156 2495 5219 arundineis
2520 5160 2816 5217 modulatio
2844 5165 3049 5221 musica
3080 5166 3247 5237 ripis:

1964 5246 2212 5318 Cumque.
2242 5249 2358 5309 suis
2388 5248 2625 5320 loquitur
2655 5254 2950 5312 tremulum
2977 5272 3131 5313 coma
3164 5259 3322 5328 pinea
3352 5259 3550 5317 ventis.

1965 5337 2211 5395 Incubuit
2237 5339 2380 5401 foliis
2408 5344 2622 5411 quoties
2651 5343 2786 5402 levis
2817 5345 2995 5403 Eurus
3018 5349 3214 5419 acutis,

1965 5431 2229 5504 Dindyma
2255 5432 2546 5504 Gargarieo
2573 5439 2905 5508 respondent
2930 5443 3143 5499 cantica
3168 5444 3314 5500 luco.

1964 5522 2046 5578 Nil
2076 5533 2283 5579 mutum
2311 5534 2501 5583 natura
2533 5528 2682 5585 dedit
2710 5547 2723 5586 :
2752 5547 2861 5588 non
2885 5535 3027 5591 aeris
3055 5536 3195 5603 ales,

1963 5615 2422 5690 Quadrupedesve
2444 5619 2628 5689 silent,
2662 5624 2829 5682 habet
2857 5635 2913 5683 et
2940 5643 3036 5684 sua
3061 5629 3220 5688 sibila
3250 5648 3495 5707 serpens,

1964 5708 2033 5776 Et
2057 5722 2228 5785 nam
2252 5724 2567 5786 mitescunt
2593 5714 2744 5775 tenui
2772 5717 2889 5778 vice
2920 5719 3069 5787 vocis
3095 5720 3336 5787 anhelat.
3397 5763 3400 5766 .
3470 5764 3483 5795 ς
