4108 6188
573 200 679 257 0ἳὸ

567 313 828 386 Cymbala
850 313 984 370 dant
1006 311 1154 370 llictu
1177 313 1439 379 sonitum.
1471 311 1602 368 dant
1633 311 1835 383 pulpita
1860 311 2002 368 saltu

566 403 679 460 leta
709 406 940 473 pedum:
970 406 1133 460 tentis
1155 405 1385 460 reboant
1409 419 1539 461 cava
1566 408 1818 476 ty‘mpana
1849 404 2014 476 tergis
2039 420 2054 461 :

567 497 774 554 Isiacos
799 498 1000 570 agitant
1031 497 1324 554 Mareotica
1358 497 1521 552 sistra
1550 496 1813 552 tumultus
1839 512 1856 563 ;

567 589 682 646 Nec
712 589 969 646 Dodonaei
989 598 1169 646 cessat
1199 589 1426 644 tinnitus
1453 587 1639 654 aheni,

568 679 627 736 In
661 696 948 737 numerum
979 681 1233 752 quotiens
1266 680 1431 735 radiis
1458 679 1779 735 ferientibus
1809 678 1930 734 icta:

569 772 918 844 Respondent
949 772 1156 829 dociles
1181 772 1459 828 modulato
1496 771 1729 827 verbere
1760 771 1963 841 pelves.

569 865 649 920 Tu
675 866 821 922 velut
844 865 1088 922 (Ehaliis
1117 865 1328 921 habites
1357 866 1659 921 taciturnus
1691 863 1957 936 Amyclis,

566 956 676 1012 Aut
701 967 788 1012 tua
814 956 1053 1028 Sigalion
1087 957 1381 1029 Egyptius
1403 956 1589 1012 oscula
1619 957 1817 1027 signet,

567 1049 1140 1119 Obnixutn,'Pauline,
1181 1060 1350 1106 taces.
1394 1051 1646 1119 Agnosco
1682 1050 1983 1119 pudorem:

568 1140 722 1208 Quod
751 1140 939 1197 vitium
971 1140 1119 1197 l‘ovet
1147 1140 1263 1211 ipsa
1295 1157 1452 1196 suum
1482 1142 1718 1197 cessatio
1739 1141 1903 1211 iugis.

570 1234 817 1306 Dumque
838 1235 1006 1306 pudet
1032 1235 1265 1290 tacuisse
1291 1235 1406 1299 diu,
1442 1235 1619 1305 placet
1645 1235 1952 1290 ofﬁciorum

567 1326 685 1383 Non
719 1341 939 1384 servare
964 1327 1111 1382 vices
1139 1344 1153 1380 :
1183 1336 1239 1383 et
1259 1337 1441 1382 amant
1469 1328 1626 1398 longa
1656 1327 1764 1383 otia
1794 1328 2032 1398 culpam.

567 1420 702 1488 Quis
731 1420 981 1491 prohibet
1009 1420 1168 1476 Salve
1193 1429 1358 1492 atque
1390 1420 1521 1476 Vale
1549 1421 1819 1477 brevitate
1851 1428 2040 1491 parata

569 1512 863 1568 Scribere?
887 1512 1177 1582 felicesque
1206 1520 1363 1567 notas
1395 1512 1656 1566 mandare
1689 1512 1932 1568 libellis?

567 1604 686 1661 Non
707 1621 808 1678 ego
838 1606 1166 1678 longinquos
1194 1615 1251 1661 ut
1280 1614 1428 1662 texat
1456 1605 1648 1677 pagina
1682 1622 1873 1663 versus

567 1697 820 1753 Postulo:
855 1697 1252 1767 multiplicique
1274 1712 1470 1752 oneres
1497 1712 1755 1753 sermone
1778 1697 2026 1754 tabellas.

567 1788 686 1845 Una
718 1789 818 1843 fuit
848 1798 1076 1857 tantum,
1103 1805 1206 1860 qua
1236 1790 1571 1858 respondere
1598 1790 1864 1857 Lacones,

566 1878 770 1934 Littera
796 1897 808 1932 :
840 1888 896 1935 et
923 1881 1062 1935 irato
1087 1881 1198 1950 regi
1229 1881 1480 1949 placuere
1503 1891 1782 1952 negantes.

568 1970 667 2026 Est
686 1971 888 2026 etenim
917 1973 1090 2028 comis
1117 1973 1375 2028 brevitas.
1411 1973 1504 2029 Sic
1529 1972 1671 2027 fama
1702 1983 1950 2029 renatum

565 2062 927 2134 Pythagoram
951 2063 1203 2119 dot-uisse
1228 2065 1414 2130 refert,
1448 2054 1580 2119 cuni
1605 2065 1772 2119 multa
1799 2066 2056 2136 loquaces

563 2157 847 2227 Ambiguis
875 2167 1121 2212 sererent
1149 2155 1354 2221 verbis,
1386 2165 1576 2211 contra
1601 2157 1782 2212 omnia
1811 2159 1987 2213 solum

564 2246 684 2316 Est,
718 2250 1104 2320 respondebat,
1132 2249 1216 2305 vel
1248 2265 1380 2320 non.
1425 2249 1470 2306 Ο
1501 2259 1649 2305 certa
1681 2250 1936 2321 loquendi
2012 2272 2014 2274 ·

562 2342 802 2414 Regula!
834 2359 957 2398 nam
985 2343 1212 2400 brevius
1243 2341 1375 2398 nihil
1401 2351 1507 2408 est,
1534 2357 1636 2399 nec
1668 2343 1880 2413 plenius
1903 2343 2060 2398 istis:

562 2438 694 2506 Quae
722 2436 937 2492 ﬁrmata
965 2436 1221 2508 probant,
1250 2445 1346 2492 aut
1367 2435 1639 2491 inﬁrmata
1667 2435 1930 2491 relidunt.

561 2533 734 2590 Nemo
763 2533 930 2589 silens
963 2531 1163 2603 placuit
1189 2549 1201 2584 :
1235 2531 1390 2586 multi
1416 2530 1681 2586 brevitate
1710 2528 1986 2602 loquendi.

567 2625 765 2683 Verum
794 2638 896 2696 ego
924 2638 1034 2695 quo
1057 2624 1222 2678 stulte
1242 2622 1446 2678 dudum
1474 2623 1716 2693 spatiosa
1744 2623 1961 2678 locutus

563 2716 885 2773 Provehor?
911 2723 969 2771 ut
996 2715 1209 2771 diversa
1232 2715 1336 2770 sibi
1357 2715 1648 2786 vicinaque
1675 2714 1838 2785 culpa
1862 2723 1968 2780 est,

563 2808 727 2864 Multa
752 2808 1005 2878 loquens,
1025 2816 1082 2864 et
1101 2817 1296 2863 cuncta
1317 2807 1514 2862 silens!
1542 2822 1650 2862 non
1673 2807 1834 2862 ambo
1854 2808 2155 2877 placemus:

563 2901 674 2959 Nec
703 2913 921 2973 possum
953 2899 1206 2966 reticere,
1231 2899 1417 2970 jugum
1447 2900 1593 2971 quod
1629 2899 1802 2956 libera
1827 2913 2124 2969 numquam

561 2994 692 3051 Fert
721 2994 912 3065 pietas,
945 3007 1047 3050 nec
1073 3000 1220 3048 amat
1247 2991 1464 3048 blandis
1491 3001 1826 3063 postponere
1850 3007 2061 3049 verum.

560 3087 809 3155 Vcrtisti,
838 3087 1085 3153 Pauline,
1116 3097 1235 3142 tuos
1264 3085 1578 3143 dulcissime
1601 3086 1827 3143 mores?

552 3178 827 3234 ~Vasconis
858 3177 961 3230 hoc
989 3175 1183 3241 saltus,
1219 3185 1276 3231 et
1305 3177 1564 3245 ninguida
1588 3177 1835 3246 Pyrenaei

560 3268 829 3338 llospitia,
861 3276 916 3324 et
945 3267 1117 3322 nostri
1150 3266 1280 3322 facit
1308 3267 1413 3323 hoc
1439 3268 1646 3324 oblivio
1673 3270 1837 3326 caeli?

559 3359 832 3430 lmprecer
850 3373 918 3416 ex
941 3358 1135 3414 merito
1163 3359 1294 3430 quid
1319 3375 1429 3415 non
1458 3359 1577 3430 tibi,
1606 3361 1827 3418 Hiberia
1855 3363 2059 3420 tellus?

559 3451 637 3509 'l‘e
668 3452 929 3523 populent
951 3450 1105 3508 Poeni
1132 3467 1148 3507 :
1181 3459 1233 3506 te
1258 3450 1499 3522 perﬁdus
1529 3453 1762 3509 Annibal
1793 3465 1952 3510 urat:

559 3543 636 3600 Te
663 3544 792 3602 belli
819 3542 1002 3600 sedem
1028 3551 1244 3616 repetat
1264 3542 1539 3601 Sertorius
1563 3545 1738 3601 exsul.

560 3637 709 3710 Ergo
739 3652 942 3705 meum,
986 3637 1285 3708 patriaeque
1315 3637 1504 3704 decus,
1534 3640 1892 3712 columenque
1918 3644 2114 3706 senati,

558 3728 790 3798 Bilbilis,
818 3737 914 3785 aut
943 3727 1157 3785 haerens
1185 3729 1446 3800 scopulis,
1473 3729 1785 3804 Calagorris
1815 3733 2077 3790 habebit?

557 3821 662 3877 Aut
689 3836 811 3892 quae
843 3821 1070 3892 deiectis
1095 3823 1222 3894 juga
1252 3837 1353 3893 par
1382 3837 1644 3894 scruposa
1673 3825 1845 3881 ruinis

557 3912 725 3969 Arida
755 3921 1057 3972 torrentem
1078 3914 1308 3972 Sicorim
1337 3915 1619 3988 despectat
1645 3917 1911 3975 llilerda?

555 4004 657 4060 llic
678 4005 940 4073 trabeam,
971 4006 1217 4082 Pauline,
1245 4017 1414 4077 tuam,
1449 4008 1767 4083 Latiamque
1796 4011 2043 4085 curulem

552 4097 871 4164 Constituis.
910 4099 1225 4172 patriosque
1253 4101 1416 4158 isthic
1441 4104 1697 4174 sepelibis
1729 4105 2006 4162 honores?

553 4190 686 4259 Quis
712 4200 891 4248 tamen
922 4192 1024 4249 ista
1054 4193 1151 4249 tibi
1183 4203 1290 4250 tam
1320 4195 1477 4266 longa
1503 4196 1721 4254 silentia
1751 4199 1963 4255 suasit?

555 4280 756 4353 Impius
783 4293 842 4339 ut
871 4283 1049 4341 nullos
1076 4285 1166 4341 bic
1195 4302 1389 4344 vocem
1419 4298 1595 4345 vertat
1621 4291 1674 4346 in
1704 4305 1870 4347 usus:

551 4377 758 4435 Gaudia
782 4393 890 4436 non
912 4379 1067 4436 illum
1095 4390 1388 4453 vegetent:
1421 4400 1530 4440 non
1552 4384 1731 4441 dulcia
1761 4394 1943 4442 vatum

549 4467 826 4540 Carmina,
860 4485 968 4528 non
995 4471 1214 4530 blanda:
1241 4474 1543 4532 modulatio
1573 4476 1711 4534 ﬂexa
1740 4479 1996 4549 querelae,

546 4561 666 4618 Non
689 4563 826 4631 fera,
855 4579 963 4620 non
995 4563 1150 4620 illum
1176 4567 1434 4636 pecudes,
1463 4582 1570 4624 non
1598 4568 1832 4626 mulceat
1859 4571 1995 4638 ales,

546 4653 664 4711 Non
691 4672 813 4728 quae
842 4667 1120 4727 pastorum
1153 4660 1522 4717 nemoralibus
1543 4659 1727 4717 abdita
1752 4661 1889 4719 lucis

544 4745 765 4805 Solatur
795 4761 1010 4809 nostras
1036 4753 1185 4810 Echo
1207 4764 1458 4811 resecuta
1487 4742 1756 4826 loquelas.

544 4839 758 4912 Tristis,
787 4857 974 4913 egens,
996 4845 1213 4903 deserta
1236 4848 1380 4904 colat
1407 4866 1419 4902 :
1456 4849 1761 4921 tacitusque
1787 4862 2036 4922 pererret

544 4932 724 5005 Alpini
753 4948 994 4992 convexa
1018 4936 1133 5008 jugi
1159 4956 1174 4994 :
1208 4953 1308 4996 ceu
1335 4939 1537 4998 dicitur
1565 4941 1694 4999 olim

544 5026 745 5083 Mentis
771 5027 950 5100 inops,
980 5038 1157 5086 cattus
1181 5030 1478 5102 hominum,
1505 5044 1562 5092 et
1589 5035 1818 5108 vestigia
1847 5037 2045 5108 vitans,

542 5118 677 5176 Avia
711 5120 1074 5192 perlustrasse
1095 5139 1264 5196 vagus
1287 5125 1409 5183 loca
1435 5127 1912 5201 BellerOpbontes.

612 5212 741 5270 Haec
770 5228 1003 5286 precor:
1033 5215 1176 5276 hanc
1202 5233 1416 5289 vocem,
1439 5221 1647 5280 Boeotia
1670 5225 1918 5299 numina,
1944 5226 2129 5301 Musae,

541 5305 810 5379 Accipite,
832 5316 889 5367 et
907 5309 1078 5367 Latiis
1101 5319 1280 5369 vatem
1303 5323 1558 5372 revocate
1586 5314 1860 5376 Camenis.

1061 5453 1402 5515 EPISTULA
1437 5457 1608 5515 XXV.

1012 5566 1278 5627 Ausomus
1343 5569 1662 5631 Svuuacno.

603 5669 764 5731 Modo
792 5674 1048 5755 intelligo,
1066 5697 1222 5755 quam
1242 5682 1429 5742 mellea
1456 5701 1536 5742 res
1552 5687 1620 5745 sit
1640 5690 1830 5762 oratio,
1858 5707 2014 5763 quam
2039 5693 2128 5750 de-

1976 191 2159 252 DECII
2197 190 2471 253 AUSONII

3774 194 3875 253 936

2190 313 2244 372 Α
2271 311 2480 380 laniﬁca
2506 354 2521 377 ,
2564 320 2610 367 et
2660 327 2820 383 quam
2866 312 3031 366 suada
3073 309 3339 380 facundia.
3381 307 3699 364 Persuasisti
3745 310 3880 365 mihi

2270 403 2411 474 quod
2439 403 2674 473 epistola:
2700 420 2826 459 mea:
2854 403 2996 475 apud
3028 401 3262 475 Capuam
3292 400 3386 455 tibi
3415 400 3631 456 reddita:
3660 403 3876 455 concin-

2271 495 2417 548 natio
2444 495 2728 550 inhumana
2754 511 2857 550 non
2879 503 3032 548 esset.
3065 493 3172 549 Sed
3193 493 3288 547 hoc
3319 508 3422 547 non
3448 491 3644 546 diutius
3675 534 3688 556 ,
3721 509 3877 561 quam

2273 587 2400 642 dum
2427 587 2698 659 epistolam
2726 597 2868 642 tuam
2897 587 3020 658 legi,
3052 601 3167 658 quae
3189 602 3269 640 me
3295 585 3562 640 blanditiis
3587 585 3879 640 inhiantem

2271 679 2410 743 tuis,
2453 677 2592 732 velut
2636 695 2794 733 succo
2837 678 3059 731 nectaris
3101 676 3364 742 delibuta,
3413 676 3574 730 ducit.
3614 674 3721 731 Ubi
3761 694 3877 731 vero

2271 771 2568 825 chartulam
2598 787 2737 842 pono
2758 811 2772 835 ,
2823 781 2870 826 et
2919 769 3170 839 meipsum
3215 771 3476 841 interrogo
3498 809 3512 833 ,
3548 777 3658 822 tum
3687 770 3879 840 absyn-

2272 863 2439 918 thium
2471 881 2639 920 meum
2668 863 2869 934 resipit,
2895 873 2943 917 et
2970 862 3261 917 circumlita
3282 862 3436 916 melle
3456 873 3544 916 tuo
3565 862 3754 930 pocula
3783 863 3878 916 de-

2271 955 2557 1024 prehendo.
2583 955 2643 1010 Si
2671 972 2790 1010 vero
2813 997 2829 1020 ,
2879 955 2934 1008 id
2961 955 3101 1026 quod
3145 971 3284 1024 sa‘pe
3309 953 3466 1024 facio,
3499 953 3566 1006 ad
3589 953 3872 1023 epistolam

2270 1055 2416 1100 luant
2445 1047 2599 1110 redii,
2631 1063 2814 1102 rursus
2845 1047 3060 1110 illicior,
3085 1055 3130 1100 et
3159 1061 3369 1100 rursum
3391 1045 3482 1099 ille
3507 1046 3872 1108 suavissimus,

2270 1143 2360 1196 ille
2386 1143 2614 1213 floridus
2643 1144 2720 1198 tui
2740 1143 2992 1206 sermonis
3017 1141 3230 1210 affatus,
3251 1141 3485 1210 deposita
3517 1141 3757 1204 lectione,
3785 1157 3871 1193 va-

2270 1235 2430 1289 nescit
2453 1275 2469 1301 ,
2513 1246 2562 1289 et
2591 1235 2870 1290 testimonii
2897 1233 3102 1307 pondus
3129 1233 3364 1306 prohibet
3392 1236 3560 1288 inesse
3579 1234 3866 1288 dulcedini.

2271 1325 2389 1380 Hoc
2415 1343 2496 1382 me
2524 1327 2660 1383 velut
2688 1328 2859 1382 aerius
2886 1328 3105 1382 bractete
3140 1330 3290 1397 fucus
3307 1371 3322 1395 ,
3353 1337 3446 1380 aut
3491 1328 3633 1397 picta
3660 1327 3870 1396 nebula,

2271 1433 2374 1471 non
2405 1417 2633 1489 longius,
2656 1434 2813 1490 quam
2833 1417 2961 1472 dum
2984 1417 3210 1485 videtur,
3233 1416 3490 1472 oblectat:
3525 1415 3874 1472 Chamaeleon-

2271 1510 2336 1564 tis
2366 1510 2594 1566 bestiolae
2611 1512 2742 1576 vice,
2766 1527 2882 1582 qua:
2908 1511 2974 1565 de
3001 1512 3239 1582 subjectis
3269 1512 3426 1566 sumit
3447 1512 3693 1566 colorem.
3717 1512 3874 1565 Aliud

2270 1603 2439 1656 sentio
2467 1619 2531 1656 ea;
2561 1602 2779 1674 epistola
2803 1613 2912 1670 tua,
2946 1604 3092 1657 aliud
3121 1620 3184 1658 ea:
3213 1604 3530 1658 conscientia
3557 1593 3671 1659 mea
3693 1621 3714 1658 :
3741 1614 3790 1658 et
3819 1612 3876 1657 tu

2202 1697 2253 1757 B
2279 1714 2358 1751 me
2389 1698 2548 1752 audes
2580 1698 3078 1768 facundissimorum
3109 1699 3374 1753 hominum
3414 1699 3574 1752 laude
3617 1697 3876 1769 dignari?

2271 1797 2358 1854 tu,
2389 1789 2600 1858 inquam
2639 1788 2766 1842 mihi
2813 1789 2936 1856 ista,
2968 1790 3057 1860 qui
3078 1799 3126 1844 te
3146 1790 3287 1844 ultra
3322 1790 3737 1844 emendationem
3764 1806 3876 1843 om-

2269 1879 2413 1932 nium
2441 1880 2751 1950 protulisti?
2771 1891 2863 1934 aut
2893 1882 3166 1952 quisquam
3189 1882 3263 1936 ita
3288 1882 3437 1949 nitet,
3462 1891 3518 1935 ut
3541 1892 3873 1953 comparatus

2269 1971 2367 2025 tibi
2398 1989 2503 2026 non
2532 1973 2783 2028 sordeat?
2807 1973 2937 2042 Quis
2965 1975 3041 2029 ita
3069 1973 3139 2026 ad
3175 1972 3368 2046 zEsopi
3389 1985 3729 2041 venustatem,
3756 1975 3872 2044 quis

2267 2065 2338 2118 ad
2359 2065 2668 2136 sophisticas
2694 2064 2945 2120 Isocratis
2968 2065 3348 2131 conclusiones,
3378 2069 3494 2138 quis
3523 2068 3592 2120 ad
3605 2065 3875 2136 enthyme-

2269 2165 2408 2210 mata
2425 2154 2808 2222 Demosthenis,
2835 2167 2927 2212 aut
2943 2159 3263 2228 apulentiam
3283 2156 3602 2225 Tullianam,
3629 2169 3720 2212 aut
3747 2175 3874 2229 pro-

2268 2249 2542 2318 prietatem
2596 2251 2762 2304 nostri
2807 2249 3047 2306 Maronis
3081 2251 3342 2306 accedat?
3384 2253 3500 2323 quis
3546 2253 3622 2306 ita
3665 2253 3871 2320 aﬂectet

2265 2337 2498 2410 singula,
2525 2350 2578 2395 ut
2601 2350 2658 2394 tu
2684 2341 2866 2414 imples
2884 2344 3100 2397 omnia?
3123 2343 3263 2410 Quid
3280 2344 3419 2416 enim
3441 2344 3589 2398 aliud
3609 2362 3679 2412 es,
3709 2363 3872 2416 quam

2265 2445 2331 2483 ea:
2359 2431 2499 2485 omni
2527 2432 2782 2487 bonarum
2828 2434 3022 2489 artium
3069 2436 3277 2508 ingenio
3331 2435 3546 2492 collecta
3573 2442 3826 2511 perfectio
3844 2442 3870 2495 .’

2266 2519 2418 2589 Hcce,
2457 2521 2664 2578 domine
2691 2524 2760 2578 mi
2803 2526 2881 2594 ﬁli
2908 2526 3244 2598 Symmache,
3279 2545 3381 2584 non
3411 2547 3616 2600 vereor,
3644 2549 3712 2587 ne
3731 2534 3790 2588 in
3821 2544 3867 2590 te

2266 2613 2506 2670 blandius
2529 2616 2671 2670 dicta
2696 2616 2968 2673 videantur
2995 2636 3103 2675 esse
3140 2638 3298 2692 quam
3317 2623 3505 2680 verius.
3537 2623 3602 2678 Et
3619 2637 3865 2696 expertus

2265 2720 2318 2759 es
2338 2705 2498 2774 ﬁdens
2527 2724 2694 2764 meam
2725 2713 2909 2767 mentis
2929 2721 3084 2784 atque
3109 2715 3388 2786 dictorum,
3422 2718 3550 2772 dum
3575 2719 3627 2772 in
3645 2722 3866 2777 consita-

2266 2808 2323 2854 tu
2361 2799 2598 2875 degimns
2627 2805 2779 2859 ambo
2823 2822 2930 2862 (Bth
2971 2807 3173 2878 dispari
3196 2825 3215 2863 :
3257 2809 3341 2864 ubi
3368 2819 3424 2865 tu
3453 2813 3628 2867 veteris
3655 2815 3864 2869 militia:

2265 2895 2481 2963 pruentia
2512 2905 2626 2967 tyro
2672 2897 2922 2963 meruisti,
2973 2916 3064 2972 ego
3095 2903 3407 2972 tgrocinium
3442 2905 3554 2973 jam
3588 2915 3863 2962 veteranus

2264 2988 2492 3042 exercui.
2522 2985 2589 3041 In
2616 2990 2864 3045 comitatu
2897 2991 2989 3046 tibi
3014 3007 3161 3048 verus
3185 2995 3285 3065 fui,
3315 2997 3504 3051 nedum
3540 3014 3618 3052 me
3644 3015 3859 3070 peregre

2183 3078 2231 3145 C
2263 3081 2523 3136 existimes
2549 3084 2835 3155 composita
2860 3084 3108 3154 fabulari.
3132 3085 3198 3142 In
3215 3090 3492 3157 comitatu,
3515 3092 3746 3163 inquam,
3769 3093 3860 3164 qui

2263 3173 2459 3242 frontes
2479 3172 2750 3230 hominum
2775 3178 2961 3247 operit,
2989 3189 3183 3236 mentes
3214 3183 3358 3252 tegit,
3386 3182 3458 3236 ibi
3485 3200 3562 3237 me
3587 3194 3635 3238 et
3653 3201 3857 3252 paren-

2260 3272 2384 3330 tem,
2408 3275 2457 3322 et
2482 3268 2727 3338 amicum,
2759 3279 2808 3325 et
2829 3272 2873 3326 si
2892 3273 3020 3343 quid
3046 3284 3263 3346 utroque
3283 3276 3492 3332 charius
3520 3287 3611 3344 est,
3638 3277 3857 3335 (hario-

2257 3374 2366 3413 rem
2419 3361 2578 3432 fuisse
2606 3364 2834 3418 sensisti.
2871 3365 2978 3422 Sed
3006 3368 3250 3425 abeamus
3297 3371 3362 3424 ab
3410 3373 3525 3439 his,
3570 3389 3630 3426 ne
3667 3374 3856 3430 isthax

2258 3455 2681 3508 commemoratio
2712 3456 2783 3509 ad
2823 3455 2972 3511 illam
3017 3459 3185 3515 Sosia:
3232 3463 3567 3532 formidinem
3617 3465 3858 3520 videatur

2257 3542 2519 3599 accedere.
2543 3541 2572 3597 1
2581 3544 2696 3600 llud
2720 3548 2862 3616 quod
2883 3566 3013 3620 pene
3039 3555 3288 3622 prceterii,
3311 3567 3508 3623 quanta
3521 3556 3858 3625 affectatione

2255 3633 2553 3688 addidisti?
2597 3644 2655 3690 ut
2679 3636 2749 3690 ad
2769 3647 2818 3693 te
2845 3639 3217 3698 didascalicum
3245 3645 3457 3716 aliquod
3505 3648 3818 3718 opusculum
3837 3693 3854 3717 ,

2255 3734 2346 3778 aut
2372 3741 2662 3782 sermonem
2690 3732 3062 3802 protrepticum
3105 3735 3379 3794 mitterem.
3423 3737 3540 3812 Ego
3567 3751 3617 3795 te
3656 3742 3860 3798 docebo

2255 3819 2518 3875 docendus
2549 3821 2742 3891 adhuc,
2774 3825 2826 3878 si-
2845 3842 3011 3881 essent
3033 3827 3091 3882 id
3111 3831 3301 3899 celatis,
3330 3840 3386 3886 ut
3416 3832 3663 3890 discerem
3711 3836 3738 3889 Ρ
3763 3845 3858 3890 aut

2254 3926 2348 3982 ego
2384 3919 2432 3966 te
2470 3922 2702 3983 vegetum
2724 3959 2738 3983 ,
2798 3926 2951 3988 atque
2992 3917 3222 3976 alacrem
3251 3925 3628 3980 commonebo?
3672 3929 3860 3983 eadem

2252 4018 2410 4074 opera
2438 4013 2488 4058 et
2511 4021 2684 4061 musas
2720 4007 2996 4078 hortabor,
3029 4022 3087 4066 ut
3110 4025 3332 4083 canant,
3387 4027 3433 4073 et
3479 4018 3644 4072 maria
3688 4031 3745 4075 ut
3778 4025 3863 4092 ef-

2251 4100 2439 4167 fluant,
2469 4108 2516 4154 et
2543 4117 2705 4156 auras
2735 4111 2792 4157 ut
2822 4103 3050 4177 vigeant,
3080 4117 3129 4162 et
3170 4109 3314 4183 ignes
3339 4117 3396 4164 ut
3427 4111 3625 4167 caleant
3663 4115 3862 4169 admo-

2251 4192 2380 4245 nebo
2403 4208 2422 4244 :
2448 4200 2539 4245 aut
2567 4193 2612 4247 si
2637 4194 2765 4264 quid
2794 4196 2969 4253 invitis
2997 4216 3201 4272 quoque
3240 4203 3388 4258 nobis
3415 4215 3604 4260 natura
3627 4209 3691 4276 ﬁt
3712 4249 3731 4277 ,
3763 4227 3864 4264 su-

2253 4289 2488 4356 perfluus
2542 4290 2828 4366 instigator
2871 4297 3100 4369 agitabo.
3149 4300 3250 4356 Sat
3291 4312 3366 4358 est
3412 4304 3564 4359 unius
3619 4309 3863 4363 erroris:

2249 4380 2389 4448 quod
2412 4381 2615 4454 aliquid
2634 4401 2866 4442 meorum
2883 4406 2963 4445 me
2989 4392 3265 4462 ptenitente
3279 4397 3542 4468 vulgatum
3567 4405 3638 4452 est
3656 4414 3678 4452 :
3709 4401 3863 4469 quod

2172 4457 2222 4518 Ῑ)
2247 4471 2381 4528 bona
2400 4477 2612 4545 fortuna
2636 4479 2693 4532 in
2722 4496 2908 4537 manus
2939 4457 3222 4542 amicorum
3243 4457 3442 4543 incidit.
3476 4489 3617 4544 Nam
3641 4491 3692 4544 si
3717 4457 3859 4547 con-

2242 4571 2323 4618 tra
2353 4564 2409 4618 id
2433 4569 2703 4638 evenisset,
2751 4589 2844 4628 nec
2892 4585 2947 4630 tu
2982 4577 3111 4632 mihi
3146 4580 3486 4652 persuaderes
3515 4582 3729 4654 placere
3774 4603 3865 4642 me

2247 4669 2415 4724 posse.
2442 4657 2576 4714 Haec
2604 4661 2673 4716 ad
2701 4661 2904 4721 litteras
2935 4675 3048 4724 tuas
3073 4686 3330 4744 responsa~
3351 4675 3490 4728 sint:
3511 4684 3701 4730 caetera
3729 4694 3862 4747 qua

2247 4763 2456 4806 noscere
2483 4753 2660 4822 habes,
2691 4762 2988 4829 compendii
3011 4764 3222 4834 faciam.
3253 4766 3346 4823 Sic
3372 4784 3579 4838 quoque
3597 4771 3716 4842 jam
3736 4772 3864 4827 ton-

2245 4856 2312 4911 ga
2353 4851 2428 4898 est
2469 4845 2710 4916 epistola.
2751 4849 3025 4910 lulianum
3066 4864 3240 4912 tamen
3295 4860 3612 4930 familiarem
3655 4864 3860 4918 domus

2245 4945 2457 5001 nostrae,
2481 4939 2526 4992 si
2549 4941 2676 5010 quid
2695 4942 2760 4998 de
2785 4946 2933 5002 nobis
2954 4951 3365 5016 percontandum
3393 4954 3690 5024 arbitraris,
3719 4957 3863 5012 alle-

2241 5042 2327 5096 go.
2360 5027 2537 5085 Simul
2579 5032 2864 5104 admoneo,
2917 5047 2973 5093 ut
3022 5055 3139 5095 cum
3184 5059 3398 5098 causam
3445 5045 3701 5102 adcentus
3726 5052 3860 5121 ejus

2240 5122 2534 5194 agnoveris,
2552 5124 2704 5195 juves
2729 5129 2981 5202 studium,
3013 5138 3153 5204 quod
3177 5152 3244 5192 ea
3263 5145 3414 5208 parte
3439 5139 3635 5212 fovisti.
3689 5138 3858 5198 Vale.

2299 5392 2448 5469 illata.
2488 5395 2807 5469 Symmachus
2847 5408 2901 5469 et
2943 5401 3195 5469 Paulinus,
3231 5405 3411 5468 quibus
3451 5405 3641 5458 direxit
3662 5404 3860 5469 plures

2238 5455 2476 5531 epistolas
2516 5455 2786 5531 Ausonius,
2832 5455 3198 5531 Ausonio_vice
3229 5455 3855 5531 rescripserunt’plure;

2235 5513 2568 5595 guasfidesis
2588 5520 2695 5595 sive
2716 5513 2848 5595 ιοῇῃρ
2871 5513 3193 5595 praecedenti
3225 5513 3603 5595 ia'it‘iiitﬁi'aiid

2232 5578 2458 5693 at]???
2478 5579 2540 5632 ad
2572 5591 2745 5658 poetas
2771 5578 3072 5640 Christianos
3107 5591 3263 5654 quinti
3300 5578 3502 5656 Siculi,
3523 5578 3860 5658 thiasis;
