4108 6188
299 224 394 281 £157

1255 227 1349 283 AD
1390 224 1889 286 IMPERATOREM
1929 227 2338 288 GRATIARUM
2377 229 2610 289 ACTIO.

3488 241 3595 298 938

300 360 3576 387 —————____—___—____—____—__————————_——______

328 393 814 557 AUSONlI
866 440 1027 530 AD
1087 443 1819 534 GRATIANUM
1869 442 2765 538 IMPERATOREM
2820 455 3565 545 DISCIPULUM

892 640 910 672 -,
1197 604 1684 671 GRATIARUM
1704 607 1973 672 'ACTIO
2015 610 2172 672 PRO
2213 611 2706 678 CONSULATU.

363 870 479 943 Ago
519 869 618 927 tibi
661 869 866 942 gratias
887 911 904 938 ,
940 869 1238 942 imperator
1263 871 1527 943 Auguste.
1555 871 1613 928 Si
1650 884 1887 942 possem,
1917 872 1968 934 Α
1999 877 2082 926 ter
2107 869 2304 928 divinis
2333 873 2630 932 honoribus
2660 888 3034 949 consecratus,
3068 880 3240 939 instar
3269 883 3360 940 filii
3392 887 3458 942 ad
3491 887 3591 944 ima

301 965 456 1020 etiam
484 963 768 1021 referrem.
788 964 895 1020 Sed
916 978 1017 1021 nec
1047 973 1137 1020 tua
1166 965 1379 1020 fortuna
1407 964 1680 1021 desiderat
1704 980 1890 1020 remu-

297 1055 520 1112 nerandi
544 1056 740 1122 vicem,
767 1071 872 1113 nec
899 1065 1084 1112 nostra
1107 1057 1347 1129 suggerit
1374 1055 1697 1114 restituendi
1725 1056 1892 1112 facul-

297 1159 479 1206 tatem.
506 1150 845 1208 Privatorum
873 1152 970 1208 ista
1001 1151 1158 1223 copia
1185 1163 1292 1217 est.
1315 1155 1460 1209 inter
1480 1168 1541 1208 se
1567 1168 1689 1210 esse
1716 1153 1895 1208 muni-

298 1241 444 1297 ficus.
479 1240 595 1296 Tua
622 1241 893 1300 beneficia
921 1252 979 1298 ut
1005 1243 1291 1314 majestate
1312 1243 1654 1316 praecellunt,
1678 1245 1752 1300 ita
1775 1259 1894 1300 mu-

297 1342 440 1390 tuum
468 1350 576 1390 non
605 1346 920 1408 reposcunt.
954 1337 1111 1406 Quod
1139 1339 1316 1394 solum
1347 1341 1510 1410 igitur
1539 1347 1743 1395 nostra:
1771 1339 1895 1410 opis

301 1440 400 1498 est,
426 1431 630 1502 gratias
650 1447 751 1504 ago
777 1452 788 1486 :
816 1449 1002 1490 verum
1025 1435 1120 1500 ita,
1142 1443 1204 1490 ut
1226 1434 1368 1505 apud
1390 1436 1558 1490 Deum
1584 1434 1702 1491 fieri
1724 1445 1889 1501 amat,

307 1523 594 1580 sentiendo
649 1524 919 1597 copiosius
956 1541 1119 1597 quam
1160 1527 1428 1598 loquendo
1461 1543 1476 1582 :
1505 1537 1670 1597 atque
1699 1543 1804 1581 non
1839 1527 1892 1580 in

304 1613 542 1671 sacrario
569 1615 733 1671 modo
767 1617 1064 1687 imperialis
1101 1619 1327 1687 oraculi,
1361 1619 1449 1690 qui
1483 1619 1636 1674 locus
1667 1618 1894 1673 horrore

308 1707 597 1778 tranquillo
637 1717 692 1763 et
729 1723 930 1778 pavore
966 1711 1259 1767 venerabili
1309 1727 1433 1767 raro
1481 1712 1730 1768 eumdem
1778 1711 1897 1765 ani-

298 1813 444 1853 mum
488 1807 714 1868 praestat
753 1809 810 1856 et
849 1797 1075 1857 vultum.
1117 1802 1224 1858 Sed
1267 1818 1652 1875 usquequaque
1691 1804 1894 1874 gratias

297 1907 428 1962 ago,
459 1901 570 1947 tum
616 1902 829 1958 tacens,
858 1904 970 1950 tum
1007 1895 1259 1966 loquens,
1293 1905 1405 1952 tum
1448 1897 1500 1952 in
1529 1905 1675 1953 caatu
1717 1895 1896 1950 homi—

297 2001 443 2052 num,
472 1986 589 2057 ipse
619 2003 856 2054 mecum,
890 1999 945 2044 et
972 2003 1095 2044 cum
1126 2004 1261 2046 voce
1286 1990 1456 2061 patni,
1489 1999 1546 2045 et
1573 2004 1696 2046 cum
1722 1988 1896 2045 medi-

303 2081 502 2137 tatione
526 2081 754 2149 secessi,
781 2083 930 2138 omni
963 2082 1105 2153 loco,
1138 2093 1284 2151 actu,
1318 2083 1504 2138 habitu
1545 2092 1601 2140 et
1629 2091 1892 2154 tempore.

296 2171 401 2228 Nec
443 2173 636 2228 mirum
658 2214 673 2239 ,
707 2172 755 2228 si
783 2189 883 2241 ego
930 2175 1220 2231 terminum
1250 2191 1360 2230 non
1391 2185 1573 2232 statuo
1604 2186 1710 2231 tam
1743 2186 1894 2247 grata

1996 961 2208 1032 perium
2241 964 2408 1021 frater
2429 969 2653 1034 ascitus,
2673 973 3045 1028 acontumelia
3067 974 3196 1031 belli
3228 987 3451 1048 patruus
3475 981 3594 1035 vin-

1995 1053 2226 1124 dicatus,
2243 1055 2310 1110 ad
2331 1059 2665 1127 praifecturae
2683 1063 2966 1133 collegium
2985 1065 3130 1121 filius
3147 1082 3267 1124 cum
3294 1080 3445 1140 patre
3465 1087 3598 1127 con-

1990 1144 2236 1216 junctus,
2253 1151 2320 1204 ad
2338 1153 2676 1208 consulatum
2700 1166 3000 1227 praeceptor
3016 1159 3238 1218 electus.
3265 1162 3490 1220 Possum
3515 1165 3596 1220 ire

1997 1251 2095 1307 per
2112 1254 2301 1296 omnes
2319 1242 2710 1312 appellationes
2738 1255 2875 1316 tuas,
2895 1265 3028 1318 quas
3047 1249 3188 1306 -olim
3214 1254 3390 1309 virtus
3421 1257 3590 1322 dedit,

1996 1344 2129 1399 quas
2169 1333 2416 1403 proxime
2454 1333 2674 1391 fortuna
2714 1342 3006 1410 concessit,
3048 1359 3184 1414 quas
3213 1345 3388 1401 adhuc
3419 1348 3598 1403 indul-

1996 1424 2176 1491 gentia
2204 1424 2384 1480 divina
2427 1428 2739 1484 meditatur.
2780 1431 3046 1489 Vocarem
3076 1435 3459 1492 Germanicum
3491 1439 3594 1494 dc~

1996 1511 2204 1571 ditione
2244 1517 2552 1586 gentilium,
2595 1520 2969 1578 Alemanicum
3023 1528 3362 1584 traductione
3403 1539 3594 1600 capto-

1997 1623 2138 1674 rum,
2164 1610 2431 1667 vinccndo
2450 1621 2506 1667 et
2527 1613 2858 1684 ignoscendo
2881 1618 3265 1676 Sarmaticum.
3290 1621 3602 1680 Connectc-

1996 1717 2112 1757 rem
2140 1703 2323 1759 omnia
2359 1707 2551 1762 merita
2574 1709 2814 1775 virtutis,
2843 1721 2898 1766 et
2923 1716 3244 1784 cognomina
3275 1717 3554 1773 felicitatis
3583 1737 3597 1772 :

1997 1793 2092 1848 sed
2125 1794 2229 1848 alia
2261 1804 2348 1849 est
2375 1796 2474 1850 ista
2516 1799 2744 1854 materia
2775 1810 2830 1856 et
2859 1817 2959 1857 suo
2989 1813 3175 1872 parata
3209 1817 3444 1873 secreto,
3475 1824 3601 1864 cum

1998 1885 2265 1955 placuerit
2297 1888 2592 1959 signanter,
2627 1900 2680 1945 et
2709 1892 2948 1949 breviter
2971 1897 3150 1950 omnia
3191 1913 3314 1968 qua)
3347 1900 3604 1955 novimus

2002 1980 2264 2050 indicare,
2296 1997 2397 2038 nec
2425 1987 2705 2056 persequi,
2734 1996 2794 2042 ut
2823 1990 2912 2057 qui
2940 1999 3208 2046 terrarum
3231 1993 3419 2048 orbem
3444 1996 3606 2050 unius

2000 2073 2197 2129 tabulae
2225 2075 2436 2130 ambitu
2472 2078 2938 2135 circumscribunt
2967 2082 3242 2152 aliquanto
3271 2085 3605 2142 detrimento

2001 2168 2407 2238 magnitudinis,
2438 2171 2591 2226 nullo
2617 2171 2906 2242 dispendio
2936 2179 3202 2233 veritatis.
3232 2178 3385 2236 Nunc
3416 2190 3600 2238 autem

297 2265 615 2335 promendi,
656 2281 780 2323 cum
815 2278 869 2322 tu
916 2268 1076 2324 finem
1117 2269 1298 2325 facere
1329 2270 1540 2325 nescias
1570 2268 1894 2324 honorandi.
1924 2261 1972 2322 Β
2001 2259 2143 2330 quod
2165 2260 2270 2316 diei
2295 2261 2453 2332 huius
2475 2265 2863 2335 proprium,de
2883 2269 3164 2325 consulatu
3188 2272 3391 2341 gratias
3411 2289 3600 2344 agam:

295 2357 421 2425 Quis
464 2359 611 2414 enim
648 2359 800 2416 locus
833 2370 917 2416 est
951 2370 1046 2418 aut
1073 2361 1214 2428 dies,
1245 2364 1336 2433 qui
1363 2377 1472 2417 non
1503 2377 1589 2417 me
1619 2361 1780 2432 hujus
1809 2370 1902 2417 aut

297 2449 490 2518 similis
541 2453 922 2522 gratulationis
972 2453 1296 2510 admoneat?
1338 2454 1642 2510 Admoneat
1682 2454 1900 2509 autem?

295 2543 341 2599 0
365 2544 614 2600 inertiam
632 2545 1286 2618 significationisignavtc.
1311 2547 1721 2618 Qnis,inquam,
1749 2547 1900 2603 locus

295 2647 398 2701 est,
425 2637 517 2708 qui
551 2653 659 2693 non
688 2637 974 2695 beneficiis
1005 2638 1110 2695 tuis
1134 2641 1324 2710 agitet,
1351 2638 1688 2696 inflammet?
1709 2639 1899 2695 Nullus

294 2729 538 2798 inquam,
571 2730 870 2801 imperator
906 2733 1169 2801 Auguste,
1203 2731 1745 2802 quin'admirandam
1774 2746 1901 2802 spe-

293 2823 430 2878 ciem
461 2831 566 2880 tuae
591 2825 961 2882 venerationis
989 2826 1250 2882 incutiat:
1285 2827 1404 2882 Non
1437 2829 1725 2896 Palatium,
1752 2827 1898 2899 quod

304 2925 359 2970 tu
389 2931 509 2972 cum
543 2917 790 2974 terribile
815 2920 1117 2989 acceperis,
1148 2921 1384 2977 amabile
1429 2921 1746 2990 praestitisti.
1775 2921 1896 2978 Non

299 2999 476 3064 forum
501 3049 519 3077 ,
559 3019 614 3065 et
647 3008 872 3065 basilice
911 3011 1042 3066 olim
1081 3011 1313 3083 negotiis
1348 3012 1533 3084 plena,
1562 3029 1706 3070 nunc
1735 3013 1896 3081 votis,

300 3099 551 3170 votisque
590 3116 693 3171 pro
732 3111 820 3157 tua
865 3102 1041 3159 salute
1082 3105 1372 3175 susceptis.
1403 3105 1534 3160 Nam
1571 3105 1642 3162 de
1683 3103 1780 3162 sua
1810 3105 1899 3162 cui

312 3208 420 3250 non
458 3202 511 3250 te
542 3194 845 3266 imperante
879 3198 1177 3253 securitas?
1211 3197 1330 3253 Non
1362 3199 1534 3264 curia,
1581 3199 1899 3256 honorificis

303 3286 464 3341 modo
498 3287 916 3355 laeta‘decretis,
947 3289 1076 3344 olim
1115 3288 1363 3346 sollicitis
1401 3301 1594 3348 moesta
1623 3291 1900 3362 querimo-

299 3379 424 3432 niis.
451 3378 568 3434 Non
590 3380 883 3449 publicum,
909 3380 961 3435 in
987 3394 1096 3452 quo
1118 3397 1377 3439 occursus
1398 3385 1747 3454 gaudentium
1773 3385 1899 3455 plu-
1945 3444 1948 3446 ν

297 3469 568 3524 rimorum
599 3471 867 3528 neminem
895 3471 1096 3542 patitur
1127 3473 1302 3529 solum
1331 3474 1620 3544 gratulari.
1653 3475 1770 3530 Non
1799 3475 1901 3531 do-

296 3576 422 3617 mus
449 3576 738 3618 commune
762 3572 1059 3621 secretum.
1083 3564 1281 3622 Lectus
1305 3565 1424 3636 ipse
1448 3565 1514 3621 ad
1541 3567 1780 3636 quietem
1803 3566 1900 3622 da-

2004 2350 2099 2406 sed
2140 2363 2469 2422 procurrunt
2510 2363 2565 2410 et
2597 2356 2719 2412 alia:
2757 2357 3074 2428 dignitates,
3107 2373 3272 2432 atque
3318 2365 3372 2419 in
3412 2381 3603 2423 vocem

2002 2444 2381 2514 gratulationis
2409 2457 2722 2519 erumpunt.
2752 2464 2815 2504 ac
2841 2465 2900 2506 se
2932 2451 3080 2521 prius
3111 2452 3313 2509 debere
3344 2457 3607 2524 proﬁten-

2004 2542 2112 2589 tur.
2147 2534 2250 2591 Tot
2287 2537 2488 2608 gradus
2530 2541 2755 2596 nomine
2790 2542 3006 2598 comitis
3038 2553 3262 2616 propter
3293 2556 3379 2600 tua
3422 2547 3604 2605 incre-

2002 2635 2185 2682 menta
2220 2632 2461 2699 congesti
2502 2645 2570 2687 ex
2602 2640 2699 2687 tuo
2728 2634 2941 2702 merito,
2971 2643 3026 2690 te
3062 2650 3126 2690 ac
3158 2645 3313 2706 patre
3349 2639 3610 2710 principi-

2003 2720 2126 2775 bus.
2161 2721 2450 2788 Qutnstura
2474 2727 2806 2793 communis,
2837 2711 2893 2783 et
2933 2727 3010 2782 tui
3043 2737 3249 2785 tantum
3280 2731 3607 2800 praefectura

2002 2811 2274 2881 beneﬁcii,
2307 2830 2430 2886 quae
2471 2826 2527 2872 et
2557 2817 2675 2888 ipsa
2707 2833 2815 2874 non
2845 2819 2964 2876 vult
2990 2821 3109 2877 vice
3157 2823 3390 2894 simplici
3422 2835 3609 2896 gratu-

2002 2903 2124 2968 lari,
2157 2905 2442 2964 liberalius
2483 2907 2658 2964 divisa
2702 2926 2862 2981 quam
2888 2911 3077 2981 juncta
3098 2954 3115 2980 ,
3147 2929 3270 2969 cum
3319 2923 3607 2973 teneamus

2002 2997 2110 3054 duo
2140 3000 2406 3071 integrum
2434 3045 2448 3071 ,
2483 3010 2679 3060 neuter
2707 3003 2984 3061 desiderat
3011 3015 3348 3076 separatum.
3383 3008 3492 3064 Sed
3526 3010 3608 3066 illi

2003 3090 2087 3164 (ut
2111 3093 2273 3162 paulo
2302 3102 2432 3151 ante
2461 3097 2712 3169 promisi)
2743 3097 3027 3155 habebunt
3056 3102 3139 3156 sui
3169 3103 3409 3158 muneris
3435 3119 3606 3174 pecu-

2003 3184 2139 3242 liare
2177 3196 2472 3243 secretum.
2499 3187 2826 3247 Consulatus
2866 3191 2956 3247 hic
2988 3207 3143 3250 meus
3168 3203 3287 3249 orat
3317 3204 3480 3267 atque
3509 3197 3608 3252 ob—
3679 3229 3688 3234 -

2001 3285 2204 3346 secrat,
2233 3289 2294 3333 ut
2321 3279 2612 3336 obnoxiam
2645 3283 2738 3338 tibi
2768 3284 2861 3339 uni
2895 3285 3043 3340 sinas
3075 3286 3193 3342 fieri
3225 3287 3344 3357 ejus
3374 3287 3607 3359 dignita-

2003 3375 2134 3436 tem,
2163 3385 2324 3440 quem
2350 3373 2603 3428 omnibus
2635 3375 2945 3444 praetulisti.
2977 3377 3132 3444 Quod
3158 3379 3378 3449 quidem
3404 3390 3460 3436 ct
3489 3381 3609 3452 ipse

2002 3459 2105 3514 sibi
2139 3461 2350 3517 invenit
2373 3464 2595 3533 gradus,
2617 3480 2741 3520 cum
2773 3467 3076 3525 clarissimo
3099 3470 3218 3525 viro
3243 3472 3454 3542 collega
3481 3490 3608 3530 meo

2002 3550 2209 3610 honore
2245 3555 2600 3626 conjunctus,
2651 3562 3056 3630 nuncupatione
3105 3563 3363 3634 prmlatus
3411 3567 3608 3622 consul

297 3663 405 3721 tus,
446 3653 833 3712 beneficiorum
881 3667 1098 3712 tuorum
1143 3659 1487 3728 reputatione
1529 3658 1890 3730 tranquillior.
1923 3643 1970 3707 C
2000 3660 2122 3718 θεον
2155 3645 2455 3719 impera!"
2503 3649 2769 3722 Auguste,
2803 3668 3029 3710 munere
3088 3664 3180 3712 luo
3237 3672 3346 3714 non
3406 3673 3604 3728 passus

296 3747 540 3805 Somnus
566 3749 804 3806 abolitor
833 3751 1100 3820 omnium,
1133 3750 1400 3823 imagines
1427 3761 1548 3808 tuas
1579 3753 1757 3809 affert.
1789 3753 1896 3808 lsta

304 3850 491 3899 autem
527 3843 688 3900 sedes
713 3844 960 3915 honoris,
993 3845 1127 3902 sella
1157 3847 1384 3912 curulis,
1414 3845 1649 3917 gloriosa
1686 3845 1900 3918 pompis

295 3931 595 4004 imperialis
617 3935 780 3992 officii
811 3937 890 4009 (in
917 3936 1074 4007 cujus
1102 3953 1190 3994 me
1217 3937 1430 4009 fastigio
1457 3954 1525 3994 ex
1555 3953 1661 4010 qua
1692 3937 1900 3995 medio-

295 4027 495 4085 critate
527 4030 789 4102 posuisti)
811 4031 1022 4102 quoties
1074 4046 1104 4086 a
1149 4046 1238 4088 me
1259 4033 1548 4103 cogitatur,
1572 4032 1763 4088 vincor
1781 4046 1899 4088 ma-

295 4119 602 4190 gnitudine,
631 4131 688 4178 et
716 4121 938 4194 redigor
966 4122 1033 4178 ad
1063 4123 1362 4190 silentium,
1395 4139 1503 4180 non
1535 4123 1777 4195 ingratus
1806 4123 1900 4179 be-

291 4211 540 4281 neﬁciis,
583 4213 682 4271 sed
721 4229 1036 4286 Oppressus.
1081 4214 1418 4273 Ades'enim
1449 4216 1586 4274 locis
1621 4216 1898 4283 omnibus,

279 4319 405 4362 .nec
435 4305 550 4376 jam
586 4307 851 4363 miramur
890 4307 1166 4365 licentiam
1207 4317 1490 4380 poetarum
1518 4351 1533 4377 ,
1581 4311 1674 4381 qui
1718 4308 1901 4366 omnia

293 4395 406 4453 deo
434 4397 592 4468 plena
617 4398 896 4455 dixerunt.
924 4399 1087 4470 Spem
1118 4414 1375 4470 superas,
1399 4400 1666 4472 cupienda
1693 4413 1903 4472 praeve-

294 4489 410 4557 nis,
452 4499 576 4546 vota
617 4493 930 4562 praecurris,
965 4505 1193 4564 qumque
1239 4493 1404 4548 animi
1449 4492 1621 4548 nostri
1649 4491 1902 4549 celeritas

292 4581 492 4637 Divum
525 4584 696 4640 instar
723 4584 968 4652 affectat,
991 4585 1268 4642 beneficiis
1296 4585 1666 4656 praceuntibus
1687 4594 1905 4642 antece—

289 4672 464 4730 ditur.
497 4674 762 4732 Praestare
789 4677 886 4732 tibi
915 4685 1002 4733 est
1023 4693 1183 4748 quam
1213 4677 1370 4734 nobis
1420 4686 1610 4749 optare
1639 4677 1900 4734 velocius.

290 4763 419 4836 Ago
443 4764 606 4837 igitur
621 4767 849 4840 gratias,
874 4768 1081 4839 optime
1098 4769 1415 4840 imperator,
1445 4784 1512 4826 ac
1538 4769 1584 4826 si
1607 4768 1729 4840 quis
1755 4767 1904 4825 hunc

295 4871 618 4915 sermonem
650 4874 833 4916 meum
867 4859 1059 4917 iisdem
1089 4860 1272 4917 verbis
1299 4870 1407 4916 tam
1439 4875 1584 4932 saepe
1614 4860 1902 4930 repetitum

291 4952 502 5024 inopia:
541 4953 815 5025 loquentis
843 4955 1107 5026 assignat,
1140 4955 1452 5026 experiatur
1477 4954 1582 5010 hoc
1611 4954 1753 5010 idem
1780 4968 1905 5024 pro-

2000 3749 2176 3810 septa,
2235 3755 2412 3812 neque
2467 3756 2740 3813 campum,
2801 3761 2907 3800 non
2964 3747 3240 3819 suffragia,
3298 3765 3406 3806 non
3461 3767 3604 3821 pun-

2001 3841 2110 3903 cla,
2152 3850 2260 3890 non
2299 3835 2510 3892 loculos
2563 3854 2575 3892 :
2630 3837 2721 3909 qui
2775 3853 2885 3894 non
2942 3855 3329 3911 preusaveram
3387 3859 3605 3911 manus,

2003 3941 2106 3983 nec
2151 3941 2274 3984 cum
2329 3929 2688 3986 salutantium
2733 3931 2992 3989 confusus
3047 3948 3327 3992 occursu:
3368 3946 3462 3992 aut
3504 3952 3605 3993 sua

2002 4020 2195 4077 amicis
2238 4024 2458 4080 nomina
2499 4039 2608 4081 non
2649 4024 3014 4093 reddiderint,
3057 4037 3149 4083 aut
3197 4028 3374 4085 aliena
3429 4030 3604 4099 impo-

2002 4115 2246 4183 suerim,
2290 4117 2383 4188 qui
2440 4117 2617 4174 tribus
2667 4133 2774 4174 non
2825 4117 3147 4188 circumivi,
3190 4123 3463 4180 centurias
3493 4139 3605 4181 non

2003 4206 2259 4279 adulari,
2285 4211 2493 4265 vocatis
2521 4210 2787 4267 classibus
2825 4227 2932 4268 non
2975 4213 3261 4280 intremui,
3301 4217 3434 4273 nihil
3476 4233 3604 4274 cum

2007 4311 2290 4372 sequestre
2328 4303 2590 4374 deposui,
2634 4319 2758 4360 cum
2780 4305 3136 4364 distributore
3158 4309 3235 4364 nil
3265 4311 3465 4382 pepigi.
3494 4311 3606 4367 Ro-

2007 4409 2206 4450 manus
2236 4395 2490 4466 populus,
2523 4396 2750 4453 Martius
2776 4413 3022 4468 campus,
3061 4409 3118 4455 et
3159 4410 3414 4470 equester
3440 4401 3602 4467 ordo,

2005 4495 2220 4556 rostra,
2251 4487 2452 4554 ovilia,
2501 4496 2755 4557 senatus,
2815 4491 2996 4556 curia,
3053 4506 3192 4546 unus
3233 4492 3366 4548 mihi
3418 4495 3605 4550 omnia

2005 4578 2321 4636 Gratianus.
2351 4580 2484 4637 Jure
2529 4597 2689 4647 meo,
2735 4583 2977 4654 Auguste
3025 4584 3286 4652 maxime,
3330 4584 3606 4643 affirmare

2006 4685 2266 4742 possum,
2323 4673 2586 4729 incolumi
2637 4676 2876 4730 omnium
2935 4677 3104 4747 gratia
3134 4717 3148 4744 ,
3199 4677 3291 4748 qui
3341 4677 3410 4734 ad
3461 4679 3609 4736 hunc

2009 4763 2274 4822 honorem
2303 4766 2520 4824 diversa
2553 4784 2812 4840 umquam
2852 4768 3053 4826 virtute
3082 4781 3386 4842 venerunt,
3416 4783 3612 4831 ventu-

2009 4855 2166 4928 rique
2203 4867 2352 4914 sunt.
2391 4860 2572 4930 (Suus
2591 4861 2737 4917 enim
2768 4862 2964 4934 cuique
2993 4863 3229 4933 animus,
3258 4881 3415 4922 suum
3444 4868 3609 4922 meri-

2009 4958 2123 5006 tum
2144 4994 2160 5020 ,
2189 4952 2402 5024 sibique
2431 4969 2588 5009 mens
2615 4955 2836 5012 conscia
2866 4955 2998 5027 est.)
3030 4957 3180 5024 Jure,
3207 4960 3460 5030 inquam,
3483 4974 3608 5014 meo

293 5045 484 5118 sequi,
517 5047 614 5104 sed
644 5047 778 5104 nihil
806 5050 1008 5120 poterit
1037 5048 1284 5120 proferre
1312 5048 1624 5105 facundius.
1654 5049 1904 5119 Aguntur
1929 5035 1984 5098 D
2006 5041 2288 5098 affirmare
2317 5059 2538 5114 possum
2557 5086 2572 5110 .
2602 5061 2690 5103 me
2717 5047 2850 5102 mihi
2875 5047 3050 5105 videri
3078 5065 3107 5104 a
3129 5051 3344 5106 caeteris
3373 5065 3495 5106 esse
3521 5065 3609 5106 se-

292 5143 451 5199 enim
491 5143 704 5213 gratias,
737 5158 845 5199 non
889 5152 1112 5215 propter
1148 5143 1450 5216 maiestatis
1490 5142 1777 5210 ambitum,
1806 5155 1909 5198 nec
2010 5143 2240 5193 cretum.
2287 5136 2428 5193 Sunt
2466 5151 2606 5208 quos
2648 5147 2896 5194 votorum
2939 5140 3144 5196 cruciat
3191 5141 3444 5198 inanitas.
3487 5141 3610 5198 Non

292 5236 426 5290 sine
463 5235 834 5306 argumentis,
881 5237 1195 5308 imperatori
1235 5237 1530 5294 fortissimo
1573 5254 1585 5290 :
1627 5235 1783 5293 testis
1826 5243 1912 5291 est
2011 5229 2215 5303 optavi.
2256 5231 2404 5299 Quos
2433 5240 2654 5288 exercet
2682 5233 2935 5290 ambitus.
2967 5234 3084 5290 Non
3118 5235 3303 5306 petivi.
3336 5235 3437 5303 Qui
3468 5237 3612 5292 assi-

292 5343 416 5383 uno
451 5337 674 5399 pacatus
703 5345 847 5386 anno
885 5339 941 5386 et
981 5330 1215 5386 Danubii
1255 5329 1416 5386 limes
1441 5338 1496 5385 et
1523 5327 1730 5394 Rheni;
1772 5327 1908 5383 libe-
2013 5324 2220 5382 duitate
2245 5325 2575 5395 exprimunt.
2615 5325 2734 5381 Non
2771 5327 2947 5398 coegi.
2986 5327 3088 5394 Qui
3119 5327 3426 5384 offeruntur
3451 5343 3616 5384 occa-

294 5418 586 5476 ralissimo
609 5439 622 5475 :
643 5428 884 5477 ostentat
909 5421 1012 5478 hoc
1037 5421 1193 5479 dives
1222 5421 1527 5488 exercitus;
1554 5419 1914 5492 indulgentis-
2016 5419 2193 5476 sione.
2240 5419 2358 5478 Non
2386 5420 2534 5476 affui.
2568 5421 2716 5490 Quos
2747 5422 2898 5492 juvat
2919 5423 3219 5494 opulentia.
3252 5424 3446 5481 Obstat
3477 5435 3614 5482 tem-

292 5511 449 5569 simo
465 5531 476 5566 τ
494 5512 654 5570 docet
673 5514 940 5570 securitas
961 5515 1172 5571 erroris
1192 5513 1444 5579 humani;
1467 5511 1905 5569 consultissima:
2015 5525 2208 5584 porum
2227 5511 2534 5582 disciplina.
2555 5512 2674 5569 Non
2695 5514 2822 5569 emi.
2848 5514 2960 5571 Nec
2982 5530 3199 5585 possum
3222 5517 3614 5574 continentiam

296 5604 510 5676 probat
545 5605 653 5663 hoc
686 5605 777 5662 tali
806 5607 1057 5679 principe
1083 5607 1277 5664 Oriens
1305 5604 1910 5676 ordinatus;piissimo:
2016 5603 2246 5674 jactare.
2278 5603 2397 5660 Non
2431 5603 2634 5660 habui:
2663 5621 2826 5661 unum
2859 5615 3122 5676 prmstare
3154 5609 3358 5663 tentavi
3379 5650 3394 5677 ,
3423 5617 3481 5665 et
3511 5610 3616 5666 hoc

293 5695 471 5771 hujus
489 5713 622 5758 vero
639 5698 1310 5772 laudislocupletissimum
1340 5697 1708 5759 testimonium
1729 5708 1813 5758 est
1829 5713 1918 5772 pa-
2025 5697 2202 5770 ipsum
2240 5697 2396 5770 quasi
2434 5713 2614 5756 meum
2654 5697 2929 5758 vindicare
2971 5715 3080 5758 non
3121 5715 3361 5771 possum.
3415 5702 3472 5759 In
3520 5713 3614 5762 tua

758 5796 1038 5860 Pauor»
1084 5793 1266 5859 XIX.
3115 5795 3193 5856 30
