4108 6188
513 209 628 268 939

1907 192 2090 255 DECII
2126 192 2402 256 AUSONII

3708 197 3822 257 M0

505 323 652 382 enim
685 321 916 394 positum
947 325 1033 376 est
1060 317 1340 391 opinione,
1372 318 1420 376 si
1445 315 1642 374 merui.
1671 314 1873 372 Fecisti
1903 325 2116 391 autem,
2136 311 2191 372 Δ
2215 321 2424 370 stantes
2449 311 2706 370 inclinata
2737 313 2792 369 in
2817 327 2907 370 me
2936 313 3246 384 dignatione
3277 313 3606 384 praeteritos,
3633 323 3694 370 ut
3719 330 3814 372 es-

504 426 564 474 et
601 416 767 473 facies
808 415 946 472 alios
984 428 1206 487 quoque
1244 411 1524 480 consules,
1557 409 1800 482 piissime
1825 408 2102 476 Gratiane,

510 508 607 566 sed
629 524 739 564 non
773 516 829 564 et
857 521 1020 564 causa
1048 508 1164 578 pari
1195 507 1340 562 viros
1369 503 1556 577 gloriae
1585 499 1836 560 militaris
1861 519 1876 557 :
1905 501 2107 558 habent

506 595 652 657 enim
674 609 852 657 tecum
876 593 935 656 ut
960 615 1176 671 semper
1205 598 1431 667 laboris,
1456 598 1529 652 ita
1555 595 1838 667 dignitatis
1864 594 2106 666 plerum-

509 709 645 765 que,
687 693 1044 761 consortium,
1078 690 1296 746 virtutis
1326 703 1486 761 quam
1525 688 1752 743 honoris
1799 685 2104 757 antiquiore

506 785 780 856 collegio,
828 784 975 840 viros
1022 782 1326 838 nobilitatis
1369 780 1603 851 antiqua:
1649 797 1662 834 :
1715 778 1915 834 dantur
1958 777 2104 839 enim,

502 879 675 934 multa
705 877 1040 945 nominibus,
1071 885 1125 932 et
1151 883 1235 932 est
1257 874 1426 930 Roma
1453 889 1550 945 pro
1572 873 1790 938 merito,
1825 873 1974 927 viros
1998 869 2104 926 ﬁde

504 971 777 1043 inclytus,
817 979 872 1026 et
905 969 1102 1026 ofﬁciis
1142 969 1430 1039 probatos,
1467 981 1700 1037 quorum
1738 980 1825 1022 me
1863 965 1965 1021 etsi
1994 978 2101 1019 non

500 1078 734 1121 secerno
758 1077 1010 1132 numero,
1039 1071 1221 1120 tamen
1245 1106 1258 1130 ,
1282 1059 1427 1130 quod
1457 1059 1525 1114 ad
1556 1058 1780 1114 honoris
1806 1059 1948 1115 viam
1980 1071 2103 1126 per-

502 1157 662 1224 tinet,
694 1159 908 1214 ratione
935 1156 1222 1225 dispertio.
1253 1155 1516 1222 Quartum
1549 1152 1691 1208 hunc
1722 1151 1948 1224 gradum
1975 1150 2103 1206 novi

498 1239 773 1320 beneﬁcii,
794 1260 872 1321 tu,
896 1233 1157 1323 Auguste,
1173 1248 1459 1306 constituis
1479 1245 1696 1302 deferre
1727 1246 1825 1301 tibi
1845 1245 1971 1315 ipsi,
1992 1257 2101 1315 quo

497 1348 638 1403 alter
683 1354 930 1412 ornetur,
979 1345 1125 1400 bona
1170 1341 1338 1396 animi
1383 1341 1462 1396 tui
1504 1338 1573 1395 ad
1614 1337 1848 1396 alienam
1888 1336 2102 1393 referre

493 1438 900 1509 praestantiam,
952 1435 1424 1505 eruditionemque
1470 1442 1714 1499 naturae,
1752 1445 1912 1502 quam
1959 1430 2094 1501 Deo,

499 1541 556 1589 et
597 1532 762 1602 patri,
804 1538 861 1587 et
899 1529 994 1585 tibi
1034 1529 1239 1594 debes,
1279 1527 1348 1581 ad
1375 1525 1600 1581 alterius
1625 1523 1857 1597 gratiam
1890 1522 2096 1582 rectius

498 1630 854 1694 retorquere,
895 1631 1059 1694 quam
1100 1619 1302 1676 verius.
1346 1619 1462 1674 Tua
1494 1618 1612 1674 huic
1641 1618 1807 1673 verba
1835 1625 1960 1672 sunt
1983 1631 2018 1670 a
2044 1625 2097 1671 te

2205 416 2292 462 set
2309 421 2476 480 quem
2503 416 2558 462 tu
2585 415 2795 463 matura
2815 415 2980 464 mtate
2995 405 3109 477 jam
3133 407 3472 464 subcinctum
3497 421 3596 475 per
3615 422 3817 465 omnes

2208 498 2474 556 honorum
2513 501 2718 570 gradus
2756 501 3010 558 festinata
3050 501 3296 558 benitate
3330 501 3681 571 proveheres.
3713 501 3812 556 Ti-

2207 604 2359 648 mere
2385 601 2445 648 ut
2472 593 2762 660 videreris,
2792 607 2860 652 ne
2887 594 2943 649 in
2977 609 3064 650 me
3090 594 3198 648 vita
3227 593 3518 660 deﬁceret,
3554 595 3682 666 dum
3717 595 3810 649 tibi

2182 684 2387 745 adhuc
2427 685 2628 756 aliquid
2676 687 2818 756 quod
2862 686 3090 741 deberes
3136 696 3425 756 prtestarc,
3473 699 3808 757 superesset.

2207 775 2376 846 Negat
2418 775 2611 832 Cicero
2650 777 2952 833 consularis
2994 778 3133 832 ultra
3171 794 3231 834 se
3269 777 3500 844 habere,
3532 779 3677 848 quod
3717 795 3815 834 cu-

2205 869 2339 940 piat.
2371 868 2486 940 Ego
2515 877 2695 926 autem
2719 869 2831 940 jam
2859 869 3048 925 consul
3080 879 3130 926 et
3157 865 3326 926 senex
3344 914 3359 939 ,
3383 870 3560 926 adhuc
3579 869 3814 928 avidita-

2207 970 2316 1016 tem
2341 975 2518 1016 meam
2545 961 2655 1032 jam
2683 961 2916 1028 fatebar,
2949 973 3002 1018 te
3027 962 3215 1018 videre
3241 964 3443 1032 saepius
3470 964 3522 1018 iu
3554 963 3654 1018 hoc
3682 979 3810 1018 ma-

2202 1055 2457 1125 gistratu,
2482 1055 2762 1121 Gratiane,
2785 1056 3056 1122 desidero,
3083 1064 3144 1110 ut
3181 1065 3236 1112 et
3283 1067 3380 1113 sex
3412 1057 3528 1113 Val.
3557 1059 3806 1126 Corvini,

2202 1156 2259 1202 et
2285 1157 2492 1220 septem
2517 1147 2582 1203 C.
2618 1147 2806 1214 Marii,
2848 1157 2904 1205 et
2942 1149 3282 1220 cognominis
3317 1150 3392 1205 tui
3436 1153 3666 1222 Augusti
3698 1161 3812 1208 tre-

2202 1238 2376 1295 decim
2405 1239 2720 1296 consulatus
2745 1255 2886 1296 unus
2912 1241 3238 1312 aequiparas.
3267 1241 3387 1296 Tibi
3418 1243 3604 1314 plures
3630 1253 3812 1314 potest

2201 1337 2337 1388 tetas
2371 1341 2426 1388 et
2460 1333 2678 1389 fortuna
2716 1341 2808 1389 tua
2833 1343 3117 1403 praestare,
3143 1347 3333 1390 verum
3361 1349 3463 1407 ego
3492 1335 3548 1390 in
3571 1350 3808 1392 numero

2200 1424 2439 1495 parcior,
2470 1425 2594 1496 quia
2619 1437 2675 1482 tu
2705 1427 2758 1482 in
2783 1442 3010 1484 munere
3037 1426 3334 1483 liberalior.
3363 1426 3544 1497 ipsum
3570 1428 3724 1484 enim
3753 1437 3808 1484 te

2199 1517 2402 1586 sacpius
2445 1517 2552 1574 hoc
2590 1517 2800 1575 honore
2833 1519 3158 1586 defraudes,
3205 1528 3266 1575 ut
3291 1529 3346 1575 et
3371 1520 3496 1575 aliis
3531 1520 3804 1590 largiaris.

2199 1608 2320 1665 Scis
2351 1609 2521 1676 enim,
2577 1611 2876 1681 imperator
2898 1610 3216 1667 doctissime
3239 1610 3476 1682 (rursum
3508 1611 3651 1667 enim
3681 1621 3809 1668 utar

491 1715 629 1770 mihi
656 1689 858 1784 scripta
879 1755 894 1779 ,
913 1689 1153 1770 Solvere
1182 1720 1236 1768 te
1266 1711 1409 1780 quod
1439 1709 1700 1774 debebas,
1732 1707 1980 1764 etadhue
2003 1707 2095 1762 de-
2125 1689 2175 1750 Β
2203 1702 2360 1759 laude
2378 1702 2630 1774 privata),
2653 1705 2780 1769 scis,
2801 1705 3042 1776 inquam,
3061 1714 3295 1774 septem,
3314 1719 3378 1762 ac
3398 1705 3589 1762 decem
3619 1707 3807 1762 Domi-

494 1806 627 1862 bere
652 1804 796 1875 quod
823 1805 1083 1860 solveris.
1116 1802 1162 1858 Ο
1185 1801 1386 1857 mentis
1411 1815 1593 1856 aureas
1615 1799 1817 1857 dictum
1850 1801 2097 1855 bractea-

495 1877 644 1964 tum,
684 1911 719 1952 ο
744 1895 814 1952 de
837 1903 1060 1966 pectore
1088 1893 1472 1949 candidissimo
1501 1891 1661 1947 lactei
1695 1891 1969 1947 sermonis
2000 1891 2096 1946 ali-

490 1987 756 2045 moniam.
797 1987 1165 2057 Quisquamne
1187 1995 1294 2040 tam
1318 1997 1514 2054 parcus
1535 1991 1622 2038 est
1650 1982 1704 2038 in
1730 1981 2095 2038 ostentatione

490 2079 778 2139 beneﬁcii?
819 2080 1103 2152 quisquam
1143 2076 1354 2148 pondus
1389 2076 1578 2145 gratiae
1616 2089 1732 2133 sum
1769 2076 1881 2130 vim
1915 2074 2095 2131 meriti

487 2175 780 2245 proﬁtetur
817 2171 1017 2227 alieni?
1051 2169 1336 2241 quisquam
1376 2168 1613 2240 denique
1639 2166 1783 2238 quod
1811 2165 2092 2238 indulget,

487 2265 645 2337 quasi
671 2265 738 2320 ab
767 2262 1006 2321 obnoxio
1037 2260 1344 2329 deferatur,
1376 2260 1611 2330 pretium
1639 2258 1844 2315 mavult
1870 2273 2091 2328 vocare,

490 2372 654 2428 quam
680 2357 919 2413 donum?
943 2353 1172 2428 Certent
1200 2352 1326 2409 huic
1353 2353 1639 2409 sententia:
1661 2361 1879 2408 veteres
1906 2352 2010 2419 illi,
2040 2361 2096 2408 et

491 2450 769 2508 Homerici
808 2456 1087 2514 oratores,
1126 2446 1346 2503 subtilis
1372 2445 1606 2502 deducta
1636 2445 1884 2499 oratione
1914 2443 2096 2499 Mene-

489 2543 634 2611 laus,
661 2551 719 2599 et
741 2543 915 2598 instar
943 2539 1224 2611 profundm
1249 2538 1528 2610 grandinis
1555 2537 1750 2593 ductor
1770 2537 2090 2607 lthacensis,

495 2643 555 2692 et
575 2635 774 2698 melleo
801 2633 1072 2690 delibutus
1095 2631 1313 2700 eloquio
1334 2630 1445 2700 jam
1477 2629 1652 2684 tertiis
1673 2627 1870 2684 Nestor
1894 2627 2090 2683 aetatis.

492 2728 603 2785 Sed
629 2741 807 2798 neque
835 2725 930 2780 ille
949 2722 1274 2784 concinnius
1302 2721 1608 2792 eloquetur,
1633 2720 1808 2792 quise
1830 2719 2092 2776 Laconica

493 2819 762 2876 brevitate
807 2815 1073 2886 collegit:
1117 2828 1297 2884 neque
1333 2813 1424 2868 ille
1462 2812 1797 2880 contortius,
1837 2812 1928 2882 qui
1969 2825 2092 2866 cum

492 2913 748 2970 sensibus
782 2909 946 2966 verba
978 2908 1346 2980 glomeravit:
1379 2921 1481 2962 nec
1509 2904 1751 2972 dulcius,
1773 2905 1928 2976 cujus
1958 2904 2094 2960 lenis

493 3007 676 3064 oratio
702 3003 992 3061 multendo
1023 3002 1201 3073 potius
1220 3043 1235 3066 ,
1263 3015 1428 3071 quam
1456 2997 1832 3072 extorquendo
1859 3013 2087 3070 persua-

2201 1797 2330 1852 tiani
2360 1798 2703 1866 consulatus,
2734 1813 2871 1870 quos
2897 1797 2992 1854 ille
3013 1798 3217 1854 invidia
3239 1797 3444 1855 alteros
3465 1799 3800 1869 provehendi

2198 1889 2568 1946 continuando
2593 1892 2905 1960 consumit,
2946 1892 3022 1947 ita
3047 1895 3104 1947 in
3133 1892 3254 1963 eius
3279 1892 3537 1950 aviditate
3561 1894 3799 1960 derisus,

2197 1988 2259 2034 ut
2284 1980 2388 2036 hoc
2415 1996 2538 2037 eum
2569 1982 2764 2053 pagina
2786 1981 3051 2038 fastorum
3081 1996 3329 2049 suorum,
3353 1984 3520 2039 immo
3547 1983 3803 2040 fastidio-

2198 2090 2319 2130 rum
2361 2077 2554 2131 fecerit
2588 2076 2916 2133 insolentem
2939 2119 2952 2141 ,
2990 2091 3090 2133 nec
3117 2077 3356 2146 potuerit
3385 2086 3650 2149 praestare
3679 2079 3802 2135 feli-

2197 2181 2338 2223 cem.
2381 2167 2537 2234 Quod
2575 2169 2622 2222 si
2666 2169 2898 2239 principi
2939 2168 3164 2225 honoris
3202 2171 3356 2226 istius
3389 2180 3690 2241 temperata
3722 2174 3806 2242 (et

2196 2269 2320 2330 qum
2344 2269 2568 2315 vocatur
2593 2261 2783 2332 aures)
2808 2261 2970 2316 debet
2997 2275 3122 2317 esse
3140 2263 3514 2333 mediocritas,
3535 2263 3666 2334 quid
3691 2265 3806 2334 pri-

2197 2349 2307 2406 vati
2345 2352 2519 2406 status
2561 2351 2904 2409 hominibus?
2945 2353 3085 2420 Quid
3129 2354 3482 2426 :equanimis?
3517 2355 3660 2424 Quid
3688 2359 3803 2426 jam

2196 2441 2419 2498 senibus
2447 2457 2575 2513 erga
2599 2457 2664 2508 se
2684 2453 2903 2514 oportet
2930 2458 3056 2501 esse
3084 2447 3512 2504 moderaminis?
3542 2448 3658 2519 Ego
3679 2450 3805 2519 qui-

2197 2534 2320 2592 dem
2339 2573 2354 2601 ,
2382 2536 2528 2607 quod
2559 2536 2628 2591 ad
2654 2536 2891 2597 honercs
2915 2553 3066 2594 meos
3095 2541 3368 2610 pertinet,
3397 2547 3453 2596 et
3489 2549 3612 2595 vota
3650 2551 3807 2597 satu-

2196 2628 2334 2684 ravi.
2379 2628 2462 2685 'l‘u
2502 2637 2686 2685 tamen
2707 2671 2723 2697 ,
2765 2630 3066 2701 imperator
3104 2634 3345 2703 optime,
3376 2641 3432 2689 tu
3459 2635 3711 2705 piisime,
3743 2645 3804 2692 tu

2195 2735 2357 2789 quem
2399 2735 2510 2778 non
2551 2722 2742 2794 fatigat
2781 2725 3114 2793 liberalitas,
3166 2728 3269 2783 nisi
3298 2729 3517 2799 quando
3543 2732 3802 2787 cessavit.

2195 2813 2275 2872 Tu
2297 2855 2313 2882 ,
2341 2815 2592 2886 inquam,
2624 2817 3102 2888 indulgentissime
3127 2819 3414 2891 Gratiane,
3453 2833 3513 2878 ut
3540 2824 3610 2879 ad
3642 2825 3806 2880 bene-

2194 2907 2503 2967 facicndum
2531 2910 2712 2966 subito
2739 2925 2804 2968 es
2823 2953 2839 2980 ,
2868 2928 2970 2968 nec
2993 2915 3188 2984 opinus
3217 2916 3466 2987 ingenio,
3495 2917 3678 2974 adhuc
3700 2920 3806 2974 aii-

2197 3001 2323 3072 quid
2348 3046 2364 3071 ,
2406 3003 2554 3073 quod
2591 3003 2696 3059 hoc
2734 3005 2954 3061 nomine
3001 3007 3131 3061 mihi
3181 3016 3493 3078 prtestetur,
3524 3010 3798 3067 invenies.

493 3101 585 3157 sit.
607 3099 832 3158 Solvere
853 3106 906 3152 te
926 3071 1086 3160 dicis,
1104 3095 1248 3164 quod
1272 3093 1531 3159 debebas,
1549 3102 1604 3148 et
1623 3071 1930 3148 debiturum
1951 3105 2096 3156 esse,
2123 3071 2172 3135 ο
2205 3071 2295 3151 Sic
2331 3071 2651 3152 intellexere
2695 3111 2884 3154 omnes
2901 3139 2916 3166 ,
2948 3099 3030 3154 sic
3058 3071 3217 3155 nobis
3243 3071 3490 3156 ordinem
3519 3103 3638 3171 ipse
3667 3103 3805 3159 feci-

493 3207 619 3249 cum
659 3187 910 3246 solveris.
953 3187 1196 3254 Anguste
1231 3185 1480 3252 juvenis,
1510 3185 1634 3238 coeli
1665 3184 1760 3238 tibi
1788 3191 1846 3237 et
1877 3181 2098 3236 humani

496 3283 716 3355 generis
755 3287 934 3334 rector
971 3277 1078 3331 hoc
1119 3275 1427 3344 tribuebat,
1459 3281 1519 3328 ut
1547 3273 1810 3343 praelatus
1839 3273 2095 3342 antiquis,

495 3387 636 3445 quos
667 3370 833 3427 etiam
878 3367 1146 3438 elegantia
1193 3364 1481 3420 sententia:
1523 3364 1687 3420 istius
1730 3364 2096 3431 antecessisti,

496 3467 688 3523 vincas
717 3462 940 3536 propria
969 3460 1304 3532 singulorum
1335 3459 1388 3514 in
1413 3458 1660 3514 Menelao
1682 3459 1884 3528 regiam
1904 3456 2097 3527 digna-

498 3559 738 3625 tionem,
774 3557 826 3610 in
857 3555 1050 3625 Ulysse
1082 3551 1453 3622 prudentiam,
1493 3551 1546 3606 in
1589 3549 1818 3606 Nestore
1857 3560 2098 3605 senectuo

494 3663 628 3709 tem.
669 3649 932 3720 Subjiciet
972 3646 1209 3717 aliquis,
1242 3644 1346 3700 lsta
1373 3643 1596 3714 quidem
1625 3644 1851 3714 adeptus
1876 3658 1967 3710 es,
2001 3641 2098 3698 sed

498 3751 668 3807 effare
701 3762 809 3819 quo
850 3743 1089 3801 merito?
1129 3741 1270 3810 Quid
1294 3755 1381 3797 me
1407 3754 1606 3796 oneras
1636 3739 1985 3796 sciscitatur?
2014 3752 2100 3793 ra-

498 3845 707 3900 tionem
739 3837 1014 3894 felicitatis
1045 3849 1204 3891 nemo
1230 3833 1428 3889 reddit.
1469 3833 1610 3887 Deus
1637 3839 1691 3888 et
1715 3833 1805 3903 qui
1837 3832 1948 3887 Deo
1975 3844 2100 3901 pro—

498 3937 684 3992 ximus
713 3932 884 3988 tacito
913 3943 1141 3986 munera
1172 3927 1425 3997 diSpcrtit
1453 3925 1700 3993 arbitrio,
1734 3935 1789 3980 et
1807 3924 2100 3981 beneﬁcio-

496 4043 621 4084 rum
650 4038 872 4081 suorum
901 4022 1208 4091 indignatus
1237 4032 1334 4088 per
1361 4017 1612 4073 homines
1639 4025 1783 4072 stare
1807 4015 2094 4085 judicium,

498 4119 707 4176 mavult
743 4119 812 4172 de
850 4114 1080 4172 subditis
1109 4111 1327 4168 dedisse
1356 4110 1694 4166 miraculum.
1725 4109 1862 4177 Quo,
1896 4109 2097 4180 inquis,

498 4210 738 4267 merito?
769 4224 869 4278 ego
897 4207 1105 4262 nullum
1138 4204 1277 4271 scio,
1315 4203 1422 4258 nisi
1449 4203 1592 4274 quod
1625 4211 1704 4270 tu,
1731 4202 1973 4272 piissime
1998 4201 2100 4256 lm-

498 4312 744 4376 perator,
766 4301 968 4358 debere
988 4309 1038 4355 to
1066 4299 1224 4367 dicis,
1252 4298 1432 4356 ethoc
1453 4297 1656 4353 debere
1682 4296 1945 4352 latissime
1975 4311 2100 4366 per-

2201 3183 2307 3250 sti,
2335 3185 2418 3241 sic
2439 3188 2651 3242 amicus
2680 3187 2794 3244 Deo
2821 3203 2882 3244 es
2901 3233 2917 3258 ,
2951 3199 3062 3244 uta
3097 3200 3150 3246 te
3171 3190 3285 3260 jam
3311 3193 3664 3264 impetratum
3694 3197 3802 3263 sit,

2201 3275 2346 3347 quod
2376 3291 2483 3336 non
2511 3288 2730 3350 optatur
2753 3280 2823 3337 ab
2849 3281 3062 3353 aliquo,
3111 3293 3167 3338 et
3195 3284 3340 3355 quod
3369 3287 3605 3341 nondum
3635 3297 3800 3358 opta-

2201 3383 2356 3438 mus,
2405 3371 2760 3442 adipiscitur.-
2797 3374 2866 3430 Et
2909 3389 3124 3430 rursum
3165 3375 3362 3448 aliquis
3409 3378 3665 3448 adjiciet,
3709 3390 3804 3435 aut

2200 3476 2451 3519 sermone
2479 3464 2668 3534 libere,
2695 3474 2792 3528 aut
2819 3466 3145 3538 cogitatione
3174 3468 3414 3525 liberius.
3458 3471 3651 3527 Nonne
3671 3472 3802 3528 olim

2201 3563 2257 3610 et
2277 3555 2418 3625 apud
2446 3565 2663 3612 veteres
2683 3558 2835 3615 multi
2867 3558 3137 3630 ejusmodi
3167 3559 3422 3618 doctores
3450 3562 3705 3618 fuerunt?
3732 3580 3803 3618 an

2203 3655 2258 3703 tu
2298 3647 2449 3705 solus
2484 3661 2789 3721 praeceptor
2815 3651 3091 3723 .Augusti?
3131 3653 3303 3709 [mmo
3332 3669 3435 3726 ego
3461 3671 3587 3712 cum
3617 3659 3807 3714 multis

2201 3741 2526 3811 coniunctus
2571 3742 2785 3811 ofﬁcio,
2838 3745 2937 3800 sed
2988 3761 3110 3802 cum
3160 3748 3504 3818 paucissimis
3554 3760 3808 3807 secretus

2201 3834 2474 3904 exemplo.
2508 3834 2643 3893 Nolo
2679 3833 3024 3893 Constantini
3063 3847 3368 3909 temporum
3407 3849 3598 3897 taxare
3636 3844 3812 3900 colle-

2199 3941 2296 3997 gas
2331 3946 2344 3981 :
2375 3927 2622 3985 Caesares
2657 3929 3015 3987 docebantur.
3068 3932 3360 3999 Superiora
3407 3935 3758 4007 exstinguam
3789 3955 3807 3991 :

2200 4020 2354 4077 dives
2368 4021 2574 4078 Seneca
2594 4037 2698 4085 nec
2712 4031 2891 4080 tamen
2908 4025 3096 4080 consul
3115 4036 3375 4098 argnetur
3391 4028 3621 4094 rectius,
3637 4044 3809 4098 quam

2199 4113 2605 4184 prmdicabitur,
2630 4132 2738 4172 non
2763 4117 3027 4172 erudiisse
3049 4118 3287 4174 indolem
3309 4118 3570 4190 Neronis,-
3595 4122 3694 4176 sed
3715 4136 3815 4176 ar-

2200 4221 2381 4263 masse
2401 4208 2688 4263 :evitiam.
2711 4208 3079 4276 Quintilianus
3099 4212 3402 4267 consularia
3428 4227 3525 4283 per
3541 4212 3814 4270 Clemen-

2202 4307 2310 4355 tem
2338 4309 2660 4356 ornamenta
2687 4301 2912 4357 sortitus
2931 4346 2946 4370 ,
2986 4302 3410 4360 honestamenta
3443 4306 3682 4362 nominis
3705 4322 3814 4376 po-

500 4403 664 4456 tinet.
696 4397 820 4454 Sive
847 4394 952 4452 hoc
981 4394 1302 4451 eruditionis
1325 4402 1431 4448 tua:
1453 4392 1606 4447 fenus
1627 4381 1928 4448 existimas.
1971 4390 2098 4448 Sive
2127 4463 2165 4467 _
2202 4392 2307 4446 tius
2323 4391 2710 4464 videturquam
2729 4394 2953 4466 insignia
2973 4397 3254 4464 potestatis
3273 4397 3818 4467 habuisse.Quomo-

499 4492 620 4548 sine
646 4490 839 4546 fenore
861 4487 1089 4558 gloriam
1118 4486 1457 4542 liberalitatis
1478 4483 1720 4540 affectas.
1743 4483 1870 4541 Sive
1891 4493 1944 4539 te
1966 4497 2100 4552 pon-
2123 4463 2180 4524 D
2205 4483 2274 4539 do
2294 4483 2540 4540 Titianus
2567 4463 2857 4562 magister,
2876 4488 3267 4559 sedgloriosus
3298 4490 3390 4546 ille
3411 4463 3812 4563 municipalem

501 4583 636 4638 dere
665 4589 944 4651 conceptu:
972 4578 1282 4649 sponsionis
1309 4592 1595 4633 exoneras.
1638 4577 1745 4633 Seu
1781 4577 1904 4632 ﬁdei
1943 4591 2097 4632 com-

500 4673 732 4728 missum
775 4673 948 4742 patris
989 4669 1246 4725 cxsolvis.
1276 4668 1385 4723 Seu
1414 4667 1856 4737 magnanimitate
1892 4667 2100 4723 ccclein

500 4763 868 4819 ostentatione
903 4776 1201 4832 suppressa
1231 4761 1324 4816 Dei
1360 4774 1558 4814 munus
1597 4758 1848 4828 imitaris.
1887 4758 2098 4815 Debere

503 4873 558 4921 te
588 4861 746 4918 dicis.
786 4860 926 4915 Cui?
961 4858 1223 4928 Quando?
1256 4858 1376 4927 Quo
1410 4857 1671 4912 nomine?
1709 4855 1851 4927 Lege
1873 4870 2098 4927 syngra-

497 4957 685 5027 pham.
716 4951 948 5010 Nomina
973 4950 1323 5006 creditorem.
1356 4950 1580 5020 Accepti
1602 4956 1658 5005 et
1685 4950 1908 5020 expensi
1939 4951 2092 5004 tabu-

500 5053 572 5107 lae
596 5047 970 5106 conferantur.
1008 5043 1233 5101 Videbis
1267 5044 1374 5100 alio
1411 5059 1637 5100 summa:
1677 5045 1830 5099 istius
1861 5046 2094 5100 transire

496 5145 767 5201 rationem
790 5184 805 5211 ,
850 5139 948 5196 tibi
983 5139 1150 5209 accpit
1193 5137 1335 5193 Deus
1372 5137 1578 5194 debere
1617 5153 1716 5208 pro
1743 5138 1921 5194 nobis.
1952 5138 2090 5207 Quid

496 5248 679 5295 autem
724 5236 858 5293 mibi
901 5233 1105 5301 debes,
1154 5231 1462 5303 gratissime
1508 5232 1840 5302 imperator?
1884 5231 2092 5288 Patitur

496 5333 644 5386 enim
683 5328 995 5385 humanitas
1036 5332 1154 5393 tua,
1197 5333 1256 5380 ut
1287 5332 1485 5394 praeter
1513 5325 1693 5396 regias
1723 5325 1953 5380 virtutes
1979 5325 2092 5395 pri-

493 5433 617 5478 vata
651 5420 1014 5493 appellatione
1051 5417 1310 5475 lauderis.
1357 5415 1500 5484 Quid
1529 5424 1587 5472 tu
1627 5415 1760 5472 mihi
1791 5417 1999 5474 debes?
2034 5425 2092 5473 et

495 5525 686 5571 contra
717 5513 845 5585 quid
877 5527 984 5569 non
1013 5525 1119 5583 ego
1149 5510 1245 5566 tibi
1274 5508 1488 5565 debeo?
1515 5523 1658 5565 anne
1705 5508 1848 5580 quod
1891 5509 2092 5566 docui?

493 5605 604 5660 hoc
628 5619 730 5676 ego
757 5618 979 5676 possum
1011 5603 1195 5658 verius
1225 5608 1576 5672 retorquere,
1621 5600 1842 5672 dignum
1872 5617 1959 5659 me
1986 5602 2086 5659 lia-

494 5691 665 5751 bitum
683 5734 699 5764 ,
729 5694 821 5767 qui
855 5693 1109 5754 docerem
1129 5735 1144 5766 ,
1184 5699 1265 5754 tot
1289 5693 1541 5753 facundia
1571 5692 1926 5768 doctrinaque
1951 5710 2092 5769 prae-

2199 4580 2438 4634 scholam
2479 4579 2623 4650 apud
2666 4581 3039 4637 Visontionem
3081 4583 3508 4655 Lugdunumque
3537 4587 3816 4644 varianda

2199 4685 2306 4726 non
2322 4681 2481 4728 :ntate
2493 4673 2734 4743 quidem,
2750 4673 2843 4730 sed
2863 4675 3070 4731 vilitate
3086 4680 3390 4732 consenuit.
3407 4677 3577 4734 Unica
3595 4680 3730 4736 mihi
3749 4691 3817 4737 et

2196 4765 2568 4834 amplectenda
2598 4773 2681 4822 est
2701 4765 2990 4828 Frontonis
3011 4769 3263 4836 imitatio,
3287 4786 3450 4841 quem
3480 4780 3660 4829 tamen
3691 4775 3819 4829 Au-

2196 4857 2337 4928 gusti
2389 4858 2709 4929 magistrum
2759 4859 2840 4915 sic
2888 4863 3205 4917 consulatus
3245 4865 3493 4930 ornavit,
3544 4875 3604 4920 ut
3651 4881 3807 4936 prte-

2202 4949 2403 5004 fectura
2426 4964 2533 5005 non
2563 4950 2830 5020 cingeret.
2859 4950 2966 5007 Sed
2989 4954 3306 5009 consulatus
3355 4955 3447 5010 ille
3490 4954 3812 5026 cujusmodi

2201 5040 2485 5096 ordinario
2509 5041 2793 5112 suﬁectus,
2831 5043 3078 5100 bimestri
3116 5047 3290 5116 spatio
3327 5046 3706 5119 interpositus,
3745 5053 3812 5107 in

2201 5143 2354 5191 sexta
2394 5136 2520 5191 anni
2553 5146 2709 5213 parte
2735 5147 3126 5209 consumptus,
3157 5141 3514 5210 quaerendum
3559 5151 3618 5197 ut
3667 5144 3814 5198 reli-

2197 5232 2379 5304 querit
2435 5241 2618 5287 tantus
2667 5242 2881 5320 ogator,
2939 5233 3138 5302 quibus
3191 5234 3509 5290 consulibus
3563 5238 3814 5305 gesserit

2197 5324 2564 5381 consulatum.
2616 5324 2756 5380 Ecce
2799 5323 2947 5380 aliud
2995 5325 3140 5396 quod
3187 5326 3388 5396 aliquis
3434 5337 3700 5398 opponat,
3738 5329 3811 5384 lu

2194 5417 2333 5473 tanti
2361 5433 2492 5489 ergo
2520 5427 2574 5474 te
2600 5418 2835 5473 oratoris
2866 5417 3143 5488 fastigium
3171 5427 3225 5474 te
3245 5419 3523 5491 gloriosus
3549 5420 3816 5475 attollis?

2191 5511 2279 5568 cui
2313 5511 2440 5566 talia
2472 5511 2775 5582 requirenti
2817 5511 3166 5582 respondebo
3217 5512 3461 5569 breviter
3485 5553 3502 5580 ,
3533 5512 3655 5568 Non
3689 5527 3816 5585 ego

2193 5621 2282 5662 me
2323 5604 2600 5662 contendo
2629 5603 2915 5673 Frontoni,
2950 5605 3046 5662 sed
3073 5605 3352 5663 Antonino
3383 5608 3617 5675 praefero
3657 5605 3824 5663 Cra-

2197 5697 2426 5758 tianum.
2445 5695 2741 5758 Celebrant
2756 5695 2979 5768 quidem
3005 5695 3282 5758 solemnes
3305 5698 3443 5758 istos
3461 5697 3583 5758 dies
3598 5711 3830 5760 omnes-
