4108 6188
449 204 555 264 915

1854 195 2037 255 DECII
2074 194 2351 256 AUSONII

3652 191 3759 247 9M

444 337 512 379 ex
551 333 703 378 more
748 318 1060 391 fungantur.
1110 315 1278 390 Eligis
1307 315 1424 388 ipse
1461 315 1531 373 de
1567 313 1790 380 multis,
1833 321 2041 370 etcum
2071 312 2124 373 Α
2150 313 2340 369 nniore
2385 308 2484 366 illo
2525 309 2608 382 (ut
2647 304 2876 378 dicitur)
2919 303 3144 360 deducta
3194 301 3521 368 libavcrim,
3573 300 3753 373 aliqua

443 415 695 487 elegeris,
733 429 960 485 munera
988 421 1076 468 tua
1111 412 1400 468 verborum
1433 408 1643 464 honore
1672 405 2046 478 prosequeris.

442 506 768 572 Palmatam,
799 506 999 577 inquis,
1053 504 1145 559 tibi
1179 504 1321 571 misi,
1354 504 1410 557 in
1440 518 1542 571 qua
1571 500 1721 555 divus
1758 496 2052 553 Constanti-

445 613 542 651 nus
570 612 758 667 parens
788 606 963 650 noster
990 596 1222 650 intextus
1259 603 1356 650 est.
1397 593 1478 648 Mc
1508 593 1748 658 beatum,
1783 589 1938 659 cuius
1969 587 2052 642 in-

442 687 688 759 signibus
719 687 842 743 talis
887 703 1014 744 cura
1062 696 1378 758 prmSIetur.
1426 684 1553 740 Haec
1594 683 1773 756 plane,
1807 681 1922 737 haec
1965 688 2054 736 est

443 779 590 848 picta
614 777 701 849 (ut
739 777 959 848 dicitur)
988 778 1157 833 vestis
1202 793 1307 832 non
1348 775 1519 847 magis
1558 789 1692 830 auro
1721 788 1844 840 suo,
1887 785 2048 843 quam

445 871 554 926 tuis
585 870 790 926 verbis.
831 869 940 926 Sed
991 870 1161 926 multo
1199 869 1355 941 plura
1405 876 1534 925 sunt
1569 868 1621 923 in
1666 866 1787 936 ejus
1829 873 2050 930 ornatu,

446 976 569 1032 qua:
599 977 696 1032 per
727 971 779 1018 te
805 961 1105 1018 instructus
1136 962 1403 1033 intelligo.
1435 961 1722 1018 Geminum
1755 959 1958 1031 quippe
1979 958 2048 1031 βίη

445 1070 556 1110 uno
587 1055 773 1111 habitu
820 1055 998 1111 radiat
1037 1071 1236 1112 nomen
1267 1055 1518 1126 Augusti.
1565 1053 1956 1109 Constantinus
1996 1051 2049 1105 in

441 1158 763 1220 argumento
780 1151 948 1205 vestis
979 1149 1264 1216 intexitnr,
1289 1149 1578 1204 Gratianus
1608 1149 1659 1203 in
1685 1145 1925 1202 muneris
1947 1144 2048 1200 ho-

443 1255 578 1296 nore
621 1241 878 1297 sentitur.
924 1241 1175 1298 Accessit
1217 1251 1324 1295 tam
1368 1241 1615 1312 impenso
1657 1239 1925 1296 beneficio
1957 1247 2050 1292 tuo

445 1331 660 1403 pondus
685 1331 1047 1402 quorumdam
1085 1333 1460 1389 sciscitatione
1485 1333 1841 1389 cumulatum.
1873 1330 2051 1386 Inter-

445 1435 690 1497 rogatus,
734 1444 895 1498 quem
936 1430 1172 1498 priorem
1206 1430 1537 1485 decerneres
1589 1428 1872 1484 consulem
1903 1445 1916 1482 :
1950 1441 2051 1483 nec

445 1519 802 1576 dubitandum
831 1535 956 1578 esse
978 1521 1165 1586 dixisti
1197 1531 1277 1590 tu,
1310 1531 1366 1577 et
1395 1523 1486 1592 qui
1518 1531 1699 1578 tecum
1742 1521 1869 1576 boni
1897 1529 2046 1584 sunt,

445 1615 698 1670 dubitare
741 1629 846 1670 non
881 1622 1152 1686 poterant.
1206 1615 1316 1671 Sed
1361 1625 1540 1670 tamen
1588 1615 1656 1670 ad
1697 1613 1802 1669 hoc
1839 1613 2047 1668 dictum

2151 421 2239 462 me
2267 405 2435 462 etiam
2479 403 2548 458 de
2594 400 2898 471 maiestatis
2942 409 3053 463 tua:
3089 395 3340 452 laudibus
3381 395 3585 452 debere
3629 411 3758 466 per-

2148 499 2436 570 stringere.
2465 497 2801 566 Quamquam
2833 509 2922 550 me
2971 493 3128 547 istam
3154 490 3392 546 dixerim
3440 478 3759 562 seposuisse

2151 590 2460 660 materiam,
2492 588 2627 645 etin
2671 597 2886 658 tempus
2915 584 3066 641 aliud
3110 598 3433 640 reservare:
3474 583 3761 640 nihilomi-

2149 698 2252 740 nus
2279 693 2460 738 tamen
2491 691 2552 738 ut
2580 697 2726 738 nunc
2760 681 2942 752 aliqua
2970 679 3306 750 contingam,
3341 687 3472 735 nutu
3501 689 3558 735 et
3587 695 3761 750 prope

2152 791 2436 832 murmure
2483 775 2860 831 cohortantur.
2910 774 3100 845 Itaque
3143 772 3364 840 faciam,
3402 773 3624 844 quando
3663 789 3761 830 co-

2150 879 2282 942 gunt
2305 868 2581 924 volentem
2603 883 2616 920 :
2641 867 2738 923 sed
2760 865 3060 936 majoribus
3075 865 3344 936 separatis
3367 865 3610 920 tenuiora
3638 880 3757 920 mc-

2152 961 2405 1028 morabo,
2439 961 2590 1016 nulla
2624 975 2722 1030 spe
2750 959 2817 1014 ad
2848 959 3068 1029 plenum
3097 959 3462 1030 exsequendi,
3502 959 3596 1015 sed
3628 960 3753 1014 nni-

2151 1056 2295 1112 versi
2344 1063 2404 1111 ut
2442 1054 2753 1125 intelligant
2801 1067 2992 1109 eorum
3043 1067 3165 1123 qua:
3215 1052 3361 1107 intus
3407 1052 3758 1123 praedicanda

2149 1155 2302 1214 sunt,
2331 1161 2361 1202 a
2392 1163 2478 1203 me
2507 1146 2834 1218 poscendam
2863 1160 2984 1201 esse
3011 1143 3287 1209 notitiam,
3317 1143 3388 1199 ab
3415 1143 3540 1198 aliis
3573 1142 3757 1213 digni-

2152 1251 2346 1299 tatem.
2399 1241 2511 1297 Nec
2547 1238 2901 1306 excellentia,
2954 1239 3052 1294 sed
3109 1236 3427 1308 quotidiana
3479 1237 3753 1292 tractabo.

2151 1335 2371 1391 Nullum
2403 1344 2459 1391 tu
2508 1349 2766 1405 umquam
2808 1333 2951 1388 diem
2987 1332 3058 1385 ab
3103 1329 3470 1386 adolescentia
3506 1339 3598 1384 tua
3650 1328 3758 1384 nisi

2151 1429 2384 1485 adorato
2412 1428 2500 1484 dei
2532 1429 2754 1482 numine
2795 1436 2850 1482 et
2879 1439 3007 1482 reus
3036 1424 3148 1479 voti
3181 1433 3235 1479 et
3275 1423 3426 1479 illico
3468 1422 3760 1476 absolutus

2153 1522 2337 1593 egisti,
2383 1522 2546 1577 lautis
2600 1520 2878 1586 manibus,
2929 1527 3112 1573 mente
3159 1533 3318 1588 pura,
3366 1517 3757 1572 immacuiabili

2153 1615 2513 1680 conscientia,
2556 1623 2609 1670 et
2639 1613 2782 1684 quod
2827 1613 2880 1667 in
2914 1612 3100 1682 paucis
3125 1619 3232 1675 est,
3265 1610 3596 1682 cogitatione
3639 1610 3762 1664 sin-

441 1718 739 1764 erexerant
769 1710 1005 1777 animos,
1055 1709 1146 1778 qui
1191 1708 1428 1764 libenter
1457 1707 1826 1762 clarissimum
1871 1706 2048 1760 virum
2080 1692 2316 1763 Bcera.-
2358 1705 2523 1777 Cujus
2568 1718 2749 1762 autem
2802 1720 3056 1775 umquam
3117 1718 3372 1774 egressus
3419 1703 3764 1772 auspicatior

444 1801 708 1872 collegam
739 1816 940 1867 meum,
984 1817 1144 1870 quem
1186 1810 1514 1869 praesentem
1549 1799 1783 1855 habebat
1808 1798 2045 1862 occasio,

447 1894 733 1963 praelatum
757 1893 1138 1948 credidissent.
1170 1892 1480 1963 Fatigantcs
1511 1902 1690 1948 tamen
1720 1892 1864 1963 quod
1887 1891 2047 1946 intel-

448 1985 717 2052 lexerant,
759 1983 1132 2054 requirebant.
1165 1985 1262 2040 llic
1295 1995 1373 2052 tu,
1417 1985 1560 2040 sicut
1596 1985 1728 2039 mihi
1772 1985 2050 2040 renuntia-

450 2086 564 2132 tum
593 2086 700 2146 cst,
727 2087 856 2132 noto
889 2076 983 2132 illo
1009 2077 1214 2146 pudore
1247 2084 1338 2132 tuo
1368 2077 1640 2147 paulisper
1671 2076 1876 2133 haesisti
1905 2096 1916 2129 :
1940 2090 2046 2132 non

449 2171 678 2226 rationis
708 2170 1015 2242 ambiguus,
1045 2171 1140 2226 sed
1172 2185 1360 2225 eorum
1393 2170 1789 2227 dubitationem
1817 2171 1967 2230 vultu
1995 2179 2050 2225 et

448 2262 650 2330 rubore
695 2263 1086 2332 condemnans,
1121 2263 1213 2334 qui
1238 2263 1478 2319 studium
1520 2278 1676 2317 suum
1721 2263 2051 2332 interpreta-

450 2354 617 2409 tionis
665 2369 854 2410 errore
901 2354 1218 2425 palpabant.
1272 2355 1480 2411 Deinde
1534 2355 1680 2411 illico
1733 2354 2046 2410 subdidisti.

449 2445 594 2514 Quid
617 2445 684 2503 de
714 2446 928 2502 duobus
957 2447 1271 2504 consulibus
1298 2447 1596 2518 designatis
1625 2448 1904 2520 quaeritis:
1930 2449 2051 2519 quis

448 2540 586 2595 ordo
615 2539 690 2596 sit
711 2541 1163 2612 nuncupationis?
1193 2543 1351 2598 Anne
1373 2542 1514 2600 alius
1537 2559 1696 2610 quam
1727 2557 1887 2614 quem
1909 2556 2049 2612 pra:-

451 2633 664 2689 fectura
693 2633 1016 2689 constituit?
1038 2635 1081 2689 Ο
1104 2635 1315 2690 felicem
1349 2636 1739 2692 verecundiam
1770 2645 1938 2702 tuam,
1963 2634 2054 2691 cui

454 2727 556 2781 ista
599 2728 878 2796 popularis
917 2729 1060 2783 ratio
1090 2736 1198 2783 tam
1245 2729 1543 2799 prudenter
1587 2731 1858 2787 occurrit!
1890 2729 2053 2787 Scisti

453 2819 627 2884 aliud,
658 2820 936 2889 Gratiane,
969 2821 1114 2892 quod
1143 2821 1392 2879 diceres:
1423 2824 1518 2880 sed
1548 2835 1770 2897 propter
1793 2837 2055 2895 quorum-

453 2913 578 2969 dam
605 2915 993 2971 verecundiam
1039 2916 1225 2973 dicere
1273 2915 1517 2974 noluisti.
1565 2917 1932 2989 Scrupulosus
1963 2914 2054 2970 hic

451 3007 588 3062 mihi
627 3006 781 3063 locus
827 3015 916 3064 est
947 3023 962 3062 :
993 3017 1047 3063 et
1083 3016 1309 3080 propter
1364 3024 1507 3078 eam,
1545 3025 1708 3081 quam
1756 3027 2049 3084 numquam

451 3098 713 3169 appetivi,
744 3099 980 3168 gloriam
1005 3100 1356 3156 recusandus.
1395 3099 1530 3156 Cutn
1560 3101 1744 3171 priore
1774 3105 2054 3160 renuntia-

453 3199 543 3246 tus
571 3191 696 3255 sim,
728 3191 861 3244 satis
889 3200 972 3244 est
1003 3200 1152 3245 tuum
1183 3202 1370 3248 tenere
1393 3193 1680 3261 judicium.
1723 3195 2054 3266 Interpretes

455 3284 636 3340 valete
679 3282 1024 3339 meritorum.
1066 3283 1257 3355 Neque
1297 3293 1480 3341 autem
1530 3301 1654 3357 ego,
1687 3290 2057 3347 sacratissime

457 3375 780 3444 imperator,
811 3374 865 3430 in
888 3374 1037 3431 tenui
1063 3374 1334 3432 beneticio
1373 3376 1602 3448 gradum
1634 3382 2059 3451 nuncupatiouis

459 3467 781 3537 amplector.
830 3465 972 3524 Num
1019 3477 1105 3537 est
1153 3469 1272 3524 huc
1317 3468 1494 3540 gloria
1543 3470 1727 3540 ignota
1773 3471 2062 3529 Ciceroni?

461 3560 753 3618 Prwtorem
779 3578 880 3632 me,
919 3561 1120 3634 inquit,
1149 3561 1290 3633 Pop.
1333 3563 1491 3619 Rom.
1516 3564 1745 3635 primunt
1770 3567 1892 3638 fecit
1939 3585 2062 3622 con-

463 3654 628 3711 sulem
655 3655 919 3727 'priorem.
966 3655 1050 3710 Ex
1088 3653 1202 3726 ipsa
1250 3654 1370 3726 ejus
1407 3658 1675 3713 sententia
1719 3660 2059 3731 intelligitur,

465 3746 957 3808 commendabilius
1001 3747 1051 3803 ei
1093 3746 1267 3804 videri
1312 3749 1407 3804 uni
1447 3765 1610 3820 quam
1644 3751 1895 3821 pluribus
1939 3750 2064 3811 esse

465 3840 819 3912 praepositum
855 3856 870 3893 :
898 3839 1049 3895 nulla
1075 3840 1220 3896 enim
1258 3850 1343 3896 est
1369 3841 1590 3912 quidem
1618 3825 1953 3901 contumelia
1977 3861 2067 3901 se-

464 3932 653 3998 cundi,
683 3931 777 3989 sed
807 3937 882 3988 ex
904 3931 1120 3988 duobus
1145 3931 1318 4004 gloria
1349 3949 1542 4005 magna
1575 3936 1806 4005 praelati.
1829 3937 2066 3995 Alexan-

466 4026 551 4083 dri
583 4025 895 4082 Macedonis
917 4024 1022 4081 ltoc
1047 4025 1238 4092 fertur,
1265 4040 1388 4082 cum
1413 4026 1638 4099 legisset
1666 4027 1791 4083 illos
1818 4029 2069 4087 Homeri-

469 4134 566 4174 cos
607 4133 826 4186 versus,
868 4118 1086 4189 quibus,
1133 4117 1370 4175 Hectore
1408 4128 1764 4190 provocante,
1799 4137 1832 4178 c
1869 4137 2064 4181 novem

473 4210 726 4277 ducibus,
757 4210 849 4280 qui
878 4224 1071 4266 omnes
1099 4225 1343 4282 pugnare
1371 4211 1688 4283 cupiebant,
1716 4230 1881 4271 unum
1905 4217 2069 4289 deligi

470 4306 718 4377 placeret
758 4305 922 4361 sortis
948 4315 1168 4373 eventu,
1202 4307 1414 4379 trepida
1453 4309 1546 4366 ubi
1584 4313 1946 4384 conceptione
1974 4326 2071 4368 vo-

472 4410 654 4456 torum
701 4398 895 4454 Jovem
943 4401 1212 4470 optimum
1270 4402 1565 4458 maximum
1620 4411 1766 4460 totus
1812 4413 2070 4476 precatur

475 4491 768 4559 exercitus,
799 4498 859 4546 ut
885 4489 1106 4562 Ajacem
1136 4492 1223 4548 vel
1253 4491 1428 4564 Tydei
1457 4493 1625 4550 tilium
1653 4505 1747 4552 aut
1778 4497 1954 4567 ipsum
1981 4511 2072 4553 re-

475 4603 598 4658 gem
625 4586 819 4642 ditium
850 4585 1199 4658 Mycenarum
1227 4587 1413 4642 sortiri
1443 4588 1683 4658 patiatur
1710 4590 2077 4662 Agamemno-

479 4692 606 4732 nem
639 4695 652 4730 :
682 4677 1003 4746 Occiderem,
1035 4678 1229 4750 inquit,
1260 4677 1412 4733 illum
1436 4679 1529 4750 qui
1555 4696 1635 4734 me
1664 4681 1871 4736 tertium
1900 4682 2072 4736 nomi-

478 4779 676 4826 nasset.
703 4770 749 4826 0
779 4771 1280 4842 magnanimitatem
1315 4771 1603 4828 fortissimi
1635 4772 1756 4828 viri.
1792 4773 2076 4830 Nominari

478 4861 623 4918 inter
664 4875 864 4916 novem
909 4864 1104 4918 tertius
1145 4863 1456 4930 recusabat,
1505 4862 1595 4918 ubi
1643 4871 1794 4920 certe
1829 4863 2078 4934 pluribus

479 4953 858 5023 antecelleret,
890 4968 1052 5026 quam
1081 4955 1354 5012 subesset.
1379 4955 1592 5024 Quanta
1632 4955 1721 5012 hic
1746 4957 2074 5016 verecundia

477 5046 799 5119 gravaretur
828 5045 1102 5120 posterior
1142 5047 1212 5104 de
1248 5047 1498 5104 duobus?
1543 5049 1644 5106 Est
1680 5050 1828 5107 enim
1870 5052 1924 5108 in
1970 5052 2076 5107 hoc

477 5149 709 5200 numero
751 5140 937 5209 arduae
965 5140 1126 5212 plena
1172 5139 1503 5213 dignationis
1533 5143 1755 5212 electio,
1800 5159 1924 5202 cum
1954 5144 2076 5200 uni-

476 5237 657 5291 versis
688 5234 1014 5291 mortalibus
1041 5233 1153 5290 duo
1177 5235 1270 5305 qui
1295 5233 1449 5303 fiant,
1481 5237 1740 5293 consules
1766 5237 2073 5310 prreferun-

478 5336 589 5383 tur.
626 5327 731 5396 Qui
779 5327 938 5384 alteri
983 5328 1342 5399 praeponitur,
1386 5341 1494 5385 non
1525 5331 1640 5398 uni,
1686 5330 1782 5387 sed
1823 5332 2076 5389 omnibus

481 5419 812 5475 antefertur.
839 5419 1176 5490 Exspectare
1202 5433 1344 5475 nunc
1368 5436 1530 5478 aures
1556 5423 1907 5492 prmsentinm
1937 5425 2074 5492 scio,

480 5520 538 5568 et
559 5513 801 5570 eminere
827 5513 883 5568 in
911 5513 1156 5569 omnium
1190 5513 1344 5569 vultu
1387 5513 1658 5586 intelligo,
1686 5516 1832 5587 quod
1859 5517 2079 5575 deside-

475 5602 566 5659 rio
586 5605 926 5677 concipiatur
947 5607 1276 5663 animorum.
1307 5604 1640 5664 Existimant
1668 5608 1839 5678 enim,
1868 5625 1990 5667 cum
2011 5626 2077 5667 ea

475 5711 603 5772 quae
630 5699 698 5757 ad
737 5708 926 5775 grates
961 5699 1204 5774 agendas
1245 5701 1620 5773 pertinebant,
1651 5702 1964 5762 summatim
1993 5713 2078 5762 te-

2153 1803 2296 1857 fnit?
2332 1811 2424 1856 aut
2463 1801 2714 1856 incessus
2753 1797 3087 1854 modestior?
3116 1805 3209 1851 aut
3239 1795 3504 1851 habitudo
3541 1795 3762 1851 cohibi-

2152 1895 2300 1950 tior?
2328 1903 2420 1948 aut
2463 1892 2754 1947 familiaris
2787 1890 3001 1945 habitus
3032 1888 3461 1946 condecentior?
3490 1896 3587 1943 aut
3616 1887 3762 1942 mili-

2152 1988 2283 2042 taris
2312 1984 2650 2040 accinctior?
2683 1983 2740 2038 in
2771 1982 3084 2038 exercendo
3123 1995 3356 2051 corpore
3386 1980 3510 2050 quis
3532 1994 3761 2037 cursum

2154 2090 2259 2136 tam
2296 2078 2592 2149 perniciter
2620 2075 2901 2132 incitavit?
2928 2074 3062 2142 Quis
3097 2074 3406 2144 palaestram
3438 2082 3548 2129 tam
3579 2071 3764 2128 lubri-

2151 2187 2249 2229 cus
2278 2170 2593 2241 expedivit?
2619 2168 2752 2236 Quis
2779 2167 2978 2222 saltum
3004 2167 3058 2221 in
3090 2175 3196 2222 tam
3231 2166 3467 2222 sublime
3497 2163 3763 2235 collegit?

2149 2267 2320 2323 Nemo
2347 2265 2634 2321 abductius
2661 2264 2838 2334 jacula
2870 2262 3166 2327 contorsit,
3195 2275 3356 2316 nemo
3385 2259 3597 2330 spicula
3637 2273 3768 2314 cre-

2151 2358 2303 2415 brius
2326 2357 2484 2428 jecit,
2515 2365 2610 2411 aut
2639 2355 2845 2410 certius
2887 2353 3157 2424 destinata
3185 2351 3476 2422 percussit.
3519 2350 3763 2405 Miraba-

2151 2466 2276 2507 mnr
2301 2459 2548 2522 poetam,
2581 2449 2672 2519 qui
2702 2447 2944 2503 infreues
2973 2445 3195 2501 dixerat
3221 2444 3511 2512 Numidas;
3537 2452 3596 2498 et
3627 2442 3770 2498 alte-

2150 2560 2294 2611 rum,
2327 2544 2418 2615 qui
2443 2544 2518 2598 ita
2540 2542 2858 2614 collegerat,
2887 2547 2947 2596 ut
2968 2539 3180 2595 diceret
3219 2539 3274 2594 in
3305 2537 3605 2610 equitando
3637 2551 3769 2593 ver-

2152 2637 2312 2704 bera,
2340 2645 2397 2692 et
2423 2644 2696 2708 praecepta
2743 2649 2865 2689 esse
2908 2632 3074 2702 fugae,
3116 2640 3172 2686 et
3200 2640 3472 2702 praecepta
3500 2626 3766 2686 sistendi.

2151 2730 2457 2787 Obscurum
2486 2729 2593 2784 hoc
2613 2727 2773 2782 nobis
2801 2726 3113 2796 legentibus
3140 2734 3279 2781 erat.
3313 2723 3693 2779 Intelleximus
3713 2730 3769 2776 te

2151 2823 2402 2881 videntes
2424 2838 2547 2878 cum
2572 2822 2716 2878 idem
2745 2836 2932 2876 arcum
2961 2819 3300 2885 intenderes,
3333 2827 3390 2874 et
3412 2819 3655 2874 habenas
3677 2832 3768 2872 re-

2153 2919 2427 2987 mitteres,
2461 2925 2552 2971 ant
2582 2930 2782 2986 equum
2808 2913 3031 2984 segnius
3061 2921 3285 2969 euntem
3313 2899 3543 2967 verbere
3569 2909 3766 2965 conci—
3796 2925 3800 2928 ’

2156 3019 2325 3078 tares,
2349 3009 2436 3065 vel
2459 3008 2653 3064 eodem
2679 3007 2913 3063 verbere
2939 3006 3416 3078 intemperantiam
3438 3018 3752 3061 coerceres.

2156 3104 2259 3172 Qui
2306 3111 2360 3158 te
2409 3103 2504 3159 visi
2549 3111 2676 3158 sunt
2710 3101 2818 3157 hoc
2847 3100 3128 3166 docuisse,
3173 3114 3281 3156 non
3319 3097 3546 3154 faciunt.
3581 3097 3755 3152 Immo

2159 3195 2251 3264 qui
2284 3192 2392 3248 visi
2423 3192 2851 3262 suntdocuisse,
2883 3207 3030 3248 nunc
3050 3191 3288 3246 discunt.
3321 3190 3377 3246 In
3409 3191 3547 3246 cibis
3578 3199 3763 3244 autem

2159 3286 2315 3354 cujus
2364 3285 2667 3341 sacerdotis
2711 3283 3079 3340 abstinentior
3118 3283 3478 3339 ceremonia?
3525 3282 3582 3337 In
3633 3282 3762 3336 vino

2161 3378 2320 3448 cujus
2355 3377 2507 3433 senis
2551 3391 2740 3433 mensa
2792 3376 3086 3447 frugalior?
3126 3375 3332 3447 Operto
3361 3372 3643 3430 conclavis
3689 3373 3768 3426 tui

2162 3489 2273 3530 non
2301 3473 2545 3530 sanctior
2573 3488 2668 3528 ara
2704 3471 2970 3535 Vestalis,
3003 3485 3111 3526 non
3148 3468 3424 3541 pontiﬁcis
3450 3467 3634 3522 cubile
3677 3479 3774 3520 ca-

2164 3569 2326 3638 stius,
2355 3583 2457 3624 nec
2481 3567 2732 3638 pulvinar
2760 3566 2999 3622 ﬂaminis
3026 3573 3140 3621 tam
3171 3563 3447 3634 pudicum.
3480 3563 3536 3616 In
3569 3559 3770 3615 officiis

2165 3661 2471 3717 amicorum
2492 3675 2598 3716 non
2632 3660 2758 3716 dico
2784 3659 2934 3730 paria
2965 3658 3155 3714 reddi:
3186 3656 3496 3712 antevenis.
3530 3654 3603 3710 Et
3631 3670 3771 3726 quo-

2166 3753 2272 3810 ties
2311 3754 2364 3808 in
2414 3752 2768 3824 obsequendo
2813 3751 3193 3822 praecedimus,
3238 3751 3517 3807 erubescis
3558 3749 3771 3821 pudore

2168 3853 2277 3900 tam
2301 3845 2571 3911 obnoxio,
2603 3859 2765 3917 quam
2797 3845 2852 3900 in
2896 3845 3057 3900 nobis
3087 3859 3209 3900 esse
3239 3839 3468 3900 deberet
3496 3845 3567 3899 ab
3597 3844 3770 3915 impe-

2169 3948 2353 3996 ratore
2383 3931 2694 4009 przeventis.
2727 3938 2785 3994 lu
2814 3937 2916 3993 ista
2950 3952 3084 3992 vero
3109 3935 3239 3994 sedc
3273 3937 3356 4008 (ut
3385 3953 3454 3994 ex
3504 3951 3659 3993 more
3690 3937 3768 3991 lo-

2171 4033 2409 4104 quimur,
2437 4032 2772 4101 consistorii,
2797 4040 2858 4087 ut
2881 4047 2982 4103 ego
3005 4032 3184 4087 sentio
3210 4032 3438 4086 sacrarii
3462 4032 3560 4100 tui)
3584 4030 3768 4086 nullus

2171 4139 2428 4197 umquam
2457 4126 2798 4198 superiorum
2825 4128 2937 4180 aut
2961 4123 3192 4181 dieenda
3226 4125 3449 4196 pensius
3477 4124 3766 4196 cogitavit,

2171 4227 2270 4274 aut
2295 4219 2601 4275 consultius
2641 4217 2876 4290 cogitata
2903 4217 3202 4289 disposuit,
3239 4226 3334 4273 aut
3357 4216 3623 4289 disposita
3656 4232 3770 4272 ma-

2174 4312 2348 4368 turius
2387 4312 2682 4384 expedivit.
2736 4313 2801 4367 Et
2846 4311 3025 4382 aliqua
3066 4313 3136 4368 de
3181 4311 3436 4368 oratoriis
3475 4311 3771 4366 virtutibus

2175 4406 2282 4461 tuis
2309 4404 2572 4472 dicerem,
2604 4404 2710 4460 nisi
2730 4419 2952 4461 vererer
2979 4404 3111 4460 mihi
3138 4404 3447 4477 gratificari.
3477 4403 3597 4460 Non
3619 4404 3764 4460 enim

2094 4456 2151 4519 Β
2178 4495 2650 4567 Sulpitius-acrior
2674 4496 2726 4552 in
2755 4495 3182 4564 conditionibus,
3214 4511 3316 4553 nec
3346 4496 3568 4568 majoris
3596 4494 3770 4552 Grac-

2178 4588 2265 4657 chi
2312 4587 2801 4645 commendabilior
2851 4589 3118 4645 modestia
3158 4589 3283 4657 fuit,
3323 4604 3426 4647 nec
3471 4589 3646 4661 patris
3691 4587 3770 4644 tui

2179 4682 2397 4753 gravior
2441 4684 2761 4741 auctoritas.
2803 4683 2906 4752 Qui
2950 4692 3108 4741 tenor
3153 4685 3327 4751 vocis,
3376 4700 3502 4742 cum
3553 4684 3777 4740 incitata

2181 4773 2538 4846 pronuntias?
2567 4775 2699 4842 Quae
2737 4775 2978 4844 innoxio,
3009 4792 3133 4833 cum
3175 4777 3441 4833 remissa?
3467 4777 3601 4844 Quae
3640 4785 3783 4832 tem-

2180 4869 2414 4942 peratio,
2445 4885 2568 4927 cum
2599 4879 2826 4943 utraque
2853 4871 3174 4942 dispensus?
3197 4872 3329 4939 Quis
3347 4880 3631 4927 oratorum
3655 4871 3778 4928 laeta

2175 4963 2492 5035 jucundius,
2523 4964 2754 5021 facunda
2784 4966 3005 5036 cultius,
3039 4967 3332 5037 pugnantia
3359 4966 3608 5034 densius,
3639 4967 3798 5023 den-'

2180 5067 2298 5113 sata
2329 5057 2703 5129 glomeratius,
2735 5067 2828 5114 aut
2862 5056 3019 5126 dixit,
3068 5067 3182 5128 aut,
3211 5059 3357 5130 quod
3404 5068 3490 5116 est
3518 5058 3776 5125 liberum,

2182 5150 2480 5223 cogitavit?
2504 5151 2715 5208 Vellem
2749 5152 2820 5222 (si
2851 5168 3034 5210 rerum
3067 5162 3262 5210 natura
3293 5153 3625 5226 pateretur),
3666 5152 3779 5208 Xe-

2182 5245 2407 5315 nophon
2433 5244 2633 5314 Attice,
2666 5246 2719 5301 in
2749 5262 2925 5302 :evum
2957 5256 3204 5304 nostrum
3232 5247 3476 5319 venires,
3515 5257 3571 5302 tu
3593 5247 3684 5316 qui
3713 5245 3780 5302 ad

2184 5335 2309 5408 Cyri
2348 5337 2580 5394 virtutes
2626 5338 3008 5410 exsequendas
3053 5347 3235 5395 votum
3266 5340 3447 5411 potius
3487 5355 3651 5410 quam
3676 5330 3778 5394 bi-

2177 5428 2409 5484 storiam
2429 5429 2815 5499 commodasti,
2840 5445 2964 5488 cum
2987 5429 3223 5497 diceres,
3256 5446 3364 5488 non
3395 5431 3582 5503 qualis
3611 5438 3777 5495 esset,

2179 5522 2276 5580 sed
2322 5523 2499 5593 qualis
2541 5538 2666 5581 esse
2711 5523 2953 5581 deberet.
3003 5525 3064 5582 Si
3096 5542 3242 5583 nunc
3282 5528 3336 5582 in
3383 5534 3629 5599 tempora
3679 5526 3778 5581 ista

2179 5616 2533 5684 procederes,
2583 5617 2637 5673 in
2689 5627 2880 5675 nostro
2919 5619 3180 5677 Gratiano
3209 5635 3492 5689 cerneres,
3537 5617 3685 5692 quod
3725 5618 3775 5673 in

2179 5707 2326 5782 Cyro
2349 5717 2440 5768 tuo
2460 5725 2570 5770 non
2594 5710 2836 5785 videras,
2857 5711 2954 5770 sed
2982 5714 3228 5786 Optabas.
3253 5713 3433 5789 Atque
3452 5712 3557 5772 ista
3585 5710 3767 5771 omnia
