4108 6188
355 296 466 355 945

1333 301 1427 359 AD
1464 298 1970 359 IMPERATOREM
2005 295 2418 358 GRATIARUM
2455 301 2682 360 ACTIO.
3405 305 3416 377 ξ

3560 305 3668 367 946

355 417 509 488 quasi
550 415 768 488 punctis
809 418 1132 488 quibusdam
1165 421 1471 477 acuminata
1521 419 1753 492 signavi.
1787 419 1848 478 Si
1879 420 1960 475 fa-
1983 422 2037 482 Α
2063 427 2120 476 et
2163 418 2470 490 legionibus
2499 419 2784 477 familiaris
2807 419 3136 478 humanitas.
3160 420 3269 479 Sed
3293 435 3394 493 ego
3418 422 3545 478 nolo
3569 421 3667 477 be-

354 510 554 566 cundia
599 525 699 580 pro
743 511 1024 567 voluntate
1075 521 1412 583 suppeteret,
1457 527 1790 583 quamquam
1846 526 1956 567 non

353 603 614 672 copiosus
645 617 980 674 exsequerer
1017 605 1322 662 ubertatem
1363 606 1510 679 stylo
1540 621 1724 663 rerum
1752 605 1961 675 magni-

353 697 544 753 tudine
591 705 956 768 suggerente:
989 697 1086 754 sed
1127 713 1231 755 nec
1275 698 1436 769 hujus
1477 698 1612 764 diei,
1655 713 1758 755 nec
1793 697 1957 769 hujus

353 789 458 846 ista
490 791 753 846 materiae.
786 790 894 858 Qui
935 790 1134 846 dicturi
1164 792 1296 849 estis
1325 791 1518 849 laudes
1549 791 1811 864 principis
1857 806 1957 848 no-

352 883 476 950 stri,
511 882 724 938 habetis
753 884 904 940 velut
931 885 1309 950 seminarium,
1343 884 1488 941 unde
1515 884 1824 940 orationum
1855 899 1954 940 ve-

351 984 591 1040 strarum
621 974 812 1044 jugera
843 975 1184 1046 compleatis.
1220 977 1336 1048 Ego
1372 976 1478 1033 ista
1509 977 1826 1047 perstrinxi.
1859 978 1954 1032 At-

350 1083 482 1138 que,
518 1076 576 1122 ut
604 1067 783 1122 sciunt
827 1082 1042 1137 omnes,
1076 1084 1298 1140 possum
1326 1068 1498 1126 videri
1529 1068 1817 1125 familiaris
1845 1083 1949 1125 no-

350 1160 487 1216 titite
527 1169 778 1217 secretus
805 1162 1101 1233 interpres,
1135 1163 1440 1220 domestica
1471 1162 1665 1220 istharc
1698 1179 1806 1219 non
1839 1172 1946 1218 tam

348 1253 670 1322 prtedicare,
700 1270 864 1324 quam
897 1255 1150 1324 prodere.
1177 1259 1356 1328 Atque
1386 1266 1445 1312 ut
1473 1257 1574 1313 ista
1601 1255 1715 1312 dixi
1743 1257 1814 1312 de
1855 1272 1950 1313 eoo

344 1348 511 1418 gnitis
541 1347 676 1402 mihi
708 1357 874 1420 atque
905 1349 1054 1404 intra
1086 1350 1268 1405 aulam
1310 1350 1692 1418 familiaribus,
1728 1365 1946 1420 possem

346 1451 402 1496 et
430 1440 563 1496 foris
601 1441 874 1498 celebrata
917 1458 1250 1509 memorare,
1294 1443 1402 1498 nisi
1432 1443 1614 1498 omnia
1663 1458 1855 1499 omnes
1891 1451 1947 1498 et

344 1537 645 1607 separatim
687 1537 792 1593 sibi
840 1538 1072 1609 quisque
1103 1540 1367 1594 novisset.
1400 1538 1623 1593 Possem
1667 1538 1784 1608 pari
1818 1537 1944 1593 bre-

345 1629 511 1685 vitate
575 1629 761 1685 dicere
821 1630 1127 1700 superiora.
1187 1628 1631 1685 Emendatissimi
1690 1628 1795 1683 viri
1861 1638 1945 1684 est

296 1781 301 1784 _
345 1721 582 1792 pigenda
634 1737 741 1776 non
800 1721 998 1781 facere.
1056 1722 1126 1777 At
1173 1730 1229 1777 tu
1278 1737 1578 1790 numquam
1627 1719 1939 1792 ptenitenda

2062 512 2430 568 nevolentiam
2485 523 2634 569 tuam
2692 514 2920 571 aliorum
2970 515 3265 573 collatione
3312 515 3655 586 praecellere.

2059 594 2426 660 Abundant'in
2462 615 2516 661 te
2543 621 2606 661 ea
2639 605 2897 663 bonitatis
2928 615 2983 663 et
3001 607 3222 663 virtutis
3245 607 3659 678 exempla,qute

2057 697 2213 768 sequi
2243 697 2426 768 cupiat
2454 706 2683 754 ventura
2716 699 3012 770 posteritas
3033 741 3049 765 ,
3089 708 3143 754 et
3172 700 3216 754 si
3253 713 3434 755 rerum
3467 707 3658 754 natura

2057 798 2359 860 pateretur,
2383 792 2582 848 ascribi
2611 791 2714 847 sibi
2749 792 3015 848 voluisset
3057 792 3372 864 antiquitas.
3419 793 3656 849 Necesse

2054 891 2139 939 est
2167 892 2348 940 tamen
2375 885 2578 956 aliquid
2609 887 2941 959 comparari,
2969 897 3028 943 ut
3058 888 3233 958 possit
3257 887 3486 959 intelligi
3514 888 3657 944 bona

2055 985 2244 1031 nostra
2288 992 2399 1047 quo
2444 987 2727 1048 prestent.
2758 978 3110 1048 Egrotantes
3147 979 3356 1036 amicos
3384 979 3658 1049 Trajanus

2052 1069 2234 1126 visere
2260 1071 2495 1137 solebat,
2545 1071 2810 1128 hactenus
2835 1073 2891 1128 in
2917 1086 2985 1129 co
3025 1073 3262 1129 comitas
3302 1071 3648 1143 praedicanda

2051 1172 2158 1220 est.
2190 1162 2270 1218 Tu
2297 1171 2353 1218 et
2381 1164 2561 1220 visere
2587 1165 2781 1221 solitus
2802 1206 2818 1232 ,
2845 1175 2900 1221 et
2938 1166 3147 1222 mederi
3179 1185 3191 1220 ε
3236 1167 3450 1238 ρτωὺεε
3494 1167 3654 1222 mini-

2050 1264 2217 1322 stros,
2250 1255 2476 1312 instruis
2506 1256 2682 1326 cibos,
2712 1258 2951 1314 fomenta
2998 1259 3284 1331 dispensas
3307 1300 3323 1326 ,
3373 1268 3649 1330 sumptum

2049 1349 2242 1421 adjicis
2272 1350 2632 1418 medelarum,
2666 1351 2964 1408 consolaris
2996 1351 3223 1408 affectos
3248 1395 3262 1419 ,
3306 1352 3651 1407 revalescen-

2051 1441 2195 1497 tibus
2225 1441 2538 1511 gratularis.
2566 1441 2623 1496 In
2652 1452 2783 1512 quot
2813 1442 2931 1497 vias
2961 1441 3030 1498 de
3050 1458 3155 1498 ttna
3173 1442 3292 1513 ejus
3311 1441 3651 1498 humanitate

2048 1534 2438 1606 progrederis?
2465 1535 2794 1606 chionibus
2821 1535 3096 1592 universis
3120 1577 3137 1603 ,
3185 1545 3244 1592 ut
3289 1537 3342 1592 in
3373 1538 3650 1592 communi

2045 1628 2218 1684 Marte
2245 1627 2448 1694 evenit,
2483 1629 2527 1682 si
2560 1627 2689 1699 quid
2715 1627 2930 1684 adversi
2963 1628 3278 1696 acciderat,
3322 1629 3435 1684 vidi
3459 1639 3510 1685 te
3538 1629 3647 1684 cir-

2041 1719 2248 1775 cumire
2279 1721 2514 1776 tentoria
2533 1764 2546 1788 ,
2578 1721 2894 1776 satin’salve
2923 1737 3173 1792 quzcrere
3201 1763 3216 1787 ,
3260 1731 3498 1776 tractare
3523 1722 3645 1776 vul-

341 1813 512 1869 feciSti
539 1859 554 1884 ,
603 1826 657 1871 et
695 1829 913 1886 semper
966 1816 1180 1871 veniam
1233 1815 1619 1886 paenitentibus
1667 1814 1934 1869 obtulisti.
1970 1805 2018 1865 B
2045 1825 2174 1865 nera
2207 1811 2542 1877 sauciorum,
2568 1822 2623 1867 ct
2654 1821 2712 1866 tit
2735 1812 3037 1868 salutifera:
3087 1823 3492 1883 apponerentur
3530 1828 3645 1868 me-

341 1906 633 1962 Pulchrum
684 1916 768 1963 est
817 1907 1101 1980 indulgere
1150 1908 1488 1964 timentibus.
1549 1907 1656 1964 Sed
1707 1918 1760 1962 tu
1813 1923 1940 1979 pcr-

340 2009 514 2068 petua:
583 1999 842 2054 bonitatis
903 1999 1096 2056 edictis
1156 2001 1437 2056 oocurristi
1501 1999 1794 2064 omnibus,
1865 2013 1936 2056 ne

340 2090 613 2148 timerent.
670 2091 1011 2162 Magniﬁcum
1069 2092 1253 2163 largiri
1307 2092 1565 2147 honores.
1616 2091 1698 2147 Tu
1762 2092 1932 2148 hono-

335 2190 484 2237 ratos
536 2191 590 2236 et
644 2182 967 2238 liberalitate
1015 2182 1225 2238 ditasti.
1282 2182 1574 2238 Laudabile
1623 2191 1709 2238 est
1761 2185 1933 2252 impe-

334 2283 573 2329 ratorem
629 2275 819 2330 faciles
876 2274 1352 2344 interpellantibus
1403 2274 1652 2344 praabcre
1703 2276 1926 2347 aditus,

334 2382 432 2423 nec
482 2366 552 2424 de
601 2367 961 2437 occupatione
1013 2368 1252 2424 causari.
1300 2372 1380 2427 'l‘u
1433 2367 1727 2426 conlirmas
1779 2369 1930 2425 adire

328 2467 671 2528 cunctantes,
721 2461 886 2516 etiam
937 2463 1294 2532 querimoniis
1341 2467 1646 2536 explicatis,
1698 2481 1766 2520 nc
1799 2464 1929 2535 quid

327 2550 508 2606 adhuc
557 2552 817 2618 sileatur,
867 2553 1192 2625 interrogas.
1246 2556 1480 2613 Celebre
1521 2557 1626 2612 fuit
1669 2558 1776 2613 Titi
1811 2559 1933 2614 Ca:-

325 2645 468 2700 saris
499 2645 727 2713 dictum,
765 2647 1070 2712 perdidisse
1094 2649 1359 2717 se,diem,
1387 2665 1495 2719 quo
1525 2651 1657 2707 nihil
1690 2651 1818 2707 boni
1851 2651 1928 2707 fe-

326 2745 497 2791 cerat.
547 2737 654 2793 Sed
697 2739 916 2794 celebre
972 2740 1090 2808 fuit,
1122 2743 1249 2812 quia
1285 2742 1604 2822 vespasiani
1636 2759 1928 2800 successor

324 2827 560 2896 dixerat,
614 2830 770 2900 cujus
801 2832 964 2886 nimia
1014 2834 1383 2904 parcimonia,
1427 2845 1484 2891 et
1513 2841 1805 2893 austeritas
1836 2839 1925 2896 vix

323 2917 552 2976 ferenda
586 2923 778 2978 miram
829 2923 1034 2980 fecerat
1071 2927 1167 2981 lilii
1218 2927 1521 2984 lenitatem.
1567 2931 1647 2986 Tn
1680 2931 1925 2988 Valenti-

323 3012 488 3069 niano
511 3015 750 3084 genitus,
787 3016 944 3086 cujus
972 3017 1079 3074 alta
1113 3019 1351 3088 bonitas,
1395 3038 1638 3094 przesens
1669 3027 1920 3094 comitas,

325 3113 624 3176 temperata
649 3109 915 3165 severitas
945 3111 1067 3175 fuit,
1097 3122 1252 3183 parto
1269 3125 1324 3170 et
1349 3117 1572 3173 condito
1595 3120 1798 3190 optime
1823 3122 1925 3178 rei-

2039 1901 2201 1969 delae,
2233 1913 2396 1973 atque
2423 1913 2484 1959 ut
2515 1920 2621 1958 non
2654 1912 2986 1969 cessaretur,
3020 1904 3246 1958 instare.
3298 1902 3424 1958 Vidi
3469 1918 3643 1974 quos-

2038 1991 2163 2047 dam
2183 1993 2545 2063 fastidientes,
2563 1995 2769 2061 cibum,
2792 2001 2844 2051 te
2859 1994 3299 2059 commendante,
3318 1994 3640 2064 sumpsisse.

2037 2084 2232 2142 Audivi
2265 2087 2644 2144 conﬂrmantia
2668 2088 2733 2144 ad
2749 2089 2982 2144 salutem
3013 2088 3180 2144 verba
3201 2087 3434 2159 profari;
3452 2103 3644 2144 occur-

2036 2191 2159 2232 rere
2176 2177 2465 2235 desideriis
2491 2179 2852 2251 singulorum;
2873 2181 3033 2250 hujus
3055 2181 3299 2238 sarcinas
3323 2181 3484 2236 mulis
3505 2182 3643 2236 auli-

2031 2272 2344 2339 cisvehere;
2363 2274 2446 2328 bis
2459 2275 2718 2344 specialia
2735 2276 2980 2344 jumenta
2996 2275 3382 2346 prmhcrezillis
3397 2275 3642 2331 ministe-

2031 2364 2112 2418 ria
2164 2365 2504 2434 perditorum
2553 2367 2866 2424 instaurare
2913 2368 3186 2433 lixarum;
3237 2369 3469 2424 aliorum
3513 2383 3639 2439 ege-

2031 2465 2228 2512 statem
2269 2459 2508 2516 tolerare
2549 2471 2801 2530 sumptu;
2856 2463 3050 2517 horum
3105 2462 3411 2518 nuditatem
3452 2464 3640 2519 velare

2032 2550 2266 2618 vestitu;
2312 2551 2494 2607 omnia
2542 2567 2709 2624 agere
2739 2553 3013 2610 indel‘esse
3053 2565 3107 2610 et
3139 2555 3399 2626 benigne,
3431 2555 3638 2625 pietate

2031 2644 2292 2712 maxima,
2326 2631 2700 2703 ostentatione
2731 2648 2910 2714 nulla;
2945 2648 3130 2703 omnia
3168 2648 3414 2717 praebere
3443 2650 3633 2719 a‘gris,

2029 2733 2163 2789 nihil
2197 2736 2535 2806 exprobrare
2562 2738 2790 2795 sanatis.
2829 2738 2960 2796 Inde
2991 2740 3206 2796 cunctis
3235 2739 3410 2795 salute
3449 2749 3636 2796 nostra

2028 2832 2248 2889 charior
2263 2833 2436 2889 factus
2461 2836 2728 2902 meruisti,
2759 2845 2820 2891 ut
2841 2836 3072 2892 haberes
3100 2836 3308 2891 amicos
3336 2835 3634 2901 obnoxios,

2023 2938 2350 2998 promptos,
2384 2929 2612 2985 devotos
2635 2970 2652 2997 ,
2687 2929 2880 2985 fideles
2905 2929 2959 2984 in
2993 2944 3172 2984 aevum
3212 2944 3372 2985 omne
3417 2945 3636 2985 mansu-

2025 3037 2116 3078 ros
2149 3040 2164 3076 :
2198 3022 2386 3091 quales
2416 3023 2660 3078 cbaritas
2691 3023 2873 3092 potius
2908 3037 3068 3092 quam
3097 3021 3318 3077 fortuna
3350 3021 3626 3077 conciliat.

2022 3113 2358 3171 Concludam
2392 3116 2650 3186 deinceps
2671 3115 2979 3171 orationem
3003 3130 3206 3182 meam,
3235 3115 3478 3185 piissime
3505 3109 3632 3168 Au-

324 3196 557 3267 publica
584 3208 749 3270 statu,
808 3201 1070 3274 intelligis
1100 3221 1260 3276 posse
1290 3215 1345 3263 te
1385 3223 1509 3265 esse
1552 3211 1919 3279 lenissimum,
1952 3189 1996 3254 C
2027 3219 2186 3282 guste
2209 3257 2223 3279 ,
2263 3209 2536 3266 sermonis
2586 3211 2758 3281 magis
2801 3211 2907 3265 line
2943 3224 3106 3280 quam
3144 3209 3352 3280 gratim.
3390 3208 3634 3278 Namque

322 3287 442 3343 sine
466 3289 754 3361 dispendio
777 3292 1108 3364 disciplinae.
1135 3296 1322 3368 Neque
1353 3315 1485 3356 vero
1511 3318 1673 3357 unum
1699 3304 1918 3375 aliquod

322 3379 525 3436 bonum
556 3398 664 3437 uno
706 3385 798 3441 die
829 3397 1077 3456 prmstas,
1110 3389 1206 3444 sed
1238 3390 1599 3461 indulgentias
1627 3397 1918 3452 saeculares

321 3489 422 3544 per
452 3475 662 3545 singula
694 3479 948 3534 horarum
975 3491 1251 3537 momenta
1283 3485 1752 3552 ntttltiplicas.Vel
1788 3488 1917 3542 illud

321 3581 486 3622 unum
515 3568 820 3638 cujusmodi
849 3581 954 3640 est,
988 3572 1056 3629 de
1081 3575 1406 3633 condonatis
1436 3579 1666 3635 residuis
1690 3580 1919 3636 tributo-

320 3673 439 3714 rum
469 3661 493 3714 ?
519 3661 676 3726 Quod
707 3671 762 3716 tu
793 3679 953 3733 quam
987 3668 1258 3723 cumulata
1289 3669 1758 3727 b0nitatefecisti?
1783 3672 1918 3739 Quis

317 3767 572 3822 umquam
606 3754 1000 3825 imperatorum
1049 3759 1151 3815 hoc
1183 3763 1474 3830 provinciis
1505 3766 1616 3820 suis
1663 3775 1756 3820 aut
1785 3765 1918 3822 ube-

318 3844 464 3901 riore
489 3845 824 3917 indulgentia
852 3851 1022 3917 dedit,
1057 3862 1151 3907 aut
1178 3856 1415 3912 certiore
1460 3858 1755 3913 securitate
1788 3875 1916 3928 pro-

316 3937 518 4005 spexit,
565 3946 661 3992 aut
692 3939 973 4007 prudentia
1007 3945 1350 4002 consultiore
1394 3948 1656 4003 munivit?
1690 3949 1918 4006 Fecerat

316 4036 374 4083 et
400 4027 672 4098 Trajanus
698 4033 848 4098 olim,
877 4034 972 4090 scd
998 4038 1243 4105 partibus
1271 4042 1522 4112 retentis,
1552 4058 1660 4098 non
1684 4043 1916 4099 habebat

318 4130 523 4179 tantam
553 4126 973 4184 oblectationem
1005 4135 1253 4188 concessi
1285 4135 1451 4190 debiti
1485 4137 1685 4204 portio,
1711 4150 1914 4207 quanta

314 4217 537 4273 suberat
561 4221 870 4277 amaritudo
910 4225 1134 4280 servati.
1173 4224 1239 4280 Et
1288 4227 1558 4283 Antonius
1589 4229 1909 4299 indulserat,

314 4307 409 4364 sed
445 4309 676 4380 imperii,
709 4328 818 4368 non
864 4313 1116 4371 beneﬁcii
1145 4332 1433 4374 successor
1480 4319 1693 4386 invidit,
1727 4319 1816 4391 qui
1845 4337 1912 4377 ex

315 4397 657 4457 documentis
703 4403 1014 4476 tabulisque
1059 4408 1244 4478 populi
1295 4409 1602 4465 condonata
1636 4411 1907 4482 repetivit.

314 4491 398 4546 Tu
427 4506 742 4563 argumenta
771 4501 950 4554 omnia
971 4501 1241 4572 ﬂagitandi
1270 4503 1560 4572 publicitus
1587 4505 1912 4575 arderejus—

313 4583 454 4639 sisti.
509 4585 708 4642 Videre
757 4589 808 4646 in
859 4591 973 4647 suis
1001 4566 1232 4663 quicque
1270 4566 1410 4648 foris
1438 4609 1636 4650 omnes
1663 4566 1910 4651 civitates
1935 4566 1990 4627 D

315 4680 800 4751 conflagrationem
829 4685 1068 4741 salubris
1094 4687 1349 4743 incendii.
1392 4687 1673 4744 Ardebant
1711 4688 1911 4759 stirpes

315 4771 564 4827 fraudum
598 4783 840 4830 veterum
879 4795 890 4828 :
941 4775 1208 4833 ardebant
1237 4779 1530 4835 seminaria
1581 4780 1906 4835 futurarum.

312 4864 430 4919 Jam
465 4881 524 4921 se
548 4884 669 4922 cum
705 4869 928 4939 pulvere
959 4870 1141 4927 favilla
1173 4871 1487 4928 miscuerat.
1525 4874 1644 4929 Jam
1676 4873 1912 4930 nubibus

315 4956 500 5012 fumus
553 4960 879 5028 involverat,
912 4973 970 5018 et
999 4963 1177 5020 adhuc
1207 4966 1429 5021 obnoxii
1461 4966 1516 5021 in
1544 4966 1756 5038 paginis
1783 4980 1914 5022 con-

310 5051 574 5108 crematis
599 5053 798 5111 ductus
828 5057 1041 5125 apicum
1073 5069 1130 5114 et
1168 5059 1544 5114 sestertiorum
1591 5070 1748 5114 notas
1783 5074 1908 5116 cum

309 5142 556 5212 juvantia
579 5145 648 5201 de
679 5147 890 5203 ratione
915 5149 1236 5216 cernebant,
1267 5150 1411 5221 quod
1444 5151 1808 5206 tneminerant
1832 5152 1911 5207 le-

309 5247 458 5293 ctum
493 5240 594 5310 legi
626 5255 788 5312 posse
813 5250 869 5297 et
898 5253 1170 5299 verentes.
1193 5243 1334 5312 Quid
1360 5253 1432 5312 te,
1468 5244 1769 5314 imperator
1798 5244 1908 5298 Au-

306 5341 486 5402 guste,
527 5333 939 5405 indulgentius?
968 5335 1107 5404 Quid
1157 5346 1334 5407 potest
1383 5351 1508 5392 esse
1561 5333 1907 5392 consultius?

307 5424 450 5492 Quae
479 5425 619 5481 bona
644 5436 894 5497 praaslas,
925 5428 1117 5496 ellicis,
1150 5445 1218 5485 ne
1241 5428 1445 5486 caduca
1474 5428 1606 5484 sint.
1638 5427 1772 5496 Quae
1791 5442 1907 5483 ma-

307 5519 359 5576 la
387 5519 605 5587 adimis,
639 5521 906 5591 prospicis
934 5535 1002 5576 ne
1041 5522 1252 5591 possint
1299 5537 1423 5579 esse
1469 5521 1730 5578 recidiva.
1779 5521 1907 5577 llaec

306 5613 739 5684 provincialibus
788 5616 1139 5687 indulgentiae
1181 5618 1344 5673 liona.
1397 5616 1536 5685 Quid
1582 5616 1674 5672 illa
1718 5625 1906 5671 nostro

305 5706 522 5761 ordini?
573 5707 711 5774 Quid
765 5707 855 5763 illa
911 5708 1173 5765 militibus
1217 5709 1618 5765 Antoninorum
1669 5708 1904 5764 comitas

305 5798 456 5859 fuit?
487 5801 552 5858 Et
579 5802 691 5873 jam
723 5800 846 5858 inde
867 5800 1321 5860 Germanicorum
1349 5805 1574 5862 cohorte
1602 5800 1900 5860 amicorum

2020 3303 2115 3358 illa
2140 3313 2402 3374 perpetua
2431 3312 2536 3369 est,
2571 3310 2628 3358 et
2667 3301 2846 3371 spatio
2875 3315 2982 3355 non
3014 3299 3410 3369 transmeabili,
3445 3299 3633 3355 termi-

2021 3411 2150 3450 num
2178 3396 2344 3451 calcis
2379 3397 2613 3464 ignorat.
2640 3393 2810 3448 Flcxu
2843 3404 3026 3448 tamen
3057 3407 3227 3461 parvo
3254 3406 3354 3447 nec
3374 3406 3404 3446 a
3431 3401 3484 3446 te
3507 3407 3634 3460 pro-

2013 3487 2110 3560 cul
2142 3496 2431 3540 convertar
2470 3484 2536 3538 ad
2571 3484 2779 3538 Deum:
2815 3483 3045 3537 Aﬂterne
3089 3482 3331 3536 onmium
3378 3482 3632 3551 genitor,

2021 3577 2141 3647 ipse
2172 3591 2280 3631 non
2314 3576 2497 3646 genite
2544 3574 2752 3644 Opifex,
2792 3583 2848 3628 et
2875 3588 3040 3628 causa
3078 3571 3265 3626 mundi
3291 3613 3306 3638 ,
3361 3573 3630 3641 principio

1986 3717 1990 3720 .
2020 3669 2294 3737 antiquior
2317 3707 2332 3734 ,
2373 3667 2481 3722 line
2513 3665 2855 3734 diuturnior,
2891 3664 2984 3735 qui
3015 3664 3218 3734 templa
3266 3663 3367 3717 tibi
3409 3673 3465 3718 et
3501 3678 3628 3717 aras

2019 3765 2397 3838 penetralibus
2453 3764 2788 3820 initiatorum
2850 3762 3130 3819 mentibus
3183 3761 3514 3828 condidisti,
3571 3771 3628 3815 tu

2019 3861 2278 3917 Gratiano
2320 3861 2677 3915 humanarum
2713 3873 2894 3913 rerum
2929 3855 3188 3922 domino,
3228 3854 3495 3924 ejusmodi
3535 3868 3626 3908 se-

2019 3956 2168 4011 mina
2223 3954 2396 4010 nostri
2439 3953 2650 4009 amoris
2703 3950 2944 4018 inolesti,
3005 3957 3066 4004 ut
3110 3949 3248 4005 nihil
3291 3947 3342 4003 in
3374 3947 3626 4020 digressu

2019 4048 2238 4119 segnior
2267 4047 2440 4102 factus
2460 4086 2476 4114 ,
2508 4044 2849 4101 meminisset
2871 4053 2927 4099 et
2948 4042 3124 4099 relicti
3149 4084 3166 4110 ,
3196 4042 3496 4096 illustraret
3524 4040 3594 4094 ab

2016 4151 2253 4205 sentem,
2288 4138 2648 4208 praesentibus
2678 4135 2999 4193 anteferret.
3035 4135 3173 4190 Dein
3199 4135 3326 4206 quia
3356 4137 3629 4190 interesse

2016 4229 2335 4301 primordiis
2356 4227 2638 4300 dignitatis
2665 4243 2762 4298 per
2799 4227 3042 4281 locorum
3075 4225 3363 4282 intervalla
3395 4241 3503 4280 non
3527 4239 3626 4295 po-

2015 4333 2180 4389 terat,
2208 4325 2276 4379 ad
2309 4323 2711 4378 solemnitatem
2731 4319 3003 4376 condendi
3033 4319 3260 4375 honoris
3281 4327 3620 4384 occurreret,

2014 4414 2300 4472 beneficiis
2337 4428 2406 4468 ne
2439 4412 2662 4468 deesset
2698 4410 2960 4468 oflicium.
2988 4411 3123 4477 Qua:
3153 4411 3298 4465 enim
3332 4407 3618 4474 memoria,

2017 4509 2296 4574 memoria,
2325 4507 2566 4577 inquam,
2586 4515 2961 4560 transcursum
2987 4512 3152 4558 tantae
3173 4499 3502 4566 celeritatis,
3535 4499 3622 4554 vel

2016 4599 2069 4656 in
2094 4599 2391 4655 audacibus
2419 4597 2735 4654 Graecorum
2783 4593 2980 4651 fabulis
3015 4601 3324 4649 commenta
3363 4591 3487 4646 est?
3518 4590 3621 4646 Pe-

2015 4707 2180 4764 gasus
2208 4690 2431 4746 volucer
2468 4696 2622 4744 actus
2653 4703 2681 4741 a
2709 4687 2875 4759 Lycia
2905 4700 3014 4741 non
3044 4685 3185 4740 ultra
3215 4682 3459 4740 Ciliciam
3490 4696 3620 4752 per-

2016 4784 2237 4840 meavit.
2274 4780 2526 4854 Cyllarus
2554 4787 2719 4850 atque
2749 4779 2917 4834 Arion
2949 4778 3092 4833 inter
3120 4776 3298 4847 Argos
3336 4773 3624 4830 Nemeam-

2015 4893 2121 4949 que
2154 4885 2474 4933 senuerunt.
2521 4873 2630 4944 Ipsi
2670 4871 2960 4928 Castorum
2990 4871 3139 4942 equi,
3189 4868 3332 4942 quod
3369 4867 3623 4938 longissio

2015 4985 2164 5026 mum
2196 4971 2298 5024 iter
2323 4978 2427 5035 est,
2459 4983 2566 5022 non
2598 4967 2703 5020 nisi
2734 4973 2944 5020 mutato
2973 4970 3616 5021 vectoretranscurrunt.

2012 5063 2116 5129 Tu,
2137 5061 2414 5127 Gratiane,
2445 5067 2522 5114 tot
2541 5057 2774 5113 Romani
2802 5057 3018 5127 imperii
3047 5057 3268 5118 limites,
3294 5063 3372 5108 tot
3395 5051 3621 5105 flumina

2012 5164 2067 5211 et
2095 5155 2268 5219 lacus,
2304 5159 2386 5206 tot
2423 5158 2672 5205 veterum
2704 5149 3003 5216 intersepta
3041 5158 3339 5216 regnorum
3368 5141 3619 5210 abusque

2011 5244 2246 5301 Thracia
2275 5257 2374 5313 per
2401 5249 2572 5296 totum
2597 5241 2784 5312 (quam
2807 5236 3003 5307 longus
3031 5237 3141 5306 est)
3171 5234 3347 5289 locum
3390 5229 3614 5302 lllyrici,

2012 5337 2319 5402 Venetiam,
2352 5333 2768 5404 Liguriamqne,
2804 5340 2859 5387 et
2889 5329 3125 5386 Galliam
3152 5335 3416 5391 veterem,
3457 5324 3615 5379 insu-

2010 5427 2270 5502 perabilia
2303 5425 2546 5492 Rhetiae,
2597 5423 2771 5478 Rheni
2819 5422 3082 5487 accolas,
3114 5419 3496 5488 Sequanorum
3527 5417 3618 5472 in-

2011 5523 2119 5587 via,
2147 5531 2393 5591 porrecta
2416 5517 2746 5582 Germaniae,
2773 5513 3039 5571 celeriore
3069 5521 3389 5566 transcursu
3415 5549 3431 5576 ,
3453 5521 3616 5578 quam

2013 5621 2098 5669 est.
2124 5609 2436 5682 properatio
2459 5607 2630 5664 nostri
2661 5605 2957 5672 sermonis,
2995 5601 3226 5670 evolvis,
3250 5599 3397 5656 nulla
3426 5599 3618 5672 requie

2011 5706 2133 5774 otii,
2165 5719 2234 5760 ne
2262 5702 2444 5758 somni
2467 5699 2690 5772 quidem
2721 5707 2818 5754 aut
2841 5698 2982 5767 cibi,
3010 5709 3240 5752 munere
3260 5693 3500 5762 liberali,
3530 5704 3612 5763 ut,

2011 5797 2218 5860 Gallias
2250 5807 2367 5857 tuas
2393 5794 2701 5868 inopinatus
2730 5792 2970 5861 illustres
2990 5835 3006 5866 ,
3044 5799 3102 5852 ut
3131 5788 3410 5852 consulem
3441 5797 3614 5852 tuum;
