4108 6188
304 284 419 352 949

747 398 1006 458 Periocha
1043 396 1113 455 lib
1150 408 1205 453 tv
1232 392 1463 450 Iliados.

438 530 671 593 Iuppiter
695 525 895 593 interea
913 532 1024 585 cum
1046 519 1144 587 dlis
1163 513 1623 593 genitalibqs_99a_'

436 572 709 644 6635(th
722 572 867 648 cogit
889 578 1125 647 superum
1147 572 1213 631 «re
1234 574 1389 630 rebus
1412 572 1623 627 Achivis.

379 697 502 754 Jovi
532 680 717 766 placet
732 689 933 747 delere
955 685 1198 756 Troiam,
1230 682 1298 739 ad
1320 679 1462 754 (mod
1488 676 1787 752 pertinacia
1814 676 1911 735 Ju-

308 790 470 848 nonis
494 794 739 859 urgetur.
772 780 1020 851 Cumque
1052 778 1106 834 id
1136 775 1256 832 tleri
1284 774 1530 830 Minerva
1564 777 1907 843 properaret,

309 879 596 940 dissidium
632 873 858 932 fmderis
884 864 1335 934 comminiscitur,
1366 873 1429 921 et
1461 862 1772 920 Pandarum
1818 875 1910 917 sa-t

309 972 539 1049 gittandi
568 970 804 1043 peritum
832 975 954 1021 astu
977 960 1259 1033 suadentis
1277 957 1610 1032 aggreditur,
1645 964 1710 1011 ut
1737 954 1910 1021 clam,

312 1044 597 1121 vulnerato
617 1056 887 1123 Menelao,
917 1053 1049 1110 belli
1078 1065 1243 1111 causa
1263 1048 1571 1108 crudescat.
1596 1046 1715 1114 Quo
1743 1044 1911 1116 iaetu,

309 1175 341 1215 a
373 1155 581 1216 Grmeis
606 1151 853 1225 praelium
889 1148 1245 1212 instauratur,
1289 1139 1713 1215 congressisque
1754 1152 1914 1196 exet-

314 1248 518 1318 citibus
541 1253 725 1303 mutua
752 1240 907 1299 clade
934 1237 1270 1296 decernitur.

755 1373 1015 1435 Periocha
1054 1372 1143 1428 lib.
1175 1386 1210 1429 ν
1248 1368 1478 1427 Iliados.

443 1497 533 1547 ilic
555 1498 607 1544 et
628 1489 868 1555 Tydidem
886 1487 1124 1555 monitum
1143 1481 1364 1555 Tritonia
1387 1478 1548 1555 Pallas

439 1542 627 1608 illum
646 1542 831 1603 virtute
854 1549 1048 1613 replet,
1063 1548 1214 1597 vomit
1238 1556 1391 1613 aurea
1414 1542 1637 1613 ﬂammas

644 1623 697 1667 et
721 1603 985 1679 undantem
1007 1603 1211 1679 clypeos
1231 1604 1516 1679 deiulgurot
1533 1603 1722 1679 ignem.

437 1667 552 1749 ipse
576 1667 843 1730 autumnali
861 1667 1211 1724 clarum'micat
1225 1667 1431 1719 aemulus
1446 1672 1597 1716 astro.

390 1786 680 1847 Diomedes
707 1781 914 1839 auxilio
940 1777 1200 1845 Minervae
1225 1784 1449 1832 strenue
1476 1770 1784 1844 proeliatur.
1811 1767 1914 1835 να·
1942 1773 1990 1835 Β

316 1898 421 1947 nus
458 1892 677 1956 quoque
711 1876 822 1935 lilio
871 1871 1162 1937 subvenire
1198 1875 1417 1933 conata,
1458 1864 1687 1927 vulnere
1724 1861 1919 1931 ati'ccta

317 1955 639 2048 digreditur.
680 1969 823 2029 Mars
853 1968 1017 2025 ctiam
1046 1964 1109 2023 iit
1137 1962 1359 2031 saucios
1397 1956 1722 2030 exceditque
1748 1955 1918 2023 bello,

319 2047 577 2138 Sequitur
614 2057 956 2135 Tlepolemi,
995 2051 1443 2127 Sarpedonisque
1479 2047 1817 2122 congrOSSio.
1852 2047 1922 2117 Ei

319 2156 670 2231 'l‘lepolenins
716 2149 971 2225 llerculis
1019 2145 1168 2213 illius
1214 2142 1517 2217 certamine
1561 2142 1738 2207 victus
1774 2138 1918 2201 oeci.

320 2254 484 2310 ditttr.

784 2313 1042 2373 Periocha
1077 2311 1168 2368 lib.
1195 2325 1249 2366 Vl
1286 2308 1513 2364 Iliados.

442 2434 572 2489 δοιω
594 2434 855 2486 decertant
873 2429 1029 2490 acies,
1051 2428 1165 2478 sine
1188 2424 1393 2479 nomine
1418 2422 1605 2490 divum,

444 2483 683 2549 Cessaiiie
707 2483 891 2543 auxilio
915 2506 927 2541 :
954 2483 1193 2551 vacuique
1210 2497 1401 2551 gesorsa
1424 2483 1662 2551 laborem,

443 2544 841 2620 Fortunamque;
870 2555 1036 2604 ferunt
1060 2544 1240 2613 proprii
1258 2547 1539 2597 discrimine
1564 2544 1666 2594 fati.

389 2664 643 2735 Troianis
682 2663 904 2719 fortuna
954 2655 1300 2714 inclinatiore
1340 2651 1736 2726 pugnantibus,
1766 2658 1917 2707 vates

322 2760 562 2818 llelenus
586 2754 803 2821 suadet,
836 2760 897 2809 ut
935 2751 1177 2813 Minerva
1202 2746 1469 2820 placetur.
1500 2743 1671 2816 igitur
1698 2741 1917 2799 Hecuba

322 2853 391 2915 ab
414 2852 653 2917 tiectore
677 2848 913 2911 monita.
929 2852 993 2903 ut
1021 2840 1240 2913 peplum
1259 2838 1317 2905 in
1338 2852 1523 2901 arcent
1551 2836 1771 2903 inierat».
1793 2849 1917 2906 Per-

324 2946 433 3017 agit
458 2951 586 3001 vota
607 2954 732 3001 cum
762 2935 1049 3001 matribus.
1076 2930 1388 2995 Alexander
1406 2929 1727 3002 obiurgatus
1751 2942 1785 2989 a
1806 2926 1919 2987 fra-

325 3046 405 3109 tre
436 3034 615 3107 pergit
646 3033 703 3096 in
733 3029 1001 3102 pretium.
1041 3025 1284 3091 Glaucus
1322 3022 1547 3096 Licius,
1590 3019 1921 3090 Etolusntte

329 3127 623 3191 Diomedes
659 3123 944 3195 congressi
972 3133 1031 3183 ut
1060 3120 1409 3187 dimicarent,
1444 3130 1572 3179 cum
1593 3115 1706 3187 iatn
1737 3125 1918 3179 certa-

326 3234 451 3297 men
488 3216 755 3283 oriretur,
796 3223 1022 3287 paterna
1054 3212 1196 3279 inter
1224 3224 1287 3273 se
1334 3205 1571 3280 hospitia
1624 3204 1920 3276 recoluit“.

326 3313 465 3373 facta
490 3325 769 3381 armorum
796 3306 1199 3382 permutatione
1225 3300 1536 3367 discedunt.

723 3440 1024 3515 iPerioc/ta
1052 3437 1140 3493 lib.
1173 3451 1248 3492 vn
1286 3433 1510 3489 Iliados.

456 3559 574 3617 Haec
599 3558 683 3613 ubi
706 3557 830 3611 dicta
852 3556 1009 3633 dedit,
1029 3554 1183 3623 portis
1204 3563 1321 3601 sese
1338 3546 1518 3603 extulit
1532 3545 1744 3598 Hector.

399 3672 677 3741 Minervae,
709 3667 1085 3740 Apollinisque
1105 3676 1376 3720 consensu
1402 3658 1734 3716 fortissimus
1772 3656 1926 3713 Grie-

327 3782 512 3823 cornm
568 3765 638 3821 ab
685 3764 923 3819 llectore
953 3765 1304 3832 provocatur.
1350 3753 1556 3810 Novem
1597 3750 1825 3807 ducibus
1853 3750 1926 3806 ad

329 3856 697 3913 dimicandum
726 3851 949 3925 paratis,
976 3860 1341 3922 pugnaturum
1365 3844 1531 3915 deligi
1551 3842 1733 3915 placet
1756 3842 1928 3898 sortis

328 3961 548 4011 eventu.
581 3949 666 4006 Ab
688 3947 856 4019 Aiace
876 3942 1195 4003 Telamonio
1215 3940 1464 4015 praelium
1494 3936 1771 4015 singulare
1796 3949 1928 3999 cnn-

329 4045 551 4111 seritur,
576 4042 632 4101 in
664 4054 771 4112 quo
801 4037 1001 4094 Hector
1030 4033 1210 4107 lapide
1247 4033 1385 4089 ictus
1414 4031 1470 4087 in
1500 4043 1724 4086 suorum
1755 4041 1817 4089 se
1842 4041 1928 4083 rc-

331 4136 462 4210 cipit
478 4132 899 4195 multitudinem.
921 4128 1312 4191 Perseverante
1329 4122 1629 4181 certamine
1656 4119 1927 4199 caducea-

332 4238 416 4287 tor
443 4228 618 4285 Idceus
638 4224 949 4285 intervenit.
979 4219 1118 4277 Tum
1148 4219 1378 4279 invicem
1405 4214 1588 4272 missis
1615 4196 1929 4279 muneribus

332 4336 509 4401 pugna
563 4318 811 4379 sedatur.
852 4314 1053 4371 llcctor
1099 4312 1324 4383 Aiacem
1361 4308 1563 4391 gladio,
1611 4306 1752 4383 Aiax
1792 4304 1930 4369 Hec-
2014 4362 2017 4365 _

331 4428 509 4475 torem
548 4413 730 4477 balteo
770 4416 1110 4475 muneratur.
1151 4405 1455 4461 lntercessu
1505 4402 1682 4461 noctis
1714 4399 1928 4457 exerci-

339 4520 424 4565 tus
465 4509 669 4581 quique
709 4507 764 4563 in
793 4520 887 4562 sua
920 4500 1227 4559 discedunt.
1258 4498 1357 4554 Die
1399 4497 1574 4565 altero
1618 4494 1931 4551 interiecto-

336 4619 457 4659 rum
500 4601 744 4657 humatio
774 4604 1121 4670 procuratur.
1155 4594 1468 4648 Gratcorunt
1511 4587 1675 4643 etiam
1716 4585 1928 4641 navalia

339 4695 484 4752 fossa
512 4709 576 4750 ac
600 4693 747 4749 vallo
772 4688 1107 4748 circumdata
1121 4685 1470 4742 muniuntur.

742 4830 1002 4887 Periocha
1040 4824 1131 4881 lib.
1172 4839 1267 4880 vm
1305 4821 1529 4878 Iliados.

465 4955 655 5005 Aurora
678 4950 728 5000 in
749 4947 940 4998 croceis
959 4940 1182 5006 fulgebat
1204 4938 1342 4988 lutea
1359 4935 1506 4997 bigis.

415 5060 555 5114 Acto
592 5055 818 5134 deorum
841 5045 1108 5112 concilio,
1136 5042 1349 5114 Jupiter
1375 5053 1475 5114 pro
1504 5044 1659 5110 parte
1705 5049 1940 5115 pronun-

343 5153 463 5217 tiat,
508 5128 605 5203 sua
648 5146 878 5217 quisque
918 5138 1194 5196 exercitus
1234 5142 1383 5190 sorte
1421 5131 1705 5196 decernat,
1764 5126 1941 5183 nullus

343 5251 571 5306 deorum
594 5244 722 5301 odio
749 5242 815 5301 iu
838 5239 1067 5299 alterius
1104 5234 1347 5291 favorem
1377 5228 1661 5301 procedat.
1707 5226 1766 5281 In
1793 5223 1940 5281 ldam

344 5349 589 5399 montem
615 5340 731 5410 ipse
747 5334 1054 5405 digressus,
1079 5326 1222 5383 unde
1248 5322 1421 5380 Grai-ci
1454 5320 1700 5376 immisso
1730 5328 1942 5374 terrore

346 5407 655 5496 conterriti,
685 5424 828 5495 turpi
861 5422 986 5492 fuga
1006 5417 1073 5473 ad
1103 5415 1439 5471 munimenta
1470 5409 1764 5482 compulsi,
1795 5407 1942 5464 fossa

1421 267 1794 335 PERIOCBJ
1833 262 1903 329 IN
1940 252 2205 326 BOMERI
2240 258 2492 321 ILIADA.

1934 386 1987 447 Α
2014 380 2308 453 multisque
2343 374 2563 450 ignibus
2610 369 2770 433 iactis
2806 384 2907 447 per
2935 374 3106 430 totam
3134 371 3354 428 noctem
3394 360 3464 422 de
3486 360 3619 424 belli

3509 238 3622 305 οω

2008 481 2223 538 ratione
2244 474 2583 543 consultant.

2434 568 2693 627 Periocha
2729 567 2822 624 lib.
2862 581 2923 624 Ix
2961 563 3190 622 Iliados.

2132 690 2334 753 Interea
2355 686 2556 755 vigilum
2574 685 2800 738 excubiis
2822 682 3120 736 cohibentur
3142 677 3337 731 Achivi.

2079 798 2294 863 Graecis
2338 805 2396 857 et
2426 793 2703 871 praeterita
2733 790 3091 855 dimicatione
3115 780 3406 858 perculsis,
3438 787 3494 841 et
3522 781 3609 849 in-

2010 901 2195 970 stante
2238 888 2589 961 conterritis,
2639 898 2902 961 proceres
2944 882 3014 943 ab
3043 879 3453 951 Agamemnone
3480 889 3613 935 eon—

2010 994 2302 1055 vocantur.
2348 982 2558 1056 Quibus
2600 996 2700 1038 rex
2747 979 2895 1053 fuga:
2940 972 3171 1039 consilia
3206 979 3262 1027 et
3288 973 3618 1045 apparatum

2016 1083 2334 1150 ordinandas
2351 1095 2450 1153 per
2474 1085 2695 1149 noctem
2716 1069 3076 1145 navigationis
3105 1064 3321 1135 indicit,
3350 1057 3618 1127 Diomede

2011 1186 2070 1236 et
2113 1152 2365 1232 Nestore
2391 1167 2832 1240 dehortantibus.
2850 1162 3139 1239 {Suadente
3164 1164 3349 1221 autem
3377 1152 3615 1229 Nestore

2012 1270 2152 1341 Aiax
2180 1275 2239 1326 et
2274 1265 2498 1337 Ulysses
2523 1263 2776 1334 legantur
2814 1258 2882 1314 ad
2912 1254 3180 1313 Achillem
3202 1249 3344 1306 dona
3375 1243 3619 1316 ingentia

2015 1336 2363 1434 pollicentes.
2388 1357 2433 1413 si
2460 1355 2693 1412 desistat
2722 1349 2906 1419 irasci,
2935 1356 2991 1405 et
3011 1361 3072 1403 se
3094 1343 3475 1401 auxiliatorem
3507 1336 3619 1393 fes-

2013 1431 2091 1511 sis
2125 1454 2291 1510 rebus
2311 1446 2711 1507 accommodet.
2738 1444 2845 1503 Sed
2868 1440 3081 1499 Achille
3108 1431 3458 1494 iniracundia
3484 1443 3615 1507 per-

2014 1544 2265 1601 tinaciter
2299 1548 2684 1614 permanente,
2711 1535 2877 1608 legati
2899 1531 3257 1598 Achivorum,
3287 1540 3345 1583 re
3373 1537 3482 1583 non
3510 1519 3614 1579 imo

2015 1645 2249 1711 petrata,
2280 1633 2417 1692 irriti
2439 1640 2810 1690 revertuntur.

2448 1750 2709 1808 Periocha
2748 1748 2841 1804 lib.
2883 1763 2920 1803 ι
2958 1744 3188 1800 Iliados.

2149 1864 2457 1941 ssereret
2473 1876 2625 1941 nave
2642 1861 3007 1941 secesserit:
3020 1855 3253 1941 multa.“

2143 1912 2533 1990 ﬁliiﬁlii?qu
2546 1912 2706 1977 solum
2724 1912 2847 1974 cura
2865 1912 3012 1971 ahala
3036 1921 3189 1969 vexat
3206 1912 3450 1967 Atridem.

2090 2038 2321 2115 Ulysses
2344 2045 2401 2093 et
2437 2030 2727 2091 Diomedes
2763 2023 3104 2101 speculatum
3143 2027 3306 2075 nocte
3336 2012 3619 2093 progressi

2018 2109 2287 2203 Dolonem
2310 2128 2725 2200 conSpicantur,
2751 2119 2845 2193 qui
2875 2128 2930 2176 et
2958 2117 3076 2190 ipse
3104 2110 3391 2187 promissis
3415 2109 3623 2165 [lecto-

2018 2226 2097 2297 ris
2126 2225 2405 2299 incitatus,
2436 2198 2752 2285 Graecorum
2783 2210 3008 2270 consilia
3036 2206 3378 2287 exploratum
3400 2198 3625 2273 prodie-

2020 2292 2133 2376 rat.
2173 2316 2244 2372 Et
2280 2312 2436 2369 fateri
2463 2310 2731 2385 universa
2773 2302 3115 2374 compulsum
3158 2295 3353 2353 eodem
3393 2293 3516 2348 loco
3545 2291 3629 2346 in-

2028 2410 2323 2468 terficiunt.
2372 2408 2415 2461 Α
2447 2380 2555 2475 quo
2583 2401 2651 2459 de
2688 2398 2923 2454 adventu
2953 2391 3145 2448 Rhoesi
3176 2387 3447 2443 Thracum
3478 2380 3623 2453 regis

2021 2501 2223 2567 edocti,
2258 2500 2439 2571 ipsum
2472 2495 2636 2552 etiam
2667 2503 2794 2548 cum
2837 2502 2905 2543 eo
2941 2484 3294 2544 obtruncant,
3341 2487 3621 2546 equosque

2020 2597 2138 2668 ejus
2164 2566 2451 2667 praemium
2477 2587 2647 2655 simul
2669 2593 2727 2643 et
2749 2578 3116 2643 testimonium
3140 2569 3507 2668 grassationis
3522 2566 3622 2622 ad-

2019 2658 2225 2750 ducunt
2253 2685 2494 2758 insignes
2533 2679 2777 2738 candore
2806 2671 3192 2739 etceleritate,
3226 2673 3286 2723 ut
3321 2671 3378 2722 et
3401 2658 3616 2719 nivibus

2020 2796 2076 2844 et
2105 2782 2284 2841 ventis
2308 2776 2724 2837 antecedercnt.
3380 2784 3423 2831 ι,

2437 2892 2697 2949 Periocha
2732 2888 2823 2945 lib.
2867 2902 2922 2943 XI
2959 2883 3184 2940 Iliados.

2144 3010 2349 3063 Tithoni
2369 3016 2600 3059 croceum
2621 3002 2858 3063 linquens
2880 2997 3068 3048 Aurora
3091 2989 3257 3063 cubile

2142 3049 2880 3139 siiié'éiiiiiEE,'¥éievm
2899 3069 3053 3123 Opera
3075 3062 3225 3117 atque
3248 3049 3472 3104 labores.

1947 3162 1995 3228 (ἶ
2098 3179 2182 3240 Ab
2206 3175 2466 3236 omnibus
2507 3170 2711 3231 Graecis
2737 3165 2954 3241 egregie
2982 3160 3229 3236 quidem,
3262 3157 3363 3215 sed
3391 3156 3627 3227 impros-

2029 3290 2163 3349 pere
2186 3271 2496 3329 dimicatur.
2520 3265 2763 3336 Quorum
2794 3255 3119 3333 proceribus
3151 3247 3453 3310 vulneratis
3475 3247 3632 3304 inco—

2025 3338 2191 3442 gnitae
2240 3358 2577 3421 multitudini
2616 3368 2793 3428 pugna
2849 3348 3234 3441 committitur.
3292 3342 3410 3411 Qua
3454 3338 3632 3396 afﬂic—

2028 3435 2178 3518 tione
2205 3448 2702 3524 fortuanAchillcs
2734 3438 3012 3518 paulisper
3043 3440 3278 3497 inﬂexus
3312 3435 3631 3493 Patroclum

2027 3550 2193 3608 mittit
2228 3542 2522 3619 prmsentia
2550 3539 2922 3611 cogniturum.
2964 3533 3067 3601 Qui
3104 3545 3229 3586 cum
3260 3527 3486 3584 adversi
3517 3535 3632 3582 sta-

2029 3655 2118 3703 tus
2155 3640 2383 3699 nuntius
2423 3640 2823 3698 reverteretur,
2861 3624 3185 3697 Euripylttm
3221 3619 3627 3690 contemplatur

2028 3753 2235 3811 aegrum
2276 3750 2345 3797 ex
2382 3729 2649 3796 vulnere:
2693 3720 3061 3795 iumentisque
3099 3714 3325 3789 medicae
3366 3712 3502 3793 artis
3534 3711 3624 3766 ad.

2029 3832 2192 3890 motis
2219 3828 2559 3903 redintegrat
2581 3816 2821 3877 sanitati.

2440 3954 2700 4024 Periocha
2735 3951 2831 4015 lib.
2862 3964 2939 4015 xu
2979 3945 3208 4003 Iliados.
3305 3945 3311 3955 '

2156 4075 2417 4131 Actorides
2428 4071 2568 4123 lavet
2583 4063 2874 4132 Buripylum
2896 4060 3011 4115 dum
3032 4057 3244 4114 vulnere
3266 4054 3472 4115 fessum.

2104 4187 2298 4242 Partes
2342 4178 2525 4236 dubia:
2567 4172 2711 4248 apud
2763 4168 2993 4228 Grateos
3031 4165 3121 4222 vel
3166 4162 3348 4237 potius
3388 4159 3634 4227 afﬂicta,

2032 4277 2239 4335 ultimm
2266 4274 2498 4329 fortuna:
2536 4275 2680 4323 statu
2718 4269 2981 4335 aguntur,
3012 4253 3408 4330 prastantibus
3434 4266 3636 4325 proce-

2031 4384 2153 4428 rum
2192 4363 2514 4430 vulneratis,
2558 4366 2761 4415 csetero
2804 4352 3052 4410 exercitu
3089 4349 3275 4421 fugato
3321 4355 3416 4403 aut
3444 4342 3641 4401 formi-

2032 4465 2163 4521 dine
2198 4457 2473 4532 perculso.
2498 4450 2721 4521 Troiani
2751 4444 3029 4502 navalium
3049 4440 3389 4497 munimenta
3422 4434 3636 4492 rescin—

1955 4556 2011 4617 D
2034 4558 2203 4622 dant,
2241 4551 2557 4619 vallumque
2601 4536 2931 4612 transgressi
2978 4532 3227 4606 auguriis,
3259 4533 3518 4603 iuvantur
3557 4544 3629 4585 ex

2034 4657 2234 4705 eventu
2260 4640 2548 4713 ambiguis.
2579 4635 2771 4705 Itaque
2796 4642 2854 4690 et
2882 4645 3010 4704 pars
3036 4629 3177 4687 muri
3205 4627 3278 4683 ab
3317 4624 3641 4696 Sarpedone

2037 4738 2395 4805 convellitur,
2420 4743 2475 4790 et
2503 4731 2571 4791 ab
2597 4730 2832 4789 Hectore
2858 4727 2968 4785 ictu
3005 4724 3205 4798 lapidis
3230 4730 3389 4797 porta
3414 4719 3643 4779 discuti.

2042 4846 2149 4903 tur,
2182 4841 2240 4889 et
2268 4831 2323 4887 in
2351 4826 2486 4900 ipsis
2513 4823 2797 4881 navalibus
2825 4834 3005 4905 pugna
3020 4816 3365 4893 _conseritur.

2445 4979 2704 5037 Periocha
2743 4977 2833 5034 lib.
2876 4992 2975 5033 xm
3013 4974 3234 5033 Iliadas.

2085 5108 2091 5113 '
2166 5097 2394 5164 luppiter
2410 5092 2623 5147 admovit
2657 5090 2807 5143 Troas
2831 5095 2982 5157 atque
3005 5088 3224 5141 Hectora
3248 5085 3407 5138 classi.

2113 5226 2398 5297 Neptunus
2418 5218 2773 5278 miseratione
2800 5223 3109 5272 commotus
3128 5212 3455 5284 Argivorum
3478 5220 3605 5269 tuen

2041 5321 2127 5379 dis
2156 5316 2390 5374 navibus
2416 5313 2707 5369 auxiliator
2729 5308 2961 5375 accedit,
2983 5315 3038 5364 et
3064 5315 3327 5376 usurpata
3350 5304 3496 5367 vatis
3518 5303 3639 5361 eiii-

2046 5414 2155 5485 gie,
2189 5410 2385 5480 Aiaces
2412 5406 2552 5463 duos
2578 5402 2634 5459 in
2656 5399 2905 5475 prmlium
2936 5398 3281 5464 cohortatur,
3313 5410 3416 5453 nec
3464 5396 3651 5451 minus

347 5533 405 5581 et
426 5518 719 5594 aggeribus
760 5528 886 5572 sese
927 5517 1172 5567 tuentur.
1220 5504 1489 5594 lunonem
1530 5515 1598 5594 ac
1647 5501 1945 5557 Minervam
2044 5516 2299 5565 unum
2315 5496 2720 5559 mummdinem
2751 5491 3046 5564 prmiia
3077 5488 3652 5560 majcsumiwigm,

347 5592 557 5671 Gracia
581 5605 839 5668 auxiliari
860 5602 1111 5660 volentes
1132 5595 1355 5655 induitis
1378 5593 1534 5652 lovis
1560 5592 1662 5649 Iris
1682 5599 1944 5649 exterret.

2047 5600 2373 5655 Idomeneus
2406 5589 2629 5663 egregio
2666 5585 2975 5645 certamine
3012 5584 3239 5641 eminet.
3279 5579 3505 5652 Troiani
3536 5579 3655 5652 iam

348 5707 741 5776 Diremptoque
769 5696 843 5755 ob
869 5702 1087 5753 noctem
1108 5687 1435 5755 certamine,
1463 5684 1706 5742 victores
1722 5683 1927 5754 Trajan

2051 5692 2359 5750 referentes
2406 5683 2665 5757 gradum,
2701 5677 2901 5735 ﬁrmati
2950 5691 3170 5733 rursum
3214 5690 3317 5748 per
3354 5674 3654 5732 Hectorem

353 5801 407 5856 in
445 5800 569 5899 ipso
594 5794 777 5869 praelii
818 5792 941 5849 loco
980 5783 1242 5873 excubias
1291 5779 1597 5855 obsidionis
1633 5778 1945 5848 instituunt,

2054 5781 2473 5846 contrahuntur,
2496 5784 2554 5838 et
2584 5771 2789 5846 ingenti
2822 5770 3064 5829 clamore
3092 5768 3351 5840 utrinque
3386 5775 3653 5829 certatur.
