4108 6188
489 228 611 289 951

916 343 1179 401 Periocha
1217 344 1312 400 lib.
1341 359 1430 401 χιιι
1453 343 1677 401 Iliados.

619 457 875 509 Concussit
895 458 1118 521 quamvis
1141 463 1390 521 potantem
1414 455 1624 521 Nestora
1642 455 1844 521 clamor,

631 518 976 584 Attonitasque
995 518 1352 582 aures‘pepulit
1374 519 1618 583 gravitate
1638 518 1890 569 tumultus.

570 623 1250 697 JunovinculumNeneris
1279 624 1388 697 (cui
1419 632 1573 682 cesto
1605 639 1805 681 nomen
1836 622 1944 695 est)
1979 639 2098 680 mu-

499 726 673 786 tuata,
690 717 758 772 ad
771 716 958 772 Jovem
983 717 1162 788 pergit
1178 717 1233 773 in
1251 731 1531 773 secessum
1547 717 1750 774 montis
1762 717 1888 786 ldtc,
1903 715 2103 772 exhor-

500 815 722 880 tatoque
749 808 979 877 Somno,
1012 819 1070 866 ut
1096 825 1219 866 eum
1253 811 1620 867 committeret
1643 810 1697 866 in
1727 825 2004 882 soporem,
2036 825 2101 867 ac

499 902 705 958 dehinc
765 902 974 974 vigilias
1046 903 1166 973 ejus
1220 905 1410 960 uxoris
1467 903 1758 961 labefactat
1805 904 2097 962 illecebris.

499 992 669 1063 Cujus
721 993 1069 1064 ignoratione
1121 995 1407 1067 Neptunus
1434 996 1696 1062 abutitur,
1721 994 2104 1068 fortunamque

497 1082 816 1139 Graecorum
871 1086 1173 1156 promptius
1232 1087 1545 1144 auxiliando
1602 1085 1879 1156 restituit,
1933 1088 2102 1160 Aiace

497 1174 673 1233 Locro
697 1176 838 1234 ultra
865 1187 1094 1234 caeteros
1125 1179 1429 1249 prteliantc.

930 1312 1189 1370 Periocha
1209 1313 1302 1369 lib.
1337 1331 1403 1370 xv
1428 1313 1649 1370 Iliados.

625 1432 734 1481 Jam
759 1430 960 1492 vallum,
977 1430 1254 1493 fossamque
1278 1443 1428 1494 super
1446 1430 1653 1494 Troiana
1671 1429 1910 1492 juventus

622 1495 900 1556 Institerat,
925 1501 1079 1556 captae
1105 1492 1586 1544 minitans'incendia
1608 1492 1794 1543 classis.

571 1600 785 1671 Jupiter
816 1613 1008 1655 somno
1036 1598 1533 1670 expergitus,videt
1559 1607 1760 1654 statum
1783 1600 2100 1656 certaminis

499 1695 840 1758 innovatum,
873 1690 1389 1762 pcllique'l‘roianos
1419 1709 1435 1746 :
1465 1690 1672 1748 Graecis
1701 1706 1858 1762 opem
1890 1683 2102 1747 ferente

499 1789 770 1858 Neptuno.
806 1789 989 1858 ltaque
1012 1804 1208 1858 aspere
1233 1787 1447 1844 Junone
1477 1788 1777 1868 increpata,
1831 1795 1886 1841 et
1929 1787 2100 1842 mina«

498 1884 639 1938 eiter
661 1897 757 1952 per
783 1881 976 1936 iridem
1006 1880 1329 1944 conterrita,
1357 1880 1582 1935 fratrem
1626 1879 1785 1948 jubet
1814 1878 2102 1934 auxiliato-

499 1990 618 2032 rem
664 1974 951 2031 desistere.
1002 1971 1122 2043 lpse
1176 1971 1490 2043 Apollinem
1560 1968 1864 2027 recreando
1904 1969 2103 2041 allegat

498 2067 744 2132 Hectori,
772 2075 1067 2137 monetque
1120 2081 1219 2136 pro
1270 2064 1578 2136 Phrygibus
1622 2062 1749 2119 belli
1797 2062 2102 2118 instaurare

495 2160 792 2216 fortunam.
824 2158 959 2214 Tum
992 2167 1046 2214 et
1075 2159 1208 2229 Aiax
1235 2156 1587 2213 Telamonius
1627 2163 1850 2210 strenue
1890 2154 2104 2224 praelia-

497 2265 611 2326 tur,
632 2264 687 2310 et
730 2254 799 2308 ab
825 2254 1019 2309 eodem
1051 2252 1299 2323 plurimis
1321 2250 1560 2307 hostium
1614 2247 1941 2316 interfectis,
1973 2261 2104 2304 con-

495 2347 743 2420 ﬂagratio
773 2347 961 2404 classis
987 2355 1219 2402 arcetur.

913 2486 1170 2543 Periocha
1211 2483 1306 2540 lib.
1338 2497 1430 2538 χνι
1454 2480 1682 2536 Iliados.

618 2603 748 2651 Dum
773 2601 900 2662 face,
919 2599 1035 2648 dum
1052 2599 1186 2647 ferro
1208 2596 1390 2647 celsam
1414 2607 1702 2708 o‘ppugnare
1721 2594 1940 2644 carinam

619 2665 797 2708 Troes-
821 2671 871 2708 ρι
892 2662 1109 2708 Argolici
1135 2666 1350 2708 nertzunt
1371 2659 1434 2708 de
1457 2658 1646 2708 endere
1672 2669 1825 2708 reaes
1852 2669 1866 2706 :

619 2665 798 2726 Troes,
821 2671 871 2714 et
886 2658 1109 2726 Argolici
1135 2666 1350 2725 pergunt
1371 2658 1646 2708 defendere
1672 2669 1825 2720 reges
1852 2669 1866 2706 :

569 2770 810 2826 Achilles
853 2768 1169 2824 Graecorum
1198 2773 1398 2819 statum
1413 2763 1526 2834 iam
1557 2761 1658 2818 sub
1682 2770 1929 2816 extrema
1955 2765 2105 2813 sorte

498 2866 814 2930 miseratur,
862 2861 1029 2918 armis
1074 2861 1189 2916 suis
1235 2857 1544 2914 Patroclum
1588 2843 2100 2927 permittitarmari.

495 2959 754 3027 Quicum
787 2955 1185 3030 Myrmidonum
1219 2952 1562 3024 produxisset
1603 2947 1929 3017 exercitum,
1970 2963 2105 3004 con-

497 3061 880 3121 stcrnatosquc
929 3048 1202 3118 Troianos
1249 3046 1477 3101 Achillis
1537 3044 1722 3114 specie
1774 3041 2100 3109 fefellisset,

1890 228 2076 290 DECll
2115 228 2392 292 AUSONll

2115 343 2171 404 A
2197 351 2356 402 nocte
2387 345 2570 418 (quam
2601 347 2759 420 longa
2781 349 2886 423 est)
2917 349 3163 411 ccclestia
3186 351 3240 410 in
3265 352 3505 426 gratiam
3535 353 3806 430 Nymphae

3688 243 3807 304 953

2202 451 2356 495 arma
2375 441 2622 500 molitur.

2617 534 2877 608 Periocha
2905 535 2999 595 lib.
3033 554 3124 595 χιχ
3153 535 3379 596 Iliados.

2329 651 2578 704 Oceanum
2601 650 2796 704 lnterea
2817 664 3034 716 surgens
3054 651 3242 704 Aurora
3259 651 3480 718 reliquit.

2275 752 2515 816 Achilles
2541 753 2706 809 armis
2724 753 3038 811 caelestibus
3067 770 3172 826 ope
3214 754 3440 813 Vulcani
3481 766 3535 814 et
3572 774 3808 818 munere

2203 847 2395 904 matris
2447 845 2755 901 instruitur.
2814 845 2945 902 Dein
2997 846 3315 904 Graecorum
3363 851 3696 921 primoribus
3756 855 3811 910 in

2202 940 2496 997 concilium
2527 940 2760 1005 vocatis,
2791 939 3130 996 iracundiam
3177 942 3280 998 sub
3305 943 3600 1002 abolitione
3626 946 3808 1020 depo-

2204 1034 2307 1102 nit,
2335 1042 2391 1088 et
2414 1030 2698 1103 promissis
2724 1031 2792 1086 ab
2813 1047 2943 1104 rege
2971 1033 3288 1091 muneribus
3318 1049 3504 1092 coram
3534 1039 3809 1097 concione

2203 1126 2429 1183 ditatur.
2468 1125 2606 1181 Tum
2657 1123 2921 1180 militibus
2971 1125 3150 1180 cibum
3206 1121 3405 1198 capere
3441 1128 3635 1200 jussis,
3687 1131 3811 1203 ipse

2201 1218 2461 1274 abstinet.
2491 1217 2694 1272 infesto
2715 1216 2912 1274 deinde
2963 1226 3126 1289 atque
3151 1219 3362 1277 intento
3387 1223 3634 1280 exercitu
3680 1241 3812 1298 per-

2202 1310 2281 1383 git
2307 1310 2363 1366 in
2393 1309 2662 1383 praelium.

2632 1400 2892 1458 Periocha
2913 1402 3005 1459 lib.
3038 1419 3108 1460 χχ
3127 1402 3352 1463 Iliados.

2325 1516 2538 1584 Jamque
2561 1515 2687 1584 adeo
2717 1514 2864 1584 celsis
2886 1518 3060 1568 armati
3087 1531 3118 1568 e
3137 1519 3521 1584 navibusibant,

2330 1577 2482 1629 Millia
2505 1581 2842 1642 quot‘magnis
2861 1593 3092 1642 umquam
3113 1593 3303 1632 venere
3321 1577 3554 1646 Mycenis.

2275 1686 2345 1742 At
2369 1686 2596 1757 integris
2639 1686 2922 1741 amborum
2953 1687 3125 1758 copiis
3159 1689 3300 1745 inter
3325 1699 3582 1763 utrosque
3598 1695 3816 1751 exerci-

2207 1786 2296 1832 tus
2330 1793 2505 1848 pugna
2533 1777 2859 1834 conseritur.
2893 1779 3028 1836 Dein
3064 1781 3333 1850 permissu
3357 1781 3510 1840 Jovis
3540 1785 3594 1840 in
3628 1796 3814 1856 partes

2211 1871 2442 1927 deorum
2487 1870 2663 1926 studia
2694 1870 3033 1927 dividuntur.
3075 1872 3209 1942 Cum
3248 1889 3348 1945 pro
3387 1874 3594 1932 Grteeis
3630 1879 3799 1946 Juno,

2206 1974 2260 2020 et
2288 1965 2526 2019 Minerva
2557 1963 2908 2020 decertarent
2927 2003 2944 2032 ,
2994 1979 3176 2036 neque
3204 1967 3388 2023 secius
3403 1983 3499 2024 eos
3527 1969 3814 2041 Neptunus

2207 2065 2264 2112 et
2311 2056 2635 2120 Mercurius,
2667 2064 2724 2112 et
2753 2056 3026 2112 Vulcanus
3062 2069 3373 2114 assererent
3393 2103 3407 2126 ,
3439 2062 3712 2132 Troianos
3739 2066 3812 2121 Δ·

2207 2150 2362 2221 pollo.
2379 2166 2500 2206 cum
2527 2149 2762 2216 Venere,
2792 2159 2849 2206 et
2869 2150 3038 2205 Diana
3060 2165 3183 2207 cum
3212 2161 3406 2219 matre,
3460 2155 3603 2210 Mars
3635 2157 3800 2213 etiam

2207 2251 2262 2297 et
2291 2257 2413 2296 cum
2437 2241 2522 2296 eis
2541 2239 2876 2296 Scamander
2897 2240 3241 2311 adiuvarent.
3269 2243 3405 2299 Tum
3429 2244 3659 2302 JEueam
3679 2247 3807 2316 diis,

2207 2344 2266 2389 et
2286 2333 2492 2388 viribus
2521 2333 2721 2404 iniquis
2765 2349 2890 2388 cum
2921 2323 3146 2391 Achille
3179 2350 3555 2408 congressum,
3604 2356 3802 2412 quam-

2207 2441 2367 2496 quam
2390 2425 2612 2483 studens
2643 2425 2869 2494 Graecis,
2910 2426 3053 2484 nube
3082 2426 3483 2487 circumdatum
3512 2430 3814 2506 Neptunus

2207 2521 2428 2593 eripuit.

2641 2615 2902 2673 Periocha
2933 2617 3024 2675 lib.
3059 2634 3155 2674 χχι
3176 2617 3404 2675 Iliados.

2334 2730 2576 2783 Intulerat
2591 2732 2743 2790 fluvio
2774 2732 2996 2796 trepidas
3014 2732 3131 2800 fuga
3148 2731 3274 2782 fteda
3299 2740 3541 2786 catervas.

2277 2834 2527 2906 Troianis
2544 2851 2713 2909 usque
2736 2836 2804 2891 ad
2827 2835 3148 2892 Scamandri
3171 2836 3409 2894 fluminis
3429 2838 3647 2896 alveum
3676 2839 3810 2913 fuga

2207 2937 2261 2983 et
2290 2936 2498 2985 terrore
2523 2931 2841 3000 compulsis,
2871 2944 2993 2984 cum
3015 2929 3127 2999 jam
3165 2930 3381 3001 longius
3407 2931 3646 2988 abeundi
3678 2949 3806 3005 spa-

2207 3020 2339 3075 tium
2369 3038 2476 3076 non
2501 3032 2729 3093 pateret,
2751 3024 2803 3077 in
2825 3023 2941 3092 ipso
2963 3037 3143 3088 amne,
3167 3037 3290 3078 eum
3314 3024 3515 3081 flumen
3539 3029 3799 3096 exundat,

497 3151 724 3199 mentes
765 3111 926 3209 s'upm
981 3111 1182 3194 νειῖιωη
1212 3148 1267 3192 οι
1314 3111 1900 3204 ίηνίαεηιέσηείθηιοε
1947 3148 2093 3188 (που
2120 3111 2278 3179 Cibi
2312 3114 2393 3169 'ab
2436 3115 2648 3170 Achille
2673 3115 2961 3171 duodecim
3006 3114 3366 3184 Troianorum
3414 3119 3646 3189 juvenes
3674 3120 3805 3176 vin-

495 3252 700 3310 pavore
753 3249 924 3303 usque
972 3231 1041 3285 ad
1097 3231 1272 3298 campi
1305 3237 1493 3298 aperta
1545 3227 1847 3296 compellit.
1889 3225 2096 3281 Deinde

498 3342 830 3399 congressus
852 3323 1226 3396 Sarpedonem
1259 3322 1498 3393 perimit,
1523 3323 1814 3391 multisque
1860 3321 2095 3376 hostium

501 3423 680 3490 caesis,
698 3421 815 3491 ipse
836 3420 904 3476 ab
927 3418 1162 3475 llectore
1183 3415 1531 3484 interficitur,
1552 3413 1700 3486 prius
1714 3413 1781 3470 ab
1796 3412 2096 3486 Euphorbo

495 3517 836 3573 vulneratus.

906 3629 1163 3686 Periocha
1192 3628 1285 3684 lib.
1311 3644 1424 3684 χνιι
1453 3626 1676 3682 Iliados.

620 3748 905 3801 Actoridem
921 3758 1101 3797 caesum
1124 3756 1221 3796 nec
1236 3749 1308 3805 te,
1329 3741 1577 3803 Menelae,
1606 3739 1803 3792 fefellit.

567 3880 722 3937 Circa
767 3879 1153 3946 interemptum
1185 3871 1498 3929 Patroclum
1530 3884 1705 3941 pugna
1733 3868 2094 3924 contrahitur.

494 3974 632 4029 Cum
662 3970 864 4027 diversi
894 3968 1165 4024 exercitus
1193 3964 1611 4030 contenderent,
1642 3962 1841 4028 Graeci,
1885 3970 1941 4014 ut
1967 3961 2092 4014 cor-

493 4079 595 4135 pus
617 4061 996 4125 defenderent,
1038 4057 1284 4128 Troiani,
1318 4064 1377 4110 ut
1404 4054 1472 4110 ad
1517 4052 1809 4109 ludibrium
1863 4051 2094 4106 cadaver

493 4159 794 4228 eriperent,
842 4170 873 4209 a
923 4151 1169 4209 Menelao
1221 4148 1548 4220 Euphorbus
1578 4145 1867 4212 occiditur,
1925 4153 1980 4200 et
2024 4143 2093 4199 ad

497 4252 918 4306 ostentationem
947 4245 1173 4317 gloriosi
1201 4243 1459 4300 facinoris
1479 4241 1708 4299 Achillis
1729 4239 1936 4296 exuviis
1957 4239 2096 4294 llec-

494 4357 583 4402 tor
608 4354 870 4400 armatur.
902 4340 1221 4398 Antiloeltus
1247 4341 1316 4395 ad
1359 4339 1623 4395 Achillem
1673 4335 1895 4392 nuntius
1921 4335 2092 4391 cladis

495 4446 755 4508 acceptte,
790 4437 1031 4491 Menelao
1051 4435 1306 4500 instante,
1339 4432 1579 4489 festinat.
1609 4432 1708 4498 Qui
1737 4439 1792 4488 et
1819 4431 1936 4502 ipse
1966 4445 2088 4498 pos-

2199 3218 2420 3275 cuntur,
2452 3210 2541 3278 qui
2566 3210 2797 3266 Patrocli
2828 3212 3040 3269 inferiis
3068 3216 3505 3273 immolarentur.
3529 3217 3650 3287 Ipse
3673 3220 3804 3275 Vul-

2198 3313 2367 3354 canus
2390 3301 2678 3357 artloribus
2702 3304 2815 3359 suis
2843 3305 2951 3360 vim
2987 3309 3248 3363 torrentis
3287 3311 3490 3365 exurit.
3547 3309 3682 3365 Tum
3737 3311 3794 3366 in

2197 3403 2446 3461 campum
2488 3392 2699 3450 Achille
2737 3412 3049 3468 progresso,
3107 3402 3310 3470 passim
3352 3401 3532 3457 studia
3565 3404 3797 3458 deorum

2198 3497 2299 3553 pro
2328 3499 2423 3540 sua
2442 3485 2702 3556 singulari
2729 3499 2878 3558 parte
2900 3490 3234 3563 depugnant.
3253 3493 3619 3562 Troianorum
3643 3510 3804 3550 exer-

2200 3576 2364 3644 citus,
2403 3577 2648 3635 instante
2678 3580 2908 3649 victore,
2945 3584 2999 3639 in
3027 3585 3230 3641 moenia
3267 3584 3420 3642 urbis
3453 3585 3798 3658 impingitur.

2616 3719 2877 3776 Periocha
2903 3721 2996 3777 lib.
3029 3738 3142 3778 χχιι
3167 3720 3398 3779 Iliados.

2323 3835 2473 3886 Pulsa
2497 3843 2636 3887 metu
2657 3835 2898 3900 Phrygios
2919 3837 3195 3889 lustrabant
3210 3839 3406 3901 agmina
3427 3851 3612 3889 muros.

2272 3962 2469 4018 llector
2490 3964 2752 4033 singulari
2782 3965 3080 4020 certamine
3100 3980 3222 4020 eum
3255 3965 3470 4022 Achille
3507 3964 3797 4034 congredi-

2197 4062 2304 4120 tur,
2331 4053 2564 4122 Priamo,
2592 4065 2752 4124 atque
2782 4057 3019 4118 llecuba.
3051 4072 3119 4112 ne
3161 4067 3454 4128 pugnaret,
3483 4060 3792 4126 orantibus,

2193 4143 2428 4200 Minerva
2469 4147 2774 4201 eeontrario
2806 4149 2990 4214 specie
3021 4148 3308 4219 Deiphobi,
3344 4161 3402 4203 ut
3430 4149 3657 4205 dimicet
3686 4149 3788 4204 ad-

2195 4236 2466 4293 hortante.
2503 4238 2703 4294 Hector
2730 4239 3046 4296 interfectus
3067 4253 3122 4296 ct
3149 4242 3409 4312 religatus
3443 4241 3510 4298 ad
3539 4257 3786 4311 currum,

2195 4339 2278 4385 ter
2304 4330 2506 4386 circum
2530 4331 2731 4396 moenia
2753 4331 2986 4402 Troiana
3011 4345 3274 4403 raptatur.
3308 4334 3516 4391 Deinde
3544 4335 3728 4391 lacera
3740 4351 3789 4390 ιιι

2193 4440 2392 4496 corpus
2415 4426 2657 4484 defertur
2686 4428 2754 4484 ad
2781 4443 2946 4485 naves
2974 4429 3166 4485 ultioni
3198 4430 3456 4501 Patrocli,
3489 4439 3546 4488 et
3565 4433 3790 4489 victoris

493 4542 576 4586 tea
602 4547 725 4586 cum
755 4530 996 4585 Merione
1019 4529 1156 4584 intra
1185 4528 1458 4584 navalium
1498 4526 1832 4581 munimenta
1864 4539 1925 4580 se
1952 4524 2090 4580 reci-
2121 4495 2167 4555 D
2194 4519 2489 4576 iracundia:
2517 4521 2585 4578 ad
2610 4521 2868 4578 ulteriora
2898 4524 3166 4595 supplicia
3188 4525 3600 4581 reservandum.

492 4622 592 4692 pit,
622 4637 745 4678 cum
779 4630 890 4677 tota
919 4620 1093 4676 moles
1122 4618 1253 4675 belli
1277 4619 1538 4688 Aiacibus
1560 4617 1872 4687 ingruisset.

883 4776 1144 4831 Periocha
1175 4775 1264 4830 lib.
1297 4790 1424 4830 xvut
1456 4773 1681 4829 Iliados.

539 4879 546 4884 ’
612 4892 742 4943 Dum
765 4889 884 4943 furit
905 4891 957 4941 in
977 4888 1139 4941 medio
1160 4889 1283 4940 belli
1307 4890 1381 4939 vis
1402 4891 1548 4948 ignea
1569 4887 1737 4939 Martis
1759 4901 1771 4937 :

563 5019 810 5076 Achilles
837 5015 1268 5074 inmiserabilcm
1297 5015 1518 5073 modum
1539 5014 1778 5071 Patrocli
1808 5013 1971 5070 deflet
2003 5016 2088 5071 iu-

491 5114 737 5179 teritum,
777 5126 941 5182 quem
991 5109 1046 5165 vi
1073 5108 1281 5165 doloris
1302 5117 1482 5164 actum
1523 5108 1933 5164 consolantibus
1966 5123 2091 5162 ver-

486 5207 573 5264 bis
597 5214 772 5262 mater
799 5205 1092 5276 alloquitur
1123 5218 1138 5261 :
1171 5217 1275 5260 nec
1300 5202 1531 5258 inultum
1563 5202 1800 5260 amicum
1827 5202 1942 5258 fore
1970 5203 2087 5273 pol-

488 5303 693 5368 licens,
752 5301 1088 5372 perlaturam
1142 5313 1264 5355 sese
1313 5297 1542 5354 Vulcani
1590 5313 1743 5355 arma
1796 5299 2082 5372 promittit.

488 5393 707 5450 Interea
734 5401 799 5449 et.
817 5392 917 5448 lris
938 5391 1007 5448 ab
1032 5389 1245 5447 Junone
1267 5388 1594 5458 demittitur,
1641 5391 1797 5461 cuius
1830 5392 2086 5446 instantia

488 5487 732 5543 Achilles
753 5494 906 5541 extra
931 5486 1494 5557 vallum,quamquam
1525 5486 1772 5552 inermis,
1787 5486 2085 5558 egreditur,

485 5578 907 5649 conterritisque
935 5577 1188 5647 Troianis
1239 5593 1404 5649 super
1425 5577 1563 5634 alios
1585 5579 1710 5635 aliis
1737 5580 2084 5652 praecipitan-

489 5667 636 5722 tibus
666 5670 774 5724 late
792 5669 938 5740 fuga,
965 5681 1020 5726 et
1039 5670 1200 5726 latius
1220 5671 1458 5728 formido
1484 5672 1796 5744 porrigitur.
1847 5674 2083 5730 Eodem-

2590 4660 2852 4717 Periocha
2877 4664 2970 4719 lib.
3001 4680 3137 4721 χχιιι
3165 4663 3391 4721 Iliados.

2321 4773 2466 4838 Troia
2487 4779 2625 4825 vacat
2644 4774 2890 4840 lacrymis,
2917 4775 3047 4828 ludis
3067 4777 3247 4843 Argiva
3263 4779 3522 4842 iuventus.

2265 4876 2545 4934 Funebres
2573 4879 2686 4934 ludi
2714 4880 2768 4934 in
2789 4880 3051 4937 honorem
3077 4881 3314 4938 Patrocli
3339 4883 3775 4954 frequentantur.

2193 4969 2386 5039 quibus
2414 4969 2703 5026 Diomedes
2727 4972 2882 5041 equis
2903 4982 3144 5041 superat,
3167 4972 3313 5028 lucta
3341 4981 3400 5028 et
3426 4988 3594 5030 cursu
3623 4975 3782 5045 Ulys-

2192 5076 2302 5130 ses,
2327 5063 2573 5135 aliosque
2599 5063 2688 5118 alii
2708 5080 2909 5136 genere
2935 5067 3250 5124 certationis
3271 5077 3570 5125 antestant.

2596 5227 2857 5284 Periocha
2887 5230 2976 5285 lib.
2997 5246 3128 5286 χχιν
3160 5231 3393 5288 Iliados.

2315 5362 2539 5427 Quisque
2564 5375 2677 5414 suas
2701 5370 2936 5428 repetunt
2957 5368 3105 5419 misso
3126 5371 3398 5421 certamine
3423 5384 3595 5424 naves.

2261 5487 2476 5559 Jupiter
2498 5489 2786 5548 Thetidem
2814 5494 2981 5551 mittit
3013 5496 3083 5552 ad
3129 5497 3301 5554 lilium
3351 5515 3477 5557 cum
3515 5503 3783 5560 mandatis

2188 5579 2477 5650 ejusmodi,
2502 5583 2632 5639 utin
2660 5585 2976 5643 defunctum
3031 5589 3224 5646 saavire
3264 5591 3516 5663 desistat,
3562 5595 3780 5666 fataque

2188 5672 2466 5729 hominum
2492 5675 2545 5731 in
2570 5677 2820 5734 exanimo
2860 5679 3018 5736 hoste
3058 5693 3364 5754 vereretur,
3409 5687 3479 5741 ad
3528 5689 3776 5757 sepultu-

484 5771 592 5828 que
622 5764 864 5826 tempore
890 5767 945 5816 et
974 5759 1246 5819 Vulcanus
1278 5761 1597 5821 exhortatus
1620 5777 1654 5821 a
1695 5762 1927 5821 Thetide
1957 5774 2070 5823 tota
2185 5782 2301 5825 ram
2329 5782 2556 5839 corpore
2578 5772 2852 5828 restituto.
2887 5773 3144 5844 Eiusdem
3174 5777 3328 5848 jussu
3365 5789 3418 5835 et
3450 5777 3552 5836 lris
3574 5783 3771 5836 cohor-
