4108 6188
321 271 430 363 953

322 515 423 586 Qui
447 515 716 571 Mercurio
743 513 883 571 duce
903 513 1046 570 inter
1066 521 1361 569 nocturnas
1392 512 1628 568 hostium
1650 514 1926 583 prolectus

322 607 603 675 excubias,
632 605 834 662 Achilli
851 605 1083 678 supplex
1115 604 1442 672 advolvitur,
1475 605 1926 680 redemptumque

323 702 491 760 lilium
519 701 736 774 justitio
763 699 985 774 publico
1013 708 1070 756 et
1096 697 1281 768 deﬂet,
1318 706 1374 756 et
1395 699 1607 772 sepelit.

682 861 939 918 Periocha
964 861 1120 934 primi
1141 861 1264 917 libri
1293 860 1560 932 Odyssew.

450 976 542 1028 Die
564 976 704 1038 mihi,
725 975 882 1038 Musa,
905 975 1066 1024 virum
1086 982 1243 1038 captaa
1267 981 1376 1038 post
1399 976 1578 1025 mmnia
1603 973 1785 1038 Trojte,

448 1041 544 1101 Qui
566 1037 1000 1103 moresbomiuum
1017 1037 1282 1088 multorum
1305 1039 1428 1088 vidit
1453 1045 1506 1088 et
1529 1038 1700 1089 urbes.

394 1170 636 1226 Minerva
663 1169 716 1225 in
754 1167 1016 1235 Ithacam,
1049 1166 1183 1223 Jove
1227 1167 1300 1222 ita
1339 1167 1579 1235 volente,
1612 1167 1921 1236 descendit,

324 1261 698 1332 Mentorisque
723 1260 1058 1331 Tapbiorutn
1084 1259 1228 1329 regis
1264 1259 1418 1315 ducis
1465 1261 1632 1316 sumit
1661 1260 1920 1332 efﬁgiem,

321 1370 554 1411 suasura
584 1351 936 1420 Telemacho,
969 1359 1028 1406 ut
1053 1350 1122 1407 ad
1142 1351 1456 1419 Nestorem,
1501 1352 1922 1423 Menelaumque

319 1448 563 1512 festinet,
591 1447 683 1518 qui
712 1461 904 1502 recens
930 1445 1151 1500 domum
1183 1445 1417 1515 regressi
1450 1444 1590 1500 certi
1620 1444 1825 1516 aliquid
1847 1445 1916 1502 de

319 1543 511 1614 Ulysse
538 1540 834 1597 novissent.
859 1538 1010 1594 Tunc
1039 1537 1295 1594 Phemius
1317 1537 1598 1594 citharista
1642 1537 1920 1594 adhibitus

316 1635 568 1691 convivio
597 1648 888 1704 procorum
917 1631 1138 1686 inchoat
1167 1630 1404 1686 ﬂebilem
1453 1631 1784 1687 cantilenam
1823 1648 1920 1686 na-

321 1725 610 1797 vigationis
632 1725 1014 1796 improsperae,
1061 1739 1183 1795 qua:
1227 1723 1507 1794 profectos
1543 1726 1610 1779 ab
1642 1726 1740 1780 llio
1771 1725 1919 1781 Cra:-

1417 281 1782 384 rsatocnaa
1819 301 1887 361 IN
1927 302 2192 367 nouem
2229 309 2624 370 ouvssssn.

323 430 468 479 tatur
496 419 796 490 Priamum,
839 426 898 476 ut
923 432 1058 475 auro
1089 417 1258 474 lilium
1287 417 1554 488 rependat
1583 418 1918 476 exanimum.
1950 423 2007 484 Α

3521 318 3624 374 954

2463 427 2721 484 Periocha
2746 428 2839 488 lib.
2862 445 2896 487 ν
2929 430 3193 503 Odysscw.

2156 537 2391 603 Liquerat
2409 542 2458 592 in
2486 541 2652 605 tepido
2666 541 2933 594 Tithonum
2956 545 3147 596 Aurora
3169 547 3320 598 cubili
3349 562 3362 598 :

2101 643 2400 701 Mercurius
2445 646 2500 702 in
2540 645 2801 719 Ogygiam
2834 647 3068 705 insulam
3119 651 3370 720 devolat,
3404 664 3462 710 ut
3487 654 3636 713 Jovis

2031 737 2259 794 monitis
2289 738 2524 811 Calypso
2562 741 2859 798 conterrita
2892 741 3139 814 Ulyssem
3184 745 3421 815 patiatur
3459 745 3638 804 disce-

2027 829 2182 888 dere.
2207 831 2317 900 Qui
2345 841 2602 889 contextu
2630 834 2763 889 ratis
2795 843 3000 892 temere
3021 851 3317 907 properare
3343 840 3639 910 navigatio-

2032 938 2159 979 nem
2184 923 2337 980 solus
2365 925 2700 996 aggreditur.
2736 924 3188 998 Duodevigesima
3207 928 3295 984 die
3312 937 3637 1000 tempestate

2033 1027 2330 1087 commota,
2366 1034 2434 1073 ex
2468 1018 2746 1074 iracundia
2771 1018 3067 1076 infestante
3093 1020 3372 1091 Neptuno,
3404 1023 3635 1079 trabium

2029 1123 2296 1180 compago
2324 1109 2670 1168 dissolvitur.
2696 1111 2815 1179 Quo
2841 1127 2971 1166 casu
2997 1113 3242 1182 proditur
3259 1113 3470 1182 ultima:
3496 1115 3634 1184 spei,

2025 1211 2082 1260 et
2108 1203 2278 1260 irritis
2308 1204 2597 1260 conatibus
2625 1204 2804 1260 nando
2833 1204 3130 1262 abJunone
3153 1207 3251 1262 dea
3274 1207 3626 1263 misericorde

2025 1306 2302 1367 servatur,
2331 1312 2454 1368 qua:
2475 1297 2794 1354 calantieam
2811 1298 2974 1370 capiti
2997 1315 3098 1355 suo
3125 1299 3400 1371 demptam
3421 1301 3628 1356 natanti

2029 1389 2433 1446 accommodat.
2459 1389 2626 1462 Cujus
2654 1390 2746 1448 ille
2760 1402 3067 1448 sustentatu
3085 1392 3325 1465 adusque
3342 1393 3464 1450 Phan
3474 1407 3628 1450 acum

2026 1483 2179 1540 littus
2207 1483 2411 1540 evadit.

2446 1575 2705 1632 Periocha
2735 1577 2829 1632 lib.
2859 1593 2908 1634 vt
2938 1579 3202 1651 Odyssea.

2148 1689 2389 1754 Carpebat
2410 1703 2606 1742 somnos
2625 1691 2810 1744 dudum
2833 1705 3139 1744 :erumnosus
3167 1693 3388 1758 Ulysses.

318 1795 414 1875 eos
435 1817 669 1874 diversis
692 1795 896 1888 sparsit
919 1816 1127 1884 exiliis,
1153 1832 1316 1888 quem
1344 1815 1616 1888 Penelope
1642 1816 1913 1887 digressa,

2095 1795 2318 1866 Ulysses
2351 1805 2634 1866 postquam
2667 1798 2738 1852 ad
2770 1797 3054 1853 Phaeacum
3082 1800 3234 1855 littus
3260 1814 3520 1856 enaverat
3554 1801 3631 1856 fa-

315 1911 629 1968 Chalcidico
663 1919 989 1982 argumento
1036 1919 1144 1966 tam
1200 1910 1527 1966 miserabilis
1557 1909 1764 1968 olle-usa
1796 1925 1912 1968 ma-

320 2003 490 2072 teriae,
518 2013 578 2060 ut
599 2003 706 2060 alia
729 2004 1002 2068 concinat,
1033 2003 1371 2059 adhortatur.

760 2159 1015 2217 Periocha
1039 2160 1128 2215 lib.
1160 2176 1194 2216 tt
1227 2159 1490 2232 Odyssete.

445 2274 645 2326 Oceano
669 2273 921 2326 extulerat
945 2287 1116 2325 roseas
1148 2272 1337 2324 Aurora
1355 2273 1573 2338 jugales.

386 2401 748 2458 Telemaclms
782 2400 1076 2458 lthacesios
1105 2416 1358 2470 proceres
1409 2403 1555 2473 cogit
1597 2401 1664 2457 ad
1693 2401 1923 2468 curiam,

327 2503 486 2566 atque
516 2494 717 2550 ibidem
747 2493 814 2550 de
835 2493 1163 2549 contumelia
1191 2494 1406 2562 domus,
1439 2503 1496 2550 et
1517 2493 1779 2549 bonorum
1803 2509 1929 2564 pro-

331 2589 610 2661 ﬂigatione
637 2599 970 2659 conqueStus
993 2629 1008 2653 ,
1038 2587 1263 2642 censilia
1294 2588 1641 2658 profectionis
1681 2585 1925 2656 exponit,

322 2680 560 2736 Antinoo
587 2681 899 2746 resistente,
925 2680 1015 2751 qui
1057 2695 1180 2736 eum
1209 2680 1358 2750 prius
1382 2721 1398 2746 ,
1435 2696 1595 2752 quam
1622 2688 1795 2736 mater
1823 2695 1929 2735 nu-

320 2774 473 2832 beret
499 2819 514 2843 ,
567 2774 716 2829 abire
746 2773 1087 2844 prohibebat.
1130 2774 1245 2841 Qua
1277 2773 1632 2829 altercatione
1668 2774 1759 2829 diu
1803 2788 1930 2844 pro-

327 2876 522 2934 tracta,
551 2866 842 2923 concilium
869 2865 1192 2921 dissolutum
1225 2876 1329 2922 est.
1365 2867 1726 2923 Telemachus
1749 2869 1816 2922 ad
1849 2868 1934 2922 lit-

331 2967 420 3013 tns
439 2959 618 3029 procis
644 2959 1022 3029 ignorantibus
1050 2960 1223 3027 pergit
1246 2976 1260 3012 :
1285 2969 1550 3015 astantem
1577 2961 1678 3015 sibi
1698 2961 1934 3016 odorans

327 3051 650 3116 Minervam,
681 3050 1108 3122 peregrinationi
1137 3052 1486 3107 accommoda
1507 3061 1682 3122 parat,
1709 3053 1929 3108 hortan-

325 3153 379 3198 te
410 3143 648 3198 maxime
693 3142 793 3196 dea
823 3183 836 3208 ,
883 3158 1005 3213 qua:
1036 3145 1290 3213 p0pulum
1317 3187 1330 3207 ,
1363 3145 1648 3216 ipsumque
1683 3145 1933 3200 Telema-

327 3239 488 3291 chum
536 3235 798 3291 Mentoris
848 3236 1191 3290 simulatione
1222 3236 1462 3291 fallebat.
1507 3237 1777 3293 Instructo
1806 3254 1933 3306 ergo

328 3330 584 3400 remigio,
616 3338 672 3384 et
711 3343 852 3386 nave
895 3328 1124 3384 deducta
1150 3375 1163 3397 ,
1197 3329 1554 3386 Telemachus
1598 3341 1654 3386 et
1695 3332 1931 3388 Minerva

327 3421 395 3477 de
426 3432 586 3493 portu
609 3424 833 3493 vespere
859 3421 1098 3476 instante
1125 3422 1434 3477 solverunt.

746 3576 1006 3633 Periocha
1032 3578 1122 3633 lib.
1154 3593 1214 3634 ιιι
1251 3578 1520 3649 Odyssean

454 3691 563 3742 iam
584 3691 660 3743 sol
678 3691 877 3744 Oceano
902 3693 1116 3743 radiatus
1136 3701 1446 3756 prompserat
1468 3703 1625 3744 ortus.

402 3822 766 3878 Telemachus
793 3821 1075 3877 Nestorem
1103 3821 1171 3876 de
1208 3833 1363 3893 patre
1399 3831 1786 3892 percunctatus
1804 3823 1938 3880 nihil

332 3916 458 3971 novi
505 3915 704 3984 accipit
735 3914 804 3968 ab
841 3913 1162 3985 ignorante:
1210 3931 1397 3970 verum
1445 3916 1585 3971 idem
1634 3932 1801 3972 senex
1853 3933 1941 3974 se-

331 4007 522 4080 quenti
581 4007 670 4061 die
736 4021 860 4060 cum
910 4007 1190 4062 Pisistrato
1231 4007 1371 4077 lilio,
1420 4017 1477 4062 ut
1522 4009 1589 4062 ad
1637 4008 1936 4066 Menelaum

333 4107 560 4169 pergat,
603 4099 874 4152 hortatur.
918 4097 1028 4152 Nec
1069 4113 1219 4152 mora
1247 4141 1259 4163 ,
1304 4101 1446 4154 laeto
1479 4099 1741 4156 consilio:
1781 4113 1940 4157 nocte

333 4191 533 4260 quippe
561 4203 646 4256 ea,
683 4204 803 4259 qua:
824 4198 1114 4245 consecuta
1147 4200 1251 4258 est,
1282 4187 1422 4260 apud
1445 4190 1652 4246 Pheras
1679 4191 1937 4261 oppidum

333 4281 575 4354 hospitio
600 4281 803 4338 Dioclis
849 4283 1086 4350 versati,
1124 4283 1292 4338 altera
1342 4282 1785 4339 Laezedemonem
1819 4299 1939 4355 per-

337 4376 632 4432 vehuntur.

742 4466 997 4522 Periocha
1041 4466 1131 4522 lib.
1169 4482 1220 4522 tv
1270 4466 1538 4538 Odyssew.

461 4581 669 4647 Jamque
681 4581 806 4632 adeo
823 4589 1024 4633 ventum
1051 4581 1220 4632 validae
1241 4581 1302 4630 ad
1324 4580 1686 4632 Lacedmmouis
1705 4594 1862 4632 arces.

406 4707 792 4765 Telemachum
808 4718 866 4765 et
894 4707 1126 4779 quicum
1153 4725 1219 4766 eo
1244 4719 1526 4777 venerunt,
1545 4711 1819 4767 Menelaus
1845 4727 1940 4767 co-

345 4802 507 4858 miter
530 4803 767 4872 hospitio
794 4803 1013 4874 accipit,
1044 4819 1282 4874 saneque
1312 4806 1412 4859 sub
1441 4821 1666 4876 vespera
1697 4807 1942 4878 quidam

337 4895 407 4951 de
433 4894 624 4967 Ulysse
653 4906 1009 4966 cognoscunt.
1045 4895 1143 4952 Die
1171 4912 1302 4952 vero
1333 4899 1502 4952 altera
1527 4906 1696 4954 totum
1729 4901 1948 4968 naviga-

341 4989 504 5045 tionis
532 4989 781 5043 ordinem
810 4988 1090 5044 Menelaus
1119 4991 1394 5058 explanat.
1425 4989 1689 5062 Quodque
1716 4992 1769 5047 in
1801 4992 1944 5062 Ogy-

336 5083 424 5152 gia
453 5082 627 5137 insula
655 5081 939 5151 promissis
967 5093 1022 5138 et
1046 5082 1315 5138 illecebris
1347 5083 1600 5155 nympha:
1621 5081 1946 5156 Calypsonis

346 5173 566 5245 Ulysses
589 5183 898 5228 remoratur
924 5218 938 5240 ,
979 5173 1222 5243 exponit.
1254 5175 1386 5241 Qua:
1415 5175 1636 5243 quidem
1680 5176 1947 5233 Protheus

339 5265 518 5319 eidem
545 5272 863 5319 narraverat
902 5265 971 5320 de
1008 5263 1321 5320 Graecorum
1361 5266 1590 5322 ducibus
1631 5266 1944 5336 requirenti.

339 5355 496 5411 Proci
525 5366 708 5412 autem
736 5366 1022 5428 postquam
1058 5357 1125 5413 de
1157 5357 1345 5413 habitu
1385 5358 1696 5414 Telemachi
1731 5373 1951 5429 eompe-

339 5459 527 5504 rerunt
548 5494 562 5517 ,
595 5450 859 5504 instructa
885 5449 1227 5521 deductaque
1255 5451 1377 5506 navi
1405 5492 1419 5517 ,
1452 5452 1676 5522 viginti,
1705 5453 1794 5523 qni
1824 5467 1948 5509 sese

339 5542 610 5614 legerant,
639 5544 982 5614 navigavere.
1015 5542 1282 5599 Redeunti
1312 5561 1442 5613 ergo
1462 5545 1688 5600 insidias
1717 5545 1946 5601 molien-

341 5644 445 5701 tes,
492 5637 638 5693 circa
670 5636 943 5692 Asteriam
971 5637 1231 5705 insulam,
1266 5654 1386 5708 quae
1418 5637 1654 5694 ltacham
1686 5639 1944 5694 Samum-

343 5744 451 5798 que
475 5731 784 5800 interjaect,
827 5729 1207 5788 delitescentes
1237 5733 1576 5787 occasionem
1623 5733 1827 5789 fraudis
1851 5750 1946 5790 ex-

339 5830 611 5890 spectant.

2029 1888 2343 1957 tigationem
2380 1887 2541 1944 diluit
2589 1903 2802 1944 somno.
2847 1888 2956 1945 Sed
2995 1905 3118 1945 cmn
3164 1884 3320 1961 virgo
3365 1892 3631 1948 Nausicaa

2026 1980 2172 2049 regis
2202 1978 2418 2035 Alcinoi
2461 1979 2645 2035 ludum
2673 1981 2726 2036 in
2757 1989 2879 2036 acta
2907 1996 3028 2035 cum
3065 1983 3365 2052 aequalibus
3409 2000 3634 2040 exerce-

2026 2079 2130 2138 ret,
2155 2084 2348 2125 somno
2378 2071 2647 2127 excitatus
2676 2072 2757 2143 (ut
2779 2083 2896 2128 erat
2916 2072 3116 2146 nudus)
3140 2077 3341 2145 erupit,
3371 2075 3620 2131 foliorum

2026 2165 2563 2237 oppOsitupudenda
2588 2166 2819 2223 velatus.
2851 2167 2916 2222 Et
2953 2183 3076 2222 cmn
3108 2169 3334 2238 supplex
3365 2171 3429 2223 ad
3458 2187 3633 2239 genua

2026 2256 2193 2328 regia:
2215 2256 2442 2328 virginis
2462 2257 2864 2326 advolveretur,
2888 2257 3143 2314 Minerva:
3167 2261 3432 2314 instructu
3464 2263 3634 2316 movit

2030 2350 2466 2406 misericordiam
2498 2351 2813 2415 salutarem.
2839 2351 3232 2422 impositusque
3259 2363 3519 2423 carpento
3538 2395 3553 2419 ,
3583 2362 3638 2408 et

2028 2455 2182 2499 veste
2205 2443 2436 2499 donatus
2460 2459 2630 2515 usque
2659 2444 2728 2498 ad
2759 2443 3017 2512 templum
3041 2444 3313 2510 Minervae,
3339 2445 3485 2515 quod
3509 2457 3635 2502 ante

2031 2535 2220 2590 urbem
2244 2544 2347 2602 est,
2383 2535 2458 2589 ita
2486 2534 2749 2591 suadente
2785 2533 3008 2605 virginis
3047 2535 3253 2605 pudore
3295 2536 3632 2606 provehitur,

2030 2627 2213 2698 ibique
2259 2627 2526 2684 familiare
2573 2627 2678 2682 Sibi
2720 2643 2918 2684 numen
2946 2627 3104 2682 solita
3135 2627 3485 2685 veneratione
3514 2644 3636 2700 pre-

2030 2733 2206 2777 catur.
2609 2773 2629 2788 κ

2432 2790 2687 2846 Periocha
2715 2790 2806 2846 lib.
2850 2807 2923 2846 vtt
2973 2790 3237 2863 Odysscw.

2314 2906 2498 2957 Orabat
2519 2919 2729 2970 superos
2750 2906 2932 2956 dudum
2952 2905 3144 2956 Laertia
3172 2906 3352 2969 proles.

2035 3010 2274 3066 Minerva
2308 3012 2360 3065 in
2391 3011 2582 3081 puellae
2604 3010 2842 3080 speciem
2874 3019 3079 3065 mutata
3111 3010 3358 3082 Ulyssem
3399 3012 3628 3081 primum

2037 3103 2090 3157 in
2131 3103 2411 3174 oppidum,
2450 3120 2576 3159 mox
2613 3103 2667 3159 ιιι
2714 3104 2934 3159 domum
2965 3104 3167 3175 regiam
3192 3105 3363 3161 ducit.
3394 3105 3636 3166 Cumque

1961 3207 2006 3270 ρ
2037 3196 2202 3252 Arete
2235 3211 2370 3252 uxor
2399 3197 2609 3252 Alcinoi
2631 3208 2684 3253 et
2716 3197 2857 3252 unde
2885 3206 3090 3252 vestem
3123 3197 3370 3263 haberet,
3403 3209 3458 3253 et
3484 3203 3638 3268 cujas

2034 3303 2202 3359 esset,
2225 3303 2278 3348 et
2305 3311 2409 3363 qua
2443 3304 2591 3349 sorte
2622 3293 2837 3349 delatus
2863 3309 3116 3350 sermone
3141 3294 3310 3364 ipsius
3336 3295 3636 3364 comperis—

2035 3399 2140 3458 set,
2166 3390 2369 3446 bonum
2395 3391 2637 3447 animum
2668 3391 2872 3448 habere
2887 3391 3096 3463 jussus,
3124 3392 3389 3449 suadente
3413 3409 3636 3465 vespera

2035 3484 2287 3540 concedit
2316 3486 2506 3556 quieti.

2430 3599 2687 3656 Periocha
2717 3600 2810 3654 lib.
2842 3613 2936 3653 vttt
2971 3598 3236 3670 Odyssea.

2164 3715 2271 3766 Jam
2294 3715 2472 3766 cmlum
2494 3714 2663 3765 rutilat
2679 3716 2840 3765 roseis
2861 3714 3050 3764 Aurora
3073 3712 3347 3777 quadrigis.

2115 3824 2374 3880 Alcinous
2425 3821 2786 3893 navigationis
2843 3835 3142 3876 terumnam
3211 3819 3522 3875 summatim
3575 3820 3644 3874 ab

2039 3917 2239 3989 Ulysse
2281 3916 2584 3986 cognoscit.
2630 3913 2842 3970 Exinde
2878 3913 3047 3983 jussis
3094 3913 3424 3982 primoribus
3471 3914 3522 3966 in
3555 3929 3643 3968 cu-

2039 4013 2175 4068 riam
2215 4013 2550 4077 convenire,
2597 4011 2894 4065 adventum
2940 4008 3198 4078 hospitis,
3245 4017 3300 4062 et
3340 4007 3635 4062 infortunia

2040 4103 2264 4158 diutina:
2287 4101 2600 4172 jactationis
2629 4101 2909 4171 eXplanat,
2933 4101 3213 4168 accitoque
3241 4099 3305 4152 ad
3325 4098 3639 4154 convivium

2043 4195 2236 4267 Ulysse
2263 4195 2528 4250 citharam
2558 4194 2712 4264 jubet
2737 4193 2952 4262 pulsare
2979 4178 3366 4254 Demodocnin,
3391 4191 3484 4260 qui
3516 4206 3638 4245 cum

2041 4287 2110 4343 de
2144 4288 2321 4342 Dureo
2345 4302 2522 4356 equo,
2566 4297 2618 4341 et
2659 4286 2730 4340 de
2777 4284 2974 4338 Troico
3007 4293 3248 4337 cantaret
3285 4283 3500 4336 excidio
3524 4324 3539 4347 ,
3570 4283 3645 4334 Ia-

2041 4396 2256 4455 crymas
2304 4379 2482 4451 Ulyssi
2523 4378 2783 4433 memoria
2831 4377 3060 4432 fortuna:
3102 4375 3398 4445 superioris
3432 4373 3637 4430 elicuit.

2045 4473 2365 4541 Quascum
2409 4471 2684 4526 occultare
2736 4469 2927 4525 εριΙιιιο
2975 4477 3305 4530 conaretur,
3355 4474 3449 4518 aut
3481 4465 3640 4518 'vnltu

1963 4589 2017 4651 ι)
2045 4565 2410 4627 dissimulans,
2448 4573 2540 4618 aut
2584 4571 2736 4617 veste
2764 4561 3074 4631 detergens.
3110 4558 3300 4613 oculos
3343 4557 3395 4611 in
3429 4575 3489 4612 sc
3519 4572 3637 4610 om-

2047 4658 2196 4712 nium
2219 4667 2270 4710 et
2296 4656 2532 4710 maxime
2571 4655 2715 4724 regis
2743 4653 2996 4708 advertit.
3027 4651 3164 4706 Tum
3194 4649 3452 4705 Alcinous
3480 4664 3642 4703 causa

2045 4751 2269 4806 ﬂetuum
2313 4749 2550 4819 cognita,
2577 4756 2638 4802 ut
2666 4756 2859 4802 cuncta
2887 4761 2954 4800 ex
2987 4744 3181 4799 ordine
3210 4742 3436 4797 tolerata
3466 4741 3640 4798 disse-

2047 4851 2214 4912 reret,
2243 4842 2474 4914 benigne
2505 4840 2684 4896 omnia
2716 4839 2990 4911 pollicitus
3012 4837 3359 4893 adhortatur.

2455 4951 2714 5007 Periocha
2747 4951 2837 5006 lib.
2874 4966 2925 5005 tx
2963 4950 3228 5019 Odyssew.

2171 5065 2296 5116 Tum
2317 5066 2428 5116 vice
2452 5066 2698 5116 sermonis
2722 5065 2847 5116 fatur
2873 5064 3100 5114 Laertius
3121 5063 3299 5112 Hcros.

2119 5172 2359 5240 Quatuor
2373 5170 2571 5226 isthine
2585 5169 2705 5226 libri
2721 5171 2787 5226 de
2800 5169 3012 5240 Ulyssis
3027 5183 3213 5223 errore
3235 5163 3471 5220 contexti
3495 5171 3640 5218 sunt.

2047 5267 2290 5335 Namque
2321 5264 2390 5318 ab
2419 5264 2648 5318 Alcinoo
2672 5272 2893 5333 rogatus
2920 5262 3118 5317 seriem
3150 5256 3466 5328 multiplicis
3493 5271 3646 5310 erro-

2049 5361 2127 5416 ris
2149 5357 2394 5426 cxponit,
2424 5367 2482 5411 ut
2511 5356 2580 5410 ab
2607 5356 2704 5410 Ilio
2735 5354 3029 5423 prolectus,
3063 5354 3292 5421 primum
3322 5350 3388 5403 ad
3415 5347 3647 5402 Ciconas

2051 5455 2263 5510 delatus
2306 5453 2411 5518 sit,
2442 5462 2606 5520 atque
2651 5449 2762 5504 illic
2803 5457 3104 5518 expugnata
3140 5445 3345 5500 Ismaro
3385 5443 3605 5497 civitate
3630 5481 3644 5505 ,

2051 5547 2237 5603 multis
2269 5544 2488 5599 amissis
2528 5543 2742 5611 fugatus
2771 5538 3137 5596 abscesserit:
3175 5548 3338 5607 utque
3377 5534 3502 5588 inde
3534 5534 3647 5587 Ma-

2053 5640 2190 5696 leam
2216 5639 2465 5694 [προπίω
2489 5635 2919 5708 promontorium
2949 5631 3351 5702 circumegerit,
3377 5645 3438 5683 ac
3453 5626 3652 5682 deinde

2053 5734 2400 5803 Letophzngos
2423 5732 2650 5786 venerit.
2675 5729 2791 5784 Mox
2823 5729 2888 5782 ad
2917 5728 3216 5800 Cyclopum
3251 5725 3502 5791 insulam,
3528 5736 3650 5793 qnzc

2055 5825 2384 5896 LotOphagis
2428 5823 2742 5893 adjacehat,
2792 5836 2913 5876 eum
2949 5835 3052 5875 una
3107 5835 3242 5875 nave
3289 5816 3648 5890 processerit,
