4108 6188
459 272 571 339 950

1846 250 2029 323 ιιιῑειι
2062 247 2341 315 susum:

460 400 635 458 eaque
657 381 851 440 sedqu
875 378 1149 455 occultata
1173 378 1296 453 i959
1320 389 1447 447 sum
1480 369 1780 448 duodecim,
1806 368 1971 426 sociis
1998 367 2054 423 in
2082 369 2139 438 Α,
2161 366 2386 437 ignarus
2431 362 2739 438 exponitur
2761 402 2776 431 ,
2825 355 3149 418 Plrsaacibus
3197 369 3265 415 eo
3315 351 3634 413 dormiente
3681 366 3774 408 re-

461 489 680 536 antrum
715 473 1040 551 Polyphemi
1079 468 1487 553 penetraverit;
1512 466 1608 543 qui
1634 463 1874 549 cruentis
1904 461 2059 535 dapi-

464 572 564 628 bus
593 570 867 640 expletus,
899 580 1033 638 quas
1063 563 1215 620 caede
1243 560 1515 625 sociorum
1545 557 1665 631 ejus
1704 556 2058 618 instruxerat,

464 666 591 720 vino
638 662 804 720 etiam
860 658 1009 730 quod
1066 656 1290 728 Ulysses
1341 653 1646 725 ingesserat
1693 646 2063 725 temulentus,

466 772 593 815 cum
622 756 676 811 in
725 766 976 810 somnum
1025 747 1435 820 procubuisset,
1480 742 1550 799 ab
1599 739 1796 816 Ulysse
1831 740 2065 819 emeatus

476 863 663 923 poenas
692 842 1046 903 immanitatis
1078 839 1328 897 exsolvit.
1788 840 1794 844 ‘
2060 820 2071 837 ¹

900 980 1164 1045 Periocha
1187 977 1277 1036 lib.
1308 985 1343 1034 Κ
1375 974 1637 1047 ϐάψω.

598 1102 805 1155 Eollam
826 1106 1093 1151 ventorum
1114 1097 1307 1159 agimur
1328 1067 1643 1158 patriamque
1660 1088 1975 1151 domumque.

461 1204 473 1215 ’
546 1213 685 1268 Illuc
712 1209 880 1266 refert
900 1206 1136 1263 Eoliam
1160 1217 1220 1259 se
1244 1201 1409 1257 fuisse
1444 1206 1787 1272 pervectum,
1810 1192 2075 1263 donisque

474 1307 733 1364 donatum
766 1301 834 1358 ab
883 1298 1045 1356 Αλὶοιο
1090 1311 1222 1367 rego
1251 1300 1539 1348 ventorum
1565 1332 1581 1358 ,
1615 1278 1709 1358 qui
1740 1294 1794 1342 et
1821 1282 2078 1340 omnibus

475 1399 710 1457 comiter
722 1392 983 1466 praebitis,
1004 1405 1110 1462 quo
1123 1385 1367 1444 securior
1388 1383 1690 1453 navigaret,
1708 1386 1900 1434 ventos
1913 1376 2078 1432 etiam

477 1494 692 1552 dederit
734 1498 856 1545 utre
887 1484 1197 1542 conclusos.
1236 1477 1410 1548 thue
1437 1489 1559 1551 cum
1588 1473 1707 1544 jam-
1730 1469 1929 1524 Ithaca:
1956 1481 2083 1539 prce

478 1590 745 1661 pinquat‘,
790 1588 847 1638 et
892 1574 1214 1660 refusussit
1255 1573 1307 1626 in
1337 1583 1592 1641 soporem
1618 1613 1633 1637 ,
1685 1564 1929 1634 sociique
1963 1561 2081 1631 ejus

481 1655 618 1750 opes
647 1677 859 1746 aliquas
898 1670 953 1726 in
996 1655 1327 1726 lora—inesse
1361 1662 1737 1720 existimantes
1779 1655 2084 1717 dormiente

485 1746 607 1844 ipso
625 1767 841 1825 vincula
867 1761 1243 1827 dissolverint,
1268 1756 1623 1824 adversisque
1638 1750 1856 1811 ﬂatibus
1876 1748 1945 1807 ab
1965 1746 2080 1818 ipsa
2111 1757 2160 1827 Β

489 1841 664 1935 patria
689 1862 800 1930 jam
838 1858 947 1914 sint
968 1853 1143 1910 relati.
1175 1851 1303 1908 lnde
1334 1859 1391 1906 ut
1411 1846 1766 1916 Antiphatem
1780 1841 2086 1913 Lmstrygo.

487 1932 695 2026 nasque
725 1950 954 2007 delatus
999 1947 1093 2001 sit.
1140 1943 1217 2001 Ibi
1265 1940 1483 2001 amissis
1509 1953 1613 1995 una
1658 1935 1841 1993 minus
1872 1932 2089 2001 ueteris

487 2024 717 2106 navibus
744 2042 996 2103 Circeum
1036 2040 1188 2096 littus
1232 2032 1570 2107 accesserit,
1608 2028 1798 2100 ibique
1820 2024 2089 2085 veneﬁcio

485 2140 728 2214 potentis
753 2137 872 2194 deae
901 2120 1276 2206 Eurylochus,
1310 2138 1365 2185 et
1395 2124 1665 2198 praemissi
1702 2137 1825 2181 cum
1857 2135 1926 2177 eo
1955 2119 2091 2187 socii

491 2213 549 2292 in
572 2232 812 2290 ferarum
836 2243 933 2284 ora
958 2222 1207 2283 conversi
1226 2222 1372 2279 sint:
1399 2221 1517 2289 ipse
1537 2218 1707 2273 etiam
1734 2213 1938 2282 similia
1965 2226 2091 2283 pas.

493 2341 656 2385 surus
676 2321 945 2380 Mercurio
974 2327 1303 2391 procurante
1330 2312 1606 2378 vitaverit,
1632 2299 1976 2378 crateresque
2000 2319 2092 2362 ως

492 2422 611 2478 cios
627 2418 695 2476 ad
713 2407 952 2491 speciem
976 2412 1260 2484 pristinam
1284 2405 1454 2477 redigi
1482 2403 1701 2464 virtutis
1725 2400 2093 2461 admiratione

492 2512 840 2584 compulerit.

920 2597 1179 2656 Periocha
1199 2598 1290 2653 lib.
1314 2609 1370 2651 ιι
1395 2592 1660 2665 Odyssean

626 2724 692 2774 At
712 2728 966 2787 postquam
989 2722 1195 2770 ventum
1214 2713 1273 2764 ad
1290 2724 1445 2767 naves
1464 2719 1515 2763 et
1532 2710 1696 2791 littora
1717 2709 1871 2776 ponti.

571 2833 856 2903 Digressus
887 2825 1101 2883 aCirce
1145 2826 1418 2883 Avernum
1473 2818 1757 2901 pervenit,
1805 2815 1896 2887 qui
1945 2814 2131 2870 locus-

499 2928 798 2986 dcscensus
824 2922 892 2977 ad
918 2921 1101 2976 Manes
1129 2915 1494 2973 existimatur.
1525 2912 1604 2966 lbi
1634 2907 1806 2966 sacris
1828 2909 1934 2964 rite
1973 2921 2099 2977 per-

496 3020 655 3076 fectis
683 3016 934 3074 scrobem
965 3010 1203 3082 complet
1225 3005 1491 3077 sanguine
1510 3002 1878 3069 victimarum,
1908 3008 1965 3055 et
1992 2999 2096 3055 eir-

2163 458 2497 525 lucentibus.

2247 626 2257 631 ’
2420 622 2429 627 ι
2568 550 2828 613 Periocha
2856 548 2953 619 tib.
2975 562 3065 603 λιν
3091 544 3357 618 Odyssean

2294 664 2559 729 Egreditur
2577 668 2721 727 portu
2749 661 2921 713 tenuis
2936 670 3040 723 quo
3052 657 3233 709 semita
3252 655 3412 709 ducit.

2238 770 2445 827 Somno
2469 776 2820 842 experrectus
2845 766 3075 840 Ulysses
3099 771 3313 839 portum
3337 761 3561 818 etlittus
3575 759 3777 831 patria:

2062 928 2067 933 ,
2170 878 2277 920 non
2306 862 2428 919 sine
2454 862 2623 933 ξιιιίιηὶ
2642 860 3086 917 consternatione
3103 855 3409 928 cognoscit,
3443 854 3782 911 admiratur-

2172 970 2286 1028 que
2300 936 2649 1038 utadvectus,
2674 964 2734 1011 ut
2757 948 3378 1029 expositus,utrelictus
3403 947 3781 1013 sit,utcnncta

2171 1049 2433 1104 nesciret.
2463 1046 2713 1118 Requirit
2740 1048 2991 1101 universa
3019 1042 3287 1097 donorum
3317 1054 3465 1110 :qure
3487 1047 3781 1108 postquam

2175 1141 2467 1197 incolumia
2503 1139 2692 1207 videt,
2745 1151 2907 1210 quam
2956 1143 3140 1207 potest
3185 1133 3456 1209 tutissime
3497 1130 3781 1209 occultat;

2176 1233 2529 1305 consiliisque
2555 1248 2584 1287 a
2614 1233 2882 1309 ,ltlinerva
2907 1229 3264 1287 confirmatus
3281 1227 3349 1283 ad
3372 1242 3591 1284 servum
3615 1239 3787 1280 suum

2175 1329 2454 1384 Eumzcum
2483 1325 2769 1382 subulcom
2817 1323 3105 1379 simulatus
3161 1320 3391 1389 accedit,
3424 1317 3675 1389 naufragi
3726 1324 3783 1373 et

2181 1420 2541 1478 mendicantis
2573 1419 2806 1475 imitatu.
2833 1417 3204 1489 interrogatus
3232 1412 3430 1470 deinde
3459 1412 3580 1483 quis
3611 1420 3786 1481 esset,

2181 1516 2257 1570 ait
2282 1531 2343 1571 se
2367 1529 2489 1571 esse
2513 1512 2803 1569 Cresium:
2841 1511 2897 1566 in
2920 1509 3231 1581 .Egyptum‘
3257 1505 3603 1578 navigantem
3641 1503 3786 1559 Tro-

2179 1608 2293 1678 ]am
2323 1607 2488 1663 fuisse
2524 1605 2787 1680 delatum.
2819 1602 3460 1680 Eumaeumetiamcum
3492 1594 3793 1651 affectione

2186 1701 2535 1758 nimstissima
2567 1677 2823 1770 pergens,
2853 1707 2910 1752 et
2939 1674 3170 1765 cogente
3208 1691 3441 1763 denique
3481 1703 3715 1760 vespere
3738 1697 3797 1744 et

2190 1794 2363 1850 imbre
2392 1792 2675 1857 continuo,
2692 1789 2881 1859 sagulo
2900 1786 3180 1842 amicitur:
3198 1792 3362 1855 atque
3388 1782 3590 1839 ibidem
3611 1780 3781 1837 multa

2189 1902 2375 1945 secum
2408 1885 2654 1951 volvens,
2688 1881 2907 1939 tandem
2926 1879 3176 1936 concedit
3196 1878 3388 1950 quieti.

2581 2017 2842 2076 Periocha
2878 2016 2972 2072 lib.
3014 2031 3085 2071 xv
3124 2014 3391 2086 Odysseaz.

2407 2135 2481 2187 Ad
2502 2132 2899 2186 Lacedaemonias
2919 2138 3056 2207 artes
3075 2129 3299 2182 Tritonia
3323 2127 3503 2178 Pallas.

2262 2241 2625 2301 Telemachus
2647 2255 2678 2295 a
2709 2239 2946 2296 Minerva
2976 2254 3075 2311 per
3095 2237 3367 2295 somnium
3391 2240 3797 2302 commonetur,

2192 2337 2418 2403 domum
2445 2342 2506 2393 ut
2535 2333 2741 2395 rediret
2779 2348 2795 2399 ς
2830 2334 3154 2402 ιηιδιιιιοίιιιθ
3194 2330 3474 2399 digressus
3508 2327 3725 2393 cubili,
3765 2340 3796 2381 a

2195 2429 2438 2501 Menelao
2458 2426 2678 2491 veniant
2702 2416 3037 2487 reve‘rSionis
3057 2428 3271 2481 exorat.
3306 2420 3421 2488 Qua
3448 2418 3803 2475 comiter-imo

2195 2532 2431 2606 peltata.
2462 2520 2766 2591 regreditur
2798 2519 2866 2579 ad
2895 2533 3087 2583 navem
3114 2518 3168 2582 in
3193 2516 3362 2573 Porto
3390 2512 3546 2585 Pylio
3573 2527 3803 2574 manen-

2196 2626 2306 2679 tem
2323 2633 2338 2682 ;
2358 2614 2756 2684 Pisistratoque
2769 2610 2838 2677 ad
2854 2610 3219 2680 urbematque
3230 2607 3299 2664 ad
3313 2606 3550 2678 patriam
3571 2605 3804 2672 emisso,

2195 2711 2317 2789 ipse
2342 2722 2578 2780 propere
2599 2705 2768 2771 solvit
2794 2719 2829 2763 e
2855 2704 3069 2771 littore,
3098 2704 3302 2765 comite
3325 2696 3698 2783 navigationis
3713 2711 3807 2753 as-

2197 2780 2434 2875 sumpto,
2460 2800 2869 2872 Theoclymeno
2894 2807 3021 2860 vate
3043 2796 3246 2867 Argivo
3271 2837 3287 2859 .
3329 2808 3440 2851 uno
3464 2807 3532 2853 es
3562 2780 3635 2850 iis
3662 2804 3807 2862 quos

2199 2899 2502 2967 Melampus
2529 2891 2890 2962 Amythaonis
2918 2890 3179 2947 erudivit.
3226 2886 3533 2959 Vitatisque
3574 2882 3805 2941 insidia-

2200 2991 2409 3055 toribus
2440 2988 2644 3066 procis,
2671 2984 2961 3048 advehitur
2989 2984 3044 3043 in
3063 2982 3296 3055 patriam
3328 2998 3345 3036 :
3372 2988 3430 3037 et
3478 2976 3638 3039 sociis
3672 2975 3801 3044 qui-

498 3105 990 3167 cumvolitantibus
1047 3067 1356 3155 animabus“
1386 3094 1593 3151 nullam
1655 3091 1784 3149 sinit
1846 3067 2096 3145 haustum
2126 3137 2171 3167 η
2202 3085 2326 3147 dem
2352 3092 2567 3154 portum
2591 3088 2775 3151 petere
2801 3077 2994 3150 jussis,
3045 3077 3163 3145 ipse
3206 3074 3438 3133 adverso
3489 3068 3683 3129 itinere
3727 3067 3801 3125 ad

499 3200 712 3259 cruoris
739 3195 1033 3264 attingere,
1061 3190 1189 3254 nisi,
1223 3197 1280 3241 ut
1305 3188 1462 3242 Circe
1490 3174 1802 3249 monuerat,
1829 3184 1979 3252 prius
2004 3179 2099 3234 Ti-

499 3292 674 3348 resias
696 3296 849 3344 vates
894 3282 1020 3339 inde
1048 3280 1310 3337 libasset:
1355 3276 1434 3333 ibi
1458 3287 1512 3333 et
1541 3270 1795 3330 hei-cidae
1836 3271 2099 3343 plurimas

445 3382 453 3389 “
502 3381 671 3438 videt.
701 3378 942 3447 Quarum
970 3374 1446 3431 enumerationem
1476 3369 1643 3426 multa
1673 3375 1915 3424 veterqu
1947 3365 2101 3422 fabu-

502 3478 679 3533 larum
710 3481 999 3530 venustate
1029 3466 1328 3526 contexuit.

917 3625 1173 3683 Periocha
1203 3623 1297 3701 tif).
1328 3637 1402 3678 xu
1432 3621 1701 3699 Odyssea.

601 3750 809 3813 Jamque
834 3745 958 3797 adeo
976 3743 1163 3795 Oceani
1185 3740 1397 3805 liquidos
1413 3739 1545 3811 pede
1566 3738 1784 3813 liquerat
1805 3745 1998 3791 amnes.

579 3853 887 3932 Compertis
917 3866 948 3909 a
979 3849 1189 3906 Tiresia
1218 3855 1367 3915 vate,
1398 3859 1520 3919 quae
1542 3842 1785 3919 oportuit
1807 3840 1987 3928 scire,
2017 3853 2107 3905 re-

509 3948 754 4025 greditur
783 3945 853 4003 ad
872 3942 1092 4011 Circen,
1125 3940 1195 3995 ab
1221 3954 1395 4013 eaque
1417 3945 1476 4005 ut
1499 3936 1677 4003 evitet
1698 3934 1838 4005 mala
1868 3941 2106 4015 caetera,

506 4040 734 4105 docetur
766 4055 780 4095 :
804 4044 865 4091 ut
894 4034 1132 4106 Syrenas
1158 4037 1472 4111 praetereat,
1496 4025 1714 4091 letalem
1740 4024 2105 4096 navigantium

509 4133 861 4197 cantilenam,
893 4138 953 4184 ut
977 4125 1218 4202 Scyllam
1247 4120 1679 4194 praalervehatur
1701 4128 1759 4185 et
1795 4116 2107 4201 Charybdi?

514 4225 641 4280 freti
666 4222 833 4280 Siculi
863 4219 1072 4276 famosa
1094 4224 1385 4289 portenta:
1425 4212 1621 4286 quibus
1655 4210 1814 4288 malis
1847 4224 1956 4277 non
1990 4210 2109 4279 sine

401 4357 412 4366 .
510 4316 664 4389 gravi
695 4315 1048 4399 perpessione
1086 4308 1357 4381 superatis
1395 4305 1733 4370 Trinacriam
1771 4302 2107 4385 pervehitur.

514 4408 620 4468 Ubi
646 4395 973 4467 incustodita
1007 4402 1147 4463 Solis
1187 4409 1434 4458 armenta
1458 4441 1477 4469 ,ι
1531 4398 1730 4456 frustra
1783 4395 2111 4475 prohibente

512 4501 652 4573 ipso,
678 4498 860 4556 caeteri
892 4496 1026 4552 socii
1055 4495 1278 4566 penuria
1295 4502 1527 4566 cogente
1552 4488 1841 4555 dilaniant,
1860 4486 2105 4561 dirisque

515 4590 775 4669 prodigiis
814 4589 1052 4647 admissa
1114 4588 1276 4643 boum
1336 4584 1486 4641 (atde
1528 4590 1824 4647 terrentur.
1875 4580 1948 4639 At
1981 4595 2104 4639 mox

515 4683 642 4739 inde
669 4682 987 4754 navigantes
1011 4680 1236 4737 fulmine
1258 4678 1326 4734 ad
1353 4692 1521 4736 unum
1553 4690 1745 4743 omnes
1792 4674 2108 4743 intereunt,

513 4782 743 4846 excepto
773 4775 971 4847 Ulyssc
997 4774 1090 4847 qui
1118 4773 1426 4845 fragmento
1470 4769 1672 4833 carina:
1704 4768 2019 4841 cohaerens,
2055 4776 2113 4831 et

515 4866 846 4925 adminiculo
875 4866 994 4937 ejus
1026 4865 1246 4934 adjutus
1293 4864 1362 4919 ad
1392 4861 1650 4943 Ogygiam
1684 4861 1916 4918 insulam
1962 4861 2111 4917 solus

512 4964 718 5022 enavit.
1201 5018 1209 5025 ,

909 5056 1173 5113 Periocha
1194 5056 1283 5112 lib.
1313 5072 1409 5112 xm
1441 5055 1707 5128 Odyssea.

640 5174 937 5227 Conticuere
961 5185 1153 5233 omnes,
1179 5173 1461 5236 intentique
1478 5184 1562 5222 ora
1586 5171 1843 5222 tenebant.

591 5303 875 5369 Euarratis
905 5302 1162 5365 omnibus
1188 5318 1311 5374 qua:
1338 5301 1394 5363 in
1422 5301 1709 5374 multiplici
1757 5315 1942 5365 errore
1987 5315 2113 5373 per-

542 5396 741 5464 ulerat,
773 5410 803 5451 a
826 5396 1162 5473 principibus
1182 5394 1449 5459 Phreacize
1469 5394 1602 5452 viris
1622 5437 1638 5462 ,
1662 5391 1822 5451 donis
1863 5393 2113 5464 plurimis

513 5492 854 5559 honoratur,
885 5504 918 5544 a
946 5489 1147 5560 quibus.
1173 5487 1403 5560 remigio
1432 5495 1488 5551 et
1508 5485 1832 5550 necessariis
1860 5485 2117 5551 omnibus

517 5586 671 5645 navis
710 5585 1041 5643 instruitur:
1073 5584 1467 5656 dormiensque
1495 5582 1553 5641 in
1580 5581 1821 5645 ltbacatn
1842 5580 2118 5653 quietissi-

525 5690 615 5733 ma
628 5676 1017 5750 navigatione,
1044 5676 1355 5733 devehitur.
1380 5675 1560 5749 Atque
1584 5674 1695 5732 illic
1727 5674 1783 5732 in
1824 5682 1981 5746 portu
2018 5689 2118 5744 pa-

535 5768 644 5836 trio
671 5780 794 5831 cum
820 5768 1137 5833 muneribus
1156 5768 1424 5826 universis
1463 5768 1752 5839 quiescens
1789 5773 1848 5823 et
1880 5764 2120 5833 omnium

2126 3137 2175 3211 ς
2202 3137 2843 3251 inhumanae
2874 3137 3257 3243 proficiscitur.

2586 3320 2591 3335 τ
2618 3309 2877 3366 Periocha
2906 3308 2996 3365 lib.
3018 3325 3111 3366 xvi
3134 3307 3421 3381 Odyssem.‘

2275 3475 2281 3481 .
2335 3427 2606 3479 Commune
2625 3425 2859 3476 Eumaeus
2877 3423 3067 3489 mapale
3093 3432 3146 3475 et
3166 3423 3309 3473 divus
3333 3421 3556 3486 Ulysses.

2274 3533 2640 3592 Telemachus
2688 3531 2969 3593 Summum
3018 3530 3265 3586 nuntium
3307 3526 3516 3584 reditus
3544 3524 3713 3580 mittit
3740 3521 3807 3579 ad

2206 3640 2441 3688 matrem
2472 3646 2487 3683 :
2517 3629 2661 3700 ipse,
2688 3627 2927 3687 Minerva
2968 3626 3041 3683 ita
3067 3623 3323 3689 volente,
3359 3630 3569 3692 patrem
3602 3632 3810 3689 cogito.

2206 3725 2333 3797 scit,
2366 3732 2421 3779 et
2453 3737 2575 3779 cum
2606 3736 2673 3777 eo
2699 3719 2959 3795 deinceps
2989 3717 3198 3791 agenda
3219 3715 3478 3795 disponit.
3518 3712 3798 3782 Penelope

2206 3824 2411 3881 autem,
2433 3812 2652 3884 cognito
2669 3811 2847 3866 reditu
2871 3809 2975 3864 filii
2993 3851 3007 3874 ,
3036 3808 3091 3863 in
3120 3814 3446 3880 conventum
3474 3818 3770 3880 procorum
3789 3846 3803 3869 ,

2208 3921 2312 3977 qua
2358 3902 2691 3960 verecundia
2739 3898 3286 3971 sinebat,egreditur
3332 3914 3345 3951 :
3398 3895 3806 3968 increpatisque

2207 3997 2614 4059 insidiatoribus
2647 3995 2786 4071 filii,
2818 4009 2923 4050 non
2947 3994 3125 4049 minus
3150 3993 3294 4049 irata
3316 4005 3479 4071 quam
3509 3997 3706 4047 maesta
3731 3988 3812 4044 di-

2208 4092 2404 4149 scedit.
2585 4159 2847 4215 Periocha
2885 4159 2976 4213 h‘b.
3012 4172 3120 4214 xvii
3152 4157 3421 4229 Odyssea.

2346 4274 2455 4325 Jam
2481 4272 2662 4325 caelum
2686 4274 2847 4324 roseis
2864 4270 3035 4323 rutilat
3055 4270 3275 4323 Tritonia
3295 4271 3443 4333 bigis.

2281 4377 2643 4436 Telemachus
2666 4376 2847 4439 anxiae
2870 4376 3027 4453 matri
3056 4376 3311 4437 ordinem
3344 4374 3809 4448 peregrinationis

2213 4481 2454 4529 enarrat.
2490 4469 2719 4541 Ulysses
2763 4469 2831 4524 ad
2857 4467 3117 4538 oppidum
3141 4508 3156 4533 ,
3190 4468 3416 4523 Eummo
3454 4467 3764 4555 opitulante
3793 4505 3809 4530 .

2211 4566 2546 4641 perducitur.
2567 4561 2865 4619 Domumin
2889 4575 2993 4633 qua
3025 4562 3175 4633 proci
3203 4561 3567 4632 epulabantur
3598 4560 3814 4630 ingres-

2213 4678 2328 4730 sus,
2363 4658 2851 4717 emendicatcibos
2895 4655 3285 4715 miserabiliter
3324 4652 3640 4710 ambiendo.
3683 4652 3815 4708 Inde

2212 4754 2283 4811 ab
2309 4748 2840 4820 Antinooinjuriose
2875 4746 3132 4802 afﬁcitur.
3181 4746 3280 4805 Cui
3327 4744 3607 4815 Penelope
3656 4744 3817 4800 Diras

2212 4845 2286 4905 ob
2312 4844 2668 4903 inhumanum
2696 4840 2905 4899 facinus
2925 4840 3280 4911 imprecatur,
3296 4854 3329 4894 a
3355 4853 3459 4911 qua
3482 4838 3687 4894 missus
3710 4836 3820 4892 Eu-

2216 4955 2386 5003 maeus
2414 4949 2523 5004 est,
2549 4946 2611 4994 ut
2643 4936 2845 5008 hospes
2870 4936 2890 5008 (
2914 4934 2993 4991 sic
3020 4933 3168 4989 enim
3196 4948 3261 4989 se
3296 4932 3503 4988 terebat
3529 4929 3551 5001 )
3581 4930 3649 4986 ad
3694 4944 3819 4985 eam

2215 5040 2624 5109 provocaretur.
2652 5029 2811 5099 Quod
2852 5036 2969 5085 tum
3005 5027 3224 5099 quidem
3276 5027 3539 5082 invitatus
3583 5024 3821 5095 gratiam

2213 5130 2365 5197 facit,
2395 5127 2492 5185 sed
2522 5133 2811 5183 venturum
2837 5137 2962 5183 sese
2989 5121 3057 5177 ad
3077 5134 3365 5192 vesperam
3393 5117 3713 5191 pollicetur.

2580 5264 2837 5321 Periocha
2869 5261 2958 5317 lib.
2991 5276 3129 5319 xvtn
3163 5260 3433 5335 Odgssew.

2341 5384 2453 5437 Irus
2474 5382 2616 5435 adest
2631 5376 2794 5445 pepuli
2819 5388 2909 5443 per
2927 5373 3273 5433 mendicabula
3287 5378 3455 5427 notus.

2288 5488 2634 5551 Mendicante
2653 5485 2794 5541 intra
2818 5482 3080 5555 proprios
3099 5481 3243 5538 lares
3268 5480 3484 5554 Ulysse.
3510 5480 3653 5539 alios
3676 5494 3817 5551 quo-

2219 5597 2323 5655 que
2349 5581 2467 5652 pari
2494 5586 2741 5651 egestate
2764 5575 2882 5636 Irus
2905 5576 3137 5633 accessit
3171 5573 3455 5646 popularis
3486 5573 3816 5638 Ithacesius,

2221 5675 2396 5746 stipes
2423 5672 2478 5730 in
2503 5670 2681 5735 triviis
2710 5668 2905 5726 solitus
2931 5682 3147 5738 rogare.
3179 5665 3425 5738 iurgium
3456 5679 3589 5737 ergo
3617 5664 3823 5736 inopia

2237 5764 2543 5827 communis
2571 5760 2914 5823 amulatione
2941 5759 3252 5819 conseritur
3276 5803 3290 5831 ,
3338 5756 3484 5832 quod
3521 5771 3593 5815 es
3635 5754 3819 5817 verbis
