4108 6188
346 332 452 391 957

1391 324 1765 388 reuincam
1802 324 1875 384 IN
1912 324 2178 385 ﬂOﬂERl
2213 323 2601 387 ODYSSEAI.

3541 326 3648 391 958

352 456 629 530 processit
661 455 735 513 ad
758 470 993 525 manus,
1027 454 1379 513 hortantibus
1407 454 1599 525 procis
1632 468 1747 526 quo
1767 453 1959 534 magis
1981 456 2033 518 Α
2059 452 2279 524 basque
2317 452 2541 509 foribus
2584 451 2846 521 oeehtsis,
2875 466 2949 509 ne
2984 465 3093 525 qua
3126 457 3341 523 pateret
3378 449 3655 522 cEugium,

349 553 471 608 rixa
502 550 856 607 crudesceret
880 550 1271 620 propositoque
1312 547 1537 619 praemio
1562 546 1774 617 caprini
1819 561 1949 601 ven-

348 646 448 701 tris
475 651 720 700 omento.
755 641 946 698 Victor
976 641 1141 713 igitur
1172 640 1398 713 Ulysses
1438 641 1773 696 seminecem
1802 639 1950 705 lrum

347 746 501 794 extra
531 737 755 809 januam
787 735 1007 806 projicit
1030 776 1046 803 ,
1098 734 1333 789 ridicula
1380 733 1767 790 adhortatione
1795 748 1949 789 com-

348 830 582 899 pellans.
615 826 893 898 Penelope
935 827 1098 881 etiam
1138 841 1367 885 munera
1406 825 1515 895 sibi
1556 842 1587 882 a
1635 826 1820 901 procis
1845 842 1947 898 pro

349 921 546 991 opibus
591 919 860 990 cujusque
910 917 1153 974 cenferri
1182 959 1198 986 ,
1244 918 1581 990 singulorum
1622 918 1801 974 studia
1849 933 1948 974 ex-

352 1015 574 1084 periens
599 1010 848 1083 deposcit
877 1019 1045 1082 :qute
1062 1019 1277 1067 mature
1303 1019 1493 1083 utpote
1532 1026 1565 1067 a
1594 1009 1945 1083 cupientibus

345 1105 673 1162 oll‘cruntur.

732 1196 1000 1253 Periocha
1032 1196 1122 1252 lib.
1149 1212 1242 1252 nx
1278 1196 1545 1268 Odysseaz.

469 1312 535 1362 At
561 1316 701 1383 parte
722 1310 966 1360 interiore
988 1308 1163 1360 domus
1183 1314 1411 1361 secretus
1433 1309 1649 1375 Ulysses.

417 1417 647 1489 UlyaSCS
679 1430 809 1481 cum
847 1415 1180 1475 Telemacho
1228 1431 1382 1473 arma
1434 1417 1616 1473 omnia
1664 1416 1733 1473 de
1761 1416 1941 1479 medio

343 1510 700 1575 amoliuntur,
727 1507 910 1587 procis
939 1508 1243 1581 perniciem
1268 1501 1688 1580 comparantes,
1723 1509 1941 1580 nequid

342 1611 435 1657 aut
465 1600 792 1656 munimenti
822 1641 838 1665 ,
882 1588 981 1671 aut
1009 1601 1102 1657 teli
1130 1601 1567 1674 relinqueretur,
1595 1603 1703 1675 qui
1735 1603 1822 1663 vel
1850 1618 1939 1665 ca-

345 1709 474 1750 vere
494 1694 626 1761 vim,
658 1694 746 1749 vel
777 1692 987 1750 inferre
1011 1702 1236 1765 possent
1281 1713 1293 1746 :
1342 1694 1411 1750 ad
1459 1694 1770 1767 Penelopen
1812 1696 1941 1752 inde

340 1787 519 1841 accitu
548 1787 721 1857 ipsius
747 1787 945 1858 pergit,
977 1786 1183 1858 ibique,
1216 1797 1274 1842 ut
1298 1786 1525 1845 Eummo
1548 1788 1786 1856 dixerat,
1808 1786 1939 1851 Cre-

342 1890 552 1937 tensem
580 1895 643 1936 se
659 1895 786 1936 esse
817 1880 1105 1948 mentitur,
1141 1879 1506 1955 Ulyssemque
1530 1884 1675 1954 apud
1713 1898 1775 1939 se
1803 1883 1935 1942 bos-

338 1972 475 2043 pitio
500 1971 839 2027 diversatum
860 1971 1320 2033 comminiscitur.
1368 1972 1491 2030 Mox
1522 1988 1648 2037 eum
1676 1973 1939 2048 Euryclia

337 2066 454 2136 ejus
481 2066 661 2121 nutrix
685 2063 976 2136 hospitalis
1002 2066 1171 2121 officii
1203 2081 1368 2123 causa
1410 2068 1580 2138 pedes
1622 2069 1743 2139 ejus
1787 2072 1938 2131 elue-

336 2169 439 2230 ret,
476 2168 623 2215 tactu
645 2174 841 2229 manus
866 2159 1259 2229 animadvertit
1279 2162 1613 2231 cicatricem,
1643 2179 1806 2233 quam
1839 2164 1937 2231 ha-

334 2256 497 2310 bebat
521 2270 593 2311 ex
626 2254 857 2310 vulnere
884 2254 939 2319 in
972 2254 1251 2311 Parnasso
1290 2258 1565 2328 quondam
1606 2259 1722 2315 suis
1767 2259 1935 2322 dente

334 2362 653 2420 percussus.
710 2348 834 2419 Quo
880 2358 1208 2421 argumento
1259 2349 1539 2427 alumnum
1589 2369 1749 2418 suum
1808 2369 1935 2419 esse

332 2443 600 2511 agnoscit,
630 2443 730 2507 sed
749 2442 821 2497 ab
847 2442 1065 2514 eodem,
1089 2457 1161 2499 ne
1186 2442 1319 2519 quid
1360 2442 1503 2500 ultra
1544 2445 1636 2502 vel
1680 2456 1887 2517 qumrat
1909 2488 1930 2518 ,

331 2535 418 2605 vel
447 2536 675 2609 tuost.
703 2545 1016 2601 coercetur.

744 2671 1004 2729 Perioclta
1026 2673 1119 2730 lib.
1147 2690 1216 2731 xx
1242 2675 1506 2763 Odyssean

453 2789 661 2853 Jamque
686 2803 860 2855 procos
874 2805 1037 2857 genua
1059 2792 1366 2859 amplectens
1381 2795 1553 2846 orabat
1574 2795 1799 2861 Ulysses.

404 2892 767 2963 Epulantibus
806 2895 986 2966 procis
1025 2894 1325 2976 Eresippus
1382 2899 1436 2953 in
1495 2897 1751 2972 Ulyssem
1799 2918 1929 2965 erus

329 2988 592 3045 bubulum
616 2990 773 3059 jaeit,
799 2990 901 3047 sed
918 2989 1291 3049 destinatione
1320 3007 1429 3047 non
1474 2995 1702 3064 potitur.
1743 2996 1929 3053 Theo-

327 3084 610 3154 clymenus
637 3094 817 3139 autem
842 3084 984 3155 apud
1028 3083 1345 3149 Ithacenses
1371 3131 1387 3155 ,
1440 3080 1797 3157 divinationis
1834 3105 1929 3149 ex-

330 3185 515 3247 pertus
536 3217 552 3244 ,
580 3176 875 3235 imminens
908 3177 1089 3246 procis
1124 3178 1453 3234 vaticinatur
1488 3182 1737 3237 exitium.
1768 3182 1918 3251 Quo-

326 3284 446 3323 rum
479 3270 650 3325 multa
674 3270 1020 3333 cavillatione
1041 3270 1279 3342 derisus,
1299 3287 1488 3337 mensa
1509 3283 1564 3331 et
1590 3275 1754 3332 domo
1777 3285 1918 3333 tam-

324 3378 486 3434 quam
514 3362 753 3420 furiosus
778 3364 1106 3425 excluditur.

722 3500 976 3561 Periocha
1005 3502 1096 3558 tib.
1131 3518 1221 3557 xxr
1250 3502 1512 3577 Odyssew.

445 3619 539 3670 Hic
562 3626 782 3670 mentem
802 3618 943 3670 dedit
964 3619 1130 3671 Icariae
1152 3582 1373 3670 Tritonia
1397 3620 1576 3672 Pallas.

391 3723 618 3796 Ulysses
641 3722 862 3786 Eumao
883 3731 938 3789 et
961 3722 1235 3791 Philistio,
1249 3722 1375 3787 ﬁdei
1389 3738 1581 3780 eorum
1601 3724 1914 3784 industria:-

317 3833 425 3888 que
480 3817 755 3883 οοιιῆςιις,
810 3817 899 3889 qui
936 3816 1007 3871 sit
1049 3817 1273 3872 revelat.
1320 3817 1389 3885 Et
1432 3827 1724 3899 postquam
1770 3818 1913 3879 facta

317 3909 563 3980 cognitio
588 3918 694 3975 est,
722 3912 931 3972 caedem
968 3924 1264 3979 procorum
1297 3924 1398 3978 pro
1432 3918 1681 3981 tempore
1720 3910 1912 3967 instrui

318 4002 515 4073 placet.
539 4001 687 4071 Quos
703 4001 922 4075 Ulysses
938 4010 1061 4056 astu
1084 4001 1419 4079 aggreditur,
1458 4011 1516 4067 ut
1559 3992 1735 4073 ipsum
1778 4020 1914 4079 quo,-

316 4111 422 4167 que
459 4094 793 4159 intendendo
816 4110 1009 4157 arcum
1054 4093 1202 4153 vires
1239 4095 1441 4159 seniles
1478 4094 1770 4167 explorare
1817 4112 1915 4167 pa-

313 4189 537 4257 tiantur,
574 4203 736 4258 quem
768 4187 861 4251 uni
889 4186 1163 4259 quondam
1187 4185 1371 4261 Ulyssi
1409 4186 1653 4255 facilem,
1697 4188 1746 4243 si
1788 4188 1910 4258 quis

313 4283 645 4351 intenderet,
678 4281 969 4339 habiturus
988 4290 1138 4343 esset
1164 4282 1471 4352 pra-mium,
1490 4282 1582 4349 jus
1605 4280 1911 4353 Penelopes

313 4376 645 4446 nuptiarum.
680 4373 787 4431 Sed
811 4372 1234 4444 prohibentibus
1262 4372 1444 4445 procis
1468 4387 1538 4428 ne
1560 4372 1612 4428 id
1642 4374 1909 4439 ridiculus

310 4476 369 4523 et
396 4467 683 4523 mendicus
712 4466 974 4534 auderet,
1004 4465 1148 4534 quod
1170 4466 1372 4525 frustra
1393 4464 1660 4535 juventus
1690 4476 1800 4527 tam
1827 4467 1905 4531 le-

309 4568 395 4614 cta
419 4567 706 4626 tentasset,
732 4557 824 4619 dat
848 4557 1205 4614 Telemachus
1228 4556 1409 4629 Ulyssi
1426 4557 1902 4625 casterisabnuen-

309 4650 457 4707 tibus
477 4650 791 4720 experiendi
820 4658 1171 4720 potestatem.
1208 4649 1277 4707 Et
1306 4649 1432 4709 hinc
1454 4651 1697 4706 nascitur
1725 4651 1904 4708 admi-

308 4744 451 4798 ratio
500 4744 673 4813 prima
727 4743 983 4812 virtutis,
1039 4741 1315 4798 dedecore
1369 4758 1470 4799 suo
1512 4746 1728 4801 caeteris
1781 4762 1908 4811 eru-

308 4835 684 4904 bescentibus,
718 4850 949 4908 quorum
977 4836 1247 4907 ignaviam
1288 4851 1459 4903 senex
1497 4839 1780 4896 mendicus
1814 4856 1903 4896 ar-

308 4927 507 4998 guerit.

680 5019 938 5085 Periocha
965 5022 1061 5081 lib.
1093 5040 1207 5087 m1
1241 5024 1507 5098 Odysseus.

427 5138 728 5203 Squalenies
747 5141 971 5203 humeris
990 5141 1183 5197 habitus
1199 5144 1375 5209 rejecit
1397 5143 1620 5209 Ulysses.

379 5241 602 5318 Ulysses
621 5245 742 5305 loco
766 5245 1029 5311 ulteriore
1048 5255 1208 5331 capto
1235 5247 1471 5305 intendit
1488 5263 1696 5318 arcum,
1719 5251 1897 5308 omni-

1948 3230 1995 3295 C

2054 547 2351 620 plerosque
2378 548 2507 603 vino
2548 548 2789 619 saucios,
2814 556 2913 603 aut
2958 547 3208 607 novitate
3256 547 3337 604 rei
3385 546 3656 618 stupidos,

2050 650 2146 697 aut
2166 640 2437 712 quidlibet
2457 642 2605 697 aliud
2625 643 2958 699 meditantes
2986 642 3229 698 coniicit.
3247 640 3384 698 Cum
3415 643 3653 712 primum

2050 736 2292 790 omnium
2322 736 2641 793 conlixisset
2655 736 2979 805 Antinoum,
3010 736 3100 807 qui
3128 736 3376 803 audacia,
3405 744 3461 791 et
3488 746 3658 806 petu-

2050 826 2221 894 lantia
2260 838 2492 893 Caeteros
2512 838 2892 902 superaverat,
2917 829 3176 885 Eummus
3196 840 3249 885 et
3270 828 3653 899 Telemachus,

2047 929 2101 974 et
2129 919 2408 975 Philmtius
2429 923 2660 993 sumptis
2681 932 2739 978 et
2759 921 2862 993 ipsi
2884 922 3053 977 armis
3074 921 3295 992 egregia
3317 920 3373 976 in
3400 930 3652 977 conster-

2046 1022 2210 1069 natos
2254 1012 2405 1069 ctede
2440 1023 2787 1083 grassantur.
2836 1012 3069 1085 Jamque
3100 1013 3357 1071 omnibus
3394 1014 3655 1069 interem-

2047 1108 2179 1184 ptis,
2201 1106 2418 1167 duobus
2439 1107 2819 1181 tantummodo
2845 1108 3106 1179 parcitur,
3134 1106 3363 1163 Phemio
3390 1107 3651 1164 citharm-
3680 1137 3689 1145 -

2045 1198 2140 1265 do,
2178 1198 2271 1270 qui
2311 1198 2604 1254 ministerii
2648 1214 2813 1257 causa
2856 1197 3155 1268 adhibitus,
3187 1198 3549 1254 nihilominus
3593 1200 3648 1261 in

2046 1296 2259 1368 Ulyssis
2286 1295 2472 1365 domo,
2504 1296 2649 1367 quod
2682 1295 3139 1352 contumeliosum
3161 1305 3330 1361 esset,
3361 1293 3647 1350 ediderat:

2044 1397 2102 1444 et
2127 1388 2400 1454 Mmlonte,
2431 1388 2523 1443 uni
2553 1387 2707 1459 cujus
2746 1384 3033 1443 modestia:
3072 1386 3240 1442 etiam
3282 1386 3645 1442 Telemachus

2044 1479 2472 1552 suii'ragabatur,
2517 1488 2575 1536 et
2614 1480 2709 1553 qui
2761 1495 2888 1544 cum
2934 1477 3275 1549 Telemacho
3309 1486 3488 1541 erant.
3537 1477 3649 1539 Ille-

2044 1572 2315 1629 lanthium
2357 1572 2684 1629 famulorum
2723 1571 2940 1648 Ulyssis
2976 1587 3184 1639 unum,
3223 1569 3317 1642 qui
3351 1584 3644 1641 procorum

2042 1664 2382 1740 proterviam
2424 1681 2644 1736 semper
2690 1654 3025 1733 armaverat,
3073 1663 3450 1727 cruciabiliter
3496 1662 3646 1719 occi-

2042 1758 2200 1813 dunt.
2236 1758 2457 1814 Puellas
2488 1756 2617 1815 inde
2645 1756 2932 1813 duodecim
2966 1772 3090 1828 qua
3114 1771 3242 1815 cum
3275 1757 3455 1827 procis
3481 1755 3644 1826 flagi-

1968 1839 2017 1907 Β
2046 1852 2182 1917 tiose
2231 1859 2665 1921 consueverant,
2724 1851 3021 1921 suspendio
3073 1849 3370 1922 perimunt.
3417 1848 3643 1920 Ulysses

2042 1943 2195 2000 caede
2222 1943 2291 1998 ad
2321 1944 2537 2015 plenum
2571 1952 2904 2015 perpetrata,
2938 1942 3119 2013 ignem
3152 1941 3361 2009 adolet,
3390 1940 3643 1998 incenso-

2030 2055 2146 2114 que
2168 2038 2382 2109 sulfure
2405 2039 2627 2107 domum
2657 2035 2873 2110 piaculo
2895 2044 3109 2111 purgat.

2400 2171 2658 2229 Periocha
2695 2171 2788 2227 lib.
2813 2187 2955 2227 xxnt
3007 2170 3274 2242 θάψειν.

2163 2285 2486 2341 Chalcidicum
2502 2299 2680 2350 gressu
2696 2285 2859 2336 nutrix
2879 2297 2934 2336 su
2942 2285 3145 2349 perabat
3162 2282 3297 2339 anili.

2108 2412 2362 2485 Euryclia
2395 2412 2581 2483 nutrix
2622 2419 2790 2482 gestas
2836 2410 2921 2467 rei
2968 2410 3157 2475 nuntia
3197 2408 3531 2483 Penelopem
3567 2409 3636 2469 de

2033 2520 2229 2563 somno
2258 2506 2485 2561 excitat.
2504 2504 2637 2573 Qua:
2661 2502 3044 2562 advenientem
3061 2503 3130 2559 ad
3152 2517 3215 2558 sc
3239 2502 3495 2557 maritum
3526 2517 3635 2558 non

2034 2606 2244 2663 temere
2273 2596 2452 2674 ipsum
2474 2610 2598 2652 esse
2614 2594 2907 2667 persuadet
2930 2612 2945 2649 :
2968 2593 3201 2667 quadam
3232 2586 3471 2657 cubiculi
3489 2592 3627 2665 lege,

2031 2697 2090 2748 et
2125 2689 2357 2762 genialis
2385 2689 2572 2745 lectuli
2602 2692 2805 2762 positu,
2834 2689 2938 2744 sibi
2982 2697 3195 2745 tantum
3222 2695 3281 2744 et
3308 2686 3496 2758 Ulyssi
3533 2701 3630 2742 eo-

2031 2784 2210 2857 guito,
2235 2770 2452 2857 an'ipse
2472 2784 2545 2839 sit
2574 2783 2823 2852 maritus,
2848 2780 3117 2854 explorat.
3147 2780 3211 2845 in
3233 2780 3441 2839 coitum
3470 2779 3626 2845 dein-

2031 2876 2105 2933 de
2157 2876 2511 2942 conveninnt,
2543 2883 2821 2946 totamque
2865 2884 3085 2939 noctem
3131 2882 3324 2933 mutuo
3368 2887 3627 2929 sermone

2036 2978 2405 3039 consumunt,
2421 2978 2478 3035 ct
2514 2970 2639 3025 hinc
2666 2969 2885 3040 quidem
2915 2970 3140 3040 elegans
3166 2965 3452 3039 replicatio
3484 2966 3631 3029 labo—

2033 3078 2173 3131 rum,
2208 3079 2345 3135 quos
2375 3063 2600 3139 Ulysses
2626 3064 2868 3136 pertulit,
2900 3063 3038 3119 mira
3066 3062 3489 3127 concinnatione
3510 3061 3630 3118 col-

2032 3140 2241 3230 ligitur.‘

2414 3257 2671 3315 Periocha
2693 3258 2783 3315 lib.
2817 3272 2942 3314 κιιν
2971 3258 3236 3331 Odysseus.

2046 3424 2071 3439 κ
2148 3374 2434 3425 Tartaream
2456 3380 2596 3425 vocat
2619 3375 2670 3424 in
2690 3373 2864 3424 sedem
2883 3372 3131 3437 Cyllenius
3154 3372 3373 3425 umbras.

2020 3502 2049 3555 ἑ-
2092 3501 2393 3557 Procorum
2433 3502 2646 3555 animas
2671 3501 2876 3577 recenti
2905 3508 2961 3556 et
3003 3502 3281 3557 communi
3307 3501 3459 3557 caede
3488 3516 3622 3557 conc

2018 3603 2203 3663 gestas
2246 3593 2573 3659 catervatim
2614 3592 2921 3647 Mercurius
2948 3592 3015 3646 ad
3064 3592 3276 3651 inferna
3314 3595 3617 3665 compellit.

2019 3687 2174 3751 Tunc
2200 3686 2345 3743 circa
2390 3687 2860 3761 Agamemnonem
2904 3699 3098 3740 manes
3128 3684 3337 3741 heroici
3384 3699 3619 3755 congre-

2015 3789 2235 3853 gantur.
2265 3780 2551 3853 Miratique
2572 3779 2838 3834 lectorum
2872 3776 3137 3849 iuvenum
3163 3792 3410 3855 gregem,
3437 3776 3623 3849 densi-

2019 3883 2297 3945 tatemque
2322 3887 2434 3943 uno
2455 3872 2672 3943 agmine
2697 3878 3064 3938 commcante,
3095 3883 3295 3925 causas
3318 3869 3623 3925 itineratin-

2014 3968 2104 4031 his
2146 3964 2447 4035 accipiunt.
2496 3961 2634 4018 Tum
2687 3961 2832 4033 apud
2900 3960 3105 4021 inferos
3166 3974 3384 4033 quoque
3445 3964 3621 4023 virtus

2015 4056 2259 4131 Ulyssis,
2309 4065 2365 4110 et
2421 4053 2731 4124 Penelopes
2815 4051 3080 4122 pudicitia
3129 4051 3499 4123 medicantur
3547 4050 3618 4107 ab

2014 4151 2423 4235 Agamemnone
2453 4161 2567 4223 prae
2588 4146 2829 4214 caeteris,
2858 4147 2945 4201 cui
2971 4146 3157 4216 dispar
3178 4142 3361 4203 fuerat
3390 4143 3443 4199 in
3467 4152 3615 4201 utra-

2010 4257 2118 4314 que
2160 4241 2398 4297 iortnna.
2446 4239 2669 4311 Ulysses
2704 4239 2773 4294 ad
2815 4239 3075 4300 Lact-tem
3106 4236 3395 4309 patremin
3421 4250 3616 4309 agrum

2010 4333 2317 4405 profectus,
2343 4332 2628 4405 inopinato
2654 4342 2710 4389 et
2748 4333 2955 4404 reditu,
2988 4341 3046 4405 et
3098 4347 3282 4397 rerum
3330 4341 3611 4404 gestarum

2007 4428 2185 4486 relatu
2228 4427 2411 4484 alfecit
2453 4441 2669 4490 senem.
2701 4425 2937 4482 afficitur
2975 4426 3047 4489 ab
3092 4442 3163 4487 eo
3206 4424 3446 4497 cognitu,
3477 4437 3616 4494 quas

2008 4519 2345 4583 exantlasset
2381 4534 2677 4577 aerumnas.
2714 4517 2961 4574 Subinde
2998 4527 3054 4573 et
3098 4526 3281 4597 patres
3322 4531 3612 4593 precorum

1931 4617 1987 4679 Ι)
2013 4627 2177 4671 neces
2204 4613 2467 4684 juvenum
2502 4620 2799 4684 properant
2820 4613 2995 4669 ultum
3042 4614 3144 4679 ire,
3182 4612 3525 4682 consilioque
3560 4618 3617 4668 et

2009 4705 2064 4771 vi
2090 4703 2598 4775 communicationis
2621 4714 2749 4761 ante
2770 4713 3151 4776 exspectatum
3176 4718 3307 4779 agro
3333 4719 3601 4777 superve-

2009 4798 2186 4853 niunt.
2217 4797 2326 4855 Sed
2366 4812 2466 4854 eos
2488 4796 2600 4868 jam
2623 4795 2940 4853 comitatior
2962 4795 3187 4869 Ulysses
3209 4795 3411 4863 fundit,
3443 4797 3612 4867 fugat-

2006 4903 2138 4967 que.
2177 4889 2376 4951 Verum
2414 4888 2771 4961 gliscentibus
2811 4888 2975 4955 odiis,
3003 4896 3060 4944 et
3085 4889 3296 4959 majore
3316 4888 3609 4954 seditione,

2006 4988 2063 5035 ct
2091 4981 2324 5036 tumultu
2368 4990 2638 5050 spectato,
2662 4996 2728 5038 ex
2774 4983 3047 5037 sententia
3088 4981 3238 5037 lovis
3268 4981 3325 5037 in
3365 4980 3604 5037 lthacam

2009 5070 2251 5128 Minerva
2301 5071 2583 5129 descendit
2629 5089 2646 5130 :
2694 5083 2752 5129 et
2791 5074 3080 5131 conciliata
3146 5073 3403 5141 utrinque
3450 5085 3609 5142 pace,

2007 5164 2186 5219 Studia
2216 5171 2274 5219 et
2293 5174 2475 5220 motus
2497 5164 2757 5236 partium,
2783 5179 2968 5221 rerum
3000 5170 3281 5236 gestarum
3308 5160 3611 5217 abolitione

2006 5256 2308 5327 componit.
2930 5276 2935 5280 '
