4070 6392
341 426 394 480 i5
1766 421 1847 478 NG

1947 422 2066 478 ['IA.
3480 435 3548 490 η

337 540 561 596 Ceterum
589 553 705 593 cum
735 552 932 609 magno
965 537 1152 592 fructu
1175 553 1307 593 usus
1341 516 1675 592 bibliotheca
1699 535 1862 589 Pam-
1893 545 1937 599 Α
1967 535 2060 588 dat
2089 543 2287 606 preter
2323 538 2461 593 alios
2493 537 2814 596 Eustathius
2839 540 3216 598 Antiochenus
3247 543 3302 597 in
3338 543 3548 602 Hexae-

335 630 469 702 pbili,
493 630 639 699 cujus
669 630 901 685 indicem
939 631 1016 701 (a)
1045 630 1212 685 etiam
1255 631 1390 684 Vitae
1418 628 1688 700 Pamphili
1718 629 1864 683 inse-

333 725 438 785 ruit,
459 730 505 776 et
534 722 726 788 altera,
761 737 930 792 quam
971 724 1026 777 in
1059 721 1206 777 Elia
1239 723 1372 778 urbe
1396 760 1414 788 ,
1456 723 1572 777 sive
1601 721 1862 776 Hieroso-

333 815 496 885 lymis,
539 815 603 868 ab
645 814 962 870 Alexandro
1011 818 1268 887 episcopo
1308 815 1587 871 conditam
1630 823 1863 870 testatur

333 909 408 963 lib.
461 923 509 961 vi
551 906 728 975 Hist.,
774 923 900 979 cap.
959 909 1051 977 20,
1103 913 1302 966 veteris
1361 912 1605 967 historia:
1649 910 1858 992 omnis,

332 998 665 1054 ecclesiasticae
706 1002 945 1057 maxime
977 1009 1031 1056 et
1067 1003 1300 1058 aliarum
1347 1019 1566 1069 rerum,
1603 1006 1745 1060 scitu
1777 1006 1862 1060 di-

332 1089 665 1158 guissimarum
685 1132 702 1155 ,
747 1100 861 1146 tam
890 1096 1154 1163 praeclara
1190 1097 1428 1151 servavit
1465 1105 1820 1152 monumenta
1840 1137 1856 1162 ,

332 1180 430 1235 licet
454 1197 549 1236 non
586 1200 804 1255 semper
834 1185 1071 1242 fortasse
1112 1197 1370 1245 accurate
1406 1190 1543 1245 satis
1572 1193 1819 1260 exposita
1841 1234 1854 1257 ,

334 1284 377 1328 ut
394 1276 567 1346 scripta
591 1277 729 1348 ejus,
756 1296 883 1350 quae
907 1281 1023 1350 jam
1047 1281 1280 1337 referam
1305 1281 1331 1346 ,’
1356 1284 1618 1354 pleraque
1649 1284 1714 1338 ad
1757 1300 1858 1340 nos

326 1368 627 1436 pervenisse.
671 1377 728 1424 et
781 1371 840 1425 in
895 1380 1048 1428 tanto
1107 1375 1376 1428 bonorum
1438 1376 1857 1448 ineptorumque

324 1459 544 1514 librorum
584 1463 875 1535 naufragio
900 1481 1010 1519 non
1052 1467 1213 1522 simul
1252 1468 1519 1538 periisse,
1559 1469 1857 1542 singularis

322 1551 558 1610 felicitatis
587 1571 708 1611 esse
739 1557 1000 1612 arbitrer.

375 1643 426 1698 ll.
454 1646 755 1715 Chronic-on,
775 1651 895 1706 sive
907 1652 1269 1722 Παντοδαπὴ
1297 1656 1548 1723 ἱστορία,
1572 1656 1636 1710 de
1654 1659 1854 1711 cunctis

321 1739 590 1806 temporibus
649 1740 918 1806 historia,
956 1751 1016 1797 ut
1061 1745 1255 1800 titulus
1307 1749 1491 1815 operis
1539 1748 1612 1819 (ὁ)
1662 1748 1855 1804 Latine

319 1830 602 1886 transfertur
643 1834 700 1887 in
746 1835 982 1904 epistola
1013 1833 1304 1907 Augustini
1338 1839 1441 1902 55,
1491 1854 1556 1894 ex
1592 1855 1703 1910 quo
1734 1841 1853 1895 loco

319 1922 450 1974 etiam
476 1932 677 1978 constat
735 1939 852 1979 non
885 1926 1094 1997 ubique
1151 1928 1342 1983 obvios
1368 1931 1482 1998 jam
1531 1937 1644 1984 tum
1680 1931 1854 1987 fuisse

319 2007 522 2066 Chronici
553 2013 848 2071 Eusebiani
875 2017 1117 2074 codices.
1146 2018 1203 2073 In
1239 2019 1412 2076 libros
1439 2021 1580 2076 duos
1614 2021 1850 2078 divisum

317 2100 397 2156 fuit
421 2104 482 2158 ab
509 2114 728 2162 auctore
759 2107 832 2178 (ο)
869 2124 1103 2178 quorum
1135 2111 1373 2180 priorem
1399 2113 1680 2184 inscripsit
1707 2117 1853 2183 Χρο-

314 2199 620 2266 νοῃωρίαγ,
664 2202 1032 2270 posteriorem
1065 2202 1352 2270 χρονικὸν
1381 2207 1640 2258 Κανόνα.
1672 2206 1854 2277 Atque

312 2287 427 2343 banc
478 2290 746 2358 Epitomen
797 2303 960 2348 vocat
1019 2285 1402 2368 Hieronymus.
1454 2300 1512 2353 In
1554 2301 1738 2370 priore
1785 2319 1852 2358 ex

311 2375 612 2445 lanetbone,
641 2383 986 2454 Apollodoro
1006 2427 1021 2448 ,
1054 2385 1385 2456 Phlegonte,
1415 2388 1676 2460 Josepho,
1705 2392 1854 2446 Al‘ri-

310 2484 422 2526 cano
447 2474 666 2544 aliisque
707 2477 957 2546 origines
995 2488 1051 2532 et
1093 2481 1474 2537 successiones
1507 2498 1704 2552 resque
1737 2501 1852 2540 me-

311 2566 562 2622 morabiles
595 2569 876 2623 variarum
907 2571 1153 2639 gentium
1199 2573 1266 2626 ab
1306 2574 1440 2628 orbe
1487 2575 1712 2631 condito
1755 2594 1852 2648 per

308 2657 430 2708 varia
462 2660 630 2728 capita
683 2671 1016 2731 persecutus
1039 2671 1156 2730 est;
1203 2666 1256 2717 in
1303 2667 1610 2735 posteriore
1665 2671 1849 2724 omnia

306 2749 420 2802 serie
442 2766 538 2804 una
563 2752 630 2806 ad
661 2769 845 2809 annos
878 2771 1010 2810 suos
1038 2757 1208 2810 relata
1237 2757 1464 2827 digessit
1495 2760 1564 2814 ab
1598 2776 1744 2816 anno
1771 2764 1848 2833 (a)

308 2843 568 2898 vocationis
601 2845 908 2901 Abrahami
929 2887 945 2912 ,
983 2849 1037 2903 b.
1061 2864 1111 2903 e.
1147 2857 1271 2904 ante
1295 2850 1574 2908 Christum
1604 2853 1744 2908 2017
1780 2855 1849 2910 ad

308 2933 570 2990 vicennalia
603 2953 790 3008 usque
821 2938 1173 2994 Constantini
1210 2939 1304 3006 M.,
1345 2941 1411 2998 Α.
1445 2941 1508 2998 C.
1543 2944 1665 2998 3‘25.
1707 2944 1844 3000 Lau-

363 3129 574 3211 (aﬂide
604 3137 699 3211 lib.
729 3154 782 3192 vr
816 3138 982 3203 Ilist.,
1017 3155 1141 3211 cap.
1177 3143 1266 3198 52.

1969 644 2110 681 mero
2170 630 2275 684 sub
2315 630 2464 695 init.,
2495 634 2582 687 cui
2624 632 2894 690 Eusebius
2947 646 3176 691 vocatur
3221 638 3392 706 ἁγίων
3430 657 3544 706 τις,

1965 729 2026 774 ιιι
2059 721 2128 776 ab
2152 720 2397 778 Ecclesia
2430 724 2712 780 Gallicana
2733 728 2826 781 diu
2854 728 3006 781 illum
3031 729 3242 782 cultum
3275 745 3375 799 pro
3399 746 3548 785 mar-

1965 821 2105 884 tyre,
2133 823 2287 870 notat
2318 815 2624 888 Janningus
2661 819 2717 874 in
2753 819 3012 890 Apologia
3044 836 3138 888 pro
3162 819 3543 891 Papebrochio,

1963 904 2183 972 praefixa
2209 905 2358 960 Actis
2395 906 2641 962 Sanctor.
2679 907 2827 962 Junii
2861 917 2993 964 tom.
3031 909 3072 977 I,
3101 926 3223 981 pag.
3247 927 3363 967 xvtt
3391 928 3509 983 seq.

2033 993 2280 1051 Graecum
2304 1013 2441 1068 opus
2465 999 2680 1054 Eusebii
2708 997 3006 1068 intercidit,
3027 1013 3222 1071 printer
3239 1003 3545 1075 fragmenta

1961 1096 2018 1141 ct
2051 1088 2283 1145 lacinias
2312 1107 2450 1160 quas
2474 1093 2808 1146 recentiores
2845 1093 3169 1164 chronologi
3231 1105 3542 1162 servarunt,

1964 1178 2250 1251 Syncellus
2311 1183 2619 1253 imprimis,
2683 1193 2736 1238 et
2789 1183 3119 1249 Cedrenus.
3191 1187 3542 1260 Chroniciquc

1959 1269 2312 1327 Alexandrini
2345 1275 2458 1330 sive
2483 1274 2765 1329 Paschalis
2799 1278 3055 1346 scriptor,
3092 1294 3159 1334 ne
3183 1279 3250 1335 de
3283 1281 3406 1336 aliis
3428 1283 3541 1351 jam

1959 1362 2172 1430 dicam;
2201 1379 2352 1427 nam,
2395 1373 2454 1418 ut
2500 1381 2626 1419 vere
2647 1364 2922 1435 Iosephus
2977 1366 3243 1439 Scaliger,
3301 1372 3392 1440 qui
3423 1379 3543 1442 post

1958 1454 2247 1510 Eusebium
2268 1459 2615 1527 scripserunt,
2644 1476 2793 1513 omne
2822 1462 3074 1528 scriptum
3108 1463 3172 1517 de
3221 1466 3541 1534 temporibus

1963 1548 2180 1602 aridum
2207 1566 2321 1604 esse
2341 1561 2657 1604 censuerunt
2685 1551 2824 1621 quod
2847 1569 2951 1606 non
2979 1553 3134 1623 hujus
3152 1554 3385 1624 fontibus
3416 1558 3543 1612 irri-

1956 1648 2138 1707 gatum
2172 1647 2328 1693 esset.
2362 1637 2440 1692 Ex
2465 1639 2570 1694 illis
2609 1638 2818 1704 Graeca,
2847 1648 2907 1693 ut
2945 1641 3147 1710 potuit,
3175 1643 3392 1713 collegit
3423 1643 3542 1699 edi-

1956 1730 2144 1801 ditque
2175 1739 2229 1785 et
2262 1731 2921 1787 illustravitdoctissimis
2966 1736 3112 1787 nolis
3165 1734 3308 1788 idem
3367 1735 3543 1788 Scali-

1959 1841 2073 1895 ger,
2107 1825 2202 1881 sed
2231 1841 2338 1880 non
2367 1825 2527 1879 modo
2559 1823 2795 1896 Syncelli
2823 1835 2878 1881 et
2913 1825 3162 1882 Chronici
3211 1826 3390 1894 Δίρκη
3422 1836 3537 1883 tum

1886 1893 2220 1986 Btemporis
2287 1917 2527 1972 nondum
2587 1893 2893 1984 editorum,
2957 1919 3282 1990 apographis
3347 1935 3539 1990 parum

1961 2009 2270 2064 emendatis
2300 2009 2370 2079 (ε)
2402 2024 2538 2064 usus
2571 2016 2676 2073 est,
2712 2011 2808 2065 sed
2848 2010 3014 2064 etiam
3057 2011 3210 2065 varia
3267 2011 3334 2066 ad
3364 2011 3540 2067 Euse-

1955 2099 2106 2155 bium
2136 2101 2343 2169 retulit,
2387 2115 2510 2170 quae
2544 2115 2736 2171 parum
2784 2100 3048 2157 credibile
3081 2102 3147 2172 (ι’)
3200 2110 3286 2157 est
3342 2106 3410 2158 ab
3442 2105 3538 2161 illo

1955 2194 2158 2262 scripta
2195 2193 2383 2248 fuisse.
2426 2192 2619 2248 Latine
2658 2193 2821 2248 vertit
2860 2202 2916 2248 et
2965 2191 3257 2250 Vincentio
3315 2197 3536 2252 cuidam

1956 2299 2022 2338 ac
2051 2283 2298 2340 Gallieno
2327 2284 2609 2353 inscripsit
2638 2283 3026 2355 Hieronymus,
3057 2286 3132 2338 ita
3165 2293 3222 2340 ut
3251 2285 3379 2341 hinc
3408 2287 3537 2343 inde

1955 2391 2023 2431 ex
2040 2376 2252 2432 Latinis
2283 2378 2554 2446 prtecipue
2594 2377 2954 2447 scriptoribus
3005 2376 3254 2446 quaedam
3309 2377 3538 2434 adderet

1959 2467 2057 2541 (g),
2087 2470 2194 2524 alia
2227 2472 2603 2534 omitteret,ac
2626 2470 2823 2525 deinde
2849 2469 3150 2524 Chronicon
3169 2471 3237 2525 ad
3259 2470 3392 2528 A.C.
3426 2473 3532 2527 378

1967 2561 2218 2633 (Valente
2273 2569 2488 2617 sextum
2522 2571 2576 2615 et
2613 2560 2998 2616 Valentiniano
3033 2564 3332 2618 secundum
3361 2565 3532 2634 coss.)

1954 2657 2321 2711 continuaret.
2362 2655 2596 2711 Codices
2617 2654 2798 2708 Latini
2821 2654 3071 2708 Chronici
3107 2650 3403 2711 Eusebiani
3441 2671 3534 2712 os-

1953 2747 2179 2801 citantia
2206 2746 2556 2801 librariorum
2592 2745 2728 2799 mire
2757 2746 2899 2799 inter
2925 2762 2983 2800 se
3039 2746 3280 2812 variant,
3341 2756 3395 2803 et
3423 2763 3528 2804 sm-

1953 2843 2077 2912 pius
2103 2854 2205 2894 nec
2228 2839 2369 2893 inter
2400 2854 2480 2902 se,
2511 2853 2614 2894 nec
2632 2853 2758 2892 eum
2792 2838 3020 2893 historia
3081 2838 3242 2899 facile
3298 2851 3533 2910 possunt

1952 2931 2257 2988 conciliari.
2281 2931 2483 2988 Confer
2514 2928 2733 3000 Henrici
2775 2929 3036 2987 Dodwelli
3068 2929 3211 2986 Diss.
3240 2947 3301 2987 tu
3325 2931 3392 2986 ad
3425 2931 3535 2988 Ire-

1953 3137 2070 3208 sius
2104 3135 2353 3208 Diss._ad
2382 3136 2680 3208 periocha":
2707 3133 2923 3208 Iosephi
2958 3134 3021 3189 de
3056 3134 3290 3196 Christo.
3316 3154 3437 3208 cap.
3475 3140 3528 3205 2,

303 3273 312 3282 ι
358 3202 683 3324 ςωλρονικὰ
727 3202 1138 3281 συγγράμμαὲα
1166 3229 1264 3266 sua
1287 3220 1554 3267 memorat
1577 3213 1846 3273 Eusebius

304 3288 344 3324 in
382 3290 492 3324 satae
511 3293 625 3324 XIII-
647 3280 739 3324 I7-
764 3282 1058 3324 Xoouwm‘m
1076 3285 1304 3324 vaur'mnr
1327 3300 1356 3324 τ
1388 3285 1439 3324 in
1464 3297 1513 3324 l\’
1545 3283 1817 3324 Drmnnrnr

1951 3206 1978 3277 §
2015 3209 2046 3262 7
2092 3224 2207 3278 seq.
2239 3202 2403 3260 Finit.
2427 3237 2497 3244 —
2533 3202 3223 3277 EnimveroHieronymus
3255 3211 3321 3264 de
3365 3202 3529 3268 Prata

1950 3281 2003 3324 in
2043 3275 2177 3324 diss-
2221 3277 2294 3324 De
2317 3277 2579 3324 chronicis
2615 3276 2764 3324 libris
2796 3276 2999 3324 duobus
3030 3278 3094 3324 ab
3127 3277 3352 3324 Eusebia
3407 3279 3529 3324 (71:2-

382 3277 492 3356 Isaia:
511 3280 668 3356 xui,_I
685 3280 740 3332 7.
763 3277 1058 3356 xpositicon
1076 3285 1304 3346 κανόνας
1327 3300 1360 3356 x_
1388 3285 1445 3356 in
1464 3297 1517 3334 Ix
1540 3283 1839 3356 Prceparat.

305 3359 344 3411 p.
373 3344 483 3412 484,
507 3356 566 3424 _et
595 3349 740 3424 Ιώ.)
777 3344 923 3424 Hist.
951 3354 1154 3414 eccles.,
1189 3344 1307 3424 capi.
1340 3354 1388 3406 1.
1438 3344 1843 3424 ’Λρχαιολογίαν

304 3424 436 3494 atque
496 3419 922 3494 apxaioloytxﬂ;
992 3419 1450 3494 locopiav'vocat
1501 3419 1842 3484 Anastasius

306 3467 478 3566 Siliana
513 3467 799 3566 tinguet
979 3467 1626 3566 Temtiorumhistoriam,
1655 3467 1844 3566 Augu:

301 3559 449 3610 stilus
475 3573 510 3611 tt
533 3599 548 3619 ,
572 3559 784 3634 5Q,_De
829 3562 1076 3617 doctrina
1096 3559 1452 3634 Christiana;
1488 3559 1842 3634 Digestionvem

303 3630 854 3708 temporum,_llieron.
896 3649 911 3685 ι
947 3630 1684 3708 ῐη-ᾒιιβημΧρονογραῷίαν
1710 3638 1840 3708 Epi-

303 3695 502 3772 phanius
531 3699 633 3753 sub
672 3710 980 3756 extremum
1013 3695 1134 3756 libri
1167 3695 1244 3758 De
1270 3695 1494 3771 ponderi:
1514 3695 1841 3772 et'mensu'r;

302 3762 648 3834 Chronicorum
714 3773 997 3826 historiam
1049 3762 1384 3828 Breviarium
1433 3793 1535 3831 ms.
1586 3762 1843 3834 Ecclesia;

303 3831 704 3914 bernovicensis,
726 3840 940 3914 valesio
970 3845 1264 3898 laudatum.
1288 3846 1406 3899 Alia
1430 3856 1671 3901 veterum
1700 3831 1839 3914 loca,

301 3907 457 3981 titulos
487 3909 739 3964 Chronici
774 3911 1062 3967 Eusebiani
1090 3916 1239 3969 varie
1272 3916 1597 3981 referentia,
1638 3907 1844 3975 notavit

303 3974 510 4057 Scaliger
530 3994 658 4057 ante
685 3981 872 4036 Graeca
899 3983 1118 4057 Eusebii
1150 3974 1842 4057 [lieronymique'Chroni-

299 4060 401 4125 gon,
442 4048 717 4125 Hancliius
753 4070 876 4123 pag.
910 4055 979 4107 87
1011 4071 1124 4124 seq.
1177 4056 1250 4109 De
1282 4048 1626 4125 scriptoiibus
1665 4077 1842 4114 rerum

299 4113 431 4201 Ege...
471 4129 523 4174 et
559 4113 798 4201 Allatitis
825 4113 904 4201 βά
949 4113 1216 4201 Eustathii
1240 4113 1519 4201 ΔΗιεαςὶιετ-ηι.
1576 4113 1705 4201 pag.
1742 4113 1838 4198 (δέ

300 4184 525 4256 [Vallars.
569 4195 728 4270 prmi.
775 4196 1024 4270 adtom.
1073 4195 1370 4270 VllI_Opp.
1415 4184 1678 4262 Hieron:
1715 4184 1835 4270 pag:

300 4274 410 4336 irin
440 4263 809 4336 s_q.;7Pontaci
849 4266 1109 4336 Apparat.
1149 4267 1215 4321 ad
1250 4263 1429 4323 notas.
1471 4271 1623 4326 Adde
1654 4263 1840 4325 Chau-

300 4327 502 4450 {mi-«11.;
549 4335 656 4388 hoc
702 4344 755 4389 et
789 4327 1013 4406 reliquis
1055 4339 1182 4393 Eus.
1233 4339 1389 4394 libris
1435 4340 1473 4397 l.
1507 4357 1594 4406 c.,
1631 4350 1745 4394 not.
1787 4343 1838 4398 I.

340 4417 441 4456 ιιι.

356 4399 551 4540 (illiue
589 4483 755 4552 negat
779 4476 1038 4552 Vallars._
1064 4480 1100 4533 l.
1139 4495 1215 4543 c.,
1248 4494 1369 4550 pag.
1399 4496 1525 4546 xix,
1572 4483 1839 4552 imprimis

298 4555 340 4608 p.
366 4560 579 4616 rxrxttrsq.
611 4547 684 4600 de
707 4549 961 4616 epitome.
994 4549 1166 4605 HABL.

355 4615 422 4692 id?
449 4615 755 4692 ξαεεὸὶᾳιιῐ
788 4619 1034 4673 Chronici
1070 4621 1330 4690 epocham
1381 4621 1599 4675 initium
1644 4638 1839 4692 capere

297 4682 439 4757 alial.
455 4687 605 4757 Sept.
623 4689 739 4742 sive
762 4700 1026 4742 autumno
1053 4682 1181 4744 anni
1206 4701 1332 4746 ante
1349 4692 1630 4746 Christum
1653 4682 1839 4747 nultum

296 4754 432 4830 gilii,
459 4754 672 4828 periodi
702 4759 812 4812 Jul.
854 4761 1016 4824 2097,
1051 4762 1295 4830 disputat
1329 4761 1584 4818 Petavius
1621 4764 1715 4817 lib.
1787 4780 1840 4816 ιι

299 4821 359 4877 De
382 4821 964 4901 doctrinatemporum,
986 4821 1106 4901 cap.
1135 4821 1187 4887 I.

359 4900 534 4972 tells.
596 4899 827 4956 Vossius
874 4901 929 4954 in
983 4899 1236 4956 Auctario
1291 4905 1561 4972 castigatt.
1621 4900 1839 4972 Georgii

300 4963 481 5044 ljornii,
516 4987 640 5040 pag.
675 4972 783 5044 570
817 4988 831 5022 :
859 4972 998 5038 Quia
1028 4973 1389 5043 apographum
1423 4963 1676 5042 Syncelli,
1703 4963 1840 5044 qubtl

299 5034 536 5114 Scaligero
560 5034 934 5114 transmissum
968 5034 1086 5107 fuit,
1130 5034 1324 5114 iup'tim
1358 5056 1406 5098 et
1448 5034 1629 5098 vitiose
1657 5034 1840 5098 admo-

297 5107 400 5160 dum
423 5107 776 5180 descripserat
799 5110 1169 5179 Casaubonus,
1195 5107 1378 5170 'nescio
1417 5132 1484 5166 an
1541 5116 1700 5178 alius,
1726 5116 1840 5168 ideo

299 5180 486 5254 plurimi
503 5183 703 5249 passim
738 5183 794 5236 in
826 5185 922 5236 hoc
943 5201 1091 5251 opere
1122 5196 1232 5237 tam
1274 5187 1327 5238 in
1359 5187 1512 5238 armis
1573 5203 1731 5254 quant
1787 5188 1842 5238 in

301 5253 568 5320 nominibus
611 5270 814 5307 errores
849 5254 993 5320 fuere
1021 5257 1304 5310 commissi.
1339 5256 1522 5310 Multis
1550 5253 1653 5308 hoc
1685 5255 1841 5310 docet
1876 5269 1878 5272 '

299 5315 507 5396 Iacobus
527 5323 742 5396 Goarus
776 5315 921 5378 notis
953 5327 1018 5379 ad
1051 5327 1360 5396 Syncellum
1391 5342 1516 5395 pag.
1550 5326 1654 5381 504
1674 5326 1837 5380 -508.

359 5391 419 5477 (fl
452 5391 965 5477 VidenConringium.
1007 5397 1077 5449 De
1093 5391 1360 5477 medicina
1382 5391 1666 5477 ῘΗὲνῃιςς..
1693 5413 1836 5477 ρᾶς.

301 5458 353 5512 21
379 5472 443 5536 et_
458 5465 546 5536 βο.
574 5458 898 5536 διεριιίὶηῖιυ
919 5466 1108 5536 Moyne
1142 5468 1436 5536 prolegom.
1468 5468 1533 5520 ad
1575 5458 1737 5520 Varia
1753 5458 1840 5519 δῆ-

304 5483 353 5512 n
379 5483 426 5516 et
462 5483 546 5517 au.
575 5483 830 5533 atepnan.
853 5483 898 5519 te
919 5483 1003 5519 MO
1043 5484 1108 5521 ne
1142 5483 1436 5536 proregom.
1468 5483 1533 5520 au
1579 5483 1737 5520 varia
1753 5484 1840 5519 sn-

303 5545 396 5592 cra,
418 5534 548 5619 52MB
570 5535 635 5599 b;
668 5536 966 5619 [Izinckiuiit
1000 5483 1469 5619 IlenScriptoribus
1501 5537 1659 5619 Hyan
1693 5553 1745 5605 p.
1772 5537 1840 5590 9‘2

305 5616 431 5672 seqq.
463 5604 623 5658 FABB.
657 5638 720 5646 -—
747 5606 1040 5662 Chronicon
1086 5607 1304 5687 Eusebii
1342 5623 1371 5660 a
1397 5604 1837 5688 Scaligero’eon-

308 5671 464 5750 fictum
495 5677 659 5732 fuisse
687 5687 874 5750 censet
897 5679 1234 5732 Schuckford
1265 5694 1318 5750 in
1353 5677 1645 5750 llarntoma
1675 5678 1839 5730 Iusto-

308 5747 384 5818 ritr
411 5763 570 5818 sacra:
595 5759 641 5801 et
665 5749 906 5817 profana:
932 5765 983 5815 ν.
1027 5761 1065 5810 t,
1097 5763 1224 5818 pag.
1258 5747 1348 5804 M.
1401 5749 1541 5802 Add.
1602 5749 1840 5803 Chaufe—

307 5814 395 5878 Pié.
425 5817 457 5870 l.
483 5832 555 5882 c.,
572 5814 684 5873 nut'.
704 5814 955 5876 L'HABL.

364 5889 428 5952 (9;
462 5886 742 5952 Hanckius,
769 5906 824 5959 p.
843 5890 916 5944 95
943 5903 1083 5960 seq.,
1103 5886 1171 5944 96
1189 5887 1429 5961 seq.,Jo.
1460 5889 1705 5944 Andreas
1736 5888 1840 5944 Bo-

1948 3275 2003 3330 in
2043 3275 2187 3332 diss:
2217 3277 2294 3330 De
2317 3277 2579 3329 chronicis
2615 3276 2764 3329 libris
2796 3276 2999 3330 duobus
3030 3275 3094 3330 ab
3125 3277 3352 3333 Eusebio
3407 3279 3529 3335 Ca:-

1944 3364 2055 3400 sar.
2087 3348 2298 3415 scriptis
2333 3357 2381 3400 et
2411 3346 2590 3408 editis,
2617 3346 2848 3400 Verona:
2883 3347 3040 3413 1750,
3076 3348 3130 3410 8,
3179 3350 3528 3406 demonstra-

1943 3424 2060 3470 tum
2090 3418 2207 3483 ivit,
2237 3419 2544 3471 versionem
2579 3419 2778 3486 prioris
2803 3419 2972 3487 partis
3002 3435 3107 3472 non
3145 3435 3268 3473 esse
3299 3423 3528 3477 concin-

1942 3495 2126 3559 natam
2159 3487 2582 3559 ab_Hieronvmo
2609 3506 2624 3551 ;
2659 3489 2800 3542 idem
2837 3488 3325 3559 contraHSealigeri
3356 3494 3530 3547 anim-

1943 3559 2068 3630 adv.
2103 3558 2158 3610 in
2202 3557 2426 3630 Eusebii
2457 3553 2658 3630 Chron.
2706 3567 2760 3612 et
2792 3567 2985 3611 contra
3020 3553 3255 3615 Vallars.
3311 3564 3524 3630 praefat.

1943 3628 2012 3700 ad
2033 3636 2168 3683 tom.
2202 3625 2314 3680 VIII
2350 3627 2487 3697 Opp.
2520 3628 2833 3700 Hieronymi
2865 3632 3033 3682 multa
3063 3625 3367 3700 diSputavit
3395 3650 3525 3688 eru-

1942 3698 2074 3770 dite,
2115 3714 2431 3770 novamque
2471 3698 2734 3766 promisit
2764 3699 3105 3770 reliquorum
3155 3698 3526 3770 genuiuorum

1942 3767 2370 3840 fragmentoruui
2397 3769 2706 3840 Griecorum
2726 3767 3046 3840 editionem.
3067 3769 3129 3827 V.
3153 3767 3274 3840 qua:
3296 3773 3526 3830 adnota-

1942 3839 1995 3910 vi
2027 3837 2082 3892 in
2118 3838 2418 3910 Introduct.
2456 3840 2510 3891 in
2540 3838 2684 3891 llist.
2715 3837 2909 3910 L.WGr.
2939 3839 3001 3904 II,
3040 3841 3094 3899 2.
3121 3837 3243 3910 pag.
3269 3843 3375 3897 216
3408 3857 3523 3901 not.

1941 3907 2120 3979 Atque
2149 3908 2514 3979 Hieronymus
2566 3910 2621 3962 in
2670 3909 2878 3977 praefat.
2906 3911 2964 3963 in
3022 3907 3330 3967 versionem
3366 3931 3522 3970 suam

1942 3979 2068 4034 libri
2101 3979 2393 4035 Eusebiani
2423 3979 2500 4032 De
2516 3980 2620 4032 situ
2633 3989 2681 4032 et
2709 3980 3006 4033 nominibus
3034 3981 3267 4036 locorum
3297 3983 3530 4039 Hebrai-

1943 4067 2124 4103 corum
2153 4051 2228 4104 ait
2257 4067 2315 4104 se
2336 4049 2674 4104 Eusebianos
2702 4059 2991 4119 temporum
3041 4069 3266 4106 canones
3328 4053 3528 4111 Latina

1943 4119 2128 4190 lingua
2120 4121 2396 4194 _edidﬁisse.
2435 4119 2736 4194 Vallarsius
2757 4136 2976 4194 quoque
3004 4121 3266 4194 Scaligeri
3307 4127 3524 4194 opinio-

1943 4189 2089 4254 nem,
2120 4191 2413 4247 Eusebium
2430 4189 2558 4244 Julii
2585 4191 2824 4243 Africani
2859 4189 3177 4247 Chronicum
3204 4193 3315 4249 fere
3343 4189 3526 4251 totum

1942 4263 2295 4333 transtulisse
2312 4263 2364 4314 in
2395 4278 2576 4333 suum,
2595 4268 2648 4314 et
2674 4260 2964 4333 Eusebiani
2985 4264 3223 4318 universi
3241 4267 3424 4333 operis
3456 4271 3527 4320 tt»

1943 4332 2118 4386 tulum
2149 4333 2322 4388 fuisse
2347 4330 2739 4405 παντοδαπῆς
2807 4331 3112 4405 Ἱστορίας,
3142 4330 3344 4405 prioris
3398 4338 3521 4390 libri

1945 4405 2373 4472 Χρονολογίας,
2410 4404 2731 4474 posterioris
2750 4403 3018 4474 Κανόνος
3056 4443 3071 4467 ,
3101 4403 3194 4474 qui
3241 4406 3363 4459 ideo
3405 4407 3520 4461 edi-

1943 4475 2149 4528 tionem
2177 4490 2334 4529 suam
2365 4473 2420 4526 in
2444 4473 2584 4526 duos
2613 4473 2799 4526 divisit
2835 4473 3025 4543 libros,
3055 4476 3275 4543 copiose
3298 4477 3520 4543 refutat,

1949 4545 2374 4613 pronuntiatque
2406 4544 2643 4613 priorem
2702 4544 2853 4596 illum
2898 4542 3261 4613 Ettsebia’num
3321 4542 3522 4602 librum

1875 4601 1919 4656 D
1947 4601 2072 4670 esse
2105 4601 2330 4668 omnin'o
2371 4601 2823 4667 commentitium.
2880 4612 3019 4668 Ilinc
3069 4617 3231 4669 etiam
3281 4601 3521 4672 Fabricii

1944 4687 2121 4739 nostri
2151 4695 2204 4759 et
2231 4684 2673 4759 Schurzﬂeischii
2722 4683 2930 4759 judicia
2956 4685 3256 4753 improbat;
3298 4695 3414 4741 tum
3463 4705 3518 4759 p.

1944 4757 2486 4828 xxv,existirnatnon
2511 4756 2670 4828 aliam
2684 4770 2809 4828 esse
2831 4754 3105 4828 Epitomen
3124 4773 3287 4826 quam
3311 4774 3432 4828 qua:
3463 4754 3516 4814 in

1941 4828 2140 4892 pra'via
2182 4825 2429 4880 Chronici
2458 4826 2792 4878 ordinatione
2819 4825 3185 4890 contineatur,
3213 4835 3266 4882 et
3296 4825 3365 4884 ab
3387 4828 3516 4884 Hie-

1943 4898 2424 4994 rtlinymoutliicaturI
2448 4894 2691 4994 (inmittam
2726 4897 2893 4964 futuri
2927 4898 3096 4977 operis
3134 4901 3375 4994 matari}.
3405 4899 3510 4954 Sed

1943 4965 2102 5037 plura
2139 4969 2262 5022 vide
2284 4966 2426 5036 apud
2457 4965 2809 5037 ‘Jallarsium,
2841 4968 3109 5035 praecipue
3139 4968 3282 5037 apud
3305 4969 3497 5023 Ponta-

1944 5036 2090 5102 t:um,
2118 5041 2276 5092 aliter
2297 5039 2362 5092 de
2397 5036 2921 5108 quibusdamrebus
2948 5036 3295 5101 sentientem,
3321 5041 3375 5092 in
3405 5041 3486 5108 Ap
3505 5069 3517 5079 -

1943 5120 2159 5175 paratu,
2193 5119 2324 5171 etc.,
2351 5109 2496 5169 init.,
2527 5115 2581 5160 ct
2601 5107 2668 5161 de
2693 5107 2746 5159 vi
2778 5121 2841 5160 ac
2869 5115 3134 5175 potestate
3163 5124 3281 5163 voc.
3321 5107 3518 5162 Κανὼν

1943 5180 2096 5251 etde
2116 5181 2492 5234 controversia
2525 5178 2611 5251 de_
2632 5177 2752 5246 ipso
2789 5177 3004 5231 Eusebii
3034 5188 3200 5251 atque
3253 5179 3514 5251 Hierony-

1943 5250 2017 5302 mi
2048 5250 2328 5312 Chrom‘co,
2372 5257 2535 5318 atque
2567 5247 2825 5318 Epitome.
2850 5256 2980 5308 ctc.,
3016 5247 3412 5316 disputantem.
3443 5247 3520 5303 at-

1943 5336 2049 5388 que
2082 5315 2494 5374 concludentein
2518 5315 2734 5371 titulum
2765 5315 3060 5371 Chronicon
3101 5315 3312 5374 Eusebii
3363 5337 3518 5376 com-

1942 5392 2130 5460 plecti,
2164 5397 2217 5445 et
2241 5392 2522 5445 historiam
2550 5404 2822 5441 canonum
2853 5389 3260 5454 chronicorum,
3313 5399 3364 5445 et
3407 5393 3520 5459 epi-

1941 5469 2128 5516 tomen
2156 5461 2497 5522 eorumdem,
2516 5460 2567 5511 id
2595 5467 2700 5521 est,
2721 5460 3104 5528 compendium
3137 5469 3246 5513 tam
3273 5462 3518 5515 historia:

1942 5546 2105 5602 quam
2138 5533 2381 5602 ipsorum
2409 5544 2702 5602 canonum.
2734 5527 2794 5581 In
2829 5527 3019 5602 primis
3061 5532 3391 5585 conferenda
3434 5539 3516 5585 est

1945 5599 2004 5655 Ε.
2039 5599 2103 5656 Τ.
2129 5599 2374 5672 δίρίιῐιθτί
2417 5599 2665 5672 Historia
2697 5602 2879 5672 critica
2915 5599 3168 5654 Chronici
3202 5602 3512 5672 Eusebiani,

1941 5675 1998 5727 in
2030 5669 2234 5726 Comm.
2259 5672 2439 5726 societ.
2467 5687 2570 5739 reg.
2604 5669 2772 5723 doctr.
2805 5669 3064 5739 Gotting.,
3091 5674 3196 5726 vol.
3221 5671 3356 5728 Vlll.
3383 5673 3512 5725 Cot-

1941 5691 1998 5727 tn
2030 5687 2234 5726 Comm.
2259 5687 2439 5726 SOCtel.
2467 5687 2518 5722 re
2561 5712 2570 5722 .
2604 5687 2772 5723 aocrr.
2805 5687 3064 5739 uoumg.,
3091 5687 3196 5726 vot.
3231 5687 3252 5724 ν
3273 5687 3356 5728 lIl.
3383 5687 3512 5725 uot-

1940 5746 2122 5814 tingze,
2148 5743 2306 5808 I787,
2335 5743 2463 5800 n.5.
2499 5687 2672 5794 glass.
2709 5740 2830 5794 hist.
2883 5740 3131 5814 Pratorns
3191 5741 3516 5814 sententiam

1941 5812 2145 5877 tuetur,
2178 5823 2232 5867 et
2272 5821 2516 5868 recenset
2565 5820 2819 5866 auctores
2863 5828 3002 5882 quos
3063 5812 3258 5866 Euseb.
3294 5821 3514 5866 secutus

1940 5897 2044 5943 est.
2080 5884 2251 5942 IIARL.
