4070 6392
455 423 526 478 15
1428 415 1770 474 EUSEBIUS
1808 413 2292 475 CESARIENSIS
2332 411 2733 471 EPISCOPUS.
3648 416 3716 474 16

448 522 649 603 meum,
688 537 716 609 §
746 537 800 591 2.
836 536 1003 592 llenr.
1033 534 1285 592 Valesius
1308 550 1362 606 p.
1402 534 1469 589 10
1528 535 1596 589 ad
1632 534 1852 592 Eusebii
1874 534 2013 591 Hist.
2053 538 2096 593 Α
2124 531 2331 595 rubris,
2361 538 2420 585 ut
2436 510 2599 586 hodie
2625 530 2957 588 Kalendaria
2991 538 3184 588 nostra
3235 530 3434 595 solent,
3487 529 3715 589 fuerunt

448 630 857 686 vetustissimos
881 630 1103 684 codices
1130 628 1315 683 laudat
1362 627 1715 691 Acutiauum,
1753 624 1923 696 Lipsii
1975 637 2028 682 et

448 718 658 775 Ortelii.
676 717 1113 793 Laudatquoque
1133 718 1566 773 vetustissimam
1596 717 1893 773 editionem
1917 716 2030 773 Me-

447 812 827 868 diolanensem
852 855 869 881 ,
896 828 1061 884 quam
1094 828 1198 869 nec
1217 812 1497 867 Pontacus
1528 827 1631 867 nec
1681 809 1928 882 Scaliger
1946 809 2029 865 vi-

446 903 610 957 derit.
641 901 1129 959 Consuluittamen
1151 900 1426 957 Arnoldus
1456 899 1756 967 Pontacus,
1813 901 2024 970 episco-

445 1010 549 1064 pus
570 994 914 1063 Vasatensis,
958 1002 1157 1066 praeter
1194 994 1412 1049 codices
1453 1008 1568 1049 mss
1591 992 2028 1063 duodetriginta,

443 1088 714 1143 editiones
742 1094 891 1155 octo,
932 1096 1095 1158 atque
1121 1103 1188 1141 ex
1216 1087 1325 1142 illis
1356 1087 1676 1157 praeclaram
1707 1100 1865 1141 suam
1895 1100 2029 1140 con-

443 1180 708 1247 cinnavit,
734 1181 790 1234 in
817 1196 924 1252 qua
956 1181 1156 1235 mirum
1190 1180 1431 1236 studium
1488 1187 1653 1250 atque
1697 1179 2028 1234 industriam

445 1289 554 1328 non
577 1273 849 1329 dubitavit
871 1275 1034 1328 etiam
1071 1273 1315 1344 Scaliger
1355 1273 1517 1343 epist.
1562 1272 1688 1337 104,
1734 1287 1860 1343 pag.
1923 1270 2030 1325 572

444 1381 585 1435 seq.,
619 1372 783 1435 atque
807 1365 933 1423 alibi
953 1365 1231 1431 omnibus,
1263 1364 1519 1420 laudibus
1575 1363 1854 1434 prosequi,
1914 1362 2030 1416 edi-

440 1458 689 1527 torisque
738 1456 1070 1533 dpctrinam,
1115 1456 1431 1519 candorem,
1477 1455 1803 1510 modestiam
1842 1459 1898 1507 et
1944 1452 2031 1506 di-

443 1552 722 1625 ligentiam
754 1550 1054 1605 celebrare.
1094 1549 1159 1602 Et
1197 1549 1442 1604 omnium
1486 1547 1895 1603 correctissima
1933 1561 2029 1599 vo-

442 1652 599 1696 catur
625 1640 710 1697 Jo.
750 1640 962 1696 Morino
986 1656 1111 1711 pag.
1140 1640 1244 1693 277
1279 1638 1472 1694 Emere.
1525 1638 1652 1694 bibl.
1713 1637 2030 1707 Prodiitque

444 1735 588 1789 notis
611 1732 837 1788 Poutaci
870 1742 924 1789 et
957 1732 1414 1802 castigationibus
1445 1732 1717 1786 illustrata
1759 1744 1871 1785 una
1901 1742 2029 1783 cum

440 1826 700 1897 Prosperi
727 1825 988 1881 Chronico
1024 1867 1039 1891 ,
1080 1825 1384 1897 Burdigalm
1424 1823 1583 1889 1604,
1621 1822 1741 1887 fol.,
1774 1820 1871 1879 sed
1900 1833 2027 1874 raro

2137 621 2413 695 impressi.
2449 620 2615 676 Plura
2662 621 2730 677 de
2775 621 2881 677 hac
2941 621 3029 677 ed.
3081 621 3353 677 dederunt
3400 618 3630 693 Freytag
3660 623 3716 677 in

2135 715 2403 770 Analectis
2435 715 2625 782 litter.,
2651 731 2775 786 pag.
2794 714 2892 770 52I
2916 727 3128 786 sqq.,et
3149 717 3201 771 in
3222 714 3498 785 Apparatu
3526 713 3715 777 ωιτν..

2137 809 2305 881 lll,p.
2342 808 2770 876 751;Clement.
2810 809 2848 863 1.
2878 823 2930 864 c.
2970 825 3025 879 p.
3059 808 3155 862 171
3213 823 3331 877 sq.;
3392 804 3618 862 Fossius
3650 806 3718 862 de

2137 904 2240 958 hac
2268 913 2324 959 et
2357 902 2639 972 superiore
2683 900 2810 957 edd.
2846 901 2898 956 in
2943 902 3121 957 Catal.
3156 901 3317 956 codd.
3369 915 3496 957 saec.
3542 917 3610 956 xv
3660 902 3714 956 in

2136 996 2271 1053 bibl.
2305 993 2718 1066 Magliabecch.,
2751 999 2887 1049 tom.
2921 995 2964 1059 1,
2992 993 3173 1065 pag.6
3220 1009 3410 1064 seqq.;
3468 992 3715 1062 Theoph.

2139 1092 2351 1147 Sincer.
2385 1087 2442 1141 in
2459 1088 2600 1144 Bibl.
2617 1090 2743 1147 hist.
2758 1093 2880 1148 crit.
2905 1093 3164 1149 librorum
3221 1118 3291 1127 ——
3313 1087 3537 1151 rariorJ,
3573 1096 3716 1156 part.

2138 1190 2224 1249 ut;
2247 1182 2438 1239 Norib.
2469 1180 2702 1243 1756.8,
2726 1195 2852 1251 pag.
2888 1178 2991 1233 196
3014 1194 3194 1249 seqq.,
3230 1177 3320 1233 ubi
3347 1179 3569 1249 copiose
3602 1178 3720 1248 agi-

2137 1281 2227 1327 tur
2251 1272 2319 1327 de
2343 1273 2435 1327 illa
2457 1269 2615 1327 edit"
2637 1272 2706 1328 de
2733 1269 2992 1326 Chronico
3021 1269 3244 1326 Eusebii
3271 1279 3325 1324 et
3352 1285 3487 1324 num
3528 1269 3600 1325 sit
3634 1284 3721 1339 ge-

2137 1368 2388 1427 nuinum,
2423 1372 2478 1418 et
2500 1362 2570 1416 de
2601 1361 2840 1416 Eusebio
2903 1363 3054 1430 ipso;
3088 1360 3291 1430 aliique
3346 1375 3377 1414 a
3422 1359 3608 1429 Zaplio
3662 1361 3718 1414 in

2136 1458 2444 1528 Augsburgs
2467 1454 3152 1526 Buchdruckergeschichte,
3186 1462 3339 1523 parte
3372 1469 3410 1518 ι,
3443 1469 3564 1526 pag.
3591 1454 3715 1518 164,

2135 1556 2189 1602 et
2228 1564 2257 1601 a
2293 1548 2397 1602 cel.
2429 1545 2673 1602 Panzero
2708 1544 2796 1611 III,
2822 1560 2943 1615 pag.
2976 1544 3102 1607 188,
3136 1544 3310 1601 citati.

2206 1639 2423 1695 Eusebii
2445 1669 2513 1678 —
2544 1637 2865 1703 Chronicon,
2906 1637 3053 1707 quod
3094 1636 3450 1707 Hieronymus
3484 1634 3718 1689 —Lati-

2136 1750 2262 1793 num
2283 1733 2457 1802 facere
2479 1733 2683 1786 curavit
2727 1740 2778 1785 et
2808 1747 2974 1801 usque
3027 1732 3082 1784 in
3146 1730 3419 1785 Valentem
3448 1727 3719 1785 Caesarem

2136 1824 2375 1880 Romano
2406 1824 2845 1893 adieciteloquio.
2869 1822 2952 1876 Ad
2978 1840 3130 1894 quem
3153 1833 3203 1878 et
3232 1822 3462 1892 Prosper
3495 1831 3543 1877 et
3568 1819 3711 1874 Mat-

441 1919 605 1975 bodie
634 1920 957 1990 reperitur.’
971 1917 1157 1989 Neque
1186 1918 1367 1973 ubivis
1397 1917 1556 1972 obvia
1582 1918 1752 1972 altera
1796 1914 2025 1970 Auberti
2070 1918 2114 1975 B
2146 1919 2311 1974 tlueus
2336 1916 2659 1980 Palmerius,
2682 1918 2894 1971 demum
2925 1925 2974 1970 et
3003 1914 3202 1971 Joann.
3221 1914 3541 1970 Multivallis
3573 1930 3720 1967 com-

443 2011 634 2078 Mirazi,
657 2010 1019 2080 posteriorem
1046 2017 1259 2064 tantum
1289 2017 1502 2080 partem
1564 2024 1594 2062 a
1645 2007 1867 2063 Christo
1900 2016 2030 2062 nato

439 2105 725 2169 exhibens,
766 2103 1061 2173 additaque
1092 2102 1301 2158 habens
1332 2101 1601 2161 Chronica
1655 2099 1927 2172 Sigeberti
1973 2109 2030 2155 et

441 2195 684 2251 Anselmi
710 2194 1144 2255 Gemblacencis,
1177 2193 1455 2264 Antwerp.
1474 2191 1634 2257 1608,
1653 2192 1798 2263 4(a).
1828 2192 2031 2249 Confer

441 2287 678 2360 Ittigium
723 2288 796 2341 De
826 2286 1153 2342 bibliothecis
1200 2285 1449 2346 Patrum,
1480 2301 1538 2356 p.
1572 2286 1695 2340 74⁸5.
1727 2285 1893 2340 ann.

522 2383 735 2440 Fabric.
754 2381 809 2434 in
829 2387 957 2434 nota
980 2379 1244 2450 quasdam
1277 2378 1582 2432 nominavit
1615 2378 1766 2445 edd.,
1790 2377 1885 2433 sed
1910 2378 2028 2448 ple-

442 2474 652 2528 niorem
680 2473 1014 2529 substituere
1035 2471 1193 2541 juvat
1220 2470 1437 2524 illarum
1463 2470 1792 2540 catalogum.
1825 2468 2029 2523 Ponta-

441 2581 541 2621 cus
570 2581 788 2636 quoque
813 2565 916 2621 sub
963 2564 1126 2619 ﬁnem
1195 2563 1498 2633 Apparatus
1549 2563 1829 2618 recensuit
1869 2560 2023 2615 codd.

443 2657 644 2727 quibus
672 2671 807 2711 usus
834 2663 943 2721 est,
994 2654 1371 2725 plurimasque
1416 2653 1686 2708 editiones
1716 2650 1812 2724 (b).
1868 2649 2027 2706 Prin-

441 2765 568 2821 ceps
598 2749 790 2817 editio,
814 2764 937 2820 quae
971 2748 1133 2803 etiam
1173 2747 1484 2802 custoditur
1512 2745 1567 2802 in
1590 2745 1723 2801 bibl.
1778 2745 2023 2801 academ.

441 2841 786 2913 Erlangensi,
818 2848 902 2897 est
925 2840 1044 2896 sine
1076 2841 1259 2907 titulo,
1309 2848 1440 2894 nota
1468 2839 1596 2893 anni
1626 2838 1862 2910 locique,
1906 2838 2027 2895 sine

440 2934 610 3005 virgis
649 2942 703 2987 et
730 2932 949 2988 lineolis
979 2932 1334 3000 transversis,
1367 2932 1425 2985 in
1448 2932 1498 2986 4.
1535 2930 1618 2984 Ah
1647 2931 1815 2985 altera
1862 2929 2025 3000 primi

445 3025 559 3081 folii
596 3034 752 3097 parte
784 3032 910 3080 sunt
933 3025 1038 3079 tria
1074 3024 1308 3080 editoris
1338 3023 1555 3079 Boninii
1586 3023 1884 3078 Mombritii
1912 3024 2028 3094 epi-

443 3126 767 3187 grammata,
800 3134 864 3171 ex
887 3133 1122 3187 quorum
1167 3117 1345 3187 primo
1382 3124 1610 3187 apparet
1662 3130 1824 3186 Opus,
1879 3115 2023 3185 quod

440 3210 685 3264 continet
718 3207 1015 3264 Chronicon
1041 3208 1254 3263 Eusebii
1298 3225 1331 3262 a
1366 3207 1424 3264 S.
1478 3206 1803 3278 Hieronymo
1836 3205 2053 3260 Lati-ne-

436 3318 669 3364 versum,
705 3301 774 3355 ab
803 3298 993 3355 eodem
1022 3310 1077 3354 et
1102 3299 1374 3371 Prospero
1398 3298 1715 3354 Britannico
1745 3298 2026 3352 Matthmo—

438 3408 552 3461 que
576 3391 846 3447 Palmerio
883 3392 1286 3457 continuatum,
1309 3407 1436 3448 esse
1463 3406 1727 3447 excusum
1762 3405 1858 3460 per
1890 3389 2023 3443 Phi-

436 3484 650 3554 lippum
711 3481 1012 3538 Lavanium
1072 3482 1384 3554 (Mediolani
1449 3483 1596 3538 circa
1656 3496 1788 3535 ann.
1841 3480 2022 3535 1475).

443 3574 611 3628 Plura
634 3573 702 3629 de
716 3574 819 3628 hac
842 3574 973 3629 edit.
992 3591 1043 3628 ν.
1074 3573 1219 3644 apud
1241 3571 1578 3643 Hamberger
1598 3571 1794 3627 zurerl.
1820 3570 2022 3625 Nachr.

439 3663 508 3727 11,
536 3680 588 3734 p.
625 3664 717 3732 70;
750 3664 1018 3720 Clement.
1045 3664 1301 3720 Biblioth.
1343 3661 1485 3727 V111,
1518 3679 1571 3733 p.
1628 3663 1732 3717 170
1792 3678 1936 3732 seq.,
1971 3671 2027 3715 et

442 3771 584 3827 quos
601 3756 818 3812 laudavi
840 3756 895 3810 in
924 3752 1202 3810 Introduc.
1220 3752 1258 3808 1.
1278 3767 1494 3830 c.,pag.
1508 3757 1633 3816 218.
1650 3754 1793 3811 Add.
1818 3753 2029 3809 Panzer

444 3846 512 3901 Α.
552 3844 614 3900 T.
646 3843 688 3898 Il
715 3883 731 3909 ,
766 3860 888 3916 pag.
918 3844 1007 3900 94.
1356 3838 1359 3839 ⁷

516 3934 734 3991 Eusebii
766 3934 1084 3999 Chronicon,
1136 3934 1200 3988 ab
1224 3933 1548 4005 Hieronymo
1568 3933 1761 3989 Latine
1791 3950 2024 3999 uersum,

440 4028 510 4083 ab
532 4027 712 4082 eodem
740 4034 789 4082 et
818 4045 850 4081 a
874 4027 1138 4099 Prospero
1158 4038 1209 4082 et
1237 4025 1493 4080 Ματαιωο
1526 4026 1820 4093 Palmerio,
1854 4029 2027 4084 conti~

445 4128 690 4186 nuatum,
721 4134 786 4174 ex
812 4118 1074 4174 editionet
1106 4135 1224 4173 cum
1253 4117 1496 4172 Mattltite
1530 4116 1791 4173 Palmerii
1817 4121 2027 4189 supple-

444 4221 639 4268 mento.
668 4210 729 4266 In
762 4210 866 4265 line
896 4211 1064 4265 rubro
1082 4210 1142 4266 C.
1180 4209 1415 4266 Joannes
1457 4209 1693 4265 Lucilius
1746 4210 2025 4282 Hippoda-

445 4320 562 4357 mus
585 4303 725 4374 (sive
754 4301 1070 4374 Santritter)
1106 4300 1520 4357 Helbronnensis
1561 4302 1747 4357 lectori
1796 4304 2025 4358 salutem

446 4394 719 4464 (sequitur
764 4393 1102 4464 epigramma
1159 4393 1336 4448 tribus
1403 4401 1664 4449 constans
1724 4394 2023 4468 distichis).

450 4483 723 4539 Erltardus
753 4482 996 4550 Raldolt,
1023 4483 1390 4554 Augustensis,
1411 4515 1483 4524 —
1509 4484 1755 4553 plurimis
1797 4486 2026 4558 undique

2132 2013 2312 2081 plura,
2344 2027 2462 2081 qua:
2494 2009 2564 2063 ad
2594 2010 2704 2064 lucc
2742 2024 2906 2080 usque
2958 2016 3194 2076 tempora
3241 2005 3525 2062 subsecuta
3570 2014 3718 2070 sunt,

2133 2105 2391 2175 adjecere.
2436 2102 2602 2159 Henr.
2638 2101 2973 2172 Stephanus.
3010 2099 3069 2155 1n
3098 2100 3205 2155 ﬁne
3236 2118 3251 2155 :
3291 2097 3610 2154 Absolutum
3638 2107 3717 2152 est

2132 2200 2189 2252 in
2219 2198 2364 2253 alma
2382 2196 2864 2252 Parisiorum—
2888 2209 2981 2264 per
3009 2192 3178 2248 Henr.
3204 2192 3541 2263 Stephanum
3559 2219 3628 2230 ι-
3650 2191 3718 2245 il-

2133 2289 2238 2343 iius
2278 2287 2516 2341 maxima
2545 2301 2676 2340 cura
2702 2293 2753 2338 et
2785 2283 3065 2355 diligentia
3104 2300 3195 2338 nec
3250 2301 3355 2338 non
3401 2281 3637 2352 ejusdem
3667 2292 3716 2336 et

2132 2381 2323 2437 Jodoci
2352 2381 2515 2437 Badii
2549 2415 2618 2423 —
2644 2381 2885 2451 expensis
2919 2379 3078 2447 1512,
3111 2379 3167 2443 4,
3191 2380 3259 2435 de
3300 2395 3406 2450 qua
3445 2394 3572 2434 rara
3601 2379 3718 2435 edi-

2134 2476 2283 2530 tione
2314 2475 2471 2545 plura
2502 2473 2700 2543 scripsi
2761 2473 2817 2527 in
2865 2469 3168 2527 lntroduct.
3229 2472 3266 2525 l.
3307 2486 3382 2537 c.,
3435 2487 3557 2543 pag.
3610 2471 3717 2527 218

2132 2582 2276 2637 scq.,
2304 2577 2358 2625 et
2375 2572 2641 2630 Clement.
2673 2566 2711 2618 l.
2743 2580 2795 2620 c.
2823 2580 2948 2635 pag.
2968 2548 3079 2618 172
3117 2571 3260 2629 not.,
3290 2564 3382 2634 qui
3410 2571 3607 2634 prater
3651 2578 3718 2619 ea

2132 2659 2337 2714 ibidem
2367 2657 2557 2712 multis
2595 2664 2848 2712 recenset
2880 2656 3169 2726 repetitam
3199 2663 3254 2712 et
3290 2660 3344 2709 in
3388 2657 3578 2727 paucis
3602 2662 3720 2710 tan-

2129 2758 2245 2803 tum
2269 2749 2542 2805 diversam
2568 2746 2831 2819 Stephani
2860 2748 2994 2803 edit.
3027 2746 3205 2801 Paris.
3224 2746 3384 2808 1518,
3412 2746 3466 2801 1.
3489 2745 3636 2801 Idem
3660 2753 3716 2801 et

2129 2841 2360 2915 Freytag
2381 2843 2436 2897 in
2478 2841 2737 2912 Apparat‘.
2766 2841 2870 2896 litt.
2901 2840 2991 2906 111,
3024 2840 3285 2912 pag.575,
3319 2840 3566 2896 referunt
3583 2840 3714 2897 edit.

2129 2933 2497 2989 Basileensem
2537 2934 2681 3006 (quae
2702 2934 2870 2989 etiam
2896 2948 3064 3004 penes
3084 2948 3172 2988 me
3200 2932 3306 3005 est)
3326 2948 3393 2988 ex
3412 2933 3536 2988 edd.
3582 2930 3708 2987 Ste-

2128 3027 2294 3097 phan.
2326 3025 2570 3091 ductam,
2602 3032 2950 3095 auctamque,
3016 3031 3181 3095 atque
3228 3025 3591 3096 inscriptam:
3632 3023 3716 3078 En

2127 3119 2317 3171 damus
2343 3115 2637 3171 Chronicon
2657 3116 2893 3170 divinum
2922 3116 3079 3187 plane
3098 3132 3228 3186 opus
3245 3116 3516 3170 eruditiss.
3536 3126 3720 3169 aucto-

2132 3225 2273 3274 rum,
2305 3209 2582 3277 repetitum
2609 3208 2673 3262 ab
2708 3210 2824 3278 ipso
2844 3207 3027 3262 mundi
3056 3209 3229 3276 initio,
3248 3209 3316 3262 ad
3335 3224 3530 3262 annum
3551 3224 3716 3278 usque

2056 3260 2098 3316 ο
2133 3260 2660 3372 sttuit-simne)
2704 3260 2913 3355 asa;
2943 3260 3542 3370 p.,..‘.,..iu'c...‘...p.
3579 3260 3714 3354 ius.

2129 3407 2353 3462 ronymo
2391 3391 2696 3460 interprete,
2746 3390 3057 3464 Hieronymi
3107 3391 3425 3463 presbyteri,
3464 3390 3718 3461 Prosperi

2130 3483 2457 3555 Aquitanici,
2484 3482 2543 3537 Μ
2549 3525 2563 3538 .
2579 3483 2787 3537 Aurelii
2818 3482 3128 3539 Cassiodori
3158 3486 3371 3555 patricii
3402 3483 3716 3539 RomJler-

2128 3579 2313 3632 manni
2335 3577 2593 3631 contracti
2618 3578 2823 3632 comitis
2856 3576 3147 3650 Veringen.,
3175 3578 3419 3636 Matt/tati
3448 3579 3708 3637 Palmerii
3741 3576 3747 3581 ’

2132 3668 2454 3733 Florentini,
2490 3667 2736 3725 Matthiae
2770 3668 3031 3725 Palmerii
3079 3670 3292 3736 Pisani,
3320 3670 3519 3739 partim
3559 3685 3714 3729 nunc

2131 3778 2165 3815 a
2197 3761 2347 3816 nobis
2377 3762 2643 3817 inventum
2669 3772 2718 3815 et
2740 3761 2962 3827 editum,
2986 3763 3183 3832 partim
3213 3780 3245 3817 a
3266 3762 3490 3829 mendis,
3523 3760 3713 3833 quibus

2131 3853 2728 3925 laborabat,plusquam
2757 3856 3001 3927 cuiquam
3019 3855 3219 3909 creditu
3243 3855 3402 3925 facile
3430 3864 3529 3918 est,
3560 3870 3711 3908 sum-

2130 3962 2215 3999 mo
2245 3945 2421 4000 studia
2448 3956 2497 4001 et
2528 3946 2807 4018 diligentia
2850 3956 3208 4016 repurgatum.
3244 3945 3472 4000 Basilea:
3518 3942 3707 3998 excud.

2130 4034 2297 4092 Henr.
2337 4036 2551 4103 Petrus,
2582 4055 2653 4092 m.
2688 4038 2892 4092 Martio
2917 4035 3248 4100 MDXXIX,
3284 4036 3638 4102 fol.,curante
3657 4046 3710 4091 et

2126 4130 2352 4200 prazfato
2380 4129 2471 4185 Jo.
2501 4129 2783 4186 Sichardo.

2199 4220 2352 4275 Alias
2378 4222 2650 4277 editiones
2672 4235 2803 4275 cum
2839 4221 2962 4275 aliis
2989 4219 3211 4275 Eusebii
3257 4222 3478 4292 scriptis
3507 4231 3561 4277 et
3580 4237 3707 4277 cum

2126 4312 2383 4384 Prosperi
2418 4329 2483 4368 ac
2507 4313 2744 4369 Matthaei
2784 4313 3040 4369 Palmerii
3075 4313 3336 4368 Chronico
3385 4321 3711 4369 enumerant

2128 4405 2405 4462 Pontacus
2457 4406 2573 4478 (qui
2625 4409 2711 4462 ed.
2748 4407 2911 4462 Basil.
2949 4406 3086 4461 1529
3120 4407 3276 4461 basin
3309 4421 3423 4462 suae
3458 4406 3606 4477 fecit)
3651 4407 3709 4461 in

2129 4499 2421 4566 Apparatu,
2457 4498 2560 4552 sub
2594 4496 2777 4566 ﬁnem,
2800 4496 2991 4552 Justus
3016 4495 3425 4553 Fontaninusin
3449 4496 3708 4553 Historia:

445 4578 767 4646 comparatis
800 4576 1186 4645 exemplaribus
1219 4574 1435 4631 Eusebii
1460 4576 1623 4631 libros
1647 4578 1922 4633 chronicos
1964 4596 2026 4633 ac

2135 4588 2361 4643 litterar.
2391 4589 2742 4659 Aquileiensis
2776 4591 2898 4645 libr.
2934 4589 3143 4661 (Romae
3179 4590 3337 4654 1712,
3368 4590 3446 4660 4),
3481 4606 3605 4662 pag.
3651 4592 3709 4658 5,

446 4669 677 4739 reliquas
696 4670 750 4722 in
782 4668 878 4722 hoc
917 4669 1179 4724 volumine
1237 4669 1302 4724 de
1360 4670 1678 4739 temporibus
1726 4670 2024 4727 additiones

460 4760 801 4829 —impress.'t
849 4758 1074 4815 Venetiis
1116 4779 1170 4815 a.
1238 4762 1431 4816 salutis
1480 4763 1640 4829 1485,
1678 4762 1865 4818 Idibus
1925 4763 2024 4819 Se-

448 4851 667 4922 ptembr.
692 4850 733 4905 E
757 4851 948 4922 primis
987 4860 1071 4908 est
1122 4853 1301 4915 libris,
1330 4854 1422 4924 qui
1457 4854 1640 4911 verbis
1672 4864 1728 4910 et
1778 4857 2026 4913 numeris

542 4964 892 5038 a)Clé[n_ent,
926 4964 1068 5019 Bibl.
1105 4968 1343 5021 curieuse
1396 4968 1523 5022 hist.
1567 4976 1617 5038 et
1684 4969 1829 5028 crit.,
1890 4977 2021 5024 tom.

447 5036 584 5100 VIII,
604 5053 660 5107 p.
682 5036 785 5090 178
832 5051 978 5105 sqq.,
1013 5038 1216 5107 multus
1240 5048 1325 5092 est
1349 5038 1415 5093 de
1444 5040 1545 5092 hac
1576 5037 1741 5093 Miraci
1763 5038 2023 5104 editione,

444 5106 948 5179 cujusqinscriptio
1003 5113 1087 5161 est
1124 5124 1139 5159 :
1179 5106 1373 5161 Rerum
1432 5117 1538 5162 toto
1584 5110 1707 5162 orbe
1756 5118 2027 5179 gestarum

447 5176 714 5249 Chronica
742 5176 1018 5249 a_Christo
1049 5186 1173 5249 nato
1209 5179 1278 5231 ad
1317 5190 1499 5233 nostra
1548 5195 1712 5249 usque
1758 5176 2021 5248 tempora.

448 5247 763 5300 Auctoribus
777 5245 1004 5319 Eusebio
1020 5278 1089 5319 έ-
1112 5247 1453 5319 Hieronymo,
1473 5280 1541 5288 ——
1554 5245 1845 5319 Sigeberto,
1870 5245 2027 5304 Bem-

449 5318 681 5370 blacensi
697 5318 973 5383 monacho,
994 5318 1262 5383 Anselmo,
1284 5316 1548 5373 Ge‘mblac.
1566 5316 1772 5384 abbate,
1792 5320 2026 5377 Auberto

448 5386 660 5452 Mirum,
695 5387 934 5460 Bruxell.
956 5390 1198 5460 aliisque.
1240 5389 1435 5445 Omnia
1466 5390 1534 5443 ad
1572 5393 1817 5459 antiquos
1862 5392 2018 5446 codd.

448 5474 575 5530 mss.
590 5458 783 5530 partim
800 5458 1130 5526 comparata,
1155 5462 1349 5530 partim
1379 5477 1516 5515 nunc
1531 5458 1759 5530 primum
1784 5464 1839 5515 in
1859 5461 2025 5516 lucem

446 5528 612 5581 edita.
649 5528 825 5596 Opera
852 5539 900 5582 et
933 5530 1108 5583 studio
1133 5528 1368 5598 ejusdem
1396 5528 1539 5585 Aub.‘
1560 5530 1760 5593 Mira’i,
1813 5534 2027 5586 canoni-

448 5603 523 5671 cis
556 5608 605 5671 et
638 5599 1245 5671 scholarcherntuerp.
1284 5602 1607 5670 Autuerpiw,
1663 5619 1750 5671 ap.
1800 5602 2019 5656 Hieron.

458 5668 1021 5742 Verdusjium,1608,
1054 5673 1108 5727 4.
1142 5671 1359 5726 Miraeus
1406 5668 1749 5742 potissimum
1802 5681 2024 5728 secutus

450 5746 535 5793 est
563 5739 618 5792 in
644 5738 881 5795 Eusebio
905 5741 1147 5796 codicem
1181 5738 1483 5797 initialibus
1518 5759 1564 5798 s.
1599 5743 1911 5799 uncialibus
1933 5744 2026 5796 Iit-

446 5808 582 5883 teris
615 5817 740 5865 ante
762 5820 1083 5883 annostum
1107 5812 1252 5883 inille
1286 5813 1408 5881 plus
1442 5814 1624 5883 minus
1686 5815 1896 5883 integre
1926 5813 2024 5868 de—

446 5879 734 5950 scriptum,
758 5888 811 5936 et
837 5897 900 5937 ex
929 5882 1237 5938 Amandino
1258 5879 1525 5938 scdalium
1547 5879 2025 5941 Benedictiuorum

2132 4688 2186 4737 et
2199 4677 2489 4744 Clement.,
2509 4677 2545 4732 1.
2562 4691 2639 4744 c.,
2657 4697 2839 4751 nemp.
2856 4683 3083 4739 Basileae
3109 4699 3219 4739 rec.
3244 4691 3330 4739 est
3351 4684 3600 4740 anteced.
3617 4684 3709 4744 ed.

2131 4769 2275 4839 apud
2307 4769 2472 4824 Henr.
2506 4770 2650 4825 Pctr.
2684 4772 2843 4839 1556,
2873 4772 3032 4840 151a,
3066 4772 3709 4844 1519(d),1559,1570,

2133 4862 2226 4917 fol.
2253 4892 2325 4902 —
2349 4861 2525 4919 Paris.
2556 4864 2699 4935 apud
2724 4865 2916 4920 Michel
2943 4865 3208 4920 Sonnium
3268 4866 3428 4931 1587,
3483 4866 3550 4939 (e)
3586 4866 3708 4936 lo|.,

2131 4972 2277 5048 apud
2312 4970 2539 5048 Nervios
2572 4972 2845 5048 coenobio.
2876 5004 2949 5048 -τ
2974 4973 3051 5031 De
3084 4974 3712 5048 utraque_$caligeriani

2130 5043 2368 5117 thesauri
2394 5043 2585 5117 editv.
2617 5043 3185 5117 eumdemﬂlemeutq
3208 5043 3260 5112 β.
3284 5045 3383 5117 176
3415 5043 3536 5117 sqq.

2204 5114 2279 5185 (b)
2304 5111 2431 5185 Xid.
2466 5112 2619 5167 Patr.
2642 5112 2772 5185 (Lat.
2806 5123 2844 5168 t.
2870 5113 3084 5177 XXVII,
3117 5111 3220 5169 col.
3256 5111 3517 5173 725-7462
3547 5118 3706 5172 Ent'r.

2201 5183 2403 5259 (c)_11i_c
2428 5199 2609 5259 annu‘s
2622 5184 2826 5240 diserte
2861 5200 3156 5256 expressus
3204 5197 3288 5259 est
3335 5192 3388 5240 in
3455 5191 3710 5259 exemplo

2128 5255 2273 5323 quOd
2298 5255 2514 5326 habeo:
2550 5255 2803 5326 gemens
2827 5255 3037 5324 contra,
3073 5258 3261 5312 nescio
3308 5272 3376 5311 an
3424 5275 3524 5326 per
3552 5255 3710 5316 erro-

2129 5340 2267 5386 rem,
2298 5324 2519 5393 scripsit
2548 5324 2757 5379 MDXII.

2204 5394 2283 5465 (ά)
2308 5392 2526 5449 Fabric.
2555 5397 2683 5448 olim
2718 5397 2769 5449 in
2793 5403 2921 5449 nota
2953 5396 3022 5450 ad
3048 5397 3106 5451 h.
3138 5398 3172 5450 Ι.
3198 5406 3251 5451 et
3282 5396 3549 5452 Fontanin
3577 5399 3712 5455 scri-

2128 5473 2350 5540 pserant
2383 5474 2565 5540 notam
2592 5481 2643 5520 a.
2684 5466 2969 5540 1518,7sed
3020 5466 3235 5521 dubitat
3273 5469 3560 5540 Clemens,
3614 5472 3708 5540 qui

2127 5535 2529 5608 exemplumad
2552 5551 2750 5608 manus
2781 5538 2991 5608 habuit,
3028 5545 3157 5591 nota
3191 5539 3409 5608 quidem
3462 5541 3589 5595 anni
3621 5535 3712 5595 de-

2129 5605 2403 5681 stitutum,
2440 5606 2496 5660 in
2519 5607 2681 5681 cujus
2710 5624 2853 5681 vero
2880 5607 3058 5681 fronte
3087 5605 3295 5681 diserte
3319 5610 3522 5681 di_citur
3576 5628 3709 5681 opus

2130 5673 2198 5726 ad
2221 5691 2427 5752 anitum
2444 5673 2606 5746 usque
2629 5677 2764 5752 hunc
2789 5677 3073 5752 Chri_sti:—
3097 5676 3150 5729 Μ
3160 5678 3341 5752 ΒΧῌ
3348 5678 3399 5733 Χ
3426 5673 3709 5752 continuu-

2130 5756 2260 5798 tum.
2303 5747 2366 5803 Et
2393 5745 2620 5801 Pontac.
2644 5748 2792 5803 dedit
2821 5763 2872 5803 a.
2904 5748 3059 5803 1519.
3292 5746 3307 5753 ’

2201 5815 2268 5886 (e)
2293 5801 2449 5871 llunc
2478 5801 2922 5872 annuminotavit
2941 5801 3238 5878 Fontanin.
3279 5819 3418 5878 Nota
3462 5838 3514 5877 a.
3566 5824 3701 5880 1581

2072 5960 2077 5963 Δ
2128 5901 2219 5958 ap.
2252 5887 2467 5945 Fabric.
2514 5890 2703 5947 forsan
2725 5898 2843 5946 erat
2867 5899 3144 5959 corrupta.
