4070 6392
296 298 348 351 l1
1774 286 2080 348 ΝΟἸΊΤΙΑ.
3493 284 3560 342 l8

291 425 396 465 cum
420 407 633 463 ueteris
662 405 902 464 Eusebii
948 405 1089 479 Opp.
1117 406 1188 464 de
1216 405 1344 477 "qua
1386 402 1580 459 ultima
1620 400 1753 458 edit.
1811 418 1865 457 ν.

1980 422 2019 476 ri
2050 420 2199 477 docti
2227 426 2511 485 notarunt,
2545 420 2718 489 ipsius
2741 417 3027 490 Scaligeri,
3053 417 3146 489 qui
3167 417 3315 472 illam
3337 432 3404 472 ex
3427 420 3562 474 scri-

291 503 494 560 Pontac.
538 498 724 554 Hann.

343 595 608 649 (la-terum
630 592 707 645 ob
738 591 1048 661 praclaras
1080 588 1430 644 accessiones
1458 596 1623 657 atque
1662 586 1871 641 doctis-

287 686 437 742 simas
465 690 630 739 notas
659 680 1127 752 frequentissime
1152 679 1208 733 in
1238 679 1494 734 manibus
1526 677 1870 733 eruditorum

288 787 515 835 versatur
539 778 720 832 alitio
771 776 1047 852 Scaligeri
1091 776 1191 848 (ιι),
1252 776 1423 830 altera
1490 773 1763 845 praecipue
1805 788 1871 828 ac

286 872 552 941 posthuma
566 869 1120 926 Amstelodamensis
1139 884 1193 923 a.
1214 867 1352 925 1658
1373 866 1467 923 fol.
1492 883 1613 938 qua:
1636 867 1873 921 Alexan-

290 964 361 1018 dri
390 963 516 1019 lori
537 962 938 1034 praefationem
958 970 1015 1017 et
1047 961 1312 1034 Scaligeri
1342 961 1772 1016 commentarios
1802 958 1871 1013 ad

292 1053 511 1108 Latinam
540 1051 889 1124 Hieronymi
918 1050 1426 1122 interpretationem
1448 1056 1503 1104 et
1547 1048 1735 1104 Graeca
1772 1047 1873 1102 Eu-

298 1144 410 1201 sebii
436 1144 773 1200 emendatos
801 1151 862 1200 et
920 1143 1081 1198 tertia
1140 1149 1298 1212 parte
1354 1142 1634 1197 auctiores
1681 1138 1869 1211 (quam

294 1240 423 1306 prior
444 1237 613 1291 editio
630 1234 820 1308 Lugd.
841 1235 962 1290 Bat.
998 1233 1164 1299 1606,
1189 1234 1310 1298 fol.,
1335 1233 1582 1299 exhibet,
1612 1240 1667 1288 et
1698 1232 1873 1288 libros

291 1338 388 1384 tres
422 1326 839 1399 Isagogicorum
898 1327 1247 1398 chronologia:
1306 1340 1569 1380 canonum
1621 1323 1870 1395 ejusdem

287 1418 529 1491 Scaligeri
578 1420 930 1490 subjunctos
988 1419 1201 1489 habet).
1231 1411 1495 1473 Chronico
1559 1414 1872 1472 Eusebiano

285 1512 514 1582 subjecta
537 1519 675 1567 sunt
706 1510 1062 1582 Hieronymi,
1089 1509 1158 1566 de
1184 1523 1295 1579 quo
1337 1507 1471 1572 dixi,
1523 1506 1871 1576 supplemen-

284 1612 385 1657 tum
410 1612 461 1657 et
487 1601 761 1672 Prosperi
800 1600 1027 1657 Tironis
1057 1599 1226 1673 (b)ab
1265 1599 1331 1653 A.
1357 1598 1422 1653 C.
1461 1598 1595 1662 379,
1637 1598 1727 1652 ubi
1768 1598 1869 1653 dc-

285 1696 367 1751 siit
385 1693 780 1766 Hieronymus,
816 1693 889 1748 ad
915 1708 969 1748 a.
1011 1691 1142 1759 444,
1190 1690 1430 1746 Victoris
1474 1688 1869 1745 Tunnunensis

286 1786 562 1843 Chronicou
583 1787 659 1842 ab
690 1800 749 1840 a.
787 1786 904 1842 445
922 1784 991 1840 ad
1014 1799 1066 1838 a.
1102 1782 1230 1849 565,
1274 1782 1503 1839 Joannis
1526 1783 1746 1839 abbatis
1780 1782 1869 1838 Bi-

289 1882 554 1936 clariensis
584 1881 660 1935 ab
694 1895 754 1934 a.
790 1879 902 1934 565
934 1894 1110 1949 usque
1142 1878 1210 1933 ad
1239 1864 1447 1933 annum
1505 1876 1746 1933 Mauritii
1778 1894 1869 1934 oc-

292 1980 478 2035 tarum,
506 1970 659 2025 A.C.
691 1969 845 2036 593;
900 1965 1062 2024 ldatii
1108 1968 1177 2023 ab
1223 1966 1289 2021 A.
1327 1966 1392 2022 C.
1431 1966 1556 2030 579,
1606 1965 1700 2020 ubi
1745 1964 1872 2020 Hie-

290 2079 529 2135 ronymus
553 2063 772 2119 desinit
799 2061 870 2116 ad
911 2060 1051 2127 428;
1093 2058 1392 2114 Marcellini
1421 2057 1639 2113 comitis
1696 2058 1765 2112 ab
1802 2056 1869 2112 A.

290 2156 346 2211 (Ξ.
371 2156 491 2219 579,
519 2155 593 2211 ad
624 2171 679 2209 a.
719 2154 856 2217 554,
880 2160 936 2208 et
957 2152 1159 2208 veteris
1192 2149 1484 2220 scriptoris
1534 2148 1649 2203 sive
1704 2148 1874 2204 inter-

290 2250 445 2318 prttis
471 2248 674 2303 incerti
708 2254 979 2315 excerpta
1003 2244 1199 2298 Latina
1222 2241 1609 2312 chronologica
1637 2258 1705 2298 ex
1727 2242 1876 2297 Afri-

291 2358 438 2403 tano,
470 2340 715 2397 Eusebio
729 2350 791 2395 et
820 2339 970 2401 aliis,
996 2338 1217 2407 vulgata
1236 2336 1473 2392 ecodice
1501 2336 1635 2391 bibl.
1669 2335 1873 2390 Putea-

291 2453 383 2493 nae.
434 2435 563 2491 Post
585 2435 710 2490 haec
741 2439 1060 2503 sequuntur
1095 2429 1299 2492 Graece,
1359 2445 1481 2501 qua:
1504 2426 1744 2495 Scaliger
1758 2425 1872 2480 vel-

297 2544 349 2584 ιιι
381 2530 692 2587 Eusebiana
722 2528 953 2598 collegit
985 2542 1051 2581 ac
1072 2524 1327 2597 digessit:
1348 2522 1619 2594 Anonymi
1646 2523 1875 2575 Ἐπιτο-

290 2621 365 2693 pit
384 2624 616 2694 χρόνων
651 2623 736 2694 (c)
796 2620 1071 2693 (διιτοηὶσὶ
1100 2618 1251 2673 Alex.
1274 2617 1353 2672 vel
1381 2614 1673 2670 Fastorum
1712 2613 1873 2671 Sicu-

297 2720 387 2774 lor.
413 2720 636 2774 nomine
665 2718 841 2790 vulgo
870 2717 1066 2783 venit),
1103 2714 1173 2770 ab
1199 2713 1407 2768 Adamo
1428 2711 1497 2767 ad
1533 2727 1734 2767 annum
1767 2711 1872 2769 lle-

298 2810 435 2864 raclii
466 2811 833 2874 vicesimum,
862 2809 928 2863 A.
960 2807 1023 2863 C.
1054 2806 1183 2871 629,
1207 2820 1276 2861 ex
1301 2804 1495 2861 codice
1536 2803 1608 2860 Is.
1661 2804 1873 2861 Casau-

303 2900 796 2973 boni;Nicephori,
828 2899 1178 2970 patriarchae,
1254 2898 1675 2968 χρονογραφία.
1711 2896 1873 2952 Deni-

302 3009 395 3064 que
438 2994 696 3064 sequitur
745 2991 996 3064 ἱστοριῶν
1055 2990 1344 3060 συναγωγή
1395 2997 1450 3045 et
1498 2989 1872 3060 Ὀλυμπιάδων

1975 512 2227 583 ptoribus
2255 513 2417 568 editis
2450 520 2503 569 et
2529 511 2751 568 ineditis
2781 511 3001 581 collegit
3027 525 3094 565 ac
3124 508 3376 580 digessit,
3396 510 3560 565 etiam

1974 604 2207 670 Latinis,
2241 620 2477 675 quorum
2500 604 2620 668 loca
2650 602 2839 659 Grzece
2861 602 3212 658 transtulitet
3239 601 3393 659 hisce
3445 603 3561 657 col-

1973 695 2239 752 lectaueis
2265 696 2517 751 inseruit.
2551 693 2722 749 FABR.

2045 786 2350 845 Vallarsius
2378 789 2537 845 novis
2558 789 2709 844 curis
2727 787 3062 844 recensitum
3094 786 3320 857 suisque
3345 792 3407 842 et
3421 786 3556 841 alio-

1974 894 2097 936 rum
2126 879 2606 936 observationibus
2633 880 2964 935 illustratum
3000 878 3297 934 Cltronicon
3320 875 3556 941 Eusebii,

1973 979 2108 1036 etc.,
2129 972 2351 1042 repetiit
2382 973 2438 1026 in
2466 986 2566 1026 sua
2599 969 2661 1026 Ι).
2688 970 3000 1041 Hieronymi
3031 968 3270 1040 Operum
3297 966 3557 1033 editione,

1973 1072 2120 1120 temo
2142 1063 2280 1127 Vlll,
2312 1063 2540 1136 Verona:
2569 1062 2728 1126 1740,
2752 1062 2847 1119 fol.
2876 1063 3018 1133 (quae
3040 1061 3208 1117 editio
3235 1076 3428 1117 recusa
3449 1068 3556 1126 est,

1972 1156 2125 1211 curis
2152 1155 2408 1212 Vallarsii
2438 1154 2844 1226 posterioribus
2874 1161 3071 1216 aucta,.
3096 1151 3291 1208 Venet.
3326 1150 3467 1208 i766
3487 1182 3557 1191 —

1977 1248 2140 1312 ηδε,
2173 1250 2208 1303 ιι
2239 1249 2336 1319 m.)

2046 1340 2267 1396 Eusebii
2296 1340 2596 1397 Chronicon
2621 1337 2812 1394 Latine
2837 1356 2870 1392 a
2903 1337 2971 1391 D.
3014 1337 3339 1407 Hieronymo
3379 1334 3557 1391 reddi-

1974 1443 2084 1489 tum
2108 1443 2158 1489 et
2183 1433 2252 1488 ad
2264 1450 2361 1488 sua
2374 1447 2537 1503 usque
2559 1443 2791 1502 tempora
2812 1430 3143 1500 perductum,
3169 1429 3375 1500 adjecta
3396 1431 3556 1484 etiam

1973 1524 2366 1578 continuatione
2396 1522 2650 1590 Prosperi
2678 1519 2956 1590 Aquitani.
2991 1518 3150 1573 Nunc
3165 1520 3395 1589 primum
3447 1522 3559 1575 col-

1971 1616 2186 1670 lectioni
2212 1613 2615 1684 Hieronymian.
2650 1610 2883 1680 Operam
2910 1610 3261 1673 adcensitum,
3318 1611 3566 1685 genuinis

1973 1708 2173 1764 Grtrcis
2198 1706 2508 1777 fragmentis
2533 1721 2598 1759 ea:
2628 1702 2851 1774 Georgio
2865 1701 3133 1774 Syncello,
3155 1701 3413 1758 Chronico
3436 1717 3558 1771 pas-

1973 1801 2135 1863 chali,
2163 1799 2420 1864 Cedreno,
2453 1797 2677 1868 aliisque
2716 1794 3020 1849 auctoribus
3055 1796 3334 1862 restitutis,
3358 1806 3408 1849 et
3440 1804 3559 1859 post

1973 1891 2198 1948 Arualdi
2232 1890 2480 1957 Pontaci,
2510 1887 2729 1959 Iosephi
2752 1887 3037 1959 Scaligeri,
3077 1897 3127 1943 et
3161 1887 3244 1944 Cl.
3280 1888 3557 1952 Salmasii,

1974 1993 2132 2056 atque
2152 1984 2384 2039 aliorum
2414 1982 2739 2037 recensiones
2757 1990 2806 2036 et
2822 1996 3001 2043 curas,
3032 1979 3201 2034 denuo
3231 1980 3299 2033 ad
3322 1997 3451 2037 mss.
3468 1997 3558 2035 co-

1972 2076 2114 2131 dices
2144 2075 2490 2147 castigatum,
2514 2074 2752 2145 notisque
2772 2071 3209 2127 luculentioribus
3236 2073 3559 2126 continenter

1972 2169 2326 2234 illustratum,
2359 2184 2520 2238 opera
2567 2175 2617 2221 et
2653 2165 2830 2220 studio
2860 2165 3128 2221 Dominici
3171 2165 3428 2220 Vallarsii
3454 2166 3559 2237 (to-

1972 2260 2139 2317 moll
2206 2260 2417 2316 addidit
2463 2258 2709 2329 integros
2751 2256 2981 2312 Pontaci
3043 2258 3455 2322 Comment.,et
3503 2256 3558 2311 in

1972 2352 2222 2424 Prolegg.
2253 2361 2387 2408 tom.
2426 2349 2445 2403 l
2474 2350 2542 2406 de
2563 2349 2689 2406 edd.
2721 2350 3012 2421 diligenter
3036 2348 3343 2421 disseruit).

2043 2444 2145 2500 Hic
2169 2455 2222 2501 et
2250 2444 2303 2498 in
2338 2442 2549 2515 praefat.
2595 2450 2650 2498 et
2687 2442 2744 2497 in
2778 2441 2924 2497 notis
2973 2456 3117 2512 saepe
3150 2448 3342 2496 contra
3380 2436 3559 2494 Scali-

1973 2549 2163 2606 gerum
2192 2532 2458 2604 disputat.
2487 2531 2554 2587 At
2578 2545 2890 2603 quanquam
2920 2532 3178 2602 praeclare
3203 2532 3270 2587 de
3295 2531 3561 2587 Eusebio-

1973 2625 2402 2698 Hieronymiano
2432 2625 2725 2689 Chronico,
2770 2631 2977 2690 tamen,
3013 2623 3160 2695 quod
3190 2624 3246 2678 in
3278 2625 3373 2679 tali
3397 2639 3561 2695 opere

1974 2719 2303 2790 negotioque
2333 2732 2433 2773 nec
2456 2717 2766 2772 mirandum
2804 2722 2913 2781 est,
2950 2732 3051 2771 nec
3073 2715 3428 2784 culpandum,
3449 2732 3567 2771 non

1975 2812 2157 2866 omnia
2189 2809 2434 2882 perfecit.
2473 2807 2614 2864 Hinc
2650 2808 3016 2881 Hieronymus
3042 2808 3109 2864 de
3128 2806 3316 2875 Prato,
3340 2809 3437 2865 lib.
3462 2809 3557 2865 cit.

1975 2917 2098 2973 pag.
2123 2901 2249 2966 4‘23,
2276 2899 2427 2956 dedit
2479 2899 2701 2955 Eusebii
2746 2898 2935 2955 Graeca
2962 2898 3209 2971 quazdam
3255 2899 3565 2972 fragmenta

1975 3010 2042 3050 ex
2069 2993 2191 3064 ejus
2222 2994 2298 3047 De
2326 2992 2645 3062 temporibus
2677 2993 2820 3047 libro
2852 2992 3031 3063 primo
3062 2992 3342 3063 (excerpta
3374 2993 3505 3047 olim
3530 3009 3559 3047 a

305 3087 598 3159 ἀναγραφή,
632 3101 759 3141 non
791 3085 993 3141 veteris
1020 3083 1329 3154 scriptoris,
1354 3082 1472 3149 sed,
1504 3090 1564 3137 ut
1592 3090 1742 3139 recte
1787 3084 1869 3138 vi-
1897 3099 1942 3157 (ι
1972 3086 2207 3158 Georgio
2239 3085 2534 3158 Syncello),
2567 3101 2699 3139 nova
2721 3084 3172 3155 interpretatione,
3198 3085 3337 3139 notis
3367 3093 3418 3139 et
3448 3086 3545 3139 ob-

364 3237 437 3309 (a)
472 3236 828 3309 Recensgtur
854 3251 885 3290 a
918 3232 1329 3309 Lahbeo_tom._l
1355 3235 1638 3309 Descript.
1666 3236 1877 3309 eccles.,

306 3305 1227 3393 pag.'301,_et-Tliom;‘lttigio‘lib.
1268 3306 1359 3393 De;
1391 3306 1714 3393 bibliothecis
1764 3305 1875 3393 Plu.-

309 3376 452 3441 inim,
488 3396 540 3448 p.
567 3377 685 3434 745
713 3394 831 3447 seq.
864 3376 1293 3432 Emendationes
1325 3376 1581 3430 Salmasii
1617 3391 1684 3430 ex
1714 3377 1875 3431 codd.

307 3448 549 3527 l_’alatin_is
571 3466 632 3527 ιγ
665 3465 798 3504 cum
855 3447 1029 3527 Eonr.
1072 3445 1235 3527 “Sani.
1305 3446 1771 3527 Schurtallcischii
1811 3448 1878 3527 ad

310 3520 509 3574 Eusebii
560 3520 772 3575 Chron.
830 3518 1308 3574 observationibus
1370 3516 1541 3571 edidit
1589 3516 1757 3572 frater
1805 3517 1878 3572 D.

313 3589 464 3645 llenr.
494 3589 865 3645 Leonhardus
920 3586 1454 3649 Schurtzfleischius,
1489 3585 1689 3642 Witeb.
1722 3587 1879 3651 l7l‘2,

312 3661 341 3733 ᾇ
374 3660 477 3733 [ed.
499 3676 552 3733 ~n
586 3660 899 3733 correctior
920 3664 1221 3733 etpaccess.
1259 3658 1624 3733 supplementi
1670 3659 1883 3733 auctior

314 3728 436 3814 lenae
463 3731 630 3815 1715,
656 3731 721 3804 4]
751 3733 806 3784 in
838 3729 1032 3815 notitia
1051 3729 1370 3815 principalis
1403 3728 1748 3815 biblipthecze
1784 3728 1881 3815 Vi-

316 3803 588 3883 nariensis,
618 3805 681 3857 in
706 3798 876 3872 quam
904 3798 1071 3881 editio
1118 3799 1294 3883 Lugd.
1326 3799 1441 3879 Eat.
1504 3798 1666 3861 1606,
1715 3814 1881 3881 manu

317 3870 1073 3951 _Salmasri__notala,peryentt
1114 3886 1180 3924 ex
1217 3870 1583 3951 bibliotheca“
1601 3868 1871 3951 Qudtana.

319 3943 446 3998 Inter
467 3945 692 3999 codices
709 3938 969 3997 ls.V’ossii
995 3955 1118 3994 cum
1145 3955 1280 3994 mss.
1299 3940 1528 3994 collatos
1544 3938 1883 3994 Colomesius

320 4028 368 4066 ιι.
402 4014 426 4066 1
457 4021 731 4069 memorat
757 4012 1054 4068 Chronicon
1075 4009 1445 4065 Eusebianum
1471 4010 1730 4064 editionis
1750 4008 1884 4064 Sca-

321 4084 594 4155 ligeriana,
607 4084 757 4155 quod
776 4096 901 4138 cum
919 4097 1047 4136 mss.
1067 4081 1637 4155 commisitllorlielius
1654 4078 1882 4155 Tollius.

322 4150 542 4209 Bochelli
563 4150 870 4211 observatt.
887 4168 1023 4206 mss.
1041 4151 1333 4206 chronicas
1355 4150 1422 4204 ad
1442 4150 1735 4206 Eusebium
1764 4153 1884 4205 lau-

324 4222 789 4296 datBerneggerus
806 4224 875 4278 ad
903 4222 1101 4296 Justini
1122 4223 1241 4296 libr.
1264 4237 1554 4296 rvuncap.
1574 4222 1625 4275 6.
1645 4220 1888 4296 Finit,—

326 4292 464 4350 Prior
481 4292 670 4366 operis
690 4293 1241 4366 Scaligeriani‘editio
1270 4292 1566 4366 inscripta
1593 4298 1717 4366 est;
1749 4292 1887 4347 The-

328 4382 497 4421 ssarus
520 4362 865 4435 temporum:
901 4362 1116 4435 Eusebii
1134 4362 1401 4435 Pamphili
1427 4391 1492 4435 ὴ-
1516 4362 1885 4435 chronicorum

1981 3242 2407 3305 observationes,
2421 3240 2678 3300 reddidit.
2694 3241 2899 3298 Praeter
2912 3257 2975 3298 ea
2989 3242 3396 3309 animadvertit,
3416 3257 3557 3309 opus

1982 3314 2203 3384 quidem
2240 3329 2270 3368 a
2290 3312 2477 3384 multis
2498 3309 2611 3384 νγ.
2634 3315 2741 3369 DD.
2764 3316 2914 3367 recte
2936 3326 3061 3367 esse
3086 3310 3367 3384 laudatum
3391 3330 3405 3377 ;
3440 3309 3556 3384 [tu-

1983 3380 2198 3455 pertum
2226 3390 2409 3455 tamen
2441 3382 2498 3436 in
2530 3380 2682 3455 0bs_s.
2716 3384 2770 3455 in
2812 3397 3023 3455 synops.
3080 3382 3274 3435 minor.
3320 3380 3554 3444 Besoldi,

1983 3449 2034 3525 ᾗ).
2069 3453 2196 3516 578,
2240 3452 2554 3525 adnotasse,
2615 3449 2951 3525 Scaligerum
3004 3451 3062 3525 in
3113 3460 3414 3525 senectute,
3444 3467 3559 3505 mc—

1984 3522 2155 3578 inoria
2176 3538 2275 3578 sua
2307 3522 2525 3586 fretum,
2567 3538 2674 3576 non
2706 3522 2976 3576 consultis
3005 3522 3215 3582 diutius
3254 3522 3430 3584 libris,
3474 3537 3559 3573 ca-

1985 3594 2129 3647 lamo
2159 3608 2317 3648 usum
2348 3609 2491 3655 esse,
2527 3604 2689 3662 atque
2709 3592 2789 3645 sic
2821 3592 2983 3645 etiam
3013 3591 3067 3645 in
3092 3606 3257 3662 opere
3298 3591 3558 3647 Eusebia-

1983 3680 2057 3718 no
2091 3665 2291 3717 multas
2317 3660 2662 3718 commisisse
2685 3660 3159 3717 hallucinationes.
3184 3660 3354 3716 Multo
3377 3663 3569 3718 acrius

1979 3734 2249 3804 judicavit
2276 3733 2641 3805 Hieronymus
2674 3731 2741 3787 de
2770 3731 2937 3787 Prato
2978 3732 3034 3805 in
3061 3731 3204 3805 Diss:
3236 3732 3300 3786 de
3332 3731 3557 3787 Chroni-

1984 3802 2060 3859 cis
2092 3805 2269 3867 libris,
2290 3802 2821 3874 Asupra'memorata,
2854 3819 2908 3872 p.
2937 3803 3064 3864 559,
3101 3804 3167 3857 de
3190 3802 3295 3857 hoc
3315 3818 3479 3871 opere
3499 3814 3558 3857 et

1980 3875 2247 3942 jactantia
2281 3872 2568 3944 Scaligeri,
2617 3889 2779 3943 quem
2840 3874 3159 3943 pronuntiat
3211 3875 3449 3943 pessime
3492 3875 3560 3929 de

1987 3945 2222 4000 Eusebio
2279 3961 2403 4001 esse
2458 3944 2733 4009 meritum,
2769 3944 2950 4013 eique
2994 3945 3195 3999 multos
3248 3944 3455 3999 alienos
3505 3953 3561 3999 ct

1986 4017 2326 4071 adulterinos
2348 4016 2702 4085 supposuisse
2756 4012 2919 4069 fetus.
2952 4012 3196 4084 Longam
3244 4023 3299 4069 et
3341 4029 3557 4085 gravem

1986 4100 2274 4141 censuram
2309 4086 2581 4153 excerpsit
2602 4084 2849 4140 Clément
2882 4086 2913 4140 Ι.
2942 4101 2991 4141 c.
3022 4101 3146 4155 pag.
3175 4085 3281 4141 180
3343 4084 3428 4154 Sq.
3468 4085 3559 4139 ubi

1987 4172 2016 4210 a
2046 4172 2167 4227 pag.
2197 4155 2298 4210 176
2327 4164 2381 4211 et
2403 4157 2641 4226 priorem
2679 4164 2733 4209 et
2756 4156 3335 4227 posterioremroperis
3386 4156 3560 4210 Scali-

2022 4226 2191 4281 eriani
2220 4228 2349 4282 edit.
2376 4226 2598 4296 copiose
2630 4228 2925 4286 recensuit,
2956 4226 3275 4296 notavitque
3315 4240 3561 4281 errorem

2022 4242 2191 4281 ertanl
2220 4242 2349 4282 edit.
2376 4242 2598 4296 copiose
2630 4242 2925 4286 recensuu,
2956 4242 3275 4296 nutantque
3315 4242 3561 4281 errorem

1986 4242 2075 4355 go.
2109 4297 2277 4352 Henr.
2307 4296 2634 4367 Hottingeri,
2659 4296 2752 4367 qui
2772 4297 2841 4367 _in
2882 4296 3295 4351 Bibliothecario
3344 4296 3561 4367 quadri-

1990 4369 2208 4437 partito,
2241 4384 2295 4439 p.
2327 4367 2454 4435 515,
2485 4365 3022 4439 confuditScaligeri
3051 4383 3199 4439 opus
3215 4367 3291 4439 De
3317 4365 3561 4420 emenda-

331 4451 565 4509 c_anonum
598 4432 918 4509 omnimodis
954 4434 1190 4509 historia:
1239 4433 1361 4486 libri
1426 4432 1553 4509 duo,
1612 4434 1889 4509 interprete
1921 4484 1965 4509 ἢ
1990 4432 2134 4509 tione
2163 4432 2449 4509 temporum
2480 4438 2678 4497 (Paris.
2712 4438 2869 4501 1585,
2895 4432 3270 4499 Eadm—1598,
3296 4444 3350 4491 et
3376 4452 3441 4491 ex
3470 4452 3562 4491 au—

336 4503 657 4579 ﬂieronqu,
690 4523 755 4563 ex
775 4507 881 4576 ﬁde
908 4505 1384 4579 vetustissimorum
1410 4504 1646 4579 codicum
1668 4484 1891 4579 castiga-
1920 4484 1966 4541 θ
1992 4508 2160 4579 ctoris
2206 4484 2413 4579 ipsius"
2433 4484 2578 4567 insto
2623 4484 2978 4579 emendatius
2997 4484 3325 4579 “magnaqne
3351 4577 3363 4579 _
3381 4523 3563 4562 acces—

334 4579 385 4630 ti.
410 4573 539 4632 Item
562 4573 806 4633 auctores
841 4592 1018 4631 omnes
1046 4574 1298 4629 derelicta
1330 4573 1395 4626 ab
1420 4573 1645 4627 Eusebio
1666 4583 1715 4627 et
1760 4575 1890 4629 Ilie-

332 4663 529 4719 ronytno
552 4651 945 4704 continuantes.
981 4644 1227 4715 Ejusdem
1254 4644 1889 4712 Eusebiiutriusquepar-

334 4719 392 4770 tis
415 4720 777 4774 chronicorum
810 4733 1071 4772 canonum
1114 4716 1352 4784 reliquiae
1385 4713 1603 4779 σταται,
1631 4732 1747 4785 qua:
1776 4715 1888 4768 col-

335 4788 413 4858 ligi
434 4798 733 4858 potuerunt,
769 4790 989 4843 antehac
1016 4803 1118 4841 non
1158 4786 1345 4858 editae.
1399 4790 1678 4858 Operauac
1701 4785 1886 4858 studio

334 4855 687 4928 losephilusti
746 4859 1024 4928 Scaligeri.
1056 4889 1125 4898 —-
1151 4856 1400 4925 Ejusdem
1452 4855 1708 4926 Scaligeri
1748 4866 1887 4910 nota:

334 4938 375 4982 et
400 4927 759 5002 castigationes
764 4933 844 5002 _in
874 4927 1122 5002 Latinam
1152 4928 1464 5002 Hieronymi
1496 4927 1887 5002 interpretatio-7

336 4997 728 5058 Μασίστεω
752 5000 991 5055 Eusebii.
1046 4998 1296 5067 Ejusdem
1352 4997 1570 5064 Joseplti
1627 4998 1886 5068 Scaligeri

343 5068 713 5142 [sagogicorum
741 5070 1092 5142 chronologiat
1148 5083 1408 5142 canonum
1456 5068 1590 5142 libri
1631 5077 1766 5142 tres,
1811 5070 1880 5121 ad

342 5138 531 5224 Ιςειὲιὸὶὶ
555 5144 823 5224 Chronica
842 5152 892 5224 e't
921 5138 1218 5224 doctrinam
1240 5138 1305 5194 de
1351 5139 1885 5224 temporibusnadmo-

342 5212 447 5265 dum
500 5215 801 5269 necessarii.
853 5210 1023 5282 Lugd.
1065 5209 1209 5282 ABat.
1255 5226 1371 5282 egre.
1424 5209 1609 5282 Thom.
1652 5209 1880 5282 Bassion.

345 5295 510 5351 sumpt.
540 5285 916 5340 Commelinor.
938 5280 1105 5344 1606,
1137 5281 1229 5350 fol.
1259 5280 1412 5335 Hanc
1429 5281 1516 5334 ed.
1541 5281 1746 5351 minus
1777 5281 1885 5335 fre-

346 5349 826 5419 quentem'uberius
856 5349 1143 5409 recensuit
1163 5359 1218 5406 et
1237 5353 1405 5405 vitam
1442 5349 1759 5420 scriptaque
1786 5366 1882 5406 eo-

350 5437 448 5476 rum
472 5443 699 5495 quorum
737 5426 859 5479 libri
885 5427 937 5478 in
963 5424 1065 5477 hac
1078 5423 1395 5495 collectione
1414 5421 1884 5490 comprehendun-

348 5500 452 5566 tur,
465 5491 704 5566 exceptis
731 5496 982 5566 Eusebio,
990 5501 1163 5566 atque
1185 5491 1552 5566 Hieronymo,
1564 5502 1881 5566 persecutus

350 5564 508 5621 estlo.
557 5561 838 5623 Fabricius
874 5567 930 5620 in
957 5561 1198 5618 Historia
1226 5562 1351 5616 bibl.
1389 5561 1629 5624 Fabric.,
1660 5571 1770 5617 tom
1813 5561 1878 5626 ll,

353 5647 396 5699 μ.
425 5637 518 5691 375
548 5654 668 5711 sqq.
716 5638 887 5711 ldem‘
914 5633 1179 5711 quasdam
1226 5631 1762 5711 partimﬁonringii,
1812 5633 1880 5711 ad

355 5720 487 5771 quem
511 5701 649 5762 olir'n'
657 5707 917 5778 pertinuit
934 5701 1252 5773 exemplum
1266 5773 1276 5778 _
1290 5701 1613 5778 Fabricianu
1621 5701 1691 5755 nr
1704 5711 1758 5758 et
1785 5704 1880 5774 qui

358 5779 529 5843 passim
550 5773 728 5850 aliqua
756 5777 1109 5849 ascripserat,
1140 5773 1338 5845 partim
1380 5788 1509 5831 suas
1541 5773 1882 5841 aliorumque

1991 4578 2149 4633 sione
2174 4576 2413 4649 auctius,
2428 4586 2576 4649 etc"
2608 4576 2849 4634 Colonia:
2899 4576 3177 4649 Allobrog.
3235 4576 3396 4642 1629,
3439 4579 3559 4649 fol.)

1988 4664 2114 4704 cum
2144 4648 2388 4719 ejusdem
2423 4647 2690 4719 Thesauro
2715 4658 3029 4718 temporum,
3060 4647 3220 4719 cujus
3249 4650 3420 4704 altera
3441 4647 3561 4704 edi-'-

1989 4720 2068 4773 tio
2100 4718 2187 4775 est
2241 4719 2506 4788 inscripta
2545 4739 2558 4774 :
2592 4718 2893 4774 Tltesaurus
2950 4720 3562 4787 temporum.-—Editio

1989 4790 2179 4854 altera,
2204 4792 2257 4844 in
2286 4806 2389 4859 qua
2419 4789 2653 4858 ejusdem
2677 4788 2895 4859 Iosephi
2942 4790 3201 4862 Scaligeri
3264 4794 3424 4844 tertia
3448 4792 3564 4862 fere

1982 4872 2138 4929 parte
2166 4863 2426 4916 auctiores
2457 4872 2593 4915 noue
2613 4870 2662 4915 et
2691 4864 3064 4931 castigationes
3089 4861 3140 4915 in
3166 4861 3418 4915 Latinam
3436 4861 3554 4914 Ilie-

1987 4935 2193 5003 ronymi
2230 4933 2731 4999 interpretationem,
2767 4942 2817 4985 et
2851 4932 3037 4987 Graeca
3088 4931 3329 5003 Eusebii,
3376 4946 3550 5003 supre-

1988 5020 2074 5055 ma
2089 5000 2329 5056 'auctoris
2352 5018 2481 5055 cura
2510 5005 2817 5067 emendatae,
2848 5014 2952 5058 etc.
2974 5002 3264 5056 Amstelod.
3285 5018 3374 5071 ap.
3397 5000 3559 5055 Joan.

1984 5071 2331 5128 Janssonium
2369 5073 2529 5135 1658,
2590 5073 2685 5141 [οι.
2728 5075 2994 5135 Clement,
3040 5089 3092 5142 p.
3144 5073 3267 5137 179,
3315 5079 3470 5142 ιιοιιι
3497 5088 3562 5125 ex

1984 5144 2139 5198 Alex.
2175 5144 2310 5197 Mori
2337 5145 2545 5211 prtel'at.
2576 5144 2846 5213 quaedam,
2871 5159 2991 5213 qua:
3032 5141 3121 5213 ad,
3143 5143 3431 5213 historiam
3462 5141 3566 5196 hu-

1979 5213 2072 5283 jus
2096 5211 2654 5284 editionis‘auctior‘is
2678 5211 2976 5284 pertinent,
3003 5212 3278 5268 delibavit.
3313 5211 3489 5270 Ηιιιιι..

2057 5284 2131 5355 (b)
2158 5285 2316 5339 Conf.
2354 5281 2586 5341 Vallars.
2626 5281 2774 5355 l.ic.,
2794 5299 2848 5352 p.
2875 5300 3043 5338 xxvtn
3074 5299 3222 5353 sqq.,
3250 5289 3306 5339 et
3331 5284 3559 5338 Pontaci

1982 5352 2272 5437 Apparet...
2306 5371 2373 5437 _p.
2414 5355 2483 5437 ῃ
2526 5372 2650 5437 sqq.
2678 5352 2848 5437 "Ant.

2054 5426 2121 5497 (c)
2153 5427 2271 5479 Alia
2304 5424 2811 5497 brevior’Emcoph
2848 5426 3081 5493 χρόνων
3114 5426 3188 5497 ab
3237 5424 3446 5497 Adam_o
3476 5440 3562 5479 us-

1983 5493 2187 5566 quead
2208 5496 2459 5551 Alexium
2481 5495 2847 5559 Comnenum,
2875 5511 3038 5565 quam
3062 5496 3129 5549 ad
3148 5497 3351 5549 calcem
3390 5493 3563 5549 Zona-

1981 5582 2058 5621 τω
2075 5568 2247 5623 edidit
2278 5566 2539 5634 Cangius,
2576 5578 2629 5620 et
2659 5566 2715 5619 in
2759 5567 2918 5635 cujus
2971 5568 3129 5621 titulo
3167 5569 3394 5635 legitur:
3426 5566 3562 5618 Ταῦ-

1982 5641 2029 5690 τ’
2052 5637 2276 5706 ἱστορεῖ
2301 5640 2333 5690 ό
2360 5636 2718 5703 Καισαριεὺς
2758 5637 3071 5705 Ἐυσεὸιος
3093 5641 3124 5692 ό
3154 5635 3465 5706 Παμφίλου
3489 5639 3577 5696 ἐν-

1982 5707 2061 5774 τῷ
2084 5710 2270 5780 λόγῳ,
2297 5711 2363 5774 ὃς
2387 5706 2615 5775 ἐκλήθη
2641 5708 2988 5774 βασιλικός.
