4070 6392
474 421 545 477 15
1448 414 1789 472 EUSEBIUS
1827 411 2311 473 CASSARIENSIS
2350 410 2752 470 EPISCOPUS.
3667 415 3736 473 16

466 520 667 602 meum,
707 535 735 608 ᾗ
765 536 819 589 2.
854 535 1022 591 llenr.
1051 533 1303 591 Valesius
1328 548 1382 605 p.
1420 532 1487 588 10
1547 533 1615 589 ad
1650 533 1871 592 Eusebii
1893 533 2032 589 Hist.
2072 536 2114 592 Α
2143 530 2351 594 rubris,
2379 536 2439 584 ut
2455 508 2618 585 hodie
2643 529 2976 607 Kalendaria
3009 537 3202 587 nostra
3253 530 3453 595 solent,
3506 528 3734 588 fuerunt

466 628 876 685 vetustissimos
899 628 1122 683 codices
1150 627 1334 682 laudat
1381 626 1734 690 Acutianum,
1772 624 1942 695 Lipsii
1994 636 2048 681 et

466 716 677 774 Ortelii.
694 715 901 775 Laudat
916 735 1133 792 quoque
1152 717 1585 772 vetustissimam
1615 716 1911 773 editionem
1936 715 2049 772 Me-

465 811 846 866 diolanensem
871 853 887 880 ,
914 826 1080 882 quam
1113 827 1217 867 nec
1235 810 1516 866 Pontacus
1546 825 1650 866 nec
1701 809 1947 881 Scaliger
1966 808 2048 864 vi-

464 901 629 956 derit.
660 900 1148 957 Consuluittamen
1170 900 1445 956 Arnoldus
1475 899 1775 965 Pontacus,
1832 900 2043 969 episco-

464 1009 569 1063 pus
589 992 933 1061 Vasalcnsis,
977 1001 1176 1065 praeter
1212 993 1431 1048 codices
1472 1007 1587 1048 mss
1609 992 2047 1063 duodetriginta,

462 1086 733 1141 editiones
760 1094 909 1153 orto,
950 1094 1114 1157 atque
1140 1102 1208 1141 ex
1235 1086 1344 1141 illis
1375 1086 1695 1156 praeclaram
1725 1099 1883 1140 suam
1913 1098 2048 1139 con-

462 1179 727 1245 cinnavit,
753 1180 809 1233 in
836 1195 944 1251 qua
975 1181 1175 1234 mirum
1209 1179 1451 1235 studium
1507 1186 1672 1250 atque
1715 1178 2048 1233 industriam

462 1288 572 1326 non
597 1272 868 1328 dubitavit
890 1274 1053 1327 etiam
1090 1272 1334 1343 Scaliger
1374 1272 1537 1342 epist.
1582 1272 1706 1335 104,
1753 1286 1879 1342 pag.
1943 1268 2049 1324 572

463 1379 604 1434 seq.,
638 1372 802 1434 atque
826 1363 953 1421 alibi
972 1364 1250 1430 omnibus,
1281 1363 1538 1419 laudibus
1594 1362 1873 1433 prosequi,
1933 1361 2049 1415 edi-

459 1456 708 1526 torisque
758 1455 1089 1533 dpctrinam,
1135 1455 1450 1518 candorem,
1496 1454 1822 1509 modestiam
1861 1458 1917 1506 et
1964 1451 2050 1505 di-

461 1550 741 1623 ligentiam
773 1549 1073 1604 celebrare.
1114 1547 1179 1601 Et
1216 1549 1461 1603 omnium
1505 1546 1914 1602 correctissima
1951 1560 2049 1598 vo-

461 1651 618 1695 catur
644 1639 730 1697 Jo.
769 1639 982 1695 Morino
1005 1654 1130 1710 pag.
1159 1639 1264 1692 277
1299 1637 1491 1694 Exerc.
1544 1637 1671 1693 bibl.
1733 1636 2048 1706 Prodiitque

463 1734 608 1789 notis
629 1731 856 1787 Poulaci
890 1741 944 1788 et
977 1732 1433 1801 castigationibus
1464 1731 1735 1785 illustrata
1778 1743 1890 1783 una
1920 1741 2048 1782 cum

459 1825 719 1896 Prosperi
746 1823 1008 1879 Chronico
1043 1865 1058 1889 ,
1099 1824 1403 1896 Burdigalae
1443 1822 1601 1887 1604,
1640 1821 1760 1887 fol.,
1793 1819 1889 1877 sed
1918 1832 2045 1873 raro

2156 620 2432 694 impressi.
2468 619 2634 675 Plura
2680 620 2749 675 de
2794 620 2900 675 hac
2959 621 3048 677 ed.
3099 621 3372 676 dederunt
3418 618 3649 692 Freytag
3680 623 3736 678 in

2155 714 2422 769 Analectis
2453 714 2644 781 litter.,
2670 730 2794 786 pag.
2812 713 2911 770 521
2938 725 3147 786 sqq.,et
3167 716 3220 770 in
3241 713 3517 784 Apparatu
3545 712 3735 776 [itter..

2156 808 2324 880 lll,p.
2361 807 2789 875 731;Clement.
2828 808 2867 862 l.
2897 823 2948 863 c.
2989 824 3044 878 p.
3077 807 3174 862 171
3231 822 3350 877 sq.;
3410 803 3637 861 Fossius
3670 806 3739 862 de

2155 903 2259 957 hac
2286 912 2343 958 et
2375 901 2658 971 superiore
2702 899 2828 956 edd.
2864 900 2917 955 in
2962 900 3139 956 Catal.
3175 899 3336 955 codd.
3387 914 3516 956 saec.
3562 916 3629 955 xv
3680 901 3735 955 in

2154 995 2290 1050 bibl.
2324 992 2737 1066 Magliabecch.,
2768 998 2905 1048 tom.
2940 993 2982 1057 l,
3011 992 3192 1064 pag.6
3239 1008 3429 1063 seqq.;
3487 992 3735 1062 Theoph.

2157 1090 2370 1146 Sincer.
2404 1087 2460 1141 in
2478 1088 2618 1144 Bibl.
2636 1090 2762 1146 hist.
2777 1093 2898 1148 crit.
2923 1093 3183 1149 librorum
3239 1117 3309 1127 -—
3331 1086 3556 1151 rarior;,
3592 1074 3736 1156 part.

2157 1198 2243 1248 nr,
2266 1180 2457 1237 Norih.
2488 1179 2648 1243 1756,
2665 1180 2721 1242 8,
2745 1195 2870 1250 pag.
2906 1176 3010 1233 196
3033 1193 3212 1249 seqq.,
3248 1177 3338 1232 ubi
3365 1179 3588 1250 copiose
3621 1177 3739 1248 agi-

2156 1281 2246 1326 tur
2270 1272 2338 1327 de
2363 1272 2454 1326 illa
2476 1269 2634 1326 edit"
2655 1271 2724 1327 de
2751 1268 3011 1325 Chronico
3039 1268 3262 1325 Eusebii
3290 1277 3343 1324 et
3370 1285 3506 1323 num
3547 1270 3620 1324 sit
3653 1284 3740 1339 ge-

2156 1367 2407 1427 nuinum,
2442 1361 2589 1417 etde
2620 1360 2858 1415 Eusebio
2921 1362 3073 1429 ipso;
3107 1360 3310 1429 aliique
3365 1375 3396 1414 a
3441 1358 3627 1429 Zapﬁo
3681 1360 3737 1414 in

2155 1456 2463 1527 Augsburgs
2485 1453 3170 1525 Buchdruckergeschichte,
3204 1461 3358 1523 parte
3390 1469 3429 1517 1,
3462 1468 3583 1525 pag.
3609 1454 3734 1519 164,

2154 1555 2208 1601 et
2246 1563 2277 1600 a
2312 1547 2416 1600 cel.
2448 1544 2692 1600 Panzero
2727 1543 2815 1609 lll,
2842 1560 2962 1614 pag.
2995 1544 3121 1607 188,
3155 1544 3328 1599 citati.

2226 1638 2532 1693 Eusebii—
2563 1635 2884 1703 Chronicon,
2925 1636 3071 1706 quod
3112 1635 3469 1707 Hieronymus
3502 1633 3736 1689 —Lati—

2155 1749 2278 1786 num
2302 1731 2476 1801 facere
2498 1732 2702 1786 curavit
2746 1739 2797 1784 et
2827 1746 2993 1801 usque
3046 1731 3101 1784 in
3165 1729 3438 1785 Valentem
3467 1727 3737 1784 Caesarem

2154 1823 2394 1879 Romano
2425 1823 2865 1892 adieciteloquio.
2888 1822 2971 1876 Ad
2997 1839 3149 1893 quem
3172 1832 3222 1877 et
3252 1822 3480 1891 Prosper
3512 1831 3561 1876 et
3587 1819 3730 1873 Mat-

460 1918 623 1974 hodie
652 1919 975 1989 reperitur.’
990 1916 1177 1988 Neque
1206 1917 1386 1972 ubivis
1416 1915 1575 1971 obvia
1600 1916 1771 1970 altera
1814 1913 2043 1969 Auberti
2090 1916 2133 1974 B
2165 1918 2329 1973 tlueus
2355 1915 2677 1979 Palmerius,
2701 1917 2913 1970 demum
2943 1923 2994 1969 et
3022 1913 3221 1970 Joann.
3241 1913 3560 1969 Multivallis
3592 1929 3738 1966 cam-

462 2009 653 2076 Miraei,
676 2009 1037 2080 posteriorem
1065 2016 1277 2063 tantum
1308 2016 1521 2078 partem
1583 2023 1614 2061 a
1665 2005 1886 2062 Christo
1919 2015 2049 2061 nato

458 2104 744 2167 exhibens,
785 2102 1080 2172 additaque
1111 2102 1320 2157 habens
1351 2100 1619 2160 Chronica
1674 2098 1945 2171 Sigeberti
1993 2107 2048 2154 et

459 2194 702 2249 Anselmi
729 2192 1163 2253 Gemblacencis,
1196 2193 1474 2263 Antwerp.
1494 2191 1653 2255 1608,
1672 2190 1817 2262 4(a).
1847 2190 2049 2248 Confer

460 2286 697 2359 lttigium
742 2287 814 2340 De
845 2285 1172 2341 bibliothecis
1219 2284 1468 2345 Patrum,
1500 2301 1556 2355 p.
1591 2285 1714 2339 715.
1747 2284 1912 2338 ann.

540 2382 754 2439 Fabric.
773 2380 828 2433 in
848 2387 976 2433 nota
999 2378 1264 2449 quasdam
1297 2377 1601 2431 nominavit
1633 2377 1785 2444 edd.,
1808 2376 1904 2433 sed
1930 2377 2046 2447 ple-

460 2472 670 2527 niorem
699 2471 1033 2527 substituere
1054 2471 1211 2541 juvat
1239 2469 1455 2523 illarum
1482 2469 1811 2539 catalogum.
1844 2467 2047 2523 Ponta-

461 2580 560 2619 cus
589 2579 806 2635 quoque
832 2564 935 2620 sub
982 2562 1145 2618 linem
1214 2561 1517 2631 Apparatus
1569 2561 1848 2617 recensuit
1889 2558 2042 2614 codd.

462 2656 663 2726 quibus
691 2669 826 2710 usus
853 2662 961 2720 est,
1013 2653 1390 2724 plurimasque
1435 2651 1704 2707 editiones
1735 2649 1831 2722 (b).
1887 2649 2046 2705 Prin-

460 2764 586 2819 ceps
616 2748 808 2815 editio,
833 2763 955 2818 quae
990 2746 1152 2802 etiam
1191 2746 1504 2801 custoditur
1530 2744 1585 2801 in
1610 2744 1741 2800 bibl.
1797 2744 2042 2800 academ.

459 2840 804 2912 Erlangensi,
837 2839 1063 2895 estsine
1094 2838 1277 2907 titulo,
1328 2847 1458 2893 nota
1487 2838 1615 2893 anni
1645 2837 1880 2909 locique,
1925 2838 2046 2894 sine

459 2933 629 3004 virgis
667 2940 722 2986 et
749 2931 968 2987 lineolis
997 2931 1353 2998 transversis,
1386 2930 1444 2984 in
1467 2930 1517 2985 4.
1553 2929 1637 2983 Ah
1666 2930 1834 2984 altera
1881 2928 2043 2999 primi

463 3024 578 3079 folii
615 3031 770 3095 parte
802 3031 929 3078 sunt
951 3024 1056 3078 tria
1093 3023 1327 3079 editoris
1358 3022 1574 3077 Boninii
1606 3022 1903 3077 Mombritii
1930 3024 2047 3093 epi-

462 3125 787 3186 grammata,
820 3132 884 3170 ex
906 3131 1140 3186 quorum
1185 3115 1364 3186 primo
1401 3123 1628 3186 apparet
1681 3129 1843 3185 opus,
1898 3114 2042 3184 quod

459 3210 704 3262 continet
737 3205 1033 3263 Cltronicon
1060 3207 1273 3262 Eusebii
1317 3224 1350 3261 a
1385 3206 1443 3262 S.
1498 3206 1822 3277 Hieronymo
1855 3204 2072 3259 Lati‘ne’

458 3316 688 3363 versum,
725 3300 793 3354 ab
822 3298 1013 3354 eodem
1040 3309 1095 3354 et
1120 3297 1394 3369 Prospero
1417 3297 1734 3352 Britannico
1764 3297 2046 3351 Matthmo-

458 3406 571 3460 que
595 3390 865 3446 Palmerio
902 3391 1304 3456 continuatum,
1329 3406 1454 3447 esse
1481 3404 1745 3446 excusum
1781 3405 1877 3460 per
1908 3387 2042 3442 Phi-

454 3483 668 3552 lippum
730 3480 1031 3537 Lavanium
1091 3480 1403 3554 (Mediolani
1467 3481 1615 3538 circa
1675 3495 1807 3543 ann.
1860 3479 2041 3537 1475}.

462 3573 631 3627 Plura
653 3572 720 3628 de
736 3573 839 3628 hac
861 3573 991 3628 edit.
1011 3590 1061 3627 v.
1093 3572 1239 3643 apud
1261 3570 1597 3643 Hamberger
1617 3570 1813 3626 zurerl.
1837 3569 2040 3624 Nachr.

458 3662 528 3727 11,
555 3679 607 3734 p.
644 3664 736 3731 70;
769 3663 1036 3720 Clement.
1063 3663 1320 3719 Biblioth.
1362 3660 1503 3727 Vlll,
1536 3677 1589 3733 p.
1647 3662 1752 3717 170
1811 3677 1955 3732 seq.,
1990 3670 2046 3715 et

461 3770 604 3826 quos
620 3756 837 3812 laudavi
859 3756 914 3810 in
943 3752 1221 3809 Introduc.
1240 3752 1277 3806 l.
1296 3767 1372 3819 c.,
1388 3770 1513 3829 pag.
1526 3757 1652 3815 218.
1668 3753 1812 3810 Add.
1837 3752 2047 3809 Panzer

462 3846 530 3900 Α.
571 3843 633 3900 Τ.
664 3842 707 3897 ll
734 3883 750 3909 ,
785 3860 907 3915 pag.
936 3844 1025 3899 94.

534 3934 752 3990 Eusebii
784 3933 1102 3999 Chronicon,
1155 3934 1219 3987 ab
1242 3932 1566 4004 Hieronymo
1588 3932 1779 3988 Latine
1809 3950 2043 3999 versum,

458 4027 529 4081 ab
550 4026 731 4082 eodem
759 4034 808 4082 et
837 4044 868 4080 a
892 4025 1157 4098 Prospero
1177 4036 1227 4081 et
1255 4024 1511 4080 Mattiaco
1545 4025 1839 4092 Palmerio,
1872 4030 2046 4083 contiv

464 4128 708 4185 nuatum,
739 4133 804 4173 ex
831 4116 1093 4173 editionet
1124 4134 1243 4172 cum
1272 4116 1515 4171 Matthiae
1548 4115 1809 4172 Palmerii
1835 4121 2046 4189 supple-

462 4220 657 4267 mento.
686 4209 748 4265 In
780 4209 885 4264 line
915 4210 1082 4265 rubro
1101 4209 1161 4266 C.
1199 4209 1433 4265 Joannes
1475 4208 1712 4265 Lucilius
1764 4210 2043 4282 Hippoda-

463 4318 580 4356 mus
604 4301 745 4373 (sive
772 4300 1089 4373 Santritter)
1124 4301 1539 4357 Helbronnensis
1579 4301 1766 4357 lectori
1815 4304 2043 4358 salutem

465 4393 738 4464 (sequitur
782 4392 1120 4464 epigramma
1177 4393 1355 4449 tribus
1421 4401 1682 4449 constans
1743 4394 2042 4468 distichis).

469 4482 742 4538 li‘rhardus
771 4482 1015 4549 Raldolt,
1042 4483 1409 4554 Augustensis,
1430 4515 1501 4524 —
1528 4484 1774 4554 plurimis
1816 4486 2045 4558 undique

2151 2012 2330 2080 plura,
2363 2026 2480 2080 quae
2513 2008 2582 2062 ad
2612 2010 2724 2063 htec
2761 2023 2924 2079 usque
2977 2015 3213 2076 tempora
3259 2005 3544 2061 subsecuta
3588 2013 3736 2069 sunt,

2152 2103 2410 2173 adjecere.
2455 2101 2621 2158 Henr.
2657 2100 2991 2171 Stephanus.
3029 2098 3086 2154 In
3116 2100 3224 2154 line
3254 2117 3270 2154 :
3310 2097 3629 2153 Absolutum
3657 2106 3737 2151 est

2150 2199 2208 2251 in
2238 2196 2383 2252 alma
2401 2195 2883 2251 Parisiorum—
2907 2208 3000 2263 per
3029 2191 3196 2248 Henr.
3223 2191 3559 2262 Stephanum
3577 2218 3647 2230 -
3668 2190 3738 2244 il-

2152 2288 2257 2342 iius
2296 2286 2535 2340 maxima
2563 2301 2695 2339 cura
2722 2292 2771 2338 et
2805 2282 3085 2355 diligentia
3122 2299 3214 2338 nec
3268 2300 3374 2337 non
3420 2280 3656 2351 ejusdem
3686 2291 3735 2335 et

2150 2380 2342 2436 .Iodoci
2371 2379 2534 2436 Badii
2567 2414 2636 2423 -
2663 2380 2904 2450 expensis
2939 2378 3097 2446 1512,
3130 2378 3185 2443 4,
3209 2379 3278 2434 de
3318 2394 3425 2449 qua
3463 2394 3591 2433 rara
3620 2378 3737 2435 edi~

2153 2474 2301 2529 tione
2332 2474 2490 2544 plura
2521 2472 2719 2542 scripsi
2780 2472 2837 2526 in
2884 2468 3186 2526 lntroduct.
3247 2472 3285 2524 l.
3325 2485 3400 2537 c.,
3452 2486 3576 2542 pag.
3629 2470 3736 2526 218

2151 2581 2295 2636 seq.,
2322 2576 2377 2624 et
2393 2571 2660 2629 Clement.
2692 2565 2731 2618 ι.
2762 2578 2814 2619 c.
2842 2578 2967 2634 pag.
2986 2548 3098 2617 172
3136 2570 3279 2628 not.,
3308 2563 3401 2633 qui
3428 2570 3627 2633 praeter
3669 2577 3737 2618 ea

2151 2658 2355 2713 ibidem
2384 2656 2575 2711 multis
2614 2663 2867 2711 recenset
2898 2654 3187 2725 repetitam
3217 2662 3273 2710 et
3308 2659 3363 2709 in
3407 2657 3597 2726 paucis
3621 2662 3738 2709 tan-

2148 2757 2264 2803 tum
2287 2748 2560 2804 diversam
2587 2746 2849 2818 Stephani
2878 2747 3013 2803 edit.
3045 2745 3223 2801 Paris.
3242 2745 3402 2807 1518,
3430 2746 3486 2800 1.
3508 2745 3654 2801 Idem
3679 2752 3734 2800 et

2148 2841 2378 2914 Freytag
2399 2842 2455 2896 in
2496 2840 2755 2911 Apparet.
2785 2840 2889 2895 litt.
2920 2839 3009 2905 lli,
3043 2839 3304 2911 pag.575,
3338 2839 3585 2895 referunt
3602 2840 3733 2896 edit.

2148 2933 2514 2989 Basileensem
2556 2934 2700 3006 (quae
2720 2933 2889 2988 etiam
2915 2947 3083 3002 penes
3102 2947 3191 2987 me
3219 2932 3325 3004 est)
3345 2947 3412 2987 ex
3430 2932 3555 2987 edd.
3601 2930 3728 2986 Ste-

2147 3025 2312 3097 phan.
2344 3025 2589 3090 ductam,
2620 3031 2968 3094 auctamque,
3034 3030 3199 3094 atque
3247 3024 3569 3095 inscriptam
3597 3040 3610 3076 :
3650 3022 3735 3077 En

2146 3117 2335 3171 damus
2361 3114 2655 3170 Chronicon
2677 3116 2911 3170 divinum
2941 3114 3097 3186 plane
3116 3132 3247 3185 opus
3264 3115 3534 3169 eruditiss.
3555 3125 3738 3169 aucto-

2151 3224 2291 3273 rum,
2323 3209 2600 3276 repetitum
2628 3207 2692 3261 ab
2727 3210 2842 3277 ipso
2863 3206 3045 3261 mundi
3074 3208 3248 3275 initio,
3267 3209 3334 3261 ad
3353 3223 3548 3261 annum
3570 3223 3735 3277 usque

2075 3259 2116 3315 ο
2152 3259 2678 3372 sia-.mn.)
2722 3259 2931 3353 esse;
2961 3259 3560 3369 ps.',‘,;.‘,..iu'c‘...s.p.
3598 3259 3733 3353 ss;

2148 3406 2371 3461 ronymo
2409 3390 2715 3459 interprete,
2765 3389 3076 3463 Hieronymi
3125 3390 3443 3462 presbyteri,
3482 3389 3736 3461 Prosperi

2148 3483 2475 3554 Aquitanici,
2502 3481 2806 3537 M.Aurelii
2837 3482 3147 3538 Cassiodori
3177 3485 3390 3554 patricii
3421 3483 3734 3539 Ποπιλία-

2147 3578 2331 3631 manni
2354 3577 2611 3630 contracti
2636 3578 2842 3631 comitis
2874 3576 3165 3650 Veringen.,
3193 3577 3438 3635 Matt/iazi
3467 3578 3726 3637 Palmerii

2150 3668 2474 3734 Florentini,
2508 3667 2754 3724 Matthiae
2788 3667 3050 3724 Palmerii
3098 3669 3311 3735 Pisoni,
3338 3670 3538 3739 partim
3578 3685 3733 3728 .nunc

2150 3778 2184 3814 a
2216 3760 2366 3816 nobis
2396 3762 2661 3817 inventum
2687 3772 2738 3815 et
2758 3761 2980 3827 editum,
3004 3763 3201 3832 partim
3231 3779 3264 3816 a
3284 3761 3509 3828 mendis,
3541 3760 3731 3833 quibus

2150 3853 2746 3924 laborabat,plusquam
2775 3856 3020 3927 cuiquam
3037 3854 3238 3909 credita
3262 3854 3421 3924 facile
3448 3863 3548 3918 est,
3579 3870 3729 3908 sum-

2149 3962 2234 3999 mo
2264 3945 2440 4000 studio
2466 3957 2516 4001 et
2546 3946 2826 4018 diligentia
2868 3954 3227 4016 repurgatum.
3263 3944 3490 3999 Basilea:
3537 3942 3725 3998 excud.

2149 4034 2316 4091 Henr.
2355 4036 2569 4102 Petrus,
2600 4055 2672 4092 m.
2707 4037 2910 4093 Martio
2936 4035 3266 4100 MDXXIX,
3302 4035 3657 4101 fol.,curante
3675 4045 3728 4091 et

2145 4130 2370 4200 praefato
2399 4129 2490 4184 Jo.
2519 4128 2802 4186 Sichardo.

2219 4219 2370 4275 Alias
2397 4221 2668 4276 editiones
2691 4235 2822 4275 cum
2857 4220 2980 4274 aliis
3007 4217 3230 4275 Eusebii
3275 4221 3496 4292 scriptis
3525 4230 3579 4276 et
3598 4236 3725 4276 cum

2145 4312 2401 4384 Prosperi
2436 4328 2502 4368 ac
2527 4312 2763 4369 Matthaii
2802 4312 3058 4369 Palmerii
3094 4312 3354 4368 Chronico
3403 4320 3729 4369 enumerant

2147 4405 2424 4461 Pontacus
2475 4406 2591 4477 (qui
2643 4409 2728 4462 ed.
2766 4406 2929 4462 Basil.
2968 4406 3104 4461 1529
3138 4407 3295 4461 basin
3327 4421 3441 4461 suae
3476 4405 3626 4477 fecit)
3669 4406 3728 4461 in

2148 4498 2440 4566 Apparatu,
2476 4497 2578 4552 sub
2612 4496 2795 4565 linem,
2819 4495 3010 4552 Justus
3034 4494 3443 4553 Fontaninusin
3468 4496 3726 4553 Historia:

464 4577 785 4646 comparatis
819 4576 1205 4645 exemplaribus
1236 4574 1453 4631 Eusebii
1479 4577 1641 4631 libros
1665 4578 1940 4633 chronicos
1983 4596 2045 4633 ac

2153 4588 2379 4642 litterar.
2410 4589 2760 4659 Aquileiensis
2794 4591 2917 4644 libr.
2953 4588 3162 4661 (Romae
3197 4589 3357 4654 1742,
3387 4590 3465 4660 4),
3500 4606 3625 4663 pag.
3669 4592 3726 4658 5,

466 4668 696 4739 reliquas
714 4670 769 4722 in
800 4667 896 4722 hoc
936 4669 1198 4724 volumine
1256 4668 1321 4724 de
1379 4670 1696 4739 temporibus
1744 4671 2043 4727 additiones

479 4760 819 4829 —impress.'t
866 4758 1093 4815 Venetiis
1135 4779 1189 4816 a.
1256 4762 1450 4816 salutis
1499 4763 1658 4828 1485,
1696 4762 1884 4818 Idibus
1943 4763 2042 4819 Se-

467 4851 686 4922 ptembr.
711 4850 751 4904 E
776 4851 967 4922 primis
1006 4860 1091 4908 est
1142 4853 1320 4916 libris,
1349 4855 1442 4924 qui
1476 4854 1658 4911 verbis
1690 4864 1745 4911 et
1796 4856 2045 4913 numeris

536 4964 910 5089 (a)Clément,
944 4965 1087 5019 Bibl.
1124 4968 1362 5021 curieuse
1415 4968 1541 5021 hist.
1585 4976 1636 5021 et
1701 4969 1847 5028 crit.,
1909 4976 2040 5024 tom.

561 5036 600 5089 1.
622 5053 678 5089 ι).
700 5035 804 5089 178
851 5052 997 5089 sum.
1031 5038 1235 5089 multus
1259 5048 1343 5089 est
1368 5037 1434 5089 de
1462 5040 1563 5089 hac
1593 5037 1759 5089 Mirmi
1781 5038 2040 5089 editione.

466 5035 604 5099 Vlll,
622 5053 678 5107 ι).
700 5035 804 5090 178
851 5052 997 5106 sqq.,
1031 5038 1235 5107 multus
1259 5048 1343 5092 est
1368 5037 1434 5093 de
1462 5040 1563 5092 hac
1593 5037 1759 5093 Miraei
1781 5038 2041 5103 editione,

462 5105 966 5178 cujus—inscriptio
1022 5114 1157 5161 est:
1198 5105 1392 5160 Rerum
1450 5117 1557 5162 toto
1602 5110 1724 5162 orbe
1773 5118 2045 5178 gestarum

466 5177 733 5232 Chronica
760 5177 1037 5248 a_Chri_sto
1068 5186 1192 5248 nato
1227 5178 1296 5231 ad
1336 5189 1518 5232 nostra
1566 5194 1730 5248 usque
1777 5177 2039 5248 tempora.

467 5248 781 5319 Auctoribus
796 5245 1023 5319 Eusebio
1039 5278 1108 5286 —
1130 5247 1472 5319 Hieronymo,
1490 5280 1558 5288 --
1573 5245 1862 5319 Sigeberto,
1887 5245 2044 5304 Gem-

469 5317 699 5370 blacensi
716 5318 992 5382 monacho,
1012 5319 1280 5382 Ansclmo,
1303 5316 1567 5374 Gemblac.
1584 5316 1790 5384 abbate,
1810 5320 2044 5376 Auberto

468 5384 679 5451 Mirum,
714 5387 952 5461 Hruxell.
974 5389 1216 5460 aliisque.
1258 5390 1452 5445 Omnia
1483 5390 1552 5444 ad
1589 5393 1834 5461 antiquos
1880 5392 2036 5446 codd.

468 5472 594 5531 mss.
610 5457 801 5531 partim
819 5457 1149 5531 comparata,
1174 5461 1368 5531 partim
1397 5478 1534 5515 nunc
1549 5457 1777 5531 primum
1802 5465 1857 5516 in
1876 5461 2043 5517 lucem

467 5526 632 5580 edita.
669 5527 843 5595 Opera
870 5538 919 5581 et
951 5529 1127 5582 studio
1152 5526 1386 5597 ejusdem
1415 5526 1559 5586 Aubf
1579 5532 1778 5592 Mirari,
1831 5535 2044 5587 canoni-

468 5601 543 5671 cis
576 5606 625 5671 et
657 5597 1264 5671 scltolarch‘w‘Antuerp.
1304 5601 1625 5669 Antaei-pira,
1681 5619 1768 5671 ap.
1818 5603 2037 5657 Hieron.

480 5666 839 5740 Verdussium,
882 5669 1039 5730 1608,
1073 5672 1126 5725 4.
1162 5670 1378 5724 Mimans
1426 5666 1767 5740 potissimum
1819 5682 2042 5729 secutus

469 5744 556 5792 cst
583 5737 638 5790 in
664 5736 900 5794 Eusebio
924 5740 1166 5795 codicem
1199 5736 1502 5796 initialibus
1537 5758 1582 5798 s.
1617 5743 1929 5798 uncialibus
1951 5743 2043 5797 lit-

466 5808 602 5882 teris
634 5816 760 5863 ante
781 5819 1101 5882 annositum
1125 5811 1270 5882 mille
1306 5812 1427 5879 plus
1462 5813 1642 5882 minus
1703 5814 1914 5882 integre
1944 5812 2042 5867 de-

466 5878 754 5948 scriptum,
777 5886 831 5935 et
857 5895 919 5935 ex
948 5881 1255 5938 Amandino
1277 5878 1544 5937 sodalium
1565 5878 2043 5940 Benedictinorum

2150 4677 2508 4744 etClement.,
2527 4676 2564 4731 l.
2580 4691 2657 4744 c.,
2675 4697 2857 4751 nemp.
2874 4682 3101 4738 Basilea:
3128 4699 3238 4738 rec.
3263 4691 3349 4739 est
3371 4684 3619 4740 anteced.
3635 4684 3727 4744 ed.

2149 4768 2294 4839 apud
2325 4768 2490 4824 Henr.
2525 4769 2668 4824 Petr.
2702 4771 2860 4839 1556,
2891 4772 3051 4840 1542,
3084 4771 3225 4827 1519
3253 4772 3352 4844 (d),
3385 4773 3544 4841 1559,
3564 4772 3727 4840 1570,

2151 4862 2245 4917 fol.
2271 4892 2344 4901 —
2367 4861 2543 4918 Paris.
2574 4864 2717 4934 apud
2742 4864 2935 4919 Micbel
2961 4864 3228 4920 Sonnium
3286 4866 3448 4931 1587,
3502 4866 3569 4937 (e)
3604 4866 3726 4936 fol.,

2149 4972 2294 5048 apud
2330 4969 2557 5048 Nervios
2590 4972 2863 5048 coenobio.
2894 5004 2967 5048 -τ
2993 4972 3070 5031 De
3102 4974 3730 5048 utraque_Scaligeriani

2148 5042 2387 5118 thesauri
2413 5043 2603 5118 edi_t.v.
2636 5042 3203 5118 eumdemﬁlementq
3226 5042 3402 5118 p.176
3433 5042 3555 5118 sqq.

2222 5114 2298 5185 (b)
2323 5110 2449 5185 vid.
2485 5112 2637 5167 Patr.
2660 5111 2790 5185 Lat.
2824 5123 2863 5168 t.
2888 5113 3103 5177 xxvu,
3135 5110 3240 5169 col.
3275 5110 3537 5173 725-7462
3567 5118 3725 5173 Em'r.

2219 5183 2422 5259 (c)l1i_c
2446 5184 2845 5259 annu_s_diserte
2879 5200 3175 5256 expressus
3222 5197 3308 5240 est
3354 5192 3408 5241 in
3475 5192 3728 5259 exemplo

2146 5254 2291 5324 quod
2317 5255 2532 5326 habeo:
2569 5254 2822 5326 gemens
2846 5254 3056 5324 contra,
3092 5258 3280 5312 nescio
3327 5273 3395 5311 an
3444 5275 3545 5326 per
3573 5254 3729 5316 eri-o-

2148 5340 2285 5386 rem,
2316 5324 2537 5393 scripsit
2566 5324 2775 5379 MDXll.

2222 5393 2301 5465 (ά)
2326 5392 2544 5449 Fabric.
2574 5397 2702 5448 olim
2737 5396 2788 5449 in
2813 5403 2940 5449 nota
2972 5396 3041 5450 ad
3066 5396 3125 5451 h.
3156 5398 3191 5451 Ι.
3217 5406 3270 5451 et
3300 5396 3569 5453 Fontanin
3596 5398 3730 5455 scri-

2146 5473 2369 5540 pserant
2401 5474 2584 5540 notam
2611 5481 2660 5520 a.
2702 5466 2989 5540 1518,7sed
3038 5467 3253 5521 dubitat
3292 5470 3580 5540 Clemens,
3633 5471 3726 5540 qui

2146 5535 2548 5607 exemplumad
2570 5551 2768 5592 manus
2800 5539 3009 5600 habuit,
3047 5545 3176 5592 nota
3210 5539 3429 5607 quidem
3481 5541 3608 5595 anni
3640 5535 3730 5595 de-

2147 5606 2422 5682 stitutum,
2458 5606 2513 5660 in
2538 5606 2699 5682 cujus
2728 5623 2871 5682 vero
2898 5607 3076 5682 fronte
3105 5606 3314 5682 diserte
3338 5610 3541 5682 dicitur
3595 5628 3727 5682 opus

2147 5674 2215 5728 ad
2239 5691 2446 5753 annual
2463 5674 2625 5746 usque
2647 5678 2782 5753 hunc
2808 5677 3092 5753 Christi:—
3116 5677 3419 5753 ΜΒΧΙᾼΧ
3445 5674 3727 5753 contio-utt-

2148 5756 2278 5799 tum.
2322 5747 2385 5803 Et
2411 5745 2639 5801 Pontac.
2663 5748 2811 5802 dedit
2840 5763 2890 5803 a.
2923 5749 3077 5803 1549.
3311 5747 3325 5753 ”

2219 5801 2467 5886 (ε)11ὺηο
2497 5801 3256 5878 annuminotavitFontanin.
3298 5819 3438 5878 Nota
3481 5838 3533 5878 a.
3584 5824 3719 5880 1581

2147 5900 2237 5957 ap.
2270 5887 2486 5945 Fabric.
2533 5889 2721 5946 forsan
2743 5899 2862 5946 erat
2886 5900 3162 5959 corrupta.
3667 5902 3669 5905 '
