4070 6392
349 342 417 396 17
1846 329 2153 391 ΝΟΤΙΤΙΑ.
3564 327 3631 385 18

346 471 477 511 cum
505 452 722 509 caeteris
749 449 975 508 Eusebii
1023 448 1162 523 Opp-
1189 449 1259 507 de
1288 448 1415 520 ‘qu
1458 445 1653 503 ultima
1693 443 1824 501 ειιῖεο
1883 462 1937 501 ν·
1972 453 2015 508 Α
2046 465 2091 519 ri
2121 463 2270 520 docti
2299 470 2582 527 notarunt,
2616 462 2789 532 ipsius
2812 460 3098 533 Scaligeri,
3124 460 3217 532 qui
3237 459 3386 514 illam
3408 475 3475 515 ex
3499 462 3633 516 scri-

350 547 586 604 Pontac.
631 544 808 600 HsnL.

417 640 699 695 Caeterum
722 637 794 691 ob
823 635 1122 706 praeclaras
1153 630 1501 687 accessiones
1531 639 1695 700 atque
1734 629 1943 685 doctis-

346 731 527 786 simas
556 735 721 785 notas
750 724 1199 797 frequentissime
1224 723 1281 777 in
1310 722 1566 777 manibus
1598 719 1943 776 eruditorum

347 832 609 881 versatur
634 823 808 879 editio
855 820 1120 895 Scaligeri
1148 812 1264 891 ’(α),
1325 820 1496 874 altera
1562 816 1837 888 praecipue
1878 831 1944 871 ac

347 918 648 986 posthuma
664 912 1191 971 Amstelodamensis
1212 928 1266 966 a.
1286 911 1424 967 1658
1444 909 1539 966 fol.
1564 926 1685 981 qua:
1708 910 1945 965 Alexan-

350 1009 438 1064 dri
474 1009 613 1065 Mori
634 1007 1012 1080 praefationem
1032 1013 1088 1061 et
1120 1005 1385 1077 Scaligeri
1415 1005 1845 1060 commentarios
1874 1001 1944 1056 ad

352 1097 609 1153 Latinam
638 1096 962 1169 Hieronymi
991 1094 1499 1166 interpretationem
1521 1100 1577 1149 et
1621 1091 1808 1148 Graeca
1844 1091 1946 1145 Eu-

357 1190 496 1246 sebii
526 1189 854 1245 emendatos
878 1195 936 1244 et
992 1187 1154 1243 tertia
1212 1193 1371 1256 parte
1428 1185 1706 1240 auctiores
1754 1182 1941 1254 (quam

354 1284 512 1352 prior
536 1282 709 1337 editio
725 1280 896 1353 Lugd.
916 1279 1036 1335 Bat.
1070 1277 1237 1343 1606,
1262 1278 1383 1342 fol.,
1409 1277 1656 1342 exhibet,
1686 1283 1740 1332 et
1771 1275 1945 1330 libros

352 1383 471 1430 tres
512 1373 915 1445 Isagogicorum
971 1371 1320 1441 chronologiw
1379 1384 1643 1424 canonum
1694 1367 1942 1437 ejusdem

351 1465 626 1537 Scaligeri
676 1465 1003 1535 subjunctos
1061 1462 1273 1533 habet).
1305 1454 1568 1517 Chronico
1632 1457 1945 1514 Eusebiano

350 1558 610 1628 subjecta
634 1565 765 1612 sunt
793 1554 1133 1625 Hieronymi,
1162 1553 1230 1609 de
1257 1566 1367 1624 quo
1411 1550 1544 1615 dixi,
1595 1549 1944 1620 supplemen-

350 1658 473 1704 tum
500 1658 556 1703 et
584 1646 843 1717 Prosperi
878 1645 1100 1700 Tironis
1129 1642 1204 1717 (b)
1227 1644 1299 1698 ab
1338 1643 1403 1696 A.
1429 1642 1494 1696 C.
1532 1640 1668 1705 579,
1709 1640 1800 1695 ubi
1841 1641 1942 1696 dc-

352 1742 451 1797 siit
471 1739 858 1810 Hieronymus,
893 1737 961 1792 ad
990 1751 1042 1792 a.
1084 1735 1214 1802 444,
1263 1733 1502 1789 Victoris
1546 1731 1941 1788 Tunnunensis

354 1832 659 1888 Chronicon
679 1832 750 1887 ab
777 1845 831 1884 a.
865 1830 978 1886 445
996 1828 1063 1883 ad
1087 1843 1138 1882 a.
1174 1827 1302 1892 565,
1347 1825 1575 1883 Joannis
1599 1827 1819 1883 abbatis
1853 1826 1942 1881 Bi-

356 1925 651 1981 clariensis
679 1925 751 1979 ab
781 1940 835 1978 a.
867 1923 976 1978 565
1009 1938 1182 1993 usque
1214 1922 1283 1976 ad
1312 1908 1519 1976 annum
1576 1920 1819 1977 Mauritii
1850 1937 1942 1977 oc-

360 2025 574 2079 unum,
603 2014 750 2069 A.C.
779 2012 921 2079 595;
972 2009 1134 2067 ldatii
1180 2011 1250 2066 ab
1296 2010 1361 2064 A.
1399 2010 1465 2066 C.
1504 2009 1629 2074 579,
1680 2008 1772 2063 ubi
1818 2008 1944 2064 Hie-

357 2123 625 2181 ronymus
649 2106 852 2163 desinit
878 2104 945 2160 ad
985 2104 1123 2171 428;
1166 2102 1465 2158 Marcellini
1494 2101 1712 2157 comitis
1769 2101 1838 2155 ab
1874 2099 1942 2156 A.

355 2202 426 2257 C.
455 2201 586 2264 379,
614 2200 686 2255 ad
716 2215 768 2254 a.
803 2197 931 2260 554,
954 2203 1010 2251 et
1030 2195 1231 2251 veteris
1264 2192 1556 2262 scriptoris
1607 2191 1722 2247 sive
1776 2191 1947 2247 inter-

356 2294 538 2365 pretis
565 2292 761 2348 incerti
792 2296 1053 2358 excerpta
1076 2287 1271 2342 Latina
1295 2284 1681 2355 chronologica
1710 2302 1778 2341 ex
1799 2284 1949 2340 Afri-

357 2403 528 2451 ωηο,
563 2385 799 2442 Eusebio
813 2393 870 2439 et
897 2383 1043 2445 aliis,
1070 2381 1289 2451 vulgata
1309 2379 1545 2434 ecodice
1574 2378 1707 2434 bibl.
1741 2378 1946 2433 Putea-

358 2498 469 2539 ηπ.
525 2480 657 2536 Post
679 2479 794 2533 hac
822 2482 1133 2547 sequuntur
1166 2472 1372 2535 Graece,
1432 2488 1554 2543 qua:
1576 2469 1816 2538 Scaliger
1831 2468 1945 2524 vel-

362 2589 430 2630 ut
466 2575 776 2631 Eusebiana
804 2572 1027 2641 collegit
1058 2586 1123 2625 ac
1144 2568 1401 2640 digessit:
1422 2565 1691 2637 Anonymi
1718 2566 1947 2618 Ἐπιτο-

355 2668 449 2741 μὴ
469 2669 706 2740 χρόνων
739 2667 813 2738 (c)
870 2663 1142 2737 (Chronici
1171 2660 1426 2716 Alex..vel
1453 2657 1745 2714 Fastorum
1785 2657 1945 2714 Sicu-

365 2766 471 2820 lor.
501 2764 725 2819 nomine
752 2762 916 2834 vulgo
945 2760 1138 2827 venit),
1175 2758 1245 2812 ab
1271 2757 1481 2812 Adamo
1500 2754 1568 2810 ad
1605 2771 1806 2810 annum
1839 2755 1945 2811 He-

366 2856 525 2910 raclii
558 2855 906 2917 vicesimum,
936 2853 1001 2906 A.
1033 2851 1095 2906 C.
1125 2849 1254 2914 629,
1280 2864 1349 2905 ex
1375 2847 1566 2903 codice
1608 2847 1680 2903 ls.
1734 2847 1945 2903 Casau-

368 2948 527 3012 boni;
548 2944 869 3016 Nicephori,
902 2943 1251 3014 patriarchae,
1327 2941 1748 3011 zpororpageia.
1784 2939 1945 2995 Deni-

367 3055 477 3110 que
527 3038 779 3109 sequitur
818 3035 1068 3107 ἱστοριῶν
1127 3033 1417 3103 συναγωγή
1468 3040 1523 3088 et
1571 3032 1945 3102 Ὀλυμπιάδων

2047 556 2299 627 ptoribus
2326 556 2488 611 editis
2521 563 2575 611 et
2601 554 2822 610 ineditis
2853 554 3072 624 collegit
3098 568 3165 608 ac
3195 551 3447 623 digessit,
3468 552 3630 608 etiam

2046 648 2278 713 Latinis,
2312 663 2548 719 quorum
2571 647 2691 711 loca
2721 645 2911 702 Graece
2933 645 3215 701 transtulit
3229 655 3283 701 et
3310 643 3464 701 hisce
3516 645 3633 699 col-

2045 739 2310 795 lectaneis
2336 739 2588 794 inseruit.
2623 736 2793 792 FABR.

2117 829 2421 888 Vallarsius
2450 832 2608 887 novis
2629 832 2780 887 curis
2798 830 3133 887 recensitum
3166 830 3392 900 suisque
3417 835 3479 885 et
3491 829 3627 883 alio-

2046 938 2169 978 rum
2198 922 2677 979 observationibus
2704 923 3035 977 illustratum
3072 921 3369 976 Chronicon
3391 918 3627 984 Eusebii,

2045 1023 2180 1079 etc.,
2201 1016 2422 1085 repetiit
2454 1016 2509 1069 in
2538 1029 2638 1069 sua
2671 1012 2733 1068 D.
2759 1012 3071 1084 Hieronymi
3101 1012 3340 1083 Operum
3368 1010 3628 1076 editione,

2046 1116 2192 1163 temo
2214 1106 2351 1171 Vlll,
2384 1107 2611 1179 Verona:
2641 1105 2799 1168 1740,
2825 1105 2919 1161 fol.
2947 1106 3090 1175 (quae
3111 1105 3280 1159 editio
3305 1119 3499 1160 recusa
3521 1111 3627 1168 est,

2044 1200 2197 1254 curis
2223 1198 2479 1257 Vallarsii
2510 1196 2916 1269 posterioribus
2945 1204 3145 1259 aucta,
3168 1194 3362 1250 Venet.
3396 1193 3538 1251 1766
3559 1225 3629 1234 -

2049 1291 2212 1355 i782,
2245 1292 2279 1346 4
2311 1290 2407 1362 m.)

2119 1383 2339 1439 Eusebii
2368 1382 2668 1439 Chronicon
2692 1380 2884 1437 Latine
2908 1398 2942 1435 a
2975 1380 3042 1434 D.
3086 1380 3411 1450 Hieronymo
3450 1377 3628 1433 reddi-

2048 1486 2157 1531 tum
2180 1486 2230 1532 et
2254 1476 2323 1531 ad
2335 1493 2432 1531 sua
2446 1490 2608 1546 usque
2631 1486 2864 1545 tempora
2884 1473 3215 1542 perductum,
3240 1472 3447 1542 adjecta
3468 1473 3628 1526 etiam

2046 1554 2439 1621 continuatione
2467 1565 2722 1633 Prosperi
2749 1562 3028 1633 Aquitani.
3063 1561 3221 1616 Nunc
3236 1563 3467 1632 primum
3518 1564 3629 1617 rol-

2044 1659 2258 1713 lectioni
2284 1656 2688 1727 Hieronymian.
2722 1653 2955 1724 Operum
2981 1653 3332 1717 adcensitum,
3390 1654 3638 1728 genuinis

2046 1751 2245 1806 Graecis
2270 1748 2581 1820 fragmentis
2605 1764 2669 1802 ea:
2700 1745 2923 1817 Georgio
2937 1745 3204 1817 Syncello,
3227 1744 3485 1801 Chronico
3508 1760 3630 1813 pas-

2046 1844 2207 1908 chali,
2235 1842 2493 1906 Cedreno,
2525 1840 2749 1911 aliisque
2788 1837 3093 1892 auctoribus
3127 1838 3404 1905 restitutis,
3429 1848 3478 1891 et
3511 1846 3629 1901 post

2045 1934 2271 1990 Arnoldi
2304 1933 2552 2000 Pontaci,
2582 1931 2801 2002 Iosephi
2824 1930 3108 2002 Scaligeri,
3149 1941 3199 1987 et
3232 1930 3315 1987 Cl.
3352 1931 3628 1995 Salmasii,

2046 2037 2204 2099 atque
2224 2026 2456 2082 aliorum
2486 2025 2811 2080 recensiones
2829 2033 2879 2078 et
2894 2040 3072 2087 curas,
3103 2022 3273 2077 denuo
3302 2024 3371 2076 ad
3394 2040 3522 2080 mss.
3540 2041 3630 2078 co-

2045 2120 2186 2175 dices
2217 2118 2562 2190 castigatum,
2586 2116 2824 2187 notisque
2845 2114 3281 2170 luculentioribus
3308 2116 3630 2169 continenter

2044 2211 2399 2277 illustratum,
2432 2227 2592 2281 opera
2640 2218 2689 2263 et
2725 2208 2902 2262 studio
2932 2208 3200 2264 Dominici
3243 2208 3499 2263 Vallarsii
3525 2208 3630 2280 (to-

2045 2302 2212 2360 moll
2278 2302 2490 2359 addidit
2535 2301 2781 2372 integros
2823 2299 3052 2355 Pontaci
3114 2300 3527 2364 Comment.,et
3575 2299 3630 2354 in

2045 2395 2294 2467 Prolegg.
2323 2404 2459 2451 tom.
2498 2392 2517 2446 1
2546 2393 2614 2448 de
2635 2392 2760 2449 edd.
2793 2392 3084 2463 diligenter
3107 2390 3415 2464 disseruit).

2116 2487 2217 2543 Hic
2241 2499 2294 2544 et
2322 2486 2376 2541 in
2410 2485 2621 2558 praefat.
2667 2493 2722 2541 et
2759 2484 2816 2540 in
2850 2484 2995 2540 notis
3044 2499 3189 2555 saepe
3222 2491 3413 2539 contra
3451 2479 3631 2537 Scali-

2045 2592 2236 2649 gerum
2264 2575 2531 2647 disputat.
2560 2574 2626 2629 At
2650 2589 2962 2646 quanquam
2992 2575 3250 2645 praeclare
3275 2575 3342 2630 de
3367 2574 3633 2631 Eusebio-

2046 2668 2474 2741 Hieronymiano
2504 2668 2797 2733 Chronico,
2842 2674 3049 2733 tamen,
3085 2666 3232 2737 quod
3262 2667 3317 2721 in
3349 2668 3446 2722 tali
3469 2682 3632 2739 opere

2046 2762 2375 2833 negotioque
2405 2775 2506 2816 nec
2528 2760 2838 2815 mirandum
2876 2765 2984 2824 est,
3020 2775 3123 2814 nec
3145 2757 3499 2827 culpandum,
3520 2774 3639 2814 non

2047 2855 2230 2908 omnia
2260 2852 2506 2925 perfecit.
2546 2851 2687 2907 Hinc
2722 2852 3088 2923 Hieronymus
3114 2851 3181 2907 de
3200 2849 3388 2916 Prato,
3412 2852 3509 2907 lib.
3534 2852 3629 2908 cit.

2047 2961 2171 3016 pag.
2195 2944 2321 3009 425,
2348 2942 2500 2999 dedit
2551 2942 2774 2998 Eusebii
2818 2940 3007 2997 Graeca
3034 2940 3280 3013 quaedam
3326 2942 3637 3015 fragmenta

2047 3053 2115 3092 ex
2142 3037 2263 3107 ejus
2294 3036 2371 3090 De
2398 3034 2717 3104 temporibus
2750 3035 2892 3090 libro
2924 3035 3103 3105 primo
3135 3034 3415 3106 (excerpta
3446 3035 3576 3090 olim
3601 3052 3631 3089 a

370 3132 686 3205 ἀναγραφή,
719 3144 832 3185 non
865 3129 1064 3184 veteris
1092 3126 1401 3197 scriptoris,
1427 3125 1545 3192 sed,
1577 3133 1636 3180 ut
1665 3133 1814 3182 recte
1859 3127 1941 3181 vi-

2053 3129 2279 3202 Georgio
2311 3128 2606 3200 Syncello),
2640 3144 2772 3182 nova
2794 3127 3244 3197 interpretatione,
3270 3127 3409 3181 notis
3439 3135 3491 3181 et
3520 3128 3617 3181 ob-

440 3281 902 3355 (a)7Reeensgt_ur
927 3295 957 3333 a
991 3276 1401 3355 [laureatole
1428 3278 1710 3355 Descript.
1739 3278 1949 3355 coclea,

368 3348 1182 3427 pag.'302,_et__'l‘hom_.lttigio
1204 3349 1299 3427 lib.
1340 3349 1431 3427 De
1464 3348 1786 3427 bibliothecis
1837 3348 1948 3427 P_a_-

371 3419 551 3486 ἱηῐηι,
574 3440 628 3492 p.
654 3421 763 3477 745
786 3437 903 3491 seq.
937 3419 1365 3492 Emendationes
1385 3419 1653 3492 psalmasii
1689 3420 1946 3492 exicodd.

368 3489 636 3550 Palatinis
665 3509 715 3548 tv
746 3489 882 3547 cuni
928 3490 1100 3545 Conr.
1158 3489 1307 3545 Sam.
1378 3489 1843 3544 Schurtzlleischii
1884 3491 1951 3544 ad

371 3565 595 3621 Eusebii
646 3563 843 3619 Chron.
902 3561 1381 3617 observationibus
1443 3560 1613 3615 edidit
1661 3559 1830 3615 frater
1878 3560 1950 3615 D.

373 3637 547 3692 Henr.
578 3633 938 3689 Leonhardus
991 3629 1527 3692 Schurtzﬂeisehius,
1562 3628 1762 3684 Wileb.
1794 3630 1951 3694 1712,

371 3708 407 3779 4
447 3706 561 3779 [ed.
580 3705 971 3779 _tt__corrcctior
992 3708 1295 3779 et_access._
1332 3702 1696 3779 supplementi
1743 3702 1955 3779 auctior

371 3771 515 3833 leniat
544 3776 703 3848 1715,
735 3775 794 3848 4]
824 3777 880 3828 in
910 3773 1102 3848 notitia
1122 3772 1442 3848 principalis
1475 3772 1821 3848 bibliothecae
1859 3771 1953 3825 Vi-

374 3847 673 3911 nariensis,
699 3848 755 3900 in
778 3841 947 3916 quam
975 3841 1142 3916 editio
1190 3841 1515 3916 Lugd._Bat_.
1578 3841 1739 3916 1606,
1777 3857 1953 3916 manu

377 3918 634 3974 Salmasii
666 3911 871 3979 notafa,
896 3915 1144 3984 pervenit
1186 3929 1252 3968 ex
1284 3911 1646 3984 bibliotheca_
1673 3911 1944 3984 Gudiana.

376 3991 524 4045 Inter
547 3988 765 4043 codices
782 3982 1041 4041 ls.Vossii
1068 3999 1190 4038 cum
1216 3999 1352 4037 mss.
1371 3984 1600 4037 collatos
1617 3982 1957 4038 Colomesius

376 4077 434 4114 η.
475 4059 501 4112 1
537 4065 804 4113 memorat
831 4056 1125 4112 Chronicon
1147 4053 1517 4108 Eusebianum
1543 4053 1803 4107 editionis
1823 4052 1956 4107 Sca-

376 4128 830 4200 ligerianae,quod
848 4141 972 4182 cum
990 4141 1119 4180 mss.
1139 4124 1709 4200 commisitcorpelius
1727 4122 1955 4200 Tollius.

379 4194 623 4254 Bochelli
645 4194 942 4254 observatt.
959 4211 1095 4249 mss.
1114 4195 1406 4250 ebronicas
1427 4194 1494 4248 ad
1514 4194 1809 4250 Eusebium
1837 4195 1957 4247 lau-

379 4270 474 4325 dat
489 4269 862 4339 Berneggerus
880 4268 946 4322 ad
975 4266 1173 4339 Justini
1194 4267 1314 4339 libr.
1337 4281 1627 4339 xvut,_cap.
1647 4266 1697 4318 6.
1718 4263 1960 4339 an_a._—

382 4341 541 4396 Prior
559 4334 743 4410 operis
764 4337 1314 4410 Scaligerianieditio
1343 4334 1638 4410 inscripta
1666 4342 1790 4410 est_:
1822 4334 1959 4389 The-

384 4428 576 4466 saurus
599 4405 938 4479 temporum:
973 4406 1188 4479 Eusebii
1206 4405 1474 4479 Pamphili
1500 4434 1565 4479 -_—-
1588 4405 1957 4479 chronicorum

2054 3285 2479 3347 observationes.
2493 3283 2751 3343 reddidit.
2766 3284 2972 3340 Praeter
2984 3299 3047 3340 ea
3062 3284 3467 3351 animadvertit,
3489 3299 3630 3351 opus

2054 3356 2276 3427 quidem
2313 3372 2342 3410 a
2362 3355 2550 3427 multis
2571 3352 2684 3427 V_V_.
2706 3358 2813 3412 DD.
2837 3359 2987 3409 recte
3008 3368 3133 3409 esse
3158 3352 3438 3427 laudatum
3463 3372 3478 3419 ;
3513 3352 3629 3427 ltug

2056 3423 2270 3497 pertum
2299 3432 2482 3497 tamen
2512 3425 2571 3479 in
2602 3424 2754 3497 Obss.
2789 3426 2843 3497 in
2884 3438 3094 3497 synops.
3152 3425 3345 3477 minor.
3392 3423 3626 3486 Besoldi,

2056 3491 2107 3568 ᾗ).
2141 3496 2269 3559 578,
2312 3494 2627 3568 adnotasse,
2687 3491 3023 3568 Scaligerum
3077 3493 3133 3568 in
3185 3501 3487 3568 senectute,
3516 3509 3632 3547 me-

2056 3564 2227 3620 inoria
2250 3581 2348 3621 sua
2380 3565 2598 3629 fretum,
2639 3580 2747 3619 non
2778 3565 3048 3619 consultis
3077 3564 3287 3623 diutius
3326 3564 3502 3626 libris,
3545 3579 3632 3616 ca-

2058 3637 2201 3690 lamo
2232 3650 2390 3691 usum
2421 3651 2564 3697 esse,
2600 3646 2767 3705 atque,
2782 3635 2861 3687 sic
2893 3634 3055 3687 etiam
3085 3634 3140 3687 in
3164 3648 3329 3705 ope_r_e
3352 3633 3631 3705 Eusebia—

2055 3722 2130 3761 no
2163 3708 2364 3760 multas
2389 3702 2735 3761 commisisse
2758 3702 3231 3758 hallucinationes.
3257 3702 3426 3758 Multo
3449 3704 3642 3759 acrius.

2052 3777 2322 3847 judicavit
2349 3776 2714 3847 Hieronymus
2746 3774 2813 3829 de
2842 3773 3015 3847 Prato
3050 3775 3107 3847 in
3133 3773 3277 3847 ωδε,
3308 3774 3372 3828 de
3404 3773 3629 3830 Chroni-

2057 3844 2133 3902 cis
2164 3848 2341 3911 libris,
2362 3844 2893 3917 isupra'memorata,
2927 3860 2981 3914 p.
3009 3845 3137 3907 559,
3158 3846 3239 3917 fde
3263 3844 3367 3899 hoc
3387 3859 3550 3913 opere
3571 3857 3630 3899 et

2053 3918 2320 3985 jactantia
2354 3916 2640 3986 Scaligeri,
2690 3932 2852 3986 quem
2912 3916 3232 3985 pronuntiat
3282 3917 3521 3985 pessime
3564 3917 3632 3970 de

2060 3988 2294 4043 Eusebio
2352 4003 2476 4043 esse
2530 3986 2806 4051 meritum,
2842 3987 3037 4055 eique
3066 3987 3267 4040 multos
3320 3987 3526 4041 alienos
3577 3995 3633 4040 et

2059 4060 2398 4113 adulterinos
2420 4059 2775 4127 supposuisse
2829 4054 2991 4111 fetus.
3024 4054 3268 4126 Longam
3316 4064 3371 4111 et
3413 4071 3630 4127 gravem

2059 4143 2347 4184 censuram
2381 4126 2921 4196 excerpsitClément
2954 4128 2985 4182 l.
3014 4142 3062 4182 c.
3094 4143 3218 4197 pag.
3247 4127 3353 4182 180
3416 4126 3500 4196 Sq.
3540 4126 3630 4181 ubi

2060 4215 2089 4253 a
2119 4215 2240 4270 pag.
2270 4198 2371 4252 176
2401 4206 2454 4254 et
2476 4199 2714 4270 priorem
2752 4207 2805 4252 et
2829 4197 3407 4270 posterioremoperis
3458 4197 3632 4252 Scali-

2059 4268 2264 4398 geriani
2293 4270 2422 4325 edit.
2448 4269 2671 4350 copiose
2702 4270 2997 4328 recensuit,
3028 4268 3347 4338 notavitque
3389 4282 3633 4323 errorem

2095 4355 2148 4394 o.
2182 4339 2349 4395 Henr.
2380 4339 2707 4398 Hotttnaeri,
2731 4339 2824 4398 qui
2860 4339 2914 4392 in
2954 4338 3367 4393 Bibliothecario
3417 4338 3633 4398 quadri-

2095 4355 2148 4394 o.
2182 4339 2349 4395 Henr.
2380 4338 2707 4409 Hottingeri,
2731 4339 2824 4406 qui
2844 4339 2914 4409 in
2954 4338 3367 4409 Bibliothecario
3417 4338 3633 4409 quadri-

2063 4412 2282 4479 partito,
2313 4427 2368 4481 p.
2400 4410 2527 4477 515,
2557 4408 2806 4481 confudit
2836 4408 3094 4481 Scaligeri
3124 4408 3364 4481 opusgpe
3389 4408 3634 4462 emenda-

387 4499 645 4535 canonum
675 4475 990 4536 omnimodae
1026 4477 1262 4551 historia:
1311 4475 1434 4529 libri
1498 4476 1625 4551 duo,
1684 4476 1962 4551 interprete
1994 4527 2038 4551 η
2063 4475 2207 4535 tione
2236 4475 2522 4551 temporum
2554 4480 2750 4539 (Paris.
2785 4480 2942 4544 1585,
2967 4475 3204 4536 [θὶᾶω]
3218 4479 3343 4543 598,
3369 4486 3423 4533 et
3449 4494 3513 4533 ex
3543 4494 3634 4532 au-

390 4551 730 4622 Hieronqu,
765 4568 828 4606 ea:
848 4551 952 4620 ﬁde
980 4548 1457 4622 vetustissimorum
1483 4527 1719 4622 codicum
1740 4527 1964 4622 castiga-
1993 4527 2038 4584 Ῐ)
2065 4527 3636 4622 ’.ξἸῘὶ-θῖἷάῖιίῑιέ*ὦὲὶὲῖιέᾇὶιξ-ζέε-ἐξ·-

387 4626 449 4679 ti.
480 4616 617 4676 Item
640 4616 878 4677 auctores
914 4635 1090 4675 omnes
1119 4618 1371 4672 derelicta
1404 4616 1468 4670 ab
1494 4617 1718 4671 Eusebio
1739 4626 1788 4670 et
1834 4618 1963 4672 Ilie-

383 4710 607 4765 ronymo
631 4694 1018 4747 continuantes.
1054 4688 1299 4765 Ejusdem
1327 4687 1962 4765 Eusebiiutriusquepar-

384 4767 455 4817 tis
483 4756 849 4818 chronic-orum
883 4756 1143 4816 canonum
1186 4759 1425 4827 reliquiw
1458 4756 1676 4823 Grcecce,
1704 4775 1820 4828 qua:
1849 4758 1961 4811 col-

385 4836 480 4906 ligi
504 4842 806 4906 potuerunt,
832 4833 1191 4906 antehae‘non
1228 4830 1419 4906 editae.
1472 4828 1960 4906 0p_era__ac.studio

382 4898 598 4973 Iosephi
613 4903 760 4958 Justi
818 4902 1095 4973 Scaligeri.
1129 4933 1197 4941 —
1224 4899 1474 4973 Ejusdem
1524 4898 1782 4973 Scaligeri
1822 4909 1960 4954 nota:

382 4986 433 5031 et
464 4971 832 5046 castigationes
837 4976 916 5046 _in
946 4971 1195 5046 Latinam
1225 4971 1536 5046 Hieronymi
1569 4971 1961 5046 interpretatio:

385 5062 506 5100 nem
535 5057 584 5101 et
600 5039 801 5101 'Graeca
825 5044 1063 5099 Eusebii.
1116 5042 1370 5111 Ejusdem
1426 5039 1642 5107 Josephi
1700 5041 1960 5111 Scaligeri

390 5116 787 5187 Isagogicorum
814 5114 1163 5187 chronologiag
1219 5126 1481 5187 canonum
1529 5111 1663 5187 libri
1705 5119 1839 5187 (res,
1884 5112 1953 5165 ad

390 5181 607 5265 Eusebii
632 5186 896 5265 Chronica
915 5195 964 5265 et
994 5181 1291 5265 doctrinam
1314 5181 1378 5237 de
1424 5182 1959 5265 temporibusnadmo-

388 5260 515 5311 dum
573 5258 873 5313 necessarii.
926 5254 1095 5325 Lugd.
1138 5253 1282 5325 iBat.
1329 5269 1444 5325 esse.
1497 5252 1682 5325 Thom.
1726 5252 1953 5325 Bassgon.

390 5339 584 5396 sumpt.
617 5328 989 5384 Commelinor.
1010 5323 1176 5387 1606,
1209 5324 1302 5393 fol.
1333 5323 1484 5378 Hanc
1502 5323 1588 5378 ed.
1612 5325 1820 5396 Aminus
1850 5323 1959 5378 fre-

389 5392 899 5468 quentem'uberius
930 5392 1292 5468 recensuitlet
1312 5396 1478 5468 vitam
1516 5392 1956 5468 scriptaque_eo-

394 5464 513 5522 rum
540 5486 773 5539 quorum
810 5469 934 5523 libri
959 5470 1010 5521 in
1036 5468 1137 5520 hac
1150 5465 1468 5539 collectione
1487 5464 1957 5533 comprehendun-

392 5549 502 5603 tur,
533 5534 779 5610 exceptis
806 5539 1236 5610 Eusebio‘atque
1258 5534 1955 5610 llicroiiy_mo,_persecutu_s

391 5620 474 5664 est
493 5610 578 5666 Jo.
629 5604 913 5666 Fabricius
948 5610 1004 5663 in
1030 5604 1272 5661 Historia
1301 5604 1424 5658 bibl.
1462 5604 1703 5667 Fabric.,
1734 5613 1844 5659 tom
1886 5604 1952 5668 ll,

395 5698 448 5750 p.
485 5681 589 5735 ’575
621 5697 743 5754 sqq.
792 5680 961 5754 Idem_
988 5676 1253 5754 quasdam
1300 5674 1836 5754 partimﬁionringii,
1885 5676 1953 5754 ad

393 5744 553 5821 quem
581 5744 991 5821 olim'pertinnit
1008 5744 1326 5815 exemplum
1340 5815 1350 5821 _
1364 5744 1765 5821 Fabricianum’
1778 5753 1831 5800 et
1859 5746 1954 5816 qui

395 5815 599 5894 passim
621 5815 805 5893 aliqua
833 5820 1181 5892 ascripserat,
1214 5815 1411 5887 partim
1453 5831 1582 5873 suas
1615 5815 1956 5884 aliorumque

2064 4621 2222 4676 sione
2246 4619 2486 4691 auctius,
2518 4627 2650 4691 etc..
2681 4619 2922 4676 Colonia:
2972 4619 3250 4691 Allobrog.
3308 4619 3468 4684 “5‘29,
3512 4620 3631 4689 fol.)

2062 4706 2187 4747 cum
2217 4690 2461 4762 ejusdem
2496 4690 2763 4762 Thesauro
2788 4702 3101 4760 temporum,
3133 4690 3293 4760 cujus
3322 4691 3493 4762 altera
3513 4691 3633 4745 edi-

2062 4763 2140 4817 tio
2173 4760 2260 4818 est
2314 4761 2579 4831 inscripta
2618 4781 2631 4816 :
2665 4760 2966 4817 Thesaurus
3023 4760 3635 4829 temporum.—Editio

2062 4833 2252 4897 altera,
2276 4835 2331 4887 in
2358 4848 2462 4902 qua
2492 4831 2726 4900 ejusdem
2750 4831 2968 4901 Josephi
3015 4832 3274 4904 Scaligeri
3337 4835 3497 4886 tertia
3520 4833 3636 4904 fere

2056 4915 2211 4972 parte
2239 4906 2499 4959 auctiores
2530 4913 2666 4957 nota:
2686 4912 2735 4957 et
2764 4905 3136 4973 castigationes
3161 4902 3212 4957 in
3238 4902 3490 4957 Latinam
3508 4902 3635 4956 Ilie-e

2061 4977 2267 5045 ronymi
2303 4976 2804 5041 interpretationem,
2840 4984 2891 5027 et
2924 4974 3111 5029 Crwca
3161 4973 3401 5045 Eusebii,
3449 4988 3623 5045 supre-

2061 5062 2148 5098 ma
2161 5041 2402 5099 auctoris
2426 5060 2554 5097 cura
2582 5047 2891 5109 emendata),
2921 5055 3026 5100 ctc.
3048 5044 3337 5098 Amstelod.
3358 5060 3447 5113 ap.
3470 5041 3632 5096 Joan.

2057 5113 2404 5170 Janssonium
2442 5115 2602 5178 1658,
2662 5115 2758 5183 [οι.
2801 5116 3067 5176 Clement,
3112 5130 3165 5184 p.
3217 5115 3340 5180 179,
3389 5121 3543 5184 nota,
3570 5129 3634 5166 ex

2057 5187 2211 5240 Alex.
2249 5186 2383 5239 Mori
2410 5186 2618 5253 praefat.
2650 5186 2919 5255 quaedam,
2944 5201 3064 5255 quae
3106 5183 3173 5239 ad
3216 5185 3504 5255 historiam
3535 5183 3638 5236 hu-

2052 5255 2145 5325 jus
2166 5253 2727 5327 editionis__auctioris
2751 5253 3050 5327 pertinent,
3077 5255 3351 5309 delibavit.
3386 5253 3563 5327 ῌΑιιι.

2130 5326 2204 5396 (b)
2231 5327 2389 5381 Conf.
2428 5323 2659 5383 Vallars.
2699 5323 2848 5396 l.fc.,
2868 5341 2922 5394 p.
2949 5342 3117 5380 xxvm
3148 5341 3295 5395 sqq.,
3323 5330 3380 5380 et
3404 5325 3631 5380 Pontaci

2055 5395 2346 5481 Apparet."
2378 5413 2447 5481 _p.
2487 5397 2556 5481 12
2600 5414 2723 5481 sqq.
2751 5395 2922 5481 Hann.

2128 5465 2194 5540 (c)
2226 5469 2343 5522 Alia
2377 5465 2592 5540 brevior
2608 5465 2883 5536 Ἐπιτομὴ
2921 5468 3155 5535 χρόνων
3185 5468 3260 5540 ab
3294 5465 3519 5540 rAdam_o
3549 5481 3635 5519 us-

2057 5534 2162 5608 que
2178 5534 2261 5593 ’δά
2281 5539 2534 5593 Alexium
2555 5534 2929 5600 Comnen‘um,’
2946 5534 3111 5607 [luam
3135 5537 3203 5591 ad
3221 5539 3425 5591 calcem
3463 5534 3636 5608 Zona-

2055 5606 2321 5665 rmedidit
2352 5608 2612 5676 Cangius.
2650 5621 2703 5662 et
2732 5608 2788 5661 in
2832 5606 2991 5677 cujus
3044 5609 3202 5663 titulo
3240 5610 3468 5677 legitur:
3499 5606 3635 5660 Ταῦ-

2056 5683 2103 5732 τ’
2126 5679 2350 5749 ἱστορεῖ
2375 5682 2407 5732 ὀ
2434 5678 2792 5746 Καισαριεὺς
2830 5679 3144 5747 Ἐυσεϐιος
3166 5683 3197 5734 ό
3227 5678 3539 5749 Παμφίλου
3562 5679 3650 5736 ἐν’

2057 5749 2134 5816 τῷ
2158 5752 2343 5822 λόγῳ,
2371 5753 2436 5816 ὃς
2460 5749 2687 5817 ἐκλήθη
2714 5749 3061 5815 βασιλικός,
