4070 6392
437 338 504 396 19
1426 326 1768 387 EUSEBIUS
1813 322 2298 383 CIESAPtlENSIS
2348 321 2748 382 EPISCOPUS.

3633 323 3707 380 eo
3754 289 3758 294 ,

433 467 653 518 seruatt.
692 459 987 525 illustrata,
1019 466 1069 513 et
1096 472 1162 512 ea:
1196 463 1348 528 parte
1380 471 1519 510 nunc
1548 452 1779 523 primum
1814 445 2023 502 auctori
2049 450 2097 507 Α
2123 459 2234 515 quo
2265 442 2464 500 Suidas
2488 484 2503 506 .
2555 443 2830 515 praecipue
2883 456 2915 495 a
2975 437 3258 510 Scaligero
3294 438 3387 510 (ab
3419 438 3542 496 aliis
3579 455 3710 496 vero

435 568 528 607 suo
556 551 845 608 vindicata.
879 581 949 591 ——
991 550 1154 607 Bern.
1192 546 1543 603 Montl‘aucon
1575 545 1631 598 in
1658 541 1802 597 Bibl.
1829 539 2021 593 biblio-t

433 626 631 698 thecar.
657 659 811 707 mss.,
838 642 948 697 vol.
976 639 1018 705 I,
1050 657 1105 712 p.
1146 636 1404 701 146-155,
1436 635 1620 691 varias
1648 632 1799 688 dedit
1831 628 2019 684 lectio-

433 750 532 791 nes
559 734 627 789 ad
650 732 947 790 Chronicon
976 731 1213 798 Eusebii,
1244 731 1302 786 S.
1331 729 1662 799 Hieronymo
1687 725 1982 807 interprete
2000 762 2017 788 ,

430 844 496 883 ex
527 835 766 899 quatuor
789 843 926 883 mss.
964 827 1100 883 bibl.
1123 824 1424 888 Vaticanus,
1452 820 1656 877 notatis
1684 818 1786 874 241
1811 858 1827 883 ,
1870 815 1979 870 212
1999 855 2015 881 ,

428 920 556 985 245,
581 921 676 992 qui
707 929 838 976 sunt
858 934 959 975 xm
987 927 1041 974 et
1063 933 1157 973 xtv
1187 917 1395 979 Saeculi,
1420 926 1475 970 et
1495 912 1683 969 collati
1711 925 1838 967 cum
1881 907 2014 964 edit.

431 1012 694 1085 Scaligeri
735 1012 987 1083 Lugduni
1036 1010 1225 1066 Batav.
1270 1024 1301 1065 a
1329 1007 1560 1064 Claudio
1612 1001 2014 1075 Stephanotio,

426 1106 868 1183 congregationis
893 1103 950 1160 S.
984 1092 1160 1159 M'auri
1184 1108 1543 1173 procuratore
1573 1097 1838 1169 generali.
1868 1094 2011 1150 Con-

426 1204 513 1251 tra
536 1196 798 1269 Scaliger.
830 1207 882 1253 et
911 1196 1109 1251 Baron.
1162 1195 1343 1249 locum
1390 1192 1458 1248 de
1487 1189 1664 1245 Pilato
1695 1195 1751 1245 et
1782 1187 2016 1244 Caesaris

425 1290 759 1362 imaginibus
816 1291 1040 1346 uberius
1099 1289 1339 1343 illustrat
1390 1283 1648 1340 Lambec.
1690 1282 1896 1338 Comm.
1950 1279 2016 1335 de

427 1384 555 1440 bibl.
601 1383 765 1459 Cres,
794 1392 930 1440 tom.
962 1383 1099 1451 VIII,
1131 1400 1186 1455 p.
1242 1384 1311 1439 '57
1345 1399 1466 1453 sqq.
1498 1420 1514 1447 ,
1563 1387 1618 1436 et
1647 1396 1702 1451 p.
1731 1378 1837 1433 597
1888 1393 2011 1449 sqq.

422 1478 607 1534 locum
653 1478 722 1534 de
771 1477 963 1533 Maria.
1003 1477 1250 1549 Denique
1306 1473 1667 1532 memoranda
1711 1479 1796 1527 est
1844 1470 2014 1527 editio

420 1569 589 1642 hujus
613 1571 898 1627 sententiae
924 1588 936 1623 :

503 1683 810 1740 Vetustiora
858 1683 1174 1738 Latinorum
1236 1683 1556 1751 scriptorum
1605 1677 1899 1742 Chronica,
1941 1675 2011 1730 ad

419 1795 552 1839 mss.
602 1780 757 1834 codd.
797 1780 1079 1834 emendata
1127 1788 1177 1832 et
1227 1794 1345 1830 cum
1373 1774 1805 1846 castigatioribus
1854 1769 2007 1826 editt.

420 1869 639 1935 collata,
677 1872 916 1941 notisque
941 1870 1237 1936 illustrata,
1270 1868 1321 1920 in
1349 1884 1511 1920 unum
1539 1882 1730 1936 corpus
1765 1863 2006 1927 collecta,

417 1966 693 2036 praemisso
723 1963 941 2019 Eusebii
961 1961 1222 2024 Chronico
1254 1977 1288 2015 a
1325 1958 1388 2012 D.
1424 1957 1750 2028 Hieronymo
1775 1972 1804 2009 e
1825 1953 2010 2009 Crazco

418 2076 568 2117 verso
609 2065 659 2115 et
699 2057 882 2113 multis
925 2064 1101 2110 aucto.
1137 2050 1362 2127 Collegit
1412 2051 1482 2106 Β.
1521 2049 1747 2105 Thomas
1782 2045 2013 2101 Roncal—

419 2153 545 2217 lius,
576 2149 866 2205 monachus
901 2147 1212 2204 Cassinens.
1268 2145 1482 2199 Patavii
1522 2143 1681 2209 1787,
1714 2142 1770 2197 ι1ι.
1799 2140 1845 2195 ll
1876 2140 2005 2196 voll.

416 2243 663 2301 Contulit
702 2241 767 2298 Ii.
798 2257 924 2297 cum
948 2241 1034 2297 ed.
1067 2239 1310 2301 Ratdolt.
1341 2238 1482 2294 I485
1497 2244 1552 2294 et
1582 2251 1705 2293 cum
1737 2231 2009 2290 Gennadii

417 2338 543 2393 cod.
576 2352 682 2392 ms.
717 2334 895 2390 Vatic.
933 2335 1091 2391 Alex.
1121 2350 1177 2389 ιι.
1205 2332 1369 2388 2077.

488 2449 660 2506 Codd.
698 2464 830 2505 mss.
857 2447 1155 2513 Pontacus,
1180 2447 1383 2518 quibus
1408 2460 1543 2500 usus
1570 2451 1676 2508 est,
1702 2443 1842 2498 bene
1866 2442 2007 2498 mul-

416 2553 504 2599 tos
532 2551 783 2599 recenset
835 2542 892 2597 in
934 2542 1211 2611 Apparatu
1263 2554 1364 2594 suo
1402 2535 1735 2592 :Vaticanos
1761 2536 2009 2606 aliosque

414 2642 701 2693 enumerat
754 2634 1106 2691 Montfaucon
1167 2634 1224 2687 in
1284 2631 1431 2687 Bibl.
1491 2628 1599 2686 Sed
1650 2628 1704 2683 hi
1764 2636 1820 2684 et
1875 2627 2005 2682 reli-

415 2728 510 2798 qui
567 2727 845 2799 pertinent
889 2725 1070 2796 potius
1118 2723 1187 2777 atl
1222 2721 1634 2792 Hieronymum.
1670 2717 1915 2774 Florent.
1946 2718 2004 2772 in

412 2818 547 2875 bibl.
573 2817 735 2881 Laur.
761 2815 902 2872 Med.
927 2813 1051 2871 cod.
1084 2826 1305 2875 xxxvn,
1350 2827 1406 2872 ιι.
1437 2810 1509 2865 25
1532 2849 1549 2873 ,
1594 2808 1733 2879 plut.
1765 2807 1829 2863 51
1857 2847 1872 2872 ,
1920 2814 2006 2862 est

414 2909 638 2967 Eusebii
662 2904 913 2977 Epitome
931 2905 1216 2969 chronica,
1235 2904 1330 2960 ubi
1354 2911 1410 2959 et
1429 2903 1497 2958 de
1528 2900 1586 2965 S.
1619 2900 1907 2964 Paschate.
1933 2929 2005 2941 --

414 2996 475 3052 In
511 2996 637 3053 cod.
677 3011 798 3062 xm,
843 3012 899 3050 ιι.
935 2994 1062 3061 6-8,
1106 2994 1182 3064 pl.
1224 2992 1326 3061 56,
1365 2998 1585 3048 exstant
1613 2992 1715 3056 tria
1745 2999 2004 3063 excerpta

415 3106 483 3146 ex
515 3086 739 3145 Eusebii
758 3085 1069 3142 Chronicis.
1098 3085 1165 3143 V.
1202 3085 1460 3149 Bandin.,
1496 3085 1615 3142 Cat.
1647 3082 1805 3147 codd,
1831 3082 1925 3149 Gr.
1956 3080 1998 3148 Ι,

413 3196 542 3252 pag,
575 3179 679 3235 119
702 3187 756 3235 et
779 3180 904 3235 508.
930 3212 1000 3222 -
1021 3178 1082 3234 Ρ.
1119 3178 1161 3234 l.
1194 3178 1371 3234 Bruns
1401 3194 1466 3233 ex
1497 3177 1621 3232 cod.
1653 3176 1862 3232 Botllei.
1913 3176 2002 3232 de-
2027 3161 2069 3218 Ο

413 3274 496 3327 dit
521 3272 830 3328 versionem
856 3270 1095 3343 Syriacae
1109 3268 1390 3340 Epitomes
1403 3269 1694 3325 Eusebiani
1724 3268 1994 3331 Chronici,

412 3365 469 3420 in
502 3362 772 3434 Repertor.
809 3362 897 3433 fur
930 3360 1179 3417 biblische
1210 3378 1259 3417 v.
1296 3361 1793 3433 morgenlandische
1832 3361 1998 3415 Litte-

413 3464 590 3515 ratur.
623 3462 763 3524 part.
798 3469 876 3507 χι.
911 3451 1109 3523 Lipsiae
1137 3450 1306 3515 1782,
1328 3451 1454 3511 Mai.
1479 3452 1628 3523 8(a).
1670 3450 1847 3509 Ηιιιιι..

485 3588 857 3661 Repreltendit
885 3587 1155 3644 Eusebius
1194 3588 1322 3643 hinc
1354 3588 1481 3651 inde
1513 3587 1998 3666 Africanum,,ipse

413 3681 660 3738 vicissim
708 3681 1073 3753 reprehensus
1122 3690 1206 3735 est
1255 3680 1325 3734 ab
1363 3678 1612 3746 Aniano,
1666 3680 1993 3748 Panodoro,

412 3773 648 3845 Georgio
683 3772 936 3846 Syncello
966 3780 1020 3827 et
1064 3772 1218 3838 aliis,
1262 3772 1537 3827 interdum
1579 3774 1744 3829 etiam
1774 3774 1865 3829 ubi
1891 3774 1996 3845 ipsi

412 3875 568 3932 erant
598 3864 1032 3938 reprehendendi
1060 3885 1073 3921 :
1108 3863 1347 3920 Diodoro
1397 3865 1560 3920 etiam
1594 3863 1884 3932 Tarsensi,
1928 3867 1997 3927 de

484 4046 564 4115 (a)
602 4045 897 4102 Eusebiani
926 4045 1178 4101 Chronici
1218 4045 1490 4115 duplicem
1520 4044 1815 4100 editionem
1843 4045 1994 4102 dedit

411 4117 565 4171 card.
598 4117 807 4188 Angelo
833 4118 958 4170 Mai.
1009 4117 1207 4180 Priori,
1246 4132 1367 4185 quae
1422 4115 1709 4188 Mediolani
1733 4118 1990 4188 _prodiit.

412 4203 558 4258 anno
591 4185 752 4254 I818,
777 4189 971 4242 titulus
996 4188 1084 4241 hic.
1114 4188 1408 4258 praetigitur
1435 4206 1446 4240 :
1487 4185 1701 4241 Eusebii
1725 4185 1993 4258 Pamphili

411 4256 793 4315 Chronicorum
822 4256 1248 4313 Canonumlihri
1289 4258 1427 4319 duo,
1477 4274 1604 4326 opus
1652 4273 1717 4312 ea:
1745 4256 1991 4312 Haicano

412 4329 590 4384 codice
627 4330 913 4384 a'Doctore
939 4328 1147 4383 Joanne
1174 4327 1436 4396 Zohrabo,
1453 4328 1660 4398 collegii
1694 4330 1994 4384 Armeniaci

420 4398 759 4456 Venetiarum
790 4403 1035 4470 alumno,
1077 4401 1349 4470 diligenter
1380 4414 1685 4470 expressum
1729 4408 1779 4470 et
1834 4402 1994 4455 casti-

409 4481 615 4540 gatum,
659 4472 889 4542 Angelus
943 4469 1122 4525 Maius
1172 4468 1222 4542 et
1262 4469 1495 4524 Joannes
1536 4468 1813 4542 Zohrabus
1854 4487 1990 4526 nunc

410 4539 641 4609 primum
669 4539 964 4611 conjunctis
996 4543 1139 4595 curis
1170 4539 1462 4595 Latinitate
1511 4540 1766 4593 donatum
1824 4543 1977 4595 notis-

409 4627 508 4683 que
536 4612 888 4675 illustratum,
926 4613 1123 4666 additis
1150 4611 1370 4683 L(ir-arcis
1402 4611 1986 4683 reliquiis,rediderunl.

410 4657 726 4750 Mediolani,
757 4657 915 4752 regiis
959 4684 1113 4753 typis.
1148 4657 1348 4737 ‘Eidem
1378 4657 1641 4736 voluinini
1672 4682 1850 4753 inest:
1890 4683 1995 4740 Sa-

408 4756 596 4809 muelis
629 4754 924 4824 presbyteri
945 4752 1186 4808 Aniensis
1230 4763 1518 4824 temporum
1550 4768 1712 4822 usque
1740 4752 1808 4805 ad
1837 4762 1989 4807 suam

408 4823 810 4879 aetatentratio.
837 4826 898 4879 In
933 4824 1038 4878 line
1084 4824 1318 4893 legitur:
1351 4823 1633 4893 Explicita'
1666 4834 1788 4876 sunt
1837 4825 1993 4878 celeri

408 4893 694 4949 admodum
721 4895 981 4949 editorum
1033 4893 1249 4958 labore,
1295 4895 1611 4965 eﬁlayitante
1664 4894 1991 4965 eruditorum

407 4968 645 5019 omnium
695 4976 837 5030 voto,
873 4966 954 5019 ha:
999 4965 1247 5034 perutiles
1272 4964 1563 5034 temporum
1589 4965 1847 5018 doctrina:
1876 4964 1988 5018 Eu-

407 5036 537 5089 sebii
569 5036 916 5092 Cazsariensis
948 5045 999 5090 et
1049 5034 1314 5089 Samuelis
1357 5037 1601 5089 Aniensis
1649 5036 1706 5089 in
1739 5036 1884 5089 alma
1940 5045 1990 5090 et

409 5107 798 5162 litteratissima
825 5106 952 5160 urbe
984 5104 1316 5175 Mediolano,
1366 5123 1504 5159 anno
1534 5115 1651 5174 post
1701 5105 1989 5175 beneﬁcum

408 5174 608 5232 Christi
646 5178 923 5233 adventum
951 5175 1028 5231 M.
1062 5175 1131 5229 1).
1157 5174 1310 5232 CCC.
1344 5175 1573 5231 XVIII.
1600 5176 1841 5231 Lectores
1868 5178 1990 5231 boni

406 5247 595 5313 favete.
658 5248 814 5302 Hanc
856 5246 1150 5302 editionem
1174 5291 1188 5312 ,
1226 5248 1624 5316 posterioribus
1654 5247 1805 5302 curis
1833 5263 1990 5302 reco-

403 5322 635 5387 gnitum,
666 5320 813 5389 typis
838 5318 1036 5373 iterum
1071 5318 1349 5389 mandavit
1389 5317 1540 5389 card.
1569 5316 1693 5384 Mai,
1728 5317 1783 5371 in
1833 5317 1984 5372 Scri-

404 5386 617 5461 ptorum
657 5386 887 5443 veterum
915 5406 1059 5461 _n_o_va
1084 5386 1464 5461 Collectio_ne_e
1494 5388 1763 5461 Vaticanis
1779 5390 1987 5461 codici-

408 5457 504 5511 bus
532 5459 696 5524 edita,
728 5469 861 5513 tom.
915 5458 1051 5512 VIII.
1084 5457 1269 5513 Romae
1300 5458 1370 5513 Μ.
1408 5459 1470 5513 D.
1518 5459 1670 5515 CCC.
1725 5459 1982 5525 XXXIII,

405 5528 575 5586 ἱιι-4ο.
607 5528 801 5589 Versio
832 5529 1175 5595 Armeniaca,
1214 5530 1269 5584 in
1302 5546 1410 5600 qua
1433 5546 1543 5584 non
1570 5531 1732 5586 modo
1766 5540 1986 5587 senten-

404 5601 495 5656 tia:
527 5602 836 5664 sententiis,
866 5616 1053 5656 verum
1081 5600 1383 5670 saepissime
1412 5604 1575 5656 etiam
1613 5603 1775 5657 verba
1803 5603 1984 5659 verbis

406 5672 652 5740 apprime
676 5671 1030 5738 respondent,
1061 5671 1261 5726 szeculo
1281 5671 1537 5728 Ecclesia:
1567 5690 1601 5727 v
1629 5673 1979 5738 concinnata,

406 5751 696 5813 utramque
727 5742 951 5798 exhibet
979 5741 1229 5798 Chronici
1258 5751 1466 5813 partem
1493 5784 1508 5806 ,
1559 5745 1749 5798 ultima
1804 5745 1979 5807 solum

406 5811 623 5892 prioris
644 5815 817 5896 partis
856 5813 1100 5872 sectione
1132 5811 1380 5894 excepta.
1415 5813 1628 5893 Optime
1657 5813 1804 5873 edita
1836 5822 1920 5872 est
1949 5829 1978 5871 a
2013 5895 2018 5901 ἢ
2053 5896 2065 5906 ι

2122 536 2367 592 vicissim
2405 534 2640 606 notato),
2662 545 2717 591 et
2746 535 2869 589 aliis
2902 533 3254 604 chronologis
3286 532 3707 590 recentioribus.

2413 643 2623 683 EUSEBII
2664 642 3019 682 PBEPABATIO
3055 639 3408 682 EVMGELICA.

2185 723 2597 794 Εὐαγγελικῆς
2656 721 3022 790 ἀποδείξεως
3076 716 3548 792 προπαρασκευή
3606 718 3705 790 (ὁ),

2123 817 2545 887 Ρνοιιραναιὶοηὶδ
2573 819 2885 888 evangelica:
2912 817 2983 872 ad
3026 816 3371 881 Theodotum,
3406 817 3706 885 episcopum

2119 908 2501 974 Laodicenum.
2535 910 2661 965 libri
2687 927 2757 966 xv
2779 951 2794 977 ,
2821 912 2927 966 sive
2954 911 3192 966 collectio
3226 909 3584 980 pulcherrima
3614 926 3706 963 ar-

2118 1014 2485 1074 gumentorum
2540 1004 2934 1075 variorumque,
2990 1012 3176 1059 notata
3226 1002 3659 1074 dignissimorum
3685 1044 3703 1066 ,

2118 1105 2578 1151 monumentorum
2609 1113 2672 1151 ac
2706 1097 3125 1152 testimoniorum
3146 1111 3212 1150 ea:
3240 1095 3585 1167 scriptoribus
3610 1112 3705 1150 ea:-

2119 1188 2281 1242 ternis
2316 1186 2584 1260 (magnam
2626 1197 2832 1259 partem
2882 1186 3374 1265 hodiedepcrditis)
3396 1229 3411 1253 ,
3441 1204 3549 1258 qua
3583 1187 3705 1241 ani-

2117 1296 2235 1335 mus
2261 1281 2471 1335 lectoris
2496 1290 2834 1351 praeparatur
2859 1281 2929 1335 ad
2957 1280 3431 1337 demonstrationes
3465 1279 3530 1334 de
3562 1279 3702 1334 veri-

2118 1382 2227 1428 tate
2254 1372 2529 1445 Evangelii
2554 1374 2754 1430 Christi
2796 1390 2862 1430 επ
2886 1375 3056 1429 sacris
3091 1375 3282 1428 litteris
3313 1381 3460 1428 tanto
3483 1373 3701 1444 facilius

2094 1465 2445 1522 .imbibendas
2466 1507 2481 1531 ,
2527 1467 3005 1538 admittendasque.
3037 1465 3225 1521 Latine
3252 1468 3407 1521 vertit
3440 1474 3492 1521 et
3533 1464 3703 1520 Nico-

2118 1560 2204 1614 lao
2238 1559 2279 1613 V
2314 1560 2555 1630 pontiﬁci
2576 1560 2845 1628 inscripsit
2869 1558 3121 1630 Georgius
3150 1558 3569 1628 Trapezuntius;
3605 1557 3701 1614 sed

2115 1655 2274 1722 cujus
2312 1651 2815 1723 interpretationem
2847 1651 3003 1707 valde
3040 1665 3290 1706 maneam
3320 1665 3385 1706 ac
3416 1651 3703 1707 confusam

2114 1760 2258 1807 esse,
2288 1745 2484 1801 merito
2512 1744 2763 1814 queritur
2790 1743 3025 1800 Allatius
3054 1743 3130 1799 De
3162 1741 3423 1814 Georgiis,
3466 1759 3523 1815 p.
3558 1744 3700 1811 575,

2113 1845 2168 1894 et
2198 1837 2450 1893 Petavius
2469 1850 2582 1902 xw,
2600 1835 2688 1897 11,
2710 1838 2790 1893 De
2809 1835 3247 1908 incarnatione,§
3280 1836 3316 1890 2
3343 1855 3357 1891 :
3395 1835 3701 1905 Trapezun-

2113 1932 2218 1985 tius
2244 1930 2442 1985 Latina
2471 1947 2572 1985 sua
2598 1932 2834 1985 versione
2872 1947 2976 1984 non
3017 1940 3125 1983 tam
3162 1928 3387 1984 Eusebio
3421 1929 3590 1984 lucem
3616 1938 3702 1984 at-

2112 2024 2256 2086 tulit,
2290 2040 2449 2094 quam
2470 2040 2530 2078 eo
2561 2022 2694 2093 ftede
2727 2022 2982 2077 laniando
3003 2061 3019 2085 ,
3052 2020 3293 2076 addendo
3316 2038 3380 2076 ac
3403 2022 3701 2091 depravan-

2109 2110 2213 2174 do,
2264 2110 2472 2179 justam
2529 2110 2593 2166 de
2644 2128 2700 2166 se
2755 2111 3023 2183 querelam
3065 2112 3291 2185 posteris
3325 2114 3539 2184 reliquit
3572 2113 3695 2185 (c).

2109 2201 2311 2258 Confer
2348 2201 2606 2259 Vossittm
2642 2201 2718 2256 De
2746 2182 2872 2257 hist.
2903 2182 3129 2269 ercis,’
3160 2217 3283 2273 pag.
3315 2202 3412 2269 70;
3436 2182 3696 2258 Httetium

2108 2296 2188 2350 De
2212 2296 2376 2351 claris
2407 2295 2779 2366 interpretibus
2807 2335 2823 2360 ,
2876 2309 3000 2367 pag.
3033 2294 3168 2359 292,
3227 2303 3283 2351 et
3314 2292 3399 2350 Jo.
3437 2292 3694 2350 Rainoldi

2109 2389 2401 2444 Censuram
2426 2388 2846 2459 apocryphorum
2873 2388 3156 2452 librorum,
3187 2395 3322 2444 tom.
3345 2386 3390 2453 Ι,
3421 2387 3691 2459 pag.803.

2107 2479 2318 2537 Prodiit
2345 2481 2539 2536 Latina
2570 2481 2922 2553 Trapezuntii
2942 2482 3127 2538 versio
3147 2480 3382 2538 Tarvisii
3414 2481 3574 2549 1480,
3594 2481 3691 2539 fol.

2110 2574 2388 2645 [Curatius
2416 2575 2751 2646 uberiusque
2778 2582 3174 2631 enumerarunt
3203 2584 3260 2630 et
3297 2585 3697 2632 recensuerunt

2106 2667 2233 2723 edd.
2261 2670 2377 2739 ipse
2410 2666 2698 2724 Fabricius
2730 2668 2787 2722 in
2824 2666 3065 2732 Delectu,
3098 2676 3230 2731 etc.,
3253 2666 3289 2723 l.
3310 2682 3385 2730 c.,
3419 2666 3695 2724 Maittaire

2105 2766 2161 2813 et
2189 2759 2243 2813 in
2279 2757 2469 2829 primis
2503 2758 2629 2813 edd.
2661 2773 2790 2814 sate.
2820 2775 2893 2813 xv
2921 2758 3025 2813 cel.
3052 2756 3265 2813 Panzer
3297 2758 3414 2829 (qui
3449 2759 3587 2814 alios
3615 2759 3695 2815 ci-

2104 2855 2224 2903 tare
2253 2847 2392 2902 solet
2426 2846 2854 2919 bibliograpbos)
2895 2848 2950 2902 in
2982 2848 3050 2903 A.
3085 2847 3147 2902 Τ.
3180 2846 3322 2903 Add.
3358 2864 3480 2920 qua:
3502 2849 3695 2905 obser-

2104 2939 2227 2993 vavi
2256 2939 2312 2994 in
2338 2936 2545 2993 Introd.
2583 2939 2641 2994 in
2678 2938 2821 2999 Hist.
2852 2936 2917 2991 L.
2951 2936 3070 3004 Gr.,
3104 2938 3142 2993 Ι.
3181 2953 3257 3004 c.,
3286 2953 3411 3009 pag.
3443 2938 3549 2993 219
3580 2954 3689 3010 sq.,

2105 3039 2220 3085 not.
2255 3028 2453 3086 Paucis
2491 3029 2662 3097 igitur
2705 3029 2996 3094 versionis,
3027 3044 3058 3083 a
3085 3028 3455 3099 Trapezuntio
3487 3030 3647 3086 factae
3671 3070 3689 3096 ,

2104 3122 2229 3178 edd.
2273 3122 2546 3178 indicabo.
2588 3122 2833 3180 Venetiis
2868 3123 3011 3195 typis
3046 3121 3220 3177 Nicol.
3247 3120 3503 3191 Jenson.,
3527 3124 3689 3193 1470,

2109 3213 2202 3269 fol.
2238 3214 2499 3286 (Antonii
2544 3214 2881 3271 Cornazzani
2933 3217 3277 3287 praemissum
3344 3218 3690 3276 oetosticbon

2106 3307 2452 3363 emendatius
2478 3307 2696 3363 iteravit
2719 3306 3006 3364 Fabricius
3025 3309 3080 3363 in
3114 3307 3349 3375 Delectu,
3373 3316 3505 3376 etc.,
3523 3326 3689 3382 quam

2107 3399 2379 3457 Maittaire
2403 3401 2473 3456 Α.
2526 3400 2589 3457 Τ.
2622 3400 2673 3466 I,
2719 3416 2775 3472 p.
2811 3400 2916 3469 67,
2963 3402 3377 3473 exscripserat.)
3405 3433 3477 3444 —
3505 3402 3689 3478 (ibid.)

2105 3508 2203 3564 per
2246 3492 2415 3549 Leon.
2455 3492 2612 3547 Aurl.
2645 3492 2830 3564 (quem
2860 3500 3230 3550 correctorem
3280 3505 3374 3550 aut
3422 3495 3689 3551 editorem

2104 3586 2296 3651 fuisse,
2314 3586 2687 3657 characterem
2719 3593 2900 3643 autem
2920 3585 3228 3642 Romanum
3257 3602 3382 3645 esse
3413 3590 3686 3654 eumdem,

2104 3695 2214 3750 quo
2241 3679 2416 3736 Adam
2458 3679 2527 3737 de
2562 3681 2873 3753 Ambergau
2901 3682 3043 3739 M72
3088 3682 3371 3741 Ciceronis
3411 3684 3690 3740 orationes

2103 3773 2421 3843 impressit,
2478 3774 2738 3844 opinatur
2777 3774 2848 3828 el.
2908 3773 3138 3831 Panzer.
3193 3773 3294 3841 III,
3336 3773 3688 3846 p.98),s.l.,

2104 3865 2265 3932 1475,
2299 3865 2396 3935 fol.
2429 3866 2570 3924 Add.
2617 3867 2690 3923 el.
2723 3865 2935 3924 Morell.
2967 3867 3035 3921 ad
3065 3852 3187 3923 Cat.
3223 3868 3357 3924 bibl.
3382 3866 3579 3923 Pinell.
3630 3865 3685 3932 I,

2098 4044 2149 4099 «Ι.
2184 4043 2243 4098 Β.
2278 4044 2554 4100 Aucherio
2607 4045 2711 4101 sub
2741 4046 2940 4102 titulo:
2989 4046 3204 4102 Eusebii
3253 4046 3552 4104 Chronicon
3601 4049 3685 4104 bi-

2101 4117 2572 4186 partitumLArm.
2597 4124 2652 4171 et
2673 4115 2793 4171 Lat.
2825 4117 3048 4186 (additis
3072 4134 3173 4174 suo
3199 4119 3319 4174 loco
3346 4117 3551 4175 Graacis
3575 4120 3684 4175 Ira-

2099 4187 2353 4258 gmentis)
2378 4185 2621 4242 Venetiis
2643 4187 2802 4242 1818.
2830 4185 2874 4242 Il
2898 4190 3113 4255 Partes,
3144 4188 3300 4245 ἰπὶ-4⁸³,
3327 4191 3488 4245 Ειιιτ.
3508 4189 3682 4249 Pun.

2172 4256 2556 4331 (b_)AEusrebitts
2585 4258 2703 4325 ipse
2740 4275 2818 4319 vr,
2866 4260 2969 4331 10,
3017 4259 3346 4331 Ρνωραναι.,
3371 4276 3494 4331 pag.
3544 4261 3681 4330 280,

2219 4322 2282 4402 δὴ
2316 4330 2411 4402 κα).
2437 4322 2668 4402 pultare
2707 4330 2839 4400 ἡμῖν
2869 4322 3058 4394 δετείς
3231 4322 3683 4402 τῆςίΕὺῖιγ-γελιέ

2098 4399 2215 4470 κῆς
2253 4398 2614 4465 ἀποδείξεως
2648 4398 3177 4470 πρόπιιρασκευήνέ.
3226 4398 3380 4457 Adde
3432 4398 3540 4457 lib.’
3581 4419 3681 4469 xv,

2098 4485 2220 4541 cap.
2256 4471 2308 4536 1,
2343 4470 2434 4524 ubi
2469 4477 2594 4541 post
2636 4473 2939 4541 expositam
2969 4471 3164 4526 horum
3190 4471 3458 4527 librorum
3483 4487 3684 4529 anaceo

2021 4527 2074 4587 D
2102 4527 2400 4611 plt'alreosin
2424 4527 2533 4607 ait,
2576 4527 2789 4614 jam_'_ad
2833 4542 3359 4598 demonstrationem
3408 4527 3683 4614 evangeli-

2103 4626 2225 4686 eam
2255 4618 2518 4686 tanquam
2560 4611 2800 4686 nobilius
2829 4620 3214 4686 argumentum
3269 4628 3333 4686 se
3386 4611 3680 4686 progredi:

2103 4681 2276 4735 Τοῦτο
2302 4676 2493 4755 δὴ“ρῦν
2528 4679 2776 4755 σὺν-Θεῴ
2822 4676 2921 4755 διᾶ
2951 4684 3050 4755 τῆς
3087 4683 3346 4755 ἀληθείας
3386 4676 3520 4755 ἦμῖῦ
3560 4686 3676 4740 ἐπι-

2102 4751 2549 4826 σφραγισῦέντος,
2583 4751 2653 4805 τὰ
2687 4751 2920 4826 μὲνίτῆς
2935 4751 3682 4826 προπαρασκευῆςέπαῦοά

2102 4823 2191 4894 μοι
2225 4823 2715 4895 περιγραφήσεται.
2758 4823 3015 4891 Μεταϐὰς
3048 4825 3107 4878 δὲ
3135 4823 3227 4880 ἐπὶ
3247 4827 3346 4897 τὴν
3369 4823 3681 4881 ἐντελεστέ-

2103 4910 2203 4964 ραν
2237 4893 2491 4947 ὑπόθεσιν
2516 4890 3035 4964 τῆςΕὺαγῖ-ελικῆς
3048 4892 3559 4961 ἁποδείξεωςωῑο.
3587 4900 3679 4953 Li.

2099 4910 2203 5017 ραν
2237 4910 2491 4947 υπουεσιν
2516 4910 3035 4964 τηςιιίυαγγενιικης
3048 4910 3559 4961 αποσειζεως,ειο.
3587 4910 3675 4953 Lt.

2103 5033 2106 5034 ν
2133 4980 2229 5034 ros
2251 4981 2320 5018 xv
2339 4962 2853 5032 Προπαρασκευῆς
2874 4964 3200 5034 evangelica:
3227 4974 3493 5021 memorat
3512 4969 3675 5023 etiam

2098 5033 2399 5116 Hieronget
2423 5049 2491 5088 ex
2522 5035 2806 5116 Iibronvut.
2823 5033 3235 5116 [@umprofert
3254 5036 3308 5116 in
3337 5052 3543 5092 nonum
3566 5038 3649 5092 Da
3666 5068 3679 5079 -

2098 5106 2273 5161 nielis.
2301 5102 2522 5159 FABBIG;
2564 5132 2634 5152 -.-
2661 5102 2822 5159 Conf.
2857 5103 2939 5159 Du
2979 5102 3104 5163 Pin.
3138 5105 3341 5161 Eccles.
3398 5117 3677 5165 auctorum

2098 5174 2227 5231 bibl.
2256 5192 2399 5241 nov.,
2423 5174 2486 5242 Il,
2511 5191 2565 5245 p.
2609 5174 2709 5237 10,
2742 5182 2796 5230 et
2824 5173 3136 5230 Fabricium
3181 5185 3431 5233 nostrum
3479 5179 3534 5234 in
3568 5179 3676 5234 De-

2098 5247 2235 5301 lectu
2269 5256 2629 5316 argumentor.
2681 5253 2732 5298 et
2783 5245 2990 5315 syllaba
3024 5247 3269 5316 scriptor.
3321 5264 3416 5316 pro
3461 5251 3679 5305 veritate

2095 5320 2246 5389 relig.
2271 5315 2611 5389 Christianae,
2636 5329 2760 5389 pag.
2788 5316 2855 5369 72
2884 5332 3031 5387 sqq.,
3068 5315 3161 5373 ubi
3199 5315 3380 5389 locqu
3420 5320 3567 5375 hunc
3608 5320 3677 5375 Β.

2090 5387 2440 5459 ϐνζιθρθιίἰι
2471 5395 2525 5443 et
2555 5388 2796 5458 pleniore
2824 5389 3127 5459 praesertim
3162 5388 3289 5445 edd.
3327 5391 3523 5446 notitia
3560 5407 3679 5445 am-

2095 5461 2337 5512 nlicavit.
2379 5457 2554 5512 ΗΑιιι..

2152 5461 2337 5516 icavit.
2379 5461 2554 5512 ΗΑιιι..

2095 5475 2337 5529 pucavn.
2379 5475 2554 5512 ﬂABL.

2166 5529 2238 5596 (ε)
2275 5528 2678 5598 Trapezuntius
2707 5535 2892 5586 tamen
2930 5531 2985 5585 in
3015 5529 3176 5600 epist.
3207 5528 3276 5584 ad
3315 5531 3600 5587 Nicolaum
3636 5528 3679 5587 V

2093 5602 2376 5674 proﬁtetur
2417 5615 2476 5656 se
2507 5600 2668 5674 illius
2688 5600 2871 5674 jussu,
2913 5602 3160 5674 sentibus;
3187 5605 3474 5668 amputatis
3519 5602 3596 5674 (h.
3623 5618 3676 5661 e.

2092 5671 2162 5728 iis
2183 5673 2428 5733 omissis,
2453 5687 2574 5741 quae
2604 5672 2710 5726 sibi
2727 5673 2940 5727 scilicet
2968 5671 3202 5726 haaresin
3227 5674 3378 5730 olere
3416 5671 3670 5728 videren-

2093 5748 2206 5812 tur)
2234 5760 2387 5798 rosas
2417 5742 2750 5799 solummodo
2778 5741 2987 5800 Latinis
3016 5742 3311 5801 hominibus
3356 5746 3454 5801 hac
3484 5746 3673 5799 tradito

2092 5816 2262 5874 ctione
2293 5814 2566 5872 obtulisse.
2609 5812 2783 5872 HARL.
