4070 6392
344 324 406 375 21
1833 326 2134 385 ΝΟΤΙΤῙΑ.
3535 337 3610 392 22

343 453 468 508 pag.
501 435 598 492 61.
628 467 699 480 —-
740 436 984 497 Venetiis
1016 456 1113 511 per
1142 439 1317 499 Nicol.
1359 440 1610 509 Jenson.,
1639 442 1799 509 1476,
1832 442 1926 499 fol.
1957 450 2003 507 Α
2032 443 2231 498 librum
2264 441 2686 513 Prmparatt'onis
2712 456 2938 508 nonum,
2957 458 3025 499 ex
3053 400 3162 516 quo
3192 446 3365 501 multa
3392 448 3607 506 restitui

341 562 411 572 —
439 529 685 587 Tarvisii
714 533 854 589 1480
872 575 887 599 ,
916 534 1040 600 fol.,
1081 536 1222 608 typis
1255 536 1419 592 Micb.
1457 537 1771 601 Manzolini,
1796 537 1930 593 Par-

339 624 550 678 mensis
588 622 678 697 (de
706 640 815 695 quo
849 627 1187 698 typographo
1210 644 1261 683 v.
1296 627 1438 685 Iren.
1463 628 1605 695 Affo,
1640 628 1837 701 Saggio
1873 629 1931 684 di

339 718 595 771 memorie
623 718 766 773 sulla
807 722 997 790 tipogr.
1034 720 1324 777 Parmense
1360 722 1446 777 del
1498 741 1601 779 sec.
1636 742 1724 792 xv,
1764 741 1817 795 p.
1860 725 1929 780 58

342 806 516 876 sqq.).
548 837 624 848 —
646 807 836 865 Venet.
864 809 1025 873 1487,
1058 808 1150 866 fol.
1176 810 1330 866 Hanc
1371 812 1588 882 quidem
1620 813 1751 869 edit.
1796 814 1930 868 citat

339 897 620 955 laittaire
643 900 732 966 III,
763 916 887 973 pag.
922 902 1052 970 487,
1080 919 1146 959 ex
1178 905 1342 959 catal.
1392 906 1665 975 quodam;
1697 906 1793 961 sed
1822 905 1927 960 du-

336 990 476 1045 bitat
504 992 581 1048 cl.
613 990 848 1048 Panzer.
882 993 950 1047 III
968 1033 984 1060 ,
1028 1010 1084 1065 p.
1109 994 1235 1060 248,
1267 995 1337 1052 de
1362 1011 1491 1052 vera
1518 997 1647 1052 anni
1678 1005 1806 1052 nota
1829 1038 1845 1062 ,
1874 1005 1928 1053 et

343 1084 661 1153 suspicatur
715 1101 843 1143 esse
888 1102 1009 1142 eam
1065 1104 1117 1142 a.
1176 1088 1349 1155 1497;
1407 1104 1530 1161 pag.
1575 1097 1758 1146 autem
1797 1091 1926 1157 417,

342 1190 396 1229 ιι.
427 1175 595 1241 2250,
629 1177 793 1233 istam
821 1179 909 1235 ed.
940 1194 992 1234 a.
1027 1181 1162 1235 1487
1192 1181 1486 1251 prodiisse,
1509 1181 1713 1238 diserte
1744 1191 1925 1252 negat.

340 1296 410 1310 —
436 1266 690 1324 Vcnetiis
712 1270 873 1335 1491,
903 1270 998 1325 fol.
1048 1270 1213 1328 Denis
1245 1275 1300 1328 in
1331 1272 1625 1342 Supplem,
1654 1290 1778 1345 pag.
1801 1276 1925 1331 507.

338 1386 408 1396 -
434 1356 634 1413 Euseb.
666 1359 744 1413 De
769 1375 998 1429 prmpar.
1029 1364 1262 1430 evangel.
1302 1371 1353 1417 et
1397 1364 1690 1421 demonstr.
1720 1364 1928 1420 Patavii

340 1448 499 1514 1497,
532 1449 635 1507 fol.
674 1452 968 1523 (Maittaire
1001 1452 1094 1522 ιν,
1134 1471 1257 1525 pag.
1289 1454 1417 1520 659,
1444 1464 1560 1512 not.
1586 1456 1613 1510 1
1640 1496 1655 1519 ,
1697 1472 1761 1512 ex
1793 1456 1930 1513 Loe-

339 1541 567 1607 scbero,
618 1550 760 1600 teste
803 1560 915 1599 non
979 1562 1195 1616 semper
1245 1556 1397 1601 certo
1449 1547 1685 1618 fidoque.
1742 1547 1930 1619 Neque

339 1630 535 1705 Georg.
570 1634 999 1707 Trapezuntius,
1024 1639 1118 1694 sed
1147 1639 1348 1695 Donat.
1370 1638 1570 1695 Veron.
1592 1639 1784 1697 Latine
1807 1657 1927 1696 ver-

343 1726 403 1780 tit
428 1724 564 1782 Eus.
605 1727 1130 1785 Demonstratiouem
1158 1731 1440 1802 evangelia.
1497 1729 1564 1787 V.
1590 1730 1775 1789 Nicer.
1814 1732 1929 1788 Me-

341 1836 471 1873 mor.
506 1820 630 1877 νγ.
659 1821 804 1888 DD.,
834 1832 969 1878 tom.
991 1824 1080 1887 XI,
1099 1841 1223 1895 pag.
1255 1798 1348 1890 26,
1375 1841 1444 1881 ex
1466 1828 1716 1883 versione
1735 1828 1930 1882 Baum-
1960 1798 2003 1853 Β

345 1913 579 1985 garten.)
610 1946 684 1955 —
714 1915 993 1981 Venetiis,
1047 1917 1334 1989 diligentia
1364 1918 1656 1974 Bcnardini
1687 1920 1891 1976 Denalii
1912 1960 1927 1986 ,

352 2005 499 2074 1497,
534 2005 639 2063 fol.
681 2007 756 2078 (v.
805 2006 983 2064 Fossii
1019 2008 1137 2063 Cat.
1186 2012 1308 2076 cit.,
1342 2022 1475 2068 tom.
1508 2013 1548 2078 I,
1585 2029 1638 2082 p.
1672 2012 1824 2083 650)
1857 2041 1931 2051 -

346 2096 530 2154 Venet.
564 2100 732 2168 1500,
757 2100 854 2157 fol.
891 2100 967 2173 (v.
1012 2101 1168 2158 Foss.
1195 2104 1231 2158 I.
1280 2121 1326 2161 c.
1352 2145 1366 2168 ,
1399 2121 1520 2177 pag.
1553 2106 1686 2172 65.1;
1715 2106 1923 2164 Goetzii

340 2187 564 2246 lentor.
591 2192 724 2247 bibl.
751 2192 1055 2260 Dresdens.,
1080 2193 1144 2257 II,
1168 2211 1290 2267 pag.
1305 2194 1431 2261 285,
1463 2197 1521 2252 in
1545 2198 1737 2267 primis
1765 2196 1919 2269 Frey-

343 2291 449 2354 tag.
476 2284 688 2353 Appar.
718 2286 908 2348 ἥκει..
941 2288 1002 2350 1,
1049 2303 1104 2358 p.
1142 2288 1247 2343 652
1290 2305 1437 2359 sqq.,
1468 2291 1561 2359 qui
1608 2290 1814 2345 multus
1845 2297 1931 2345 est

341 2373 410 2429 de
434 2374 794 2447 Trapezuntii
848 2380 1104 2434 versione
1149 2387 1205 2435 et
1260 2381 1382 2450 ipso
1413 2381 1650 2436 Eusebio
1700 2383 1929 2452 ejusque

340 2463 643 2535 doctrina.)
669 2496 741 2506 —
795 2465 927 2522 Sine
979 2468 1100 2523 loco
1130 2480 1185 2524 et
1214 2485 1379 2534 anno,
1412 2470 1593 2524 in-fol.
1631 2470 1926 2542 (Coloniae,

342 2556 587 2612 charact.
628 2556 868 2628 gotbico,
898 2556 1016 2612 Ulr.
1053 2558 1332 2630 Zelii,quo
1364 2561 1503 2615 1475
1527 2559 1667 2616 Rob.
1692 2562 1758 2617 de
1776 2562 1928 2618 Licio

345 2663 632 2706 sermones
655 2650 919 2720 vulgavit,
952 2657 1079 2707 test.
1117 2650 1303 2715 Deuis,
1332 2652 1516 2723 Suppl.
1551 2654 1594 2718 I,
1640 2670 1695 2725 p.
1723 2654 1850 2720 560,
1875 2665 1929 2711 et

345 2739 521 2795 Lairio
546 2742 608 2796 in
658 2740 843 2797 Indice
878 2741 1136 2801 librorum
1168 2743 1233 2799 ab
1263 2745 1472 2799 inventa
1507 2746 1843 2816 typograph.,
1882 2748 1924 2810 I,

349 2846 463 2904 pag.
523 2834 638 2889 129
683 2833 853 2905 seq.),
885 2834 1155 2907 Hagenoai
1209 2836 1370 2902 1522,
1407 2837 1463 2902 4,
1493 2867 1567 2877 -
1605 2836 1782 2896 Paris.
1833 2855 1921 2911 ap.

351 2926 479 2981 Sim.
499 2926 690 2984 Coiin.
733 2927 895 2996 1554,
923 2928 978 2983 4.
1004 2927 1210 3001 Hann]
1240 2928 1433 2984 Colon.
1466 2928 1633 2997 1559,
1690 2929 1786 2985 fol.
1805 2973 1820 2997 ,
1876 2941 1928 2986 ct

351 3018 486 3074 inter
513 3018 742 3075 Eusebii
764 3035 931 3089 opera
960 3020 1128 3077 Basil.
1169 3020 1334 3085 1542,
1365 3021 1526 3085 1549,
1558 3022 1717 3087 1559,
1753 3022 1924 3088 1570,

352 3110 531 3173 fol.,et
546 3108 732 3167 Paris;
754 3111 915 3179 1587,
933 3110 1137 3185 fol.,(a)
1155 3112 1252 3170 sed
1267 3111 1324 3167 in
1339 3113 1496 3172 libris
1506 3115 1924 3185 quatuordecim

352 3202 622 3271 supplevit
676 3200 765 3257 ιο.
792 3201 1031 3259 Thomas
1061 3183 1308 3274 Freigius
1328 3183 1742 3277 et,qui_scholia
1765 3209 1927 3263 etiam
1955 3183 1997 3239 θ

351 3292 573 3357 addidit,
607 3293 773 3351 Joan.
822 3294 1062 3352 Iacobus
1097 3295 1398 3369 Grynaeus;
1428 3300 1628 3355 librum
1657 3301 1931 3357 decimum

352 3384 595 3454 quintum
633 3388 797 3442 vertit
829 3387 1045 3444 Marcus
1073 3387 1379 3459 Hopperus.

419 3477 607 3536 Graece
654 3480 869 3552 primus
911 3483 1153 3552 vulgavit
1182 3481 1321 3538 Bob.
1384 3483 1696 3555 Stephanus
1752 3485 1928 3543 Paris.

357 3569 508 3632 1544.
544 3572 669 3637 fol.,
702 3575 850 3644 typis
889 3575 1074 3644 regiis.
1119 3573 1365 3646 Denique
1408 3576 1741 3634 Franciscus
1772 3577 1933 3650 Vige-

354 3677 466 3727 rus,
493 3662 960 3734 Rothomagensis
982 3707 999 3732 ,
1050 3664 1109 3720 S.
1144 3665 1194 3721 J.
1225 3669 1512 3739 presbyter
1532 3708 1547 3734 ,
1603 3685 1667 3724 ex
1719 3670 1932 3726 duobus

354 3756 636 3811 codicibus
667 3756 800 3812 bibl.
846 3758 1037 3828 regiae,
1093 3774 1329 3828 quorum
1386 3760 1560 3816 altero
1615 3759 1931 3832 Stephanus

356 3863 485 3905 usus
510 3848 715 3910 fuerat,
745 3849 1092 3920 laudatisque
1119 3851 1190 3905 ab
1216 3851 1336 3921 ipso
1364 3851 1600 3908 Eusebio
1642 3854 1929 3924 scriptori-

356 3941 475 4007 bus,
506 3948 563 3995 et
588 3941 761 3996 variis
804 3942 932 3996 lect.
962 3941 1171 3997 codicis
1196 3940 1590 4002 Montacutiani
1620 3942 1807 4000 Graeca
1840 3962 1929 4001 re-

354 4031 596 4095 censuit,
652 4046 960 4101 novamque
1008 4032 1290 4088 meliorem
1334 4032 1638 4090 versionem
1670 4051 1826 4091 suam
1876 4044 1931 4092 et

357 4130 509 4179 notas
538 4124 862 4193 iudicesque
911 4124 1117 4179 addidit
1156 4118 1529 4196 Paris.‘1628,
1551 4127 1645 4186 fol.
1675 4128 1749 4200 (b)
1774 4147 1787 4182 :
1809 4145 1931 4199 qua:

354 4216 517 4271 editio
550 4216 966 4271 Cra’co-Latina
1004 4233 1198 4273 recusa
1227 4227 1311 4273 est
1342 4217 1539 4289 Lipsiae
1565 4220 1712 4291 (licet
1737 4221 1929 4277 titulus

358 4306 627 4363 Coloniam
680 4308 954 4379 praeferat)
983 4309 1119 4365 1688
1139 4351 1154 4376 ,
1188 4308 1285 4365 fol.
1316 4309 1547 4368 Exstant
1585 4315 1746 4367 etiam
1782 4314 1833 4368 hi
1864 4315 1930 4369 Ii-

359 4400 439 4453 bri
466 4417 599 4457 mss.
650 4402 705 4455 in
750 4401 884 4457 bibl.
920 4399 1268 4467 Florentina,
1327 4410 1381 4457 et
1433 4402 1632 4459 Veneta
1664 4404 1722 4459 S.
1759 4403 1928 4460 Marci

359 4492 465 4559 (ubi
495 4501 611 4547 tres
634 4492 854 4547 codices
882 4491 1046 4561 hujus
1077 4494 1283 4564 operis,
1311 4501 1449 4550 teste
1492 4495 1924 4564 Montfauconio,

361 4598 473 4653 pag.
516 4586 588 4642 42
647 4584 821 4638 Diarii
865 4582 1104 4658 Italici),
1162 4588 1413 4659 aliisque.
1448 4586 1505 4643 In
1545 4589 1734 4645 codice
1787 4590 1920 4645 bibl.

358 4676 512 4744 regia!
564 4677 623 4731 in
677 4677 783 4731 line
826 4677 994 4731 trium
1047 4678 1290 4747 priorum
1340 4679 1607 4734 librorum
1659 4697 1924 4738 numerus

361 4767 546 4837 στίχων
574 4768 847 4837 ascriptus
877 4776 979 4833 est,
1014 4779 1069 4822 ut
1090 4771 1301 4823 notavit
1324 4771 1464 4825 idem
1483 4771 1924 4830 Montfauconius

362 4856 411 4910 in
444 4858 847 4932 Palwograpltia
874 4860 1079 4928 (ἐι-(ιτα,
1102 4880 1225 4934 pag.
1250 4863 1377 4921 276.
1410 4865 1468 4920 In
1496 4864 1757 4937 Catalogo
1784 4883 1918 4923 mss.

363 4947 426 5006 Is.
455 4948 657 5016 Vossii,
687 4967 842 5007 num.
879 4952 1000 5016 197,
1032 4953 1259 5009 adnotat
1284 4954 1630 5013 Colomesius
1649 4995 1665 5022 ,
1705 4966 1925 5013 exstare

421 5087 501 5167 la)
539 5089 905 5167 Hoc‘quoque
931 5092 1053 5167 loco
1085 5108 1116 5146 a
1157 5091 1318 5167 Fabr.
1356 5109 1638 5167 perperam
1683 5096 1923 5165 scriptus

367 5154 524 5214 fuisse
548 5176 600 5214 a.
630 5154 788 5233 1581,
815 5154 873 5216 et
891 5163 1248 5233 corrigendus
1279 5154 1402 5220 esse
1434 5154 1647 5221 videtur
1678 5182 1730 5221 a.
1758 5154 1919 5232 1587,

366 5232 939 5308 cum_c:eteris_Eu_seb.
971 5232 1093 5308 Opp.
1128 5249 1215 5308 ap.
1248 5234 1922 5308 Mich._Spnnium,opera

366 5293 444 5350 Jo.
476 5297 688 5375 Dadrei,
718 5293 1023 5358 Parisiens:
1045 5293 1314 5375 'tbeélogi,
1345 5306 1438 5374 qui
1479 5293 1923 5363 Pontaco'iuter-

369 5371 573 5446 Loganti
617 5386 707 5433 an,
738 5388 875 5446 (cum
923 5374 1175 5442 praelixus
1206 5371 1400 5431 titulus
1433 5378 1711 5446 praeferret
1752 5378 1922 5434 libros

370 5433 574 5521 Eusebii
617 5433 1185 5521 res_titutos[res_titut_i
1221 5463 1354 5521 vere
1384 5433 1923 5521 cssent,__respondit

371 5521 426 5560 se
452 5511 660 5587 quidem
684 5514 1122 5569 Commentarios
1144 5514 1357 5587 Grynaei
1382 5517 1437 5571 iu
1466 5511 1562 5573 lib:
1595 5517 1671 5571 De
1690 5511 1917 5586 prwpar.

368 5581 585 5658 eroget.
614 5598 879 5654 purgasse
904 5598 969 5639 ac
1008 5581 1322 5654 praecidisse
1355 5589 1626 5658 nonnulla
1672 5581 1922 5658 quae'Ca-

371 5646 676 5705 tholicoru'm
718 5646 890 5708 aures
933 5646 1156 5723 possent
1191 5657 1491 5723 offendere;
1542 5646 1737 5713 (πειθὼ
1790 5675 1921 5714 vero

374 5732 470 5797 non
501 5723 760 5793 attigisse,
792 5724 887 5779 sed
926 5728 1263 5797 typographo
1291 5743 1414 5784 esse
1445 5729 1751 5784 tribuenda.
1786 5729 1923 5789 Pou-

374 5794 514 5844 lacus
541 5808 666 5849 vero
696 5798 750 5850 in
787 5794 1083 5865 Apparatu',
1113 5794 1243 5865 εἷα,
1278 5814 1403 5872 pag.
1457 5798 1549 5868 22,
1582 5816 1642 5859 se
1694 5800 1921 5859 allirmat

2032 535 2246 607 possint
2275 535 2333 591 in
2359 534 2525 591 editis
2572 535 2883 605 depravata.
2922 534 3121 593 Ilabuit
3152 545 3206 594 et
3249 537 3445 594 Thom.
3475 538 3608 598 Gala

2032 628 2207 685 libros
2239 628 2340 685 hos
2377 628 2698 685 emendatos
2747 644 2814 684 ex
2856 630 3188 687 membranis
3238 629 3482 701 antiquis
3506 631 3604 703 (c).

2033 719 2456 790 Dispositionem
2472 721 2677 791 operis,
2699 720 3072 794 librarumque
3093 722 3431 794 singulorum
3444 726 3608 794 quin.

2030 811 2203 867 decim
2239 820 2619 883 argumentum
2665 812 2904 869 breviter
2927 815 3149 886 exponit
3186 813 3454 875 Eusebius
3481 815 3606 871 libri

2030 917 2103 955 xv
2130 901 2310 973 capite
2341 903 2392 966 1,
2418 908 2673 966 testatus,
2709 912 2768 959 ut
2813 902 2926 958 dixi
2950 945 2965 968 ,
3012 921 3073 961 se
3101 905 3228 961 inde
3248 906 3317 962 ad
3337 905 3435 977 τὴν
3457 906 3603 959 sine»

2029 993 2286 1067 λεστέραν
2328 994 2581 1050 ὑπόθεσιν
2607 990 3123 1067 τῆςΕὐαττελικῆς
3136 992 3520 1063 ἀποδείξεως,
3534 1000 3607 1049 ad

2032 1086 2307 1156 augustius
2353 1095 2742 1157 argumentum,
2786 1083 3301 1143 Demonstrationem
3346 1090 3605 1160 evangeli-

2032 1193 2169 1241 cam,
2197 1193 2637 1249 progressurum.

2101 1268 2242 1326 Add.
2267 1269 2483 1334 Fabric,
2516 1274 2570 1326 in
2591 1270 2830 1336 Delectu,
2854 1278 2960 1327 etc.
2985 1311 3000 1337 ,
3041 1287 3165 1343 pag.
3201 1271 3296 1339 74,
3326 1286 3437 1342 quo
3462 1278 3604 1327 teste

2031 1358 2189 1415 Bich.
2225 1357 2412 1416 Simon
2441 1368 2574 1416 tom.
2616 1360 2803 1417 IBibl.
2842 1362 3065 1427 selectis,
3117 1377 3243 1433 pag.
3271 1361 3372 1430 56,
3411 1368 3599 1425 notat,

2031 1462 2165 1502 mss.
2197 1446 2445 1503 codicem
2480 1447 2607 1519 (sed
2645 1447 2888 1519 quinque
2921 1456 3130 1503 tantum
3166 1447 3461 1521 librorum)
3504 1464 3598 1503 ex-

2033 1544 2179 1593 stare
2208 1538 2262 1593 in
2294 1539 2424 1596 bibl.
2483 1555 2596 1611 reg.
2658 1537 2833 1597 Paris.
2861 1580 2878 1605 ,
2919 1540 3255 1597 dilferentem
3299 1541 3502 1612 passim
3534 1540 3607 1596 ab

2031 1628 2215 1691 editis,
2245 1629 2580 1701 dignumque
2603 1630 2698 1701 qui
2728 1630 3062 1689 conferatur.
3095 1663 3167 1673 -—
3189 1631 3247 1686 In
3282 1632 3415 1687 bibl.
3452 1630 3604 1702 publ.

2033 1718 2211 1777 Paris.
2244 1730 2392 1786 sunt,
2423 1722 2723 1777 secundum
2754 1721 2928 1777 Calai.
2962 1722 3122 1779 codd.
3158 1730 3292 1778 tom.
3323 1723 3403 1789 II,
3441 1723 3603 1793 quin—

2030 1829 2137 1884 que
2165 1814 2327 1869 codd.
2357 1813 2451 1870 Gr.
2488 1834 2503 1871 :
2547 1815 2671 1871 cod.
2701 1813 2890 1882 CDLI,
2920 1832 3080 1888 quem
3122 1816 3280 1872 Rich.
3318 1814 3508 1871 Simon
3546 1816 3603 1871 in

2029 1905 2283 1961 manibus
2336 1904 2592 1961 habuisse
2645 1904 2884 1961 videtur.
2945 1905 2995 1960 Is
3058 1908 3302 1962 continet
3347 1906 3519 1964 libros
3570 1924 3605 1960 v

2028 1999 2259 2070 priores.
2286 2029 2352 2041 —-
2382 1997 2442 2053 In
2479 1999 2637 2055 codd.
2675 1997 3234 2054 CDLXV-CDLXVIII
3261 2006 3478 2056 exstant
3534 2015 3605 2054 xv

2028 2096 2171 2151 libri.
2198 2095 2513 2151 —Codices
2542 2095 2675 2150 bibl.
2694 2093 2933 2150 Florent.
2953 2093 3071 2149 cod.
3097 2093 3167 2148 Vl
3195 2102 3250 2149 et
3267 2092 3359 2160 IX,
3386 2097 3524 2164 plut.
3544 2092 3601 2155 6,

2027 2187 2301 2258 praecipue
2358 2186 2618 2257 priorem,
2652 2183 2874 2257 copiose
2923 2184 3184 2241 describit
3212 2183 3512 2241 Bandinius
3545 2184 3605 2239 in

2028 2276 2151 2333 Cat.
2207 2277 2361 2332 cadd.
2398 2277 2491 2334 Cr.
2533 2277 2574 2346 1,
2612 2294 2735 2351 pag.
2781 2279 3042 2345 102-105,
3093 2285 3148 2333 et
3198 2293 3252 2348 p.
3292 2275 3416 2331 114.
3458 2275 3605 2333 Con-

2027 2371 2204 2428 tinent
2254 2387 2381 2428 vero
2426 2372 2502 2426 illi
2552 2372 2722 2428 libros
2778 2388 2868 2426 xv.
2896 2369 3234 2427 —Venetiis
3264 2370 3321 2425 in
3367 2369 3499 2427 bibl.
3535 2370 3601 2428 D.

2027 2464 2193 2521 Marci
2225 2465 2385 2521 codd.
2401 2472 2514 2521 tres
2542 2463 3134 2521 CCCXLl-CCCXLIII.
3158 2462 3225 2519 ν.
3249 2462 3600 2521 Catal.codd.

2030 2556 2147 2623 Gr.,
2177 2574 2232 2629 p.
2282 2559 2406 2615 157.
2453 2587 2517 2599 --
2549 2557 2772 2630 Neapoli
2806 2560 2863 2614 in
2899 2560 3032 2615 bibl.
3066 2557 3123 2612 S.
3173 2555 3333 2613 Joan.
3372 2557 3441 2613 de
3468 2558 3604 2613 Car—
3697 2576 3701 2580 ·

2029 2649 2255 2705 bonaria
2292 2651 2673 2723 Augustinian.
2713 2651 2836 2707 cod.
2865 2650 3009 2708 XXI.
3050 2682 3123 2692 —
3163 2649 3299 2706 lbid.
3356 2651 3414 2706 in
3464 2650 3602 2707 bibl.

2028 2745 2199 2814 regia,
2232 2744 2356 2800 cod.
2389 2743 2594 2801 CCXX.
2625 2776 2696 2786 —
2725 2744 2909 2801 Fesuli
2954 2745 3009 2799 in
3045 2744 3176 2799 bibl.
3216 2743 3453 2800 emnobii
3510 2758 3603 2798 ca-

2028 2837 2211 2891 nonic.
2247 2833 2383 2890 Eus.
2418 2836 2593 2905 Pra’p.
2625 2854 2831 2906 evang.,
2870 2838 3166 2907 interprete
3187 2836 3255 2892 (ἓ.
3284 2835 3603 2907 Trapezun-

2027 2931 2123 2985 tio.
2157 2927 2474 3000 (Montfauc.
2526 2929 2677 2984 Diar.
2728 2928 2882 2995 Ital.,
2919 2943 3044 3000 pag.
3084 2926 3234 2998 592.)
3274 2958 3345 2969 —
3397 2926 3604 2981 Vindo-

2027 3019 2186 3075 bonae
2214 3020 2271 3074 in
2306 3019 2438 3074 bibl.
2488 3020 2689 3075 Caesar.
2744 3019 2867 3074 cod.
2893 3018 2985 3082 XI,
3019 3035 3074 3072 ιι.
3112 3017 3167 3083 6,
3192 3027 3248 3073 et
3279 3016 3403 3074 cod.
3442 3015 3560 3071 XIV
3584 3057 3599 3081 ,

2028 3126 2086 3165 ιι.
2112 3110 2166 3172 4,
2198 3117 2453 3181 excerpta
2485 3111 2639 3182 plura
2688 3125 2756 3166 ex
2806 3110 3043 3165 Eusebio
3078 3108 3157 3164 De
3185 3125 3348 3178 praep.
3383 3125 3599 3179 evang.,

2031 3218 2152 3272 quae
2184 3202 2397 3272 singula
2427 3211 2675 3258 recenset
2704 3201 2959 3258 Lambec.
2988 3199 3106 3257 Cat.
3138 3200 3317 3267 codd.,
3335 3200 3442 3256 vol.
3465 3199 3601 3264 VIII,

2032 3309 2087 3364 p.
2120 3294 2187 3348 75
2213 3309 2352 3364 seq.,
2375 3302 2428 3349 et
2460 3309 2584 3365 pag.
2613 3294 2683 3349 80
2721 3310 2836 3365 seq.
2873 3293 3015 3349 Idem
3051 3294 3207 3361 ibid.,
3236 3309 3291 3366 p.
3324 3294 3394 3349 50
3420 3308 3605 3349 emen-

2032 3385 2124 3439 dat
2155 3386 2501 3458 illustratque
2528 3387 2706 3441 locum
2745 3386 2986 3455 Prwpar.
3015 3387 3248 3457 evangel.
3281 3386 3378 3442 lib.
3400 3403 3455 3452 v,
3479 3401 3601 3457 cap.

2031 3478 2102 3532 27
2133 3487 2188 3535 et
2216 3480 2307 3533 28.
2334 3510 2407 3521 -
2442 3479 2664 3536 Eusebii
2698 3480 3072 3536 testimonium
3097 3480 3166 3537 de
3190 3480 3504 3535 discrimine
3534 3480 3607 3535 le-

2032 3572 2116 3642 gis
2153 3579 2209 3626 ct
2236 3579 2631 3642 praeceptorum
2666 3572 2720 3627 in
2768 3574 2890 3628 cod.
2925 3572 3155 3644 August.
3204 3570 3442 3637 Vindel.,
3467 3579 3605 3627 teste

2033 3663 2261 3719 Reisero
2281 3664 2336 3718 in
2364 3664 2508 3728 Cat.,
2530 3681 2583 3735 p.
2610 3665 2699 3720 59.
2729 3696 2800 3706 —
2822 3663 3020 3720 Oxonii
3044 3667 3099 3718 in
3129 3663 3323 3734 colleg.
3346 3661 3605 3734 Corporis

1996 3820 2003 3829 ι
2031 3755 2256 3825 Christi,
2284 3773 2335 3811 c.
2376 3756 2682 3823 MDCCXX,
2720 3757 2975 3827 fragmm.
3005 3755 3225 3812 Eusebii
3252 3754 3330 3810 De
3371 3771 3603 3825 prcepar.

2030 3866 2203 3913 evan.,
2234 3848 2445 3905 Latine.
2478 3880 2547 3892 —-
2575 3849 2652 3906 ιιι.
2686 3851 2743 3905 in
2785 3850 2908 3905 coll.
2962 3848 3162 3905 Joann.
3195 3847 3450 3920 Baptistae
3475 3847 3599 3903 cod.

2032 3941 2456 3997 MDCCLXXXII
2500 3942 2575 3997 De
2621 3959 2851 4013 prwpar.
2885 3960 3091 4013 evang.,
3124 3941 3331 3997 Graece.
3360 3971 3430 3982 -—-
3459 3939 3605 3996 Inter

2032 4035 2193 4091 codd.
2242 4034 2497 4091 Vossian.
2560 4052 2615 4090 η.
2671 4034 2952 4090 MMCCLII
2982 4037 3122 4104 (Cat.
3155 4034 3316 4090 codd.
3356 4033 3600 4105 Angliaa,

2033 4136 2163 4182 tom.
2199 4127 2266 4192 Il,
2300 4144 2352 4199 p.
2390 4129 2481 4193 61,
2511 4137 2566 4184 et
2594 4137 2703 4184 cat.
2734 4129 2865 4183 bibl.
2901 4127 3089 4194 Leid.,
3134 4143 3189 4197 p.
3226 4127 3360 4192 598,
3408 4144 3466 4181 ιι.
3511 4127 3613 4196 55)

2030 4232 2283 4292 excerpta
2320 4239 2383 4278 ex
2437 4221 2656 4277 Eusebii
2686 4221 2986 4290 Prwparat.
3024 4236 3205 4290 evang.
3235 4249 3304 4259 —-
3332 4219 3518 4274 Romae
3547 4218 3604 4273 in

2031 4312 2162 4369 bibl.
2195 4312 2451 4368 Ottobon.
2488 4313 2573 4369 bis
2601 4312 2678 4367 De
2726 4328 2890 4383 prwp.
2921 4313 3150 4384 evangel.
3183 4311 3601 4384 (M'ontl‘aucon._,

2030 4402 2171 4458 Bibl.
2209 4402 2567 4458 bibliothecar.
2602 4419 2736 4459 mss.
2778 4404 2821 4467 Ι,
2857 4419 2911 4475 p.
2943 4404 3046 4458 184
3069 4403 3161 4471 A.)
3189 4432 3260 4442 —
3291 4402 3516 4473 Neapoli
3547 4402 3603 4457 iu

1955 4530 2006 4588 Β
2030 4495 2163 4553 bibl.
2192 4493 2408 4551 Domini
2457 4494 2684 4588 Valettze
2736 4495 2833 4565 (id.
2882 4496 2979 4560 ib.,
3015 4510 3069 4565 p.
3100 4494 3200 4549 251
3231 4494 3324 4588 A.)
3361 4523 3432 4533 —

2030 4585 2087 4641 in
2116 4586 2248 4642 bibl.
2304 4593 2540 4642 monast.
2579 4583 2637 4641 S.
2678 4584 2945 4648 Severini,
2977 4586 3081 4641 bis.
3119 4586 3217 4657 (id.
3267 4585 3368 4651 ib.,
3395 4602 3452 4656 p.
3473 4585 3601 4641 255.

2026 4680 2094 4735 A.
2128 4678 2193 4735 D.
2226 4710 2297 4719 —
2329 4676 2613 4735 Florentia:
2641 4680 2697 4734 in
2731 4680 2864 4736 bibl.
2899 4679 3241 4735 Dominican.
3274 4681 3455 4735 versio
3476 4677 3600 4740 Lat.

2027 4769 2093 4826 (ἓ.
2122 4770 2492 4842 Trapezuntii.
2525 4773 2621 4842 (id.
2680 4772 2795 4838 ib.,
2859 4788 2913 4843 p.
2954 4771 3055 4826 421
3100 4770 3191 4844 C.)
3233 4801 3305 4811 -—
3346 4770 3605 4827 Bononiae

2028 4867 2084 4919 in
2114 4865 2249 4920 bibl.
2281 4864 2489 4921 Canon.
2523 4864 2780 4936 Regular.
2814 4865 2912 4936 (id.
2964 4865 3063 4929 ib.,
3096 4881 3153 4936 p.
3176 4863 3282 4918 452
3302 4864 3473 4936 A.)—
3502 4863 3600 4929 Ce-

2026 4973 2172 5015 senze
2200 4958 2256 5013 in
2281 4958 2414 5015 bibl.
2449 4958 2701 5014 Fratrum
2730 4958 2861 5015 Min.
2892 4957 2989 5030 (id.
3052 4958 3151 5022 ib.,
3179 4973 3234 5029 p.
3263 4957 3369 5012 455
3399 4956 3488 5029 C.)
3536 4987 3595 4997 -—-

2025 5097 2350 5167 cognovisse
2405 5098 2759 5161 mutationes,
2802 5112 2924 5168 qua:
2960 5097 3310 5166 reperiuntur
3358 5095 3417 5150 in
3470 5095 3603 5157 edit.

2030 5165 2327 5221 Sonniana.
2362 5183 2429 5221 ex
2466 5169 2591 5221 cod.
2631 5167 2950 5221 monasterii
2995 5168 3053 5221 S.
3094 5165 3353 5221 Victoris.
3384 5167 3442 5221 in
3472 5167 3603 5221 sub.-

2030 5165 2327 5233 Sonniana,
2362 5183 2429 5223 ex
2466 5169 2591 5224 cod.
2631 5165 2950 5227 monasterii
2995 5165 3053 5222 S.
3094 5165 3353 5239 Victoris,
3384 5167 3442 5221 in
3472 5167 3603 5222 sub.-

2028 5238 2198 5293 urbiis
2230 5237 2427 5319 Parias.-
2456 5247 2517 5319 ut
2560 5239 2859 5319 plurimum
2882 5236 3227 5319 ‘desu'mptas
3269 5252 3452 5319 esse,
3477 5237 3605 5319 licet

2025 5324 2134 5362 non
2169 5309 2307 5365 satis
2339 5306 2576 5365 feliciter
2591 5309 2807 5377 ubique.
2842 5306 2987 5363 Idem
3027 5306 3279 5373 Pontac.,
3312 5323 3367 5377 p.
3392 5307 3483 5375 21,
3506 5309 3604 5363 ob-

2025 5388 2205 5449 servat
2229 5378 2315 5433 ed.
2350 5378 2512 5449 Basil.
2574 5376 2715 5434 1549
2743 5379 2799 5434 in
2847 5378 3102 5434 omnibus
3132 5376 3246 5434 fere
3272 5376 3604 5449 respondere

2024 5448 2153 5504 edit.
2186 5464 2236 5502 a.
2271 5448 2431 5505 1529.
2473 5449 2645 5504 11Αιιι..

2097 5519 2171 5590 (b)
2210 5518 2268 5572 In
2300 5520 2430 5590 bibl.
2467 5520 2718 5575 Leideusi
2755 5528 2847 5576 est.
2874 5520 3151 5590 exemplar
3181 5520 3251 5575 ad
3285 5519 3445 5589 cujus
3466 5532 3603 5573 mar-

2025 5588 2484 5660 ginequugedam
2520 5590 2773 5660 ascripsit
2805 5593 2874 5646 Is.
2909 5588 3070 5646 Voss.
3108 5592 3184 5646 In.

2097 5660 2167 5730 (ο)
2202 5657 2282 5730 De
2318 5658 2499 5714 Voss-ii
2540 5669 2593 5715 et
2638 5657 2789 5715 Galei
2823 5660 2982 5716 codd.
3018 5678 3074 5716 v.
3110 5661 3233 5717 Cat.
3282 5658 3465 5730 codd.
3494 5657 3598 5712 Aw

2648 5730 3039 5800 MMCCCVHI,
3084 5748 3136 5789 et
3187 5747 3307 5802 pag.
3375 5728 3512 5797 191,
3546 5745 3581 5785 n

2025 5799 2565 5861 MMMMMMCXXV.
2607 5800 2682 5863 In.
