4070 6392
3396 200 3427 223 ο

302 324 361 382 as
1754 322 2057 381 norma.
2446 302 2459 315 '
3478 352 3550 410 .26

301 441 689 541 experientiam.
722 452 1010 541 provocat,
1043 440 1302 500 Historia:
1317 445 1860 541 autem-ecclesiasti-
1888 449 1933 506 A
1962 445 2013 500 J.
2075 446 2288 506 Fabric.
2341 453 2395 509 in
2459 455 2666 513 Hister.
2725 458 2851 518 bibl.
2909 463 3270 532 Fabriciame,
3308 466 3353 533 Ι,
3392 484 3447 541 ιι.
3479 472 3546 529 91

301 551 381 595 rte.
416 550 445 588 a
471 550 531 590 se
557 535 795 605 scriptae,
822 532 1143 605 neutiquam
1178 537 1450 594 meminit.
1478 535 1659 593 Verba
1695 544 1857 593 sunt:

301 627 352 679 Ei
380 625 502 696 γοῦν
533 643 586 679 τι
621 626 840 681 δύναται
862 628 956 682 καὶ
979 629 1012 701 ἡ
1038 629 1282 701 ἡμετέρα
1304 630 1538 703 ἱστορία,
1564 629 1687 684 καθ’
1713 632 1863 703 ἡμᾶς

299 719 480 784 αὐτοὺς
509 719 610 791 τὴν
656 720 823 774 πάλαι
849 720 1132 794 βοωμένην
1180 721 1320 777 Σιὼν
1345 722 1568 794 ζεύγεσι
1588 723 1726 796 βοῶν
1756 723 1863 777 ὑπὸ

309 811 576 882 Ῥωμαίων
626 811 839 884 ἀνδρῶν
879 814 1187 887 ἀρουμένην
1238 815 1539 887 ὀφθαλμοῖς
1600 816 1864 890 παρειλή-

301 919 482 974 φαμεν.
504 901 828 958 Uberiorem
866 904 1113 972 ἐξέτασιν
1171 905 1409 961 locorum
1439 906 1864 977 propheticorum

299 994 357 1047 de
383 995 640 1049 vocatione
692 997 930 1067 gentium
977 994 1255 1052 iacturum
1299 1014 1358 1055 se
1388 999 1661 1070 promittit
1692 999 1788 1055 lib.
1820 1014 1863 1054 ll

300 1079 666 1154 Demonstrat.,
722 1106 781 1160 p.
837 1090 927 1155 53,
985 1106 1107 1162 quae
1135 1091 1192 1146 in
1222 1093 1479 1162 praesenti
1514 1090 1639 1147 οὔτε
1667 1090 1863 1145 ἀναλέ-

301 1195 401 1249 γειν
432 1178 551 1233 οὔτε
602 1181 938 1253 ἑρμηνεύειν
972 1185 1203 1257 καιρός,
1256 1200 1382 1257 pag.
1421 1184 1514 1240 48.
1549 1183 1649 1241 Illa
1675 1184 1864 1249 ἐξέτα-

304 1288 391 1337 σις,
420 1272 640 1343 perinde
664 1281 724 1328 ut
754 1271 944 1330 decem
991 1276 1167 1330 ultimi
1203 1276 1685 1333 Demonstrationis
1736 1276 1864 1333 libri

300 1363 624 1421 intercidere.
656 1364 728 1420 Et
755 1366 951 1423 dubito
1005 1383 1077 1423 an
1107 1368 1312 1426 diversi
1341 1369 1410 1425 ab
1449 1369 1615 1426 editis
1645 1377 1865 1426 exstent

300 1454 351 1509 in
377 1455 498 1510 bibl.
528 1455 822 1520 Vaticana,
852 1460 983 1516 licet
1015 1460 1071 1515 in
1104 1459 1476 1531 Scaligeranis
1520 1461 1671 1534 legas
1705 1480 1728 1516 δ
1750 1460 1807 1516 Il
1831 1477 1866 1533 g

300 1566 330 1603 a
373 1566 438 1604 au
483 1552 714 1606 Vatican
751 1552 825 1608 les
887 1552 983 1607 dia:
1010 1553 1245 1609 derniers
1305 1556 1460 1610 livres
1512 1554 1865 1623 Ἀποδείξεων

299 1640 552 1707 d‘Eusél'e,
583 1646 726 1698 mais
772 1644 850 1700 les
892 1644 1120 1702 Italicus
1141 1656 1262 1702 sont
1299 1647 1349 1702 si
1382 1646 1599 1718 jaloux,
1622 1646 1780 1720 qu‘ils
1802 1664 1866 1703 ne

299 1731 362 1787 les
387 1733 687 1789 roudraient
714 1751 814 1806 pas
837 1737 1034 1805 priter.

363 1826 543 1884 Latine
575 1830 747 1886 vertit
770 1828 1148 1887 Bernardinus
1181 1829 1452 1898 Donatus,
1499 1830 1861 1900 Veronensis,

301 1919 585 1992 dicavitque
656 1924 1169 1996 interpretationem
1232 1943 1390 1983 suam
1448 1924 1619 1982 Paulo
1678 1928 1863 1994 tertio,

301 2013 539 2084 pontiﬁci.
564 2014 786 2071 Prodiit
806 2016 931 2088 ejus
969 2020 1150 2075 versio
1199 2019 1449 2078 Venetiis
1481 2021 1559 2092 (a)
1601 2021 1865 2091 primum,

299 2104 412 2159 hinc
435 2104 623 2161 Colon.
665 2108 832 2176 1542,
865 2110 985 2177 fol.,
1018 2118 1071 2166 et
1095 2127 1220 2167 cum
1267 2113 1392 2169 aliis
1430 2112 1653 2170 Eusebii
1680 2112 1870 2183 Operi-

298 2197 388 2252 bus
417 2197 572 2256 Basil.
608 2201 776 2270 1542,
810 2203 971 2271 1549,
1015 2204 1155 2274 1559
1176 2213 1231 2261 et
1272 2205 1432 2273 1570,
1496 2205 1615 2268 101..
1663 2206 1866 2262 additis

298 2296 497 2352 scholiis
551 2297 600 2355 Ι.
643 2298 768 2356 Jac.
813 2298 1065 2372 Crynaai;
1106 2307 1160 2355 et
1212 2298 1392 2356 Paris.
1425 2298 1584 2364 1587,
1631 2297 1725 2355 fol.
1765 2298 1863 2371 (b).

298 2382 546 2442 Nonnulla
591 2389 650 2443 in
700 2389 826 2459 ejus
852 2390 1111 2444 versione
1144 2387 1382 2459 castigat
1403 2386 1642 2444 Jacobus
1674 2387 1866 2442 Billius

297 2478 347 2533 in
376 2477 836 2536 Observationibus
856 2481 977 2536 suis
1001 2481 1206 2543 sacris;
1228 2487 1281 2535 et
1305 2478 1573 2550 Georgius
1595 2479 1864 2543 Calixtus,

301 2568 413 2641 §54
442 2571 588 2628 Diss.
619 2571 768 2644 quod
784 2572 829 2626 Γ
830 2570 956 2628 ilius
1010 2570 1131 2637 Dei,
1161 2571 1421 2627 Patribus
1466 2571 1524 2626 V.
1569 2572 1632 2627 T.
1658 2572 1715 2626 in
1742 2589 1869 2643 pro-

299 2666 400 2731 pria
422 2666 695 2735 hgpostasi
719 2683 825 2721 non
848 2667 1176 2735 apparuerit,
1239 2673 1395 2720 notat
1445 2664 1715 2721 Donatum
1752 2665 1870 2735 ple-

298 2771 448 2827 raque
491 2757 560 2814 de
613 2759 845 2813 Christo
876 2758 1072 2815 durius
1125 2766 1180 2814 et
1210 2757 1467 2814 licentius
1524 2758 1594 2813 ab
1632 2755 1868 2813 Eusebio

301 2848 449 2912 dicta,
475 2850 555 2906 sic
584 2866 717 2907 esse
766 2851 1210 2922 interpretatum,
1256 2857 1317 2906 ut
1355 2851 1645 2907 emolliret.
1688 2852 1869 2922 Atque

301 2941 363 2995 ob
384 2942 607 2998 similem
650 2958 883 2998 causam
913 2944 1171 3001 omisisse
1202 2944 1478 3016 quaedam,
1517 2951 1706 3000 monet
1733 2943 1870 3000 Pos-

302 3035 501 3091 sevinus
527 3037 583 3091 in
616 3037 901 3106 Apparatu
932 3054 1111 3093 sacro.

360 3125 532 3185 Grzce
557 3131 713 3202 typis
772 3129 966 3186 nitidis
1002 3130 1172 3201 regiis
1200 3145 1233 3187 e
1294 3130 1483 3187 codice
1516 3129 1669 3202 regio
1696 3127 1867 3185 edidit

301 3219 489 3289 primus
516 3221 660 3279 Rob.
699 3220 1034 3292 Stephanus.
1066 3222 1242 3280 Paris:
1273 3223 1436 3287 1545,
1471 3222 1568 3278 fol.

359 3312 535 3371 Graece
563 3323 620 3372 et
648 3315 848 3371 Latine
894 3331 1019 3370 cum
1073 3314 1275 3370 Donati
1311 3315 1586 3384 versione,
1614 3320 1668 3371 et
1699 3315 1869 3372 variis

301 3407 606 3464 lectionibus
670 3416 729 3463 et
811 3408 1268 3479 castigationibus
1332 3408 1637 3474 brevibus,
1687 3407 1867 3466 Paris.

304 3497 444 3563 1628,
473 3500 592 3566 fol.,
614 3501 826 3558 additis
861 3501 1007 3555 libro
1036 3499 1261 3556 Eusebii
1310 3510 1497 3555 contra
1545 3499 1869 3568 Hieroclem,

303 3589 497 3649 duobus
527 3604 721 3648 contra
752 3592 1068 3648 Marcellum
1091 3593 1460 3664 Ancyranum,
1490 3600 1546 3648 et
1579 3595 1758 3649 tribus
1794 3592 1874 3649 De

303 3686 638 3742 ecclesiastica
706 3686 986 3756 theologia.
1021 3685 1145 3741 Haec
1172 3685 1343 3740 editio
1391 3686 1619 3756 repetita
1649 3696 1734 3741 est
1768 3686 1875 3743 Co-

303 3777 447 3833 loniae
488 3779 631 3849 (sive
679 3776 883 3848 Lipsiae
935 3778 1140 3848 potius)
1178 3776 1339 3842 1688,
1379 3776 1478 3833 fol.
1547 3776 1623 3832 De
1667 3776 1874 3834 Graecis

304 3869 584 3927 Demonstr.
642 3871 881 3943 evangel.
912 3871 1043 3927 edit.
1103 3887 1156 3925 ν.
1204 3869 1414 3925 Goetzii
1473 3869 1697 3926 Memor.
1746 3870 1874 3925 bibl.

306 3960 505 4031 Dresd.,
534 3963 600 4028 ll,
630 3979 692 4035 p.
722 3964 832 4019 284
891 3979 1013 4034 sqq.
1048 3962 1165 4035 (ubi
1196 3978 1414 4035 quoque
1439 3963 1505 4017 de
1546 3962 1758 4019 Donato
1778 3962 1880 4019 Ve-

306 4057 508 4113 ronensi
537 4057 785 4129 agitur);
809 4057 1100 4122 Clement.,
1134 4057 1172 4111 ι.
1206 4072 1260 4121 c,
1294 4072 1348 4126 p.
1388 4055 1486 4111 191
1521 4070 1632 4127 sq.,
1658 4064 1796 4124 not.,
1823 4062 1880 4111 et

372 4278 445 4351 (a)
472 4279 698 4335 Fabric.
716 4280 781 4351 in
803 4279 1024 4349 Syllaba
1045 4282 1227 4349 script.
1252 4296 1348 4351 pro
1377 4279 1441 4335 V.
1466 4279 1688 4342 Christ.,
1712 4296 1767 4349 p.
1790 4280 1878 4345 76,

310 4351 684 4427 primam‘edit.
714 4350 1302 4427 Venetiis_1498,hfol.,
1335 4350 1605 4427 pfodiisse
1646 4351 1878 4427 scribit;

312 4431 481 4476 contra
512 4420 793 4477 Maittaire
830 4425 899 4478 Α.
948 4422 1009 4475 Τ.
1070 4423 1239 4477 indic.
1273 4439 1327 4491 p.
1363 4421 1468 4477 586
1516 4428 1671 4475 notat
1698 4420 1883 4476 Romae

314 4491 456 4565 1198.
482 4492 665 4549 Penes
692 4494 860 4565 igitur
889 4500 1168 4565 auctorem
1193 4492 1266 4565 s_it
1286 4492 1421 4546 ﬁdes
1447 4511 1460 4565 ς
1492 4492 1639 4565 illius
1657 4493 1879 4565 quidem

311 4562 551 4621 editionis
602 4562 857 4619 meminit
898 4578 1002 4618 nec
1051 4564 1154 4618 cel.
1204 4562 1417 4617 Panzer
1447 4563 1501 4615 in
1533 4562 1600 4617 A.
1652 4563 1750 4628 T.,
1777 4579 1881 4619 nec

313 4631 648 4690 Audillredus
673 4636 729 4689 in
741 4632 799 4688 ἸΙ
850 4635 966 4690 suis
996 4630 1400 4702 Speciminibus.
1426 4631 1599 4687 Hann.

397 4704 444 4776 Ιι)
474 4703 611 4761 Vide
645 4720 813 4776 supra
842 4706 909 4759 ad
944 4705 973 4776 §
1003 4703 1039 4757 2
1066 4705 1132 4759 de
1158 4705 1284 4760 edd.
1309 4710 1512 4776 notata.
1546 4703 1624 4756 In.

397 4772 440 4845 c)
468 4777 627 4847 Apud
666 4772 1073 4847 Theophanem,
1120 4792 1179 4846 p.
1202 4776 1254 4837 5,
1288 4791 1387 4847 pqo
1415 4772 1512 4845 τὴν
1544 4773 1883 4847 ρκτάὸιϐλον,

314 4844 589 4917 legendum
609 4847 717 4917 τὴν
754 4844 947 4917 ὀγδόην
974 4844 1175 4917 βίϐλον,
1233 4844 1303 4917 ut
1323 4844 1884 4917 Gombelisiusetiam

318 4914 375 4969 in
394 4920 537 4972 notis
562 4914 985 4971 animadvertit.
1035 4917 1190 4971 Adde
1224 4915 1529 4971 Hanckium
1560 4932 1614 4984 p.
1656 4915 1762 4970 100
1808 4914 1889 4969 De

318 4987 653 5069 scriptolibus
682 4986 816 5069 βυτ.
848 4986 1080 5069 Fallitur
1097 4986 1501 5069 eninLJacobus
1525 4985 1761 5069 Goarus,
1793 4986 1887 5055 qui

320 5064 460 5125 putat
484 5058 879 5127 Theophanem
915 5058 981 5112 ad
1033 5073 1173 5127 opus
1221 5057 1465 5120 Eusebii,
1496 5073 1606 5126 quo
1642 5066 1887 5112 veterum

323 5136 609 5200 martyrum
635 5137 761 5182 acta
805 5128 1122 5199 collegerat,
1162 5129 1436 5200 respicere
1461 5126 1627 5197 idq’ue
1668 5137 1799 5194 octo
1830 5127 1891 5180 lio

324 5195 427 5252 bris
452 5200 789 5252 constitisse.

358 5213 427 5253 TIS
452 5213 789 5254 CODSlllISSB.

388 5269 462 5339 (d)
486 5270 649 5324 Hunc
670 5268 958 5340 Paulinum
993 5266 1282 5340 ἱερώτατον
1302 5274 1465 5323 vocat
1490 5267 1763 5340 Eusebius
1790 5267 1886 5340 lib.

325 5353 376 5421 ξ.
400 5338 613 5421 σιμ-1..
659 5338 867 5421 Senem
887 5339 1000 5408 jam
1042 5338 1380 5421 fuissepatet
1417 5354 1483 5393 ex
1506 5355 1561 5409 p.
1587 5339 1700 5421 '5”
1724 5340 1778 5393 d.
1815 5338 1891 5421 De

328 5409 413 5493 illo
436 5409 631 5493 multis
659 5409 941 5493 Hancltius
972 5426 1028 5493 p.
1048 5409 1329 5493 ltiti-.115,
1347 5410 1705 5493 contendens
1725 5451 1740 5473 ,
1764 5416 1891 5465 ante

331 5477 672 5551 Eustachium
712 5480 927 5537 sedisse
956 5477 1278 5551 Antiochiae
1313 5487 1366 5551 et
1390 5482 1556 5551 paulo
1601 5487 1728 5535 ante
1758 5496 1891 5535 con-

331 5550 502 5606 cilium
521 5552 807 5607 Nicaenum
832 5552 975 5605 diem
1000 5552 1225 5615 obiisse.
1257 5549 1364 5605 Sed
1391 5549 1612 5606 veriora
1638 5551 1893 5605 videntur

333 5635 451 5693 qua,
472 5623 633 5693 habet
657 5623 930 5693 Antonius
957 5618 1177 5693 Pagiad
1196 5620 1259 5675 A.
1286 5620 1350 5675 C.
1378 5621 1520 5693 54ορ
1547 5636 1701 5693 num.
1726 5621 1818 5693 21.

344 5716 361 5747 ι
396 5692 464 5761 (e)
492 5692 637 5764 Idem
664 5691 964 5764 Hanqkius,
997 5691 1060 5764 p.‘
1088 5692 1192 5759 105
1224 5707 1367 5763 seq.,
1404 5701 1459 5748 et
1485 5691 1892 5764 Papebrochius

335 5759 458 5836 tam:
513 5760 597 5836 111
623 5765 763 5836 Act:_
788 5759 1039 5836 Scriptor.
1093 5759 1323 5834 April,
1351 5778 1406 5834 p.
1475 5759 1597 5821 103.
1638 5759 1770 5836 Pagi
1825 5761 1892 5817 ad

338 5832 397 5888 Δ.
418 5833 478 5889 C.
500 5834 628 5894 526.
654 5852 709 5891 n.
744 5834 832 5898 18,
855 5833 944 5890 19.

1963 556 2085 614 Sqq.
2118 543 2293 602 Hm...
2326 547 2405 604 Ex
2429 549 2612 623 Prwp.
2652 571 2835 628 evang.
2871 564 2926 613 et
2958 575 3029 615 ex
3059 560 3211 616 Dem.
3246 580 3429 635 evang.
3455 582 3553 623 ex-

1961 646 2120 706 cepta
2148 643 2445 697 vernaculo
2486 659 2745 702 sermone
2767 649 2945 704 edidit
2991 658 3046 706 et
3077 653 3225 711 notis
3254 654 3551 714 illustravit

1962 727 2288 787 Boesslerus
2312 732 2451 788 Bibl.
2479 734 2597 792 PP.
2631 744 2672 792 t.
2704 737 2772 805 V,
2802 754 2857 809 p.
2894 741 2998 796 205
3044 759 3130 814 sq.

2033 820 2124 876 ΠΙ.
2168 817 2623 901 Ἐκκλησιαστικὴ
2664 831 2922 903 Ἱστορία.
2946 834 3204 892 Historia
3228 840 3552 895 ecclesiasti-

1962 932 2040 972 ca:
2069 916 2195 971 libri
2230 935 2265 972 ι
2295 917 2366 990 (c)
2400 936 2430 976 e
2460 924 2661 992 quibus
2694 926 2948 981 ultimum
2981 928 3183 985 dicavit
3208 930 3442 988 Paulino
3464 933 3548 1006 (ά)

1963 1009 2062 1080 qui
2095 1009 2224 1082 Tyri
2254 1020 2420 1083 atque
2443 1014 2570 1070 inde
2594 1032 2691 1086 per
2721 1034 2815 1075 sex
2852 1036 3072 1078 menses
3095 1023 3404 1081 Antiochiae
3426 1035 3551 1097 post

1962 1103 2276 1175 depositum
2330 1105 2677 1166 EuStathium
2715 1113 3008 1185 episcopus
3061 1115 3187 1173 fuit.
3223 1118 3551 1174 Absolutum

1963 1208 2104 1265 opus
2132 1194 2328 1267 Crispo
2354 1198 2422 1270 (e)
2463 1201 2643 1256 adhuc
2693 1206 3020 1273 superstite,
3062 1200 3225 1277 quem
3257 1226 3310 1274 x,
3355 1210 3408 1277 9,
3455 1211 3551 1282 βα-

1964 1292 2120 1346 σιλέα
2156 1293 2695 1364 φιλανθρωπότατον.
2744 1307 2798 1352 et
2845 1314 2971 1357 mox
3006 1300 3421 1372 θεοφιλέστατον
3456 1306 3549 1359 καὶ

1963 1384 2107 1438 κατὰ
2135 1386 2314 1441 πάντα
2344 1386 2439 1441 τοῦ
2467 1389 2676 1460 πατρὸς
2717 1390 2901 1461 ὅμοιον
2921 1395 3174 1463 appellat.
3222 1395 3548 1467 Quanquam

1962 1491 2094 1532 vero
2122 1474 2462 1549 Hegesippus
2503 1487 2558 1534 et
2603 1479 2900 1538 Africanus
2928 1484 3164 1554 quodam
3194 1486 3356 1543 modo
3386 1488 3553 1544 Euse-

1963 1570 2057 1626 bio
2094 1572 2451 1641 praciverant,
2486 1571 2688 1644 Papias
2715 1591 2936 1646 quoque
2989 1585 3043 1632 et
3095 1576 3353 1636 Justinus
3383 1588 3551 1652 atque

1963 1662 2222 1720 Clemens
2275 1665 2705 1731 Alexandrinus,
2761 1669 2998 1727 Irenaaus
3057 1671 3260 1742 aliique
3307 1672 3461 1727 varia
3491 1673 3548 1728 in

1969 1754 2194 1825 scriptis
2232 1754 2352 1811 suis
2377 1755 2795 1824 adnotaverant,
2836 1776 2958 1830 quae
2991 1761 3060 1815 ad
3118 1763 3405 1819 historiam
3452 1763 3552 1818 Ec-

1967 1845 2152 1901 clesiae
2190 1856 2246 1903 et
2269 1848 2563 1905 haeresium
2593 1849 2856 1918 facerent,
2888 1854 3100 1923 justum
3158 1862 3340 1912 tamen
3371 1857 3553 1912 eccle-

1968 1939 2208 1996 siasticae
2244 1941 2490 1998 historiae
2518 1960 2721 2015 corpus
2751 1962 2916 2002 nemo
2938 1956 3064 2004 ante
3096 1947 3392 2005 Eusebium
3418 1966 3553 2006 con-

1967 2028 2148 2100 didit;
2186 2033 2333 2091 unde
2360 2038 2557 2093 merito
2587 2038 2663 2092 ait
2699 2054 2760 2096 se
2815 2039 3032 2113 πρῶτον
3056 2044 3122 2113 τῇ
3154 2041 3407 2097 ὑποθέσει
3432 2045 3554 2097 ἐπι-

1964 2126 2157 2198 δῆσαι,
2208 2129 2438 2196 primum
2493 2146 2796 2201 aggressum
2854 2150 2966 2187 esse
3014 2133 3111 2187 hoc
3162 2145 3549 2205 argumentum.

1966 2217 2201 2275 Deduxit
2252 2228 2437 2278 autem
2493 2223 2628 2280 illud
2688 2241 2717 2280 a
2767 2226 3179 2285 Cbristianismi
3235 2228 3553 2299 primordiis

1969 2328 2145 2384 usque
2206 2314 2273 2369 ad
2320 2314 2613 2382 Licinium,
2648 2333 2678 2373 a
2711 2317 3075 2376 Constantino
3126 2320 3198 2378 M.
3234 2331 3553 2392 superatum

1966 2406 2434 2477 exstinctumque,
2471 2418 2526 2463 et
2558 2422 2745 2478 pacem
2792 2408 3055 2466 Ecclesiae
3095 2412 3365 2466 redditam
3394 2412 3459 2467 A.
3484 2413 3548 2469 C.

1969 2498 2097 2553 524.
2125 2497 2338 2557 Indices
2377 2502 2619 2571 capitum
2645 2503 2714 2557 ab
2738 2503 2858 2574 ipso
2887 2503 3126 2560 Eusebio
3174 2505 3427 2576 praefixos
3456 2507 3555 2563 do-

1968 2598 2055 2646 cet
2082 2588 2353 2647 Valesius.
2382 2592 2493 2665 Τὴν
2532 2593 2759 2648 καθόλου
2814 2595 3075 2668 ἱστορίαν,
3125 2597 3403 2653 historiam
3433 2601 3557 2655 uni-

1966 2684 2220 2739 uersalem
2253 2684 2686 2741 ecclesiasticam
2722 2696 2880 2742 vocat
2907 2705 3047 2760 Opus
3094 2705 3253 2745 suum
3286 2689 3555 2749 Eusebius

1969 2777 2068 2834 lib.
2098 2794 2222 2841 vni,
2255 2794 2375 2849 cap.
2411 2779 2467 2844 2,
2501 2795 2628 2850 pag.
2656 2780 2787 2835 294.

2042 2869 2235 2948 Latine
2264 2876 2482 2925 vertere
2526 2870 2698 2925 voluit
2737 2869 3104 2943 Hieronymus
3138 2870 3205 2945 (Ι)
3244 2875 3554 2945 scripturus

1971 2961 2258 3017 historiam
2279 2964 2734 3028 ecclesiasticam,
2752 2962 2846 3033 qui
2868 2962 3031 3019 etiam
3054 2961 3199 3019 libro
3225 2966 3299 3023 De
3320 2968 3554 3036 scripto-

1970 3054 2116 3109 ribus
2148 3053 2523 3109 ecclesiasticis
2557 3055 2819 3125 pleraque
2875 3055 3062 3110 omnia
3100 3056 3315 3128 repetiit
3351 3074 3419 3114 ex
3447 3058 3555 3114 Eu-

1972 3146 2150 3211 sebio,
2189 3147 2321 3202 licet
2343 3146 2612 3201 translata
2642 3147 2871 3203 liberius
2911 3163 3013 3203 nec
3038 3163 3254 3218 semper
3291 3150 3428 3207 satis
3461 3165 3557 3206 ac-

1975 3248 2184 3296 curate.
2219 3239 2398 3295 Vertit
2440 3239 2661 3295 Eusebii
2703 3240 3003 3296 Historiam
3053 3240 3305 3311 Ruﬁnus,
3336 3243 3432 3299 sed
3478 3245 3557 3299 ita

1974 3340 2036 3387 ut
2074 3333 2225 3388 varia
2248 3333 2453 3403 passim
2490 3334 2801 3404 librumque
2826 3334 3101 3389 decimum
3165 3336 3240 3403 (g)
3281 3336 3555 3406 integrum

1973 3425 2368 3494 propemodum
2426 3424 2725 3489 omitteret,
2762 3425 2867 3479 alia
2908 3423 3146 3480 adderet
3180 3432 3343 3496 atque
3387 3427 3551 3481 inter-

1975 3515 2206 3585 polaret,
2241 3521 2298 3569 et
2331 3515 2451 3584 ipse
2478 3514 2649 3571 libros
2676 3516 2817 3571 duos
2853 3532 3025 3571 novos
3077 3517 3434 3589 subjungeret
3458 3517 3558 3588 (It),

1975 3609 2341 3678 producenles
2398 3609 2645 3665 historiae
2677 3610 2839 3664 telam
2875 3609 2944 3664 ad
2996 3609 3294 3667 Theodosii
3329 3609 3400 3668 Μ.
3438 3610 3562 3667 obi-

1977 3711 2094 3758 tum
2121 3718 2314 3773 usque,
2350 3703 2445 3759 sed
2478 3704 2722 3764 incertis,
2754 3704 2956 3773 quibus
2987 3711 3222 3768 scatent,
3271 3711 3326 3760 et
3367 3720 3562 3775 parum

1979 3795 2337 3851 credibilibus
2376 3795 3022 3865 narrationibusjudicio
3055 3801 3111 3849 et
3158 3794 3281 3849 ﬁdei
3338 3793 3561 3849 Eusebii

1979 3887 2300 3968 neutiquam
2334 3887 2751 3957 respondentes.
2772 3885 2959 3942 Ruﬁni
2992 3886 3170 3942 versio
3194 3885 3375 3941 dicata
3396 3885 3563 3942 Chro-

1980 3979 2172 4045 matio,
2207 3977 2855 4050 Aquileiensi‘episcopo,
2886 3988 2943 4036 et
2981 3980 3093 4049 jam
3127 3978 3434 4050 Augustino
3462 3977 3559 4035 lib.

1981 4076 2059 4131 De
2091 4092 2220 4131 cura
2258 4089 2356 4145 pro
2386 4075 2634 4138 mortuis,
2670 4090 2720 4130 c.
2749 4074 2804 4139 6,
2847 4074 3090 4138 laudata,
3114 4087 3236 4144 quae
3268 4072 3446 4128 lucem
3478 4072 3563 4127 vi-

2057 4272 2126 4344 (f)
2160 4271 2384 4326 Hieron.
2431 4271 2486 4324 in
2541 4269 2665 4324 Vita
2720 4266 2779 4324 S.
2822 4267 3077 4344 diale/ti:
3110 4266 3273 4344 Prius
3332 4268 3564 4344 eserceri

1984 4338 2137 4413 cupio
2158 4345 2211 4397 in
2252 4358 2414 4409 parvo
2451 4357 2620 4411 opere.
2669 4350 2717 4394 et
2755 4339 2912 4413 veluti
2946 4338 3564 4413 quamdam_rubiginem

1988 4407 2180 4485 lingua:
2234 4407 2551 4485 abstergere,
2602 4420 2661 4466 ut
2691 4411 2884 4485 Avenire
2938 4407 3150 4485 possim
3190 4407 3257 4460 ad
3317 4408 3566 4485 latiorem

1986 4479 2288 4540 historiamt
2341 4479 2582 4538 Scribere
2618 4482 2758 4537 enim
2795 4480 3029 4548 disposui
3081 4480 3150 4543 (si
3181 4488 3352 4531 tamen
3402 4479 3564 4531 vitam

1987 4557 2126 4611 Deus
2147 4554 2369 4616 dederit,
2399 4562 2449 4608 et
2481 4555 2527 4607 si
2550 4555 2923 4621 vituperatores
2946 4551 3047 4606 mei
3074 4550 3263 4603 saltem
3284 4548 3566 4621 fugientem

1988 4644 2070 4682 me
2094 4636 2144 4681 et
2166 4627 2405 4680 clausum
2436 4617 2672 4693 persequi
2722 4621 3012 4692 desierint),
3044 4621 3118 4693 Aab
3171 4627 3351 4693 eventu
3376 4617 3566 4693 Salva-

1991 4700 2120 4752 toris
2163 4714 2327 4758 usque
2364 4688 2446 4749 ad'
2462 4688 2697 4749 nostram
2735 4688 2978 4753 (etatem,
2998 4691 3053 4745 id
3078 4698 3179 4751 est,
3214 4688 3278 4743 ab
3309 4690 3564 4758 apostolis

1988 4785 2152 4837 usque
2178 4760 2249 4821 ad
2284 4766 2441 4837 hujus
2473 4767 2717 4832 temporis
2783 4764 2994 4837 faciem,
3051 4760 3310 4837 quomodo
3370 4769 3419 4813 et
3473 4776 3606 4837 per!

1988 4831 2117 4909 quos
2143 4831 2361 4892 Christi
2374 4836 2612 4891 Ecclesia
2659 4844 2788 4909 nata
2819 4836 2888 4889 sit
2917 4844 2965 4887 et
2993 4831 3199 4909 adulta,
3255 4833 3566 4909 persecutio-

1989 4902 2143 4964 nibus
2177 4909 2416 4971 creverit,
2445 4908 2717 4976 martyriis
2755 4912 3006 4959 coronata
3049 4905 3139 4963 sit,
3187 4911 3236 4976 et
3288 4902 3568 4976 postquam

1991 4981 2058 5034 ad
2081 4970 2414 5036 Christianos
2443 4970 2701 5048 principes
2751 4977 2985 5048 venerit,_
3015 4974 3247 5048 potentia
3272 4970 3479 5041 quidem
3515 4980 3570 5024 et

1990 5052 2190 5106 divitiis
2230 5050 2426 5114 maior,
2444 5044 2735 5103 uirtutibus
2763 5048 2936 5099 minor
2962 5045 3106 5112 facta
3134 5044 3221 5114 sit.

2066 5122 2140 5192 (g)
2185 5110 2659 5192 Bulinustepist.
2685 5116 2763 5192 _ad
2798 5110 3123 5192 Cltrom_at.£
3159 5110 3439 5166 Sciendum
3464 5120 3573 5192 ,εδι-

1990 5182 2133 5262 quod
2169 5190 2403 5263 decimus
2427 5182 2568 5263 liber
2603 5187 2760 5263 hujus
2790 5188 2961 5263 operis
2992 5187 3047 5238 in
3080 5182 3287 5263 Grla'co,
3316 5182 3564 5263 quoniam

1990 5254 2275 5332 perparum
2298 5261 2452 5314 habet
2478 5261 2534 5312 in
2574 5254 2728 5332 rebus
2760 5254 2939 5328 gestis,
2961 5270 3051 5332 per
3082 5254 3288 5332 reliqua
3311 5254 3572 5332 omniain-

1991 5320 2355 5404 episcoporum
2402 5320 2733 5401 panegyricis
2762 5320 3105 5404 tractatibus
3131 5320 3267 5404 piltil
3308 5321 3377 5376 ad
3408 5324 3569 5377 scien-

1993 5393 2127 5459 tiam
2149 5393 2322 5457 rerum
2354 5393 2657 5476 occupatus,
2685 5400 2891 5476 omissis
2920 5413 3036 5468 quae
3058 5393 3367 5476 videbantur
3384 5408 3565 5476 super-

1991 5477 2125 5546 ﬂua,
2160 5474 2416 5541 historice,
2452 5463 2515 5546 si_
2529 5470 2887 5546 qui_d__habuit,
2913 5463 3067 5546 morio
3095 5464 3467 5546 cpniutrarintus
3500 5463 3573 5516 li-

1994 5535 2121 5609 bro,
2139 5554 2190 5601 et
2220 5546 2274 5599 in
2325 5535 2437 5613 ipso
2471 5535 2683 5615 Eusebii
2716 5538 3040 5615 narrationis
3095 5535 3335 5589 dedimus
3379 5535 3574 5615 [hiems

1996 5617 2269 5671 Decimum
2290 5609 2409 5670 vero
2429 5620 2480 5668 et
2503 5612 2839 5668 undecimum
2888 5609 3082 5663 librum
3110 5624 3206 5661 nos
3253 5609 3569 5674 conscripsi-

2165 5698 2272 5812 ei)?
2298 5755 2506 5838 horum
2560 5752 2791 5838 diuortium
2841 5748 3023 5838 [inlini
3076 5747 3339 5805 librorum
3384 5745 3582 5800 Graeca

1967 5821 2250 5886 .versione
2283 5826 2395 5884 dixi
2420 5823 2563 5881 infra
2594 5823 2648 5878 in
2690 5821 2932 5878 Socrate.
