4070 6392
286 327 342 384 29
1734 326 2033 385 NOTlTlA.

3462 334 3532 388 50

284 451 443 514 partes
463 442 837 510 distributum,
872 459 1103 515 quarum
1153 445 1327 502 altera
1363 445 1584 505 Eusebii
1619 487 1633 514 ,
1660 449 1832 504 altera
1861 452 1908 509 Α
1935 447 2275 502 Constantini
2334 447 2662 520 Panegyrico
2710 447 2980 521 insignem
3027 449 3240 520 accepit
3289 449 3466 503 lucem
3499 469 3527 503 ιι

284 535 443 589 Ruﬁni
497 535 664 590 libros
707 537 972 603 continet,
1014 537 1084 593 ad
1117 535 1416 595 Vaticanos
1473 555 1611 597 mss.
1663 539 1826 596 codd.

281 637 474 682 exactos
501 627 754 698 notisque
779 628 1102 694 illustratos,
1134 629 1318 686 studio
1340 629 1401 685 F.
1436 629 1583 686 Petri
1612 631 1834 687 Thomas

281 719 501 774 Cacciari
530 719 748 775 —Acc.
783 728 1077 791 postremae
1113 723 1255 792 parti
1285 722 1533 792 ejusdem
1568 722 1713 780 Diss.
1747 723 1828 779 De

280 813 388 875 rita,
444 810 548 880 [ide
588 809 1002 879 acEusebiana
1055 813 1173 882 ipsa
1218 813 1402 883 Rufini
1457 815 1828 870 translatione.

279 902 462 967 Romae,
493 918 620 974 pars
662 919 702 967 ι,
735 903 912 971 1740;
937 920 991 976 p.
1029 921 1089 968 ιι,
1118 905 1279 974 1741,
1313 906 1370 972 4,
1406 906 1474 964 de
1520 924 1630 978 quo
1666 923 1833 978 opere

279 995 475 1064 copiose
530 993 756 1050 disserit
814 994 1254 1052 Schoenemann.
1305 998 1343 1054 l.
1377 1014 1452 1063 c.,
1486 1015 1541 1070 p.
1573 999 1677 1054 594
1707 1015 1828 1070 sqq.
1863 1010 1866 1014 '

277 1086 497 1141 Caeciar.
527 1093 740 1140 textum
779 1086 848 1141 ad
886 1089 1126 1159 quinque
1145 1085 1320 1145 'codd.
1353 1088 1668 1157 Vaticanos,
1693 1107 1832 1161 quos

278 1183 400 1235 idem
450 1177 775 1236 Schoenem.
809 1181 1036 1238 uberius
1084 1191 1356 1247 recenset,
1393 1185 1626 1240 contulit
1667 1191 1832 1254 atque

275 1271 575 1336 emendavit,
613 1272 685 1328 de
733 1274 1110 1344 superioribus
1138 1275 1408 1345 judicavit
1455 1277 1828 1341 versionibus,

275 1372 321 1418 et
340 1361 540 1418 (ἕτερος
563 1362 787 1419 Eusebii
808 1365 971 1420 codd.
999 1365 1068 1420 ad
1099 1382 1268 1420 unum
1313 1382 1505 1422 omnes
1534 1381 1635 1436 pro
1659 1367 1832 1421 inter-

273 1455 445 1523 potatis
475 1464 640 1524 atque
687 1457 965 1527 corruptis
1012 1457 1208 1524 habet;
1242 1467 1436 1513 contra
1467 1465 1623 1527 putat
1674 1457 1831 1512 Rufi-

273 1558 402 1607 num,
427 1542 646 1602 Eusebii
683 1547 1024 1616 temporibus
1050 1557 1159 1601 tam
1202 1547 1594 1618 propinquum,
1619 1564 1686 1604 ex
1711 1548 1832 1603 fon-

271 1637 394 1692 tibus
422 1637 673 1694 hausisse
704 1638 1128 1709 limpidioribus.
1179 1640 1426 1696 Caeciar.
1473 1639 1618 1711 quod
1643 1640 1829 1694 Ruﬁni

270 1730 547 1786 versionem
599 1731 764 1801 longe
793 1741 1055 1802 praestare
1087 1730 1398 1788 Valesiante
1441 1733 1826 1798 contenderat,

1933 540 2196 610 praeclara
2228 540 2498 595 industria
2555 539 2915 596 eruditissimi
2943 541 3067 606 viri,
3104 540 3328 596 llenrici
3364 537 3526 594 Vale-

1935 630 2026 696 sii,
2064 630 2155 700 qui
2185 629 2372 684 Graeca
2403 629 2684 686 recensuit
2715 629 2782 684 ad
2818 644 2949 685 mss.
2989 631 3149 686 binos
3189 630 3355 701 regite
3390 629 3524 684 bibl.

1934 722 2135 793 quibus
2183 721 2323 777 Rob.
2363 720 2676 792 Stephanus
2731 739 2868 780 usus
2928 722 3138 790 fuerat,
3190 722 3529 791 tertiumque

1931 814 2200 883 optimum
2231 813 2682 880 Mazarinianum,
2716 814 2942 869 scholiis
2965 814 3129 869 etiam
3163 813 3370 869 Graecis
3398 813 3528 867 hinc

1931 903 2059 960 inde
2093 903 2458 968 illustratum,
2491 920 2612 973 qua:
2640 903 2788 958 notis
2816 904 2934 959 suis
2973 905 3237 975 pleraque
3271 903 3526 959 Valesius

1931 996 2185 1059 inseruit,
2218 1002 2272 1050 et
2293 1003 2550 1064 quartum
2585 995 2702 1050 Nic.
2736 995 3003 1061 Fuckelii,
3035 1005 3150 1051 tum
3179 997 3364 1052 varias
3394 998 3520 1052 lect.

1932 1103 1964 1143 e
2002 1086 2268 1150 Turnebi,
2301 1083 2553 1140 Vuleobii
2587 1094 2642 1141 et
2685 1086 2874 1142 Savilii
2906 1087 3192 1143 codicibus
3226 1107 3239 1142 :
3276 1097 3390 1142 tum
3423 1104 3524 1142 no-

1931 1196 2054 1234 vam
2083 1190 2138 1234 et
2174 1180 2574 1234 accuratiorem
2616 1179 2692 1252 (a)
2759 1181 3068 1235 versionem
3129 1192 3398 1252 notasque
3431 1181 3526 1237 do-

1933 1280 2050 1327 ctas
2085 1279 2248 1344 atque
2280 1271 2535 1326 omnibus
2557 1270 2799 1325 historia:
2823 1272 3023 1326 eccles.
3049 1272 3312 1327 studiosis
3341 1274 3524 1342 legen-

1933 1363 2031 1418 das
2061 1363 2309 1418 addidit:
2354 1362 2588 1433 denique
2619 1370 2815 1432 printer
2853 1362 2995 1418 Diss.
3030 1363 3097 1418 de
3133 1362 3252 1418 Vita
3299 1363 3521 1420 Eusebii

1931 1463 1986 1512 et
2017 1456 2259 1526 scriptis,
2285 1464 2338 1510 et
2369 1464 2612 1511 veterum
2636 1457 2703 1511 de
2729 1455 2966 1513 Eusebio
2999 1458 3054 1512 in
3090 1464 3380 1527 utramque
3403 1473 3526 1527 par-

1932 1561 2040 1609 tem
2074 1553 2412 1617 testimonia,
2444 1551 2707 1622 prmmisit
2736 1551 2880 1606 Petri
2922 1551 2990 1606 de
3018 1549 3200 1605 Marca
3233 1553 3522 1632 epistolam

1932 1653 1998 1708 ad
2027 1669 2086 1708 se
2120 1654 2383 1724 scriptam
2413 1653 2478 1707 de
2509 1653 2813 1724 originibus
2855 1651 3265 1708 Christianismi
3309 1654 3364 1706 in
3395 1652 3523 1707 Gal-

1932 1746 2026 1810 lia,
2064 1761 2174 1816 quo
2203 1746 2270 1800 de
2322 1754 2646 1816 argumento
2676 1745 2915 1801 conferri
2952 1746 3117 1800 etiam
3149 1752 3381 1815 possunt
3407 1745 3522 1799 An-

269 1821 581 1880 Tartarottus
645 1825 702 1878 in
747 1825 1013 1896 singulari
1045 1825 1214 1896 disp.,
1269 1825 1517 1882 Tridenti
1563 1827 1723 1894 1718,
1759 1827 1828 1884 de
1859 1807 1902 1862 Β
1931 1807 2099 1893 dreas
2139 1807 2426 1892 Saussaau's
2477 1838 2553 1891 De
2605 1839 2844 1909 mysticis
2901 1838 3095 1893 Gallia?
3132 1807 3521 1907 scriptoribus,

269 1915 491 1971 versione
519 1915 819 1972 Rufiniana
865 1917 940 1974 Η.
990 1917 1056 1971 E.
1099 1917 1344 1981 Eusebii,
1404 1919 1726 1990 dignitatem
1774 1929 1829 1976 et

269 2009 609 2077 prtestantiam
655 2007 963 2065 Valesiana:
1001 2011 1468 2080 interpretationis
1501 2011 1822 2066 vindicavit.

269 2098 512 2171 -Atque
557 2099 767 2156 Valesii
811 2101 994 2157 versio
1042 2100 1265 2157 Eusebii
1298 2099 1372 2157 H.
1415 2101 1481 2155 E.
1507 2111 1560 2158 et
1600 2102 1678 2157 De
1720 2105 1827 2158 vita

268 2190 571 2256 imperatoris
611 2191 959 2248 Constantini
989 2193 1114 2249 libr.
1149 2209 1223 2257 IV,
1263 2210 1389 2249 cum
1419 2197 1660 2250 oratione
1682 2195 1825 2252 Con-

267 2286 461 2338 stantini
495 2284 565 2338 ad
623 2294 842 2340 sanctos
899 2293 954 2340 et
1015 2301 1138 2340 ettm
1189 2284 1523 2357 Panegyrico
1580 2287 1823 2355 Eusebii,

265 2387 371 2426 cum
419 2376 559 2431 notis
606 2374 818 2430 Valcsii
861 2385 917 2431 et
967 2378 1244 2433 variorum
1275 2394 1342 2432 ex
1375 2379 1661 2450 lteadingii
1691 2381 1823 2436 edit.

265 2482 434 2522 recusa
459 2476 544 2524 est
597 2469 724 2525 sine
760 2475 911 2523 textu
937 2473 1150 2536 Graec,
1183 2470 1465 2539 Venetiis,
1519 2475 1661 2545 typis
1713 2474 1827 2529 An-

266 2563 377 2616 tonii
413 2561 563 2617 Zatta
615 2563 789 2627 i763,
840 2563 974 2618 tomi
1013 2564 1154 2627 duo,
1223 2563 1277 2620 in
1345 2566 1523 2622 tribus
1552 2568 1681 2622 voll.
1754 2569 1822 2638 4,

266 2655 320 2708 de
347 2669 443 2724 qua
475 2655 610 2709 edit.
651 2654 777 2708 vide
823 2655 896 2708 cl.
933 2653 1162 2719 Morelli,
1189 2655 1350 2726 epist.
1399 2656 1466 2710 ad
1503 2673 1586 2710 me
1617 2657 1824 2725 datam,

263 2752 308 2798 et
336 2745 637 2816 evulgataln
673 2761 703 2799 a
727 2761 815 2801 me
875 2747 947 2800 in-
982 2745 1190 2800 Introd.
1224 2748 1278 2801 in
1301 2747 1427 2800 hist.
1453 2746 1632 2803 L.Gr.
1669 2749 1735 2813 ll,
1768 2749 1824 2817 2,

266 2850 367 2906 pag.
395 2837 494 2891 559
521 2853 606 2907 sq.
647 2867 715 2876 —
747 2836 823 2892 De
847 2837 1182 2894 editionibus
1226 2836 1436 2894 Latinis
1465 2847 1628 2910 atque
1657 2841 1828 2895 inter-

264 2926 480 2995 pretibus
506 2926 635 2983 Lat.
670 2944 723 2982 v.
763 2942 983 2998 quoque
1018 2926 1228 2983 Stroth.
1274 2930 1332 2984 in
1385 2930 1539 3000 praef.
1575 2930 1640 2985 ad
1669 2946 1826 2987 suam

267 3017 453 3074 Eusebii
490 3019 558 3074 Η.
592 3019 663 3077 Ε.
702 3021 860 3085 edit.,
885 3036 1010 3091 pag.
1052 3037 1244 3086 nvnt,
1275 3038 1396 3093 sqq.
1435 3021 1610 3077 HARL.

1930 1947 1984 2002 p.
2017 1932 2124 1986 279
2151 1949 2240 2004 sq.
2270 1941 2324 1989 et
2351 1932 2457 1986 500
2493 1947 2602 2002 sq.,
2635 1940 2689 1986 et
2711 1940 2902 1987 auctor
2931 1948 3086 1987 novae
3117 1932 3523 1987 dissertationis

1929 2026 2007 2079 De
2043 2035 2271 2094 tempore
2302 2024 2618 2079 introductae
2649 2026 2706 2078 in
2748 2022 2982 2078 Galliam
3015 2023 3341 2081 Christiana:
3393 2026 3522 2079 reli-

1927 2120 2098 2190 gionis
2145 2119 2232 2190 (de
2283 2134 2390 2188 qua
2433 2117 2803 2187 Epltemerides
2857 2118 3188 2173 Parisienses
3240 2135 3292 2173 a.
3348 2119 3518 2184 1705,

1927 2226 1982 2280 p.
2023 2210 2212 2280 1071),
2263 2209 2536 2279 praecipue
2567 2207 2808 2264 Joannes
2846 2206 3128 2263 Launoius
3163 2209 3218 2262 in
3275 2209 3520 2279 epistolae

1927 2299 2074 2355 Petri
2120 2300 2189 2356 de
2225 2300 2406 2355 Marca
2455 2300 2860 2370 dispunctione.
2907 2299 3336 2356 Dissertationes
3360 2300 3522 2356 Vale-

1929 2392 2046 2448 sius
2102 2392 2252 2448 notis
2315 2394 2440 2448 suis"
2497 2392 2785 2462 subjunxit
2839 2392 2938 2446 has
2994 2399 3276 2463 quatuor:
3328 2394 3380 2448 1.
3447 2393 3522 2447 De

1928 2485 2210 2539 schismate
2241 2486 2646 2540 Donatistarum
2674 2503 2834 2557 usque
2873 2485 2940 2540 ad
2989 2482 3053 2538 Α.
3087 2483 3147 2542 6,.
3185 2485 3318 2553 525;
3352 2485 3405 2540 2.
3441 2485 3521 2541 De

1927 2593 2032 2630 uno
2058 2587 2283 2641 tantum,
2318 2594 2420 2631 non
2467 2577 2671 2631 duobus
2707 2576 2914 2645 templis
2941 2593 2973 2629 a
3000 2574 3352 2631 Constantino
3385 2575 3520 2630 Hie-

1928 2670 2212 2740 rosolyma:
2236 2669 2498 2732 conditis;
2533 2669 2585 2723 5.
2619 2668 2702 2722 Ad
2743 2667 2865 2722 Jac.
2905 2665 3209 2732 Usscrium,
3266 2668 3518 2725 adversus

1927 2760 2075 2814 illius
2103 2760 2416 2814 sententiam
2445 2761 2507 2814 de
2532 2757 2739 2827 perdita
2778 2760 3012 2813 versione
3037 2757 3193 2812 LXX
3251 2757 3520 2828 Interpre-

1927 2870 2038 2914 tum
2070 2868 2119 2914 et
2149 2858 2407 2928 Ilexaplis
2429 2857 2671 2930 Origenis
2689 2875 2708 2922 ;
2738 2858 2790 2913 4,
2825 2857 2903 2912 De
2929 2854 3338 2928 Martyrologio,
3377 2859 3518 2930 quod

1926 2959 2230 3015 Bosweidus
2275 2957 2481 3023 edidit,
2526 2967 2578 3012 et
2625 2973 2896 3027 perperam
2948 2971 3043 3025 pro
3083 2960 3240 3012 veteri
3289 2958 3518 3028 genuino

1929 3052 2168 3106 Romano
2197 3049 2582 3121 Martyrologio
2615 3050 2862 3119 jactavit.
2915 3048 3123 3104 Prodiit
3151 3048 3375 3105 Eusebii
3407 3048 3508 3105 Va-

321 3110 781 3213 (Ξτπεθηεῗξθδίίξ
816 3111 1469 3213 SocratisﬁThf’OdOmij
1533 3115 1823 3213 δοέοφθηί
1852 3150 1894 3207 C
1926 3145 2048 3202 lcsii
2069 3146 2258 3202 Graece
2285 3110 2560 3200 et'Latine
2586 3110 3045 3213 Paris.perquam
3075 3143 3247 3197 nitide
3276 3158 3329 3200 a.
3351 3143 3514 3209 1659,

263 3211 307 3256 et
331 3203 532 3276 Evagrii
563 3205 874 3261 Historiam
927 3206 1339 3261 ecclesiasticam
1394 3209 1822 3279 elegantissimis

263 3297 384 3366 typis
409 3314 470 3353 ex
499 3299 668 3354 codd.
709 3299 876 3368 regiis
915 3297 1086 3353 edidit
1119 3298 1261 3354 Rob.
1299 3297 1610 3369 Stephanus
1647 3301 1820 3358 Paris.

265 3390 396 3456 1514,
421 3391 508 3446 fol.
549 3391 758 3448 Confer
807 3391 1009 3445 laudati
1044 3389 1210 3461 lttigii
1249 3392 1452 3446 librum
1489 3392 1564 3447 De
1597 3393 1824 3449 Patrum

263 3480 570 3538 Bibliothecis
598 3523 614 3548 ,
666 3499 724 3554 p.
769 3482 872 3536 727
919 3498 1002 3553 sq.
1039 3481 1208 3538 FABR.
1259 3484 1398 3540 Add.
1445 3483 1824 3542 Literariscltes

263 3572 622 3639 Wochenblatt,
658 3583 798 3630 tom.
846 3573 898 3638 1,
933 3574 1219 3648 Noriberg.
1273 3577 1433 3641 1770,
1469 3579 1501 3632 8
1523 3619 1537 3643 ,
1577 3586 1720 3648 part.
1753 3597 1781 3633 κ
1805 3618 1820 3644 ,

264 3682 366 3737 pag.
397 3670 490 3723 157
521 3686 606 3740 sq.
646 3699 722 3708 -—
759 3668 837 3724 De
875 3668 1172 3738 Stephani,
1229 3667 1431 3725 Valcsii
1489 3679 1544 3726 et
1577 3670 1824 3744 Reading

261 3759 366 3815 edd.
389 3759 477 3816 Gr.
509 3763 722 3816 multus
755 3769 838 3816 est
858 3761 1132 3816 Clement.
1161 3760 1294 3827 Vill,
1320 3777 1442 3834 pag.
1485 3762 1586 3818 187
1612 3779 1734 3833 sqq.
1767 3764 1822 3818 In

261 3848 378 3904 Bibl.
406 3851 658 3908 Leidensi
700 3860 785 3907 est
813 3853 1114 3923 exemplar,
1149 3867 1315 3907 manu
1349 3853 1611 3922 Scaligeri
1645 3853 1826 3908 inﬁni-

263 3946 319 3998 tis
342 3945 468 4001 locis
503 3947 886 4015 conscriptum
919 3955 974 4000 et
1007 3945 1358 4001 emendatum
1397 3962 1465 4001 ex
1483 3945 1550 4001 V.
1575 3947 1700 4002 cod.
1752 3946 1817 4003 V.

261 4032 433 4103 Catal.,
457 4052 582 4108 pag.
634 4036 742 4102 19,
782 4045 838 4092 et
869 4037 1003 4092 ibid.
1051 4038 1200 4092 aliud
1234 4053 1358 4092 cum
1410 4037 1678 4094 adnotalt.
1719 4040 1823 4095 viri

261 4126 401 4183 docti.
441 4129 616 4186 llam“

318 4215 490 4275 Graece
524 4229 579 4276 et
607 4220 806 4276 Latine
831 4221 1052 4276 eosdem
1083 4221 1381 4290 scriptores
1407 4222 1697 4292 vulgarunt
1716 4223 1821 4280 Ge-

265 4323 532 4376 nevenses,
578 4313 772 4367 addita
827 4311 879 4368 J.
935 4312 1422 4381 Christophorsoni
1470 4315 1724 4370 versione
1765 4323 1820 4370 et

265 4399 452 4458 Sullridi
502 4403 653 4460 Petri
687 4404 1162 4470 adnotationibus,
1193 4419 1337 4460 anno
1361 4406 1528 4472 1612,
1556 4409 1674 4472 fol.,
1700 4424 1820 4478 qua:

261 4496 420 4561 editio,
449 4499 578 4568 quia
624 4513 821 4569 parum
857 4498 1143 4552 emendata
1175 4505 1281 4562 est,
1309 4497 1430 4554 ideo
1454 4499 1588 4553 nihil
1617 4515 1680 4555 ea
1720 4499 1817 4554 lla-
1853 4512 1893 4566 υ

261 4587 481 4655 gitiosius
509 4589 789 4659 prodiisse
826 4590 902 4642 ait
945 4589 1316 4646 Montacutius
1347 4606 1400 4660 p.
1431 4590 1532 4644 187
1575 4588 1819 4660 Appara-

263 4686 329 4729 tus
358 4679 421 4731 ad
449 4681 683 4751 origines
711 4681 1118 4737 ecclesiasticas.
1181 4682 1324 4755 [Sed
1380 4685 1436 4738 in
1477 4699 1650 4755 marg.
1691 4694 1820 4740 sunt

261 4765 311 4822 V.
344 4771 399 4826 L.
444 4790 475 4830 e
506 4771 711 4845 codd.]

315 4864 386 4918 Ab
416 4881 478 4920 eo
520 4877 774 4936 tempore
803 4864 1026 4920 Eusebii
1059 4865 1304 4921 Historia
1325 4907 1340 4928 ,
1393 4867 1530 4922 liber
1573 4867 1646 4922 De
1676 4886 1820 4923 mar-

262 4956 430 5022 tyribus
477 4957 835 5024 Palaestinae,
870 4959 993 5013 libri
1043 4975 1095 5014 Iv
1149 4960 1227 5014 De
1271 4959 1393 5013 Vita
1443 4959 1813 5025 Constantini,

261 5060 360 5099 tum
387 5049 731 5106 Constantini
774 5052 1016 5106 oratione
1068 5053 1136 5105 ad
1181 5063 1396 5107 sanctos
1425 5060 1478 5108 et
1505 5052 1725 5109 Eusebii
1758 5057 1812 5108 in

265 5163 509 5240 prodiisse
537 5167 762 5240 videtur
790 5165 1045 5240 Strothio“
1087 5183 1137 5223 a.
1193 5168 1369 5232 1559,
1406 5171 1499 5240 qui
1546 5185 1728 5224 annus
1760 5171 1813 5226 in

263 5231 347 5310 ﬁne
388 5236 760 5310 dedicationis
810 5235 1068 5310 Godsalli
1107 5231 1454 5310 subscriptus
1503 5249 1614 5299 est.
1668 5240 1815 5296 Idem

264 5298 507 5382 strothius
560 5324 631 5382 ex
684 5308 789 5361 alia
839 5307 1076 5382 Godsalli
1126 5311 1279 5380 prmf.
1319 5298 1629 5374 concludit,
1693 5327 1812 5365 eam

264 5372 369 5452 "edit.
396 5379 1082 5452 eti_am_Antvverpia:‘156_8
1126 5372 1280 5450 prelo
1309 5382 1541 5446 exiisse;
1576 5372 1814 5452 denique

263 5438 422 5517 Colon.
453 5449 678 5517 Apripp.
706 5438 874 5511 tete,
913 5447 1010 5505 fol.
1049 5447 1123 5502 lu.

320 5515 555 5593 ta}_1\'on_
583 5515 783 5593 desunt
830 5520 1300 5593 quidem_in_hac
1347 5522 1512 5578 etiam
1561 5522 1813 5578 versione

267 5587 333 5662 §ui
372 5587 491 5642 hinc
542 5590 670 5644 inde
702 5587 871 5662 naevi',
917 5606 947 5643 a
983 5591 1116 5644 viris
1149 5591 1327 5646 doctis
1387 5601 1594 5662 partem
1631 5594 1700 5647 ab
1747 5608 1812 5646 eo

267 5658 474 5733 tfmpore
502 5663 714 5733 notati.
729 5661 828 5733 sed
854 5671 1092 5733 propter
1145 5658 1407 5732 plurima,
1455 5679 1575 5733 qua:
1618 5666 1806 5718 rectis-

267 5732 380 5804 Sttne
396 5736 554 5804 atque
583 5731 957 5786 eruditissime
970 5732 1061 5804 Avir
1082 5748 1329 5804 summus
1358 5731 1490 5788 vidit
1506 5742 1559 5789 et
1581 5749 1806 5804 expres-

271 5794 340 5858 sit,
370 5794 570 5858 laudem
591 5816 808 5873 semper
839 5802 1129 5857 maximam
1155 5803 1286 5860 feret
1311 5805 1379 5862 ab
1405 5805 1575 5873 aequis
1613 5794 1670 5865 et
1688 5819 1811 5861 cor-
1839 5871 1846 5880 .

1928 3239 2048 3304 fol.,
2078 3239 2222 3308 apud
2250 3236 2547 3291 Antonium
2580 3234 2766 3299 Vitre,
2803 3239 2856 3292 ct
2893 3253 2959 3292 ex
3001 3235 3207 3292 Valesii
3235 3237 3518 3308 chirogra-

1928 3331 2038 3401 pho
2063 3371 2077 3395 ,
2128 3330 2324 3400 paucis
2369 3327 2696 3399 quibusdam
2730 3328 2786 3382 in
2818 3329 3071 3385 versione
3103 3331 3324 3384 mutatis
3351 3339 3516 3402 atque

1926 3422 2176 3494 pluribus
2198 3421 2422 3484 additis,
2455 3435 2576 3490 quae
2612 3420 2832 3476 uncinis
2861 3421 3074 3476 inclusa
3103 3428 3232 3476 sunt
3267 3422 3322 3476 in
3345 3424 3517 3476 anim-

1927 3515 2348 3571 adversionihus
2397 3529 2464 3569 ex
2511 3513 2771 3568 secundis
2854 3513 3059 3569 Valesii
3111 3516 3303 3582 euris,
3369 3516 3514 3586 apud

1925 3606 2146 3662 Petrum
2177 3607 2226 3660 le
2265 3605 2428 3674 Petit,
2461 3605 2637 3662 Paris.
2678 3605 2842 3669 167.7,
2886 3607 2982 3661 fol.
3019 3606 3230 3662 Exinde
3261 3608 3330 3662 ad
3356 3624 3512 3679 prio-

1926 3724 2043 3765 rem
2071 3707 2158 3763 ed.
2191 3722 2421 3763 recusus
2451 3705 2774 3776 Moguntize,
2815 3715 2874 3760 ut
2918 3707 3082 3762 habet
3123 3707 3346 3771 titulus,
3397 3709 3514 3762 sive
3593 3709 3598 3718 ‘

1925 3799 2275 3854 Franeofurti
2310 3799 2492 3870 potius
2533 3798 2707 3865 1672,
2775 3798 2893 3860 lol.,
2925 3809 2978 3852 et
3032 3798 3100 3853 ad
3151 3799 3511 3868 posteriorem

1924 3892 2221 3947 editionem
2247 3891 2614 3946 Parisiensem
2638 3931 2652 3954 ,
2684 3889 2961 3946 Amstcrd.
2997 3889 3136 3943 1695
3156 3928 3170 3954 ,
3217 3886 3338 3952 fo|.,
3369 3889 3512 3959 typis

1924 3983 2484 4040 Francofurtensibus
2561 3981 2890 4037 Wustianis.
2967 3980 3184 4052 Pagina:
3251 3980 3508 4046 Eusebii,

1924 4087 2068 4158 quod
2101 4086 2450 4142 vehementer
2479 4085 2805 4150 dolendum,
2843 4086 2899 4136 in
2933 4083 3034 4137 hac
3067 4091 3342 4153 postrema
3365 4082 3511 4136 haud

1924 4179 2258 4250 respondent
2289 4177 2384 4250 (ὁ).
2443 4175 2591 4233 Obiit
2620 4175 2872 4231 Valesius
2902 4174 3152 4241 Parisiis,
3183 4175 3353 4228 Nonis
3384 4175 3511 4228 Maii

1923 4287 1976 4326 a.
2009 4270 2172 4336 1676,
2200 4270 2419 4340 vitaque
2447 4270 2589 4339 ejus,
2621 4283 2652 4323 a
2691 4268 2859 4323 fratre
2892 4267 3139 4322 Adriano
3179 4267 3405 4337 scripta,
3442 4269 3511 4322 ad

1922 4360 2263 4416 Ludovicum
2291 4359 2574 4414 Nublaaum
2601 4400 2616 4425 ,
2660 4367 2785 4430 post
2812 4358 3180 4414 Parisiensem
3211 4357 3510 4412 editionem

1923 4467 2118 4508 recusa
2159 4449 2356 4522 Lipsiae
2389 4450 2551 4516 1680,
2585 4451 2646 4516 8,
2697 4467 2827 4506 cura
2859 4451 3187 4506 nobilissimi
3213 4451 3314 4506 viri
3355 4448 3506 4506 Frid.

1923 4544 2056 4601 Ben.
2086 4544 2410 4616 Corpzovii,
2464 4553 2626 4615 atque
2669 4544 2727 4598 in
2781 4543 2914 4598 Vitis
2951 4543 3261 4598 selectorum
3306 4542 3509 4610 aliquot

1921 4639 2177 4704 virorum,
2204 4653 2235 4692 a
2255 4637 2397 4693 Guil.
2436 4636 2658 4692 Batesio
2685 4636 2928 4691 collectis
2953 4645 3007 4690 et
3037 4634 3269 4689 Londini
3296 4649 3346 4688 a.
3369 4624 3503 4688 1681

1921 4738 1976 4785 et
2005 4730 2166 4794 1704,
2199 4730 2255 4798 4,
2278 4729 2442 4784 editis
2466 4745 2521 4800 p.
2550 4729 2673 4793 719,
2698 4735 2752 4783 et
2781 4735 2909 4784 ante
2949 4727 3246 4782 Eusebium
3299 4724 3507 4782 Valesii

1920 4821 2052 4876 edit.
2077 4819 2254 4876 Amst.
2284 4820 2445 4886 1695,
2470 4821 2565 4874 fol.
2608 4818 2777 4874 FABR.

1990 4942 2206 5012 integra
2237 4939 2442 4996 Valesii
2474 4939 2644 4995 editio
2691 4937 3060 5009 Cantabrigiaa
3101 4945 3253 4992 tanta
3291 4952 3422 4992 cura
3453 4943 3508 4992 et

1918 5047 2026 5103 fide
2070 5061 2266 5103 recusa
2297 5054 2419 5114 est,
2461 5053 2522 5101 ut
2573 5046 2739 5101 etiam
2789 5052 3015 5116 peccata
3055 5044 3460 5114 typotbetarum
3486 5080 3504 5108 ,

1916 5162 2058 5218 datis
2086 5161 2406 5226 lectoribus,
2426 5162 2624 5217 nedum
2657 5162 2870 5217 veniam
2893 5161 2965 5216 ob
2989 5161 3508 5231 quantulascunque

1915 5234 2392 5288 hallucinationcs.

1995 5303 2071 5372 (ὁ)
2112 5302 2272 5358 Conf.
2324 5303 2639 5357 uberiorem
2688 5303 3062 5357 recensionem
3096 5299 3145 5356 Ι.
3194 5299 3411 5356 Fabric.
3443 5303 3500 5358 in

1915 5375 2057 5429 Bibl.
2095 5373 2338 5437 Fabric.,
2363 5382 2494 5426 tom.
2528 5372 2589 5438 il,
2618 5389 2671 5442 p.
2708 5374 2812 5427 596
2845 5389 2990 5442 sqq.,
3018 5375 3112 5442 qui
3153 5373 3502 5427 animadver-

1915 5449 2000 5509 tit,
2033 5446 2166 5500 edit.
2199 5446 2345 5498 illam
2373 5459 2480 5497 non
2503 5459 2625 5498 esse
2656 5460 2902 5498 recusant
2931 5445 3160 5498 Amstel.
3192 5445 3332 5497 1695
3353 5485 3366 5509 ,
3401 5447 3497 5498 sed

1914 5534 2012 5588 per
2045 5515 2289 5588 fraudem
2315 5515 2515 5588 factum
2543 5530 2665 5588 esse
2701 5515 3116 5588 illumtitulum,
3142 5531 3266 5568 cum
3317 5517 3389 5570 sit
3422 5516 3499 5583 ip-

1915 5583 2134 5643 sissima
2185 5586 2272 5641 ed.
2331 5583 2806 5656 Francofurtana,
2858 5587 3109 5656 idemque
3148 5589 3496 5656 aliorunrde

1913 5659 2152 5713 Eusebio
2182 5656 2411 5725 ejusque
2452 5657 2672 5727 scriptis
2717 5654 3039 5727 Valesiiquc‘
3067 5659 3304 5711 editione
3336 5654 3494 5727 all'er:

1908 5730 2134 5797 judicia.
2196 5728 2406 5782 Reeusa
2456 5726 2574 5796 est,
2612 5736 2704 5782 aut
2759 5726 2958 5783 novum
3013 5727 3233 5783 titulum
3260 5726 3499 5799 accepit.

1913 5801 2087 5859 Paris.
2121 5800 2277 5856 17-16.
2319 5799 2485 5854 llAttL.
