4070 6392
486 310 546 365 51
1496 297 1841 357 EUSEBIUS
1878 289 2363 352 CESARIENSIS
2402 280 2802 342 EPISCOPUS.
3688 271 3763 327 52

486 429 686 494 praeter
721 420 815 476 illa
852 435 976 491 qua:
1017 418 1134 490 ipse
1166 416 1422 475 Valesius
1449 416 1743 483 indicarat,
1772 413 2081 469 retiueren-
2107 415 2154 470 Α
2180 404 2308 469 Gr.,
2340 419 2396 475 p.
2427 401 2574 494 46e_t
2603 398 2694 494 65Ϊ
2716 393 2882 494 Δέ-Ῑιι
2909 391 3036 494 Std-
3070 388 3297 494 COiSljn-
3333 387 3461 494 305‘.
3491 384 3583 441 Ῐυι-
3633 384 3759 494 149,

489 522 597 568 tur.
634 512 715 567 En
751 512 1167 581 inscriptioném
1197 528 1211 564 :

564 604 782 659 Eusebii
841 603 1130 672 Pamphili,
1169 602 1415 659 Socratis
1467 599 1806 662 scholastici,
1849 595 2080 652 Hermia:

492 695 797 759 Sozomeni,
828 693 872 748 Τ
873 694 1137 748 heodoriti
1171 702 1221 748 et
1250 692 1486 761 Evagrii,
1510 692 1635 745 item
1658 689 2009 759 Philostorgii
2030 698 2081 742 et

492 791 755 846 Theodori
786 790 1022 845 Lectoris
1067 806 1185 861 quae
1217 798 1467 852 exstant,
1528 785 1788 841 Historia:
1829 785 2081 839 ecclesia-

490 885 638 937 sticre
680 882 859 937 (ἲν-ατε
908 892 958 935 et
1011 881 1200 935 Latine
1257 881 1313 934 in
1372 889 1477 933 tres
1536 888 1704 932 tomos
1755 877 2077 931 distributa.

492 976 660 1030 Henr.
724 976 972 1030 Valesius
1031 973 1275 1029 Grtccum
1344 982 1545 1027 textum
1603 988 1668 1026 ea:
1734 989 1866 1026 mss.
1923 969 2077 1024 codd.

489 1068 821 1134 emendavit,
872 1069 1061 1122 Latine
1104 1069 1295 1133 vertit,
1361 1077 1409 1122 et
1444 1066 1708 1120 udnotatt.
1766 1065 2079 1118 illustravit.

493 1160 739 1217 Gulielm.
805 1161 1040 1233 [leading
1089 1179 1250 1215 novas
1302 1159 1718 1222 elucidationes,
1786 1158 2081 1226 pra'sertim

492 1255 924 1325 chronologicas,
959 1257 1015 1309 in
1046 1254 1145 1308 hac
1176 1255 1404 1308 editione
1442 1253 1658 1322 adjecit.
1695 1252 2079 1319 Cantabrigiw,

494 1350 629 1419 typis
654 1349 893 1405 academ.
931 1347 1103 1411 1720,
1157 1347 1277 1417 fol.,
1305 1345 1373 1401 III
1408 1356 1537 1402 tom.
1580 1345 1637 1401 In
1688 1347 1866 1417 primo
1899 1356 2079 1408 tomo,

492 1443 585 1513 qui
635 1442 963 1510 peculiarem
1015 1441 1179 1495 habet
1228 1440 1680 1511 inscriptionem,
1730 1439 2085 1494 continentur

492 1532 717 1589 Eusebii
756 1563 822 1572 —
856 1531 924 1588 E.
963 1532 1036 1588 Η.
1073 1533 1198 1586 libri
1250 1532 1446 1588 decem.
1500 1531 1707 1599 Quibus
1746 1531 2085 1601 subjungitur

494 1628 669 1681 oratio
695 1625 1036 1680 Constantini
1065 1625 1133 1679 ad
1165 1635 1378 1679 sanctos
1419 1633 1470 1678 et
1520 1623 1878 1695 Panegyricus
1911 1622 2084 1677 Euse-

496 1720 589 1775 bii.
626 1717 697 1772 H.
766 1719 941 1773 Vales.
999 1719 1091 1774 Gr.
1157 1728 1356 1772 textum
1405 1717 1614 1771 collatis
1656 1734 1710 1772 tv
1758 1734 1887 1771 mss.
1926 1715 2081 1771 codd.

2181 507 2267 553 est
2318 496 2475 550 locus
2530 490 2754 546 Eusebii
2795 488 2874 542 De
2908 482 3274 552 Therapeutis,
3322 487 3529 551 septem
3569 485 3766 533 octove

2180 587 2523 657 paginarum.
2570 578 2891 654 (Montfauc.
2927 575 3071 630 Bibl.
3105 572 3273 630 Coisl.
3297 615 3312 640 ,
3344 588 3401 644 p.
3431 570 3581 642 421).
3611 570 3765 625 —-In

2186 680 2258 734 Μ.
2296 675 2601 741 Britannia,
2636 670 2940 729 secundum
2965 668 3143 723 Catal.
3176 666 3362 730 codd.,
3394 667 3448 720 in
3478 664 3601 720 cod.
3629 663 3767 725 Bar-

2178 789 2299 829 roc.
2328 789 2386 827 n.
2416 769 2595 834 CIIIC,
2637 767 2836 837 fragm.
2870 781 2938 819 ex
2973 761 3048 817 Η.
3103 760 3172 815 Ε.
3211 768 3263 814 et
3290 759 3509 815 Eusvbii
3542 765 3768 813 senten-

2180 868 2292 931 tiae,
2310 865 2451 919 inter
2466 860 2591 917 cod.
2608 858 2741 914 bibl.
2759 856 3041 911 Bodleian.
3059 848 3355 907 DCCLXI“
3369 860 3421 906 et
3437 848 3765 913 MCCCXIX,

2181 961 2324 1014 inter
2365 954 2529 1011 codd.
2588 950 2785 1005 Laudi.
2842 948 2917 1004 H.
2951 946 3015 1001 E.
3065 961 3133 1001 ex
3180 945 3429 1001 versione
3460 942 3667 997 Ruﬁni.
3696 971 3771 981 ——-

2181 1051 2250 1106 IV.
2294 1043 2776 1109 MMCCLXXVIII,
2812 1041 2886 1097 H.
2940 1039 3007 1095 E.
3066 1039 3161 1094 Gr.
3211 1070 3283 1079 —
3329 1036 3395 1095 N.
3429 1035 3769 1101 MMCDVIII,

2183 1143 2438 1217 synopsis
2477 1139 2548 1195 Η.
2581 1138 2648 1194 Ε.
2668 1136 2820 1192 -Ν,
2843 1129 3376 1197 MMMMMMCDXV,
3407 1131 3606 1186 Iibrixl
3629 1128 3769 1202 (sic).

2188 1238 2260 1292 Η.
2294 1235 2362 1291 Ε.
2414 1235 2510 1291 sed
2545 1233 2760 1292 Latine,
2798 1228 2984 1285 credo.
3016 1226 3283 1282 —Oxon.
3335 1225 3389 1278 in
3442 1224 3574 1279 bibl.
3640 1222 3770 1278 coll.

2184 1331 2509 1394 Baliolens.,
2542 1327 2609 1382 Ν.
2638 1325 2839 1390 CCVC,
2865 1324 2985 1379 Lat.
3014 1353 3086 1364 —
3109 1324 3169 1377 ln
3204 1322 3337 1377 bibl.
3371 1321 3499 1376 coll.
3558 1319 3774 1374 Merton

2184 1418 2511 1489 N.DXCIV,
2562 1420 2636 1475 Il.
2697 1419 2763 1475 E.
2802 1419 2898 1473 lib.
2947 1432 3027 1481 xi,
3083 1413 3203 1469 Lat.
3236 1416 3384 1470 —ln
3445 1413 3579 1468 bibl.
3641 1413 3771 1467 coll.

2184 1516 2455 1572 Orielens.
2493 1512 2567 1570 H.
2612 1511 2679 1567 E.
2740 1510 2864 1566 Lat.
2921 1524 3048 1564 cum
3082 1504 3468 1564 additamentis
3506 1501 3689 1557 Ruﬁni
3721 1511 3776 1557 et

2186 1625 2310 1664 cum
2356 1606 2724 1662 translatione
2782 1601 3050 1673 ejusdem.
3076 1601 3220 1655 ——ln
3254 1598 3387 1652 bibl.
3422 1597 3549 1651 coll.
3590 1595 3777 1649 Maria:

2189 1699 2369 1771 Magd.
2407 1695 2734 1760 MMCCCLI,
2764 1694 2882 1750 [.at.
2914 1725 2982 1733 —
3013 1690 3273 1747 Cantabr.
3296 1688 3360 1743 N.
3392 1684 3774 1750 MCCLXXlX,

494 1813 821 1878 emendavit,
852 1810 976 1865 Lat.
1007 1813 1160 1866 vertit
1192 1822 1240 1866 et
1278 1811 1545 1865 adnotatt.
1579 1808 1892 1864 illustravit.
1925 1807 2081 1862 Hanc

2195 1791 2264 1848 H.
2302 1789 2368 1845 Ε.
2407 1789 2501 1843 Pr.
2540 1787 2843 1842 Peritorum
2878 1785 3083 1838 dicunt.
3131 1784 3280 1838 -In
3324 1781 3453 1836 coll.
3503 1779 3564 1837 S.
3596 1779 3778 1834 Bene-

495 1905 622 1960 edit.
658 1907 857 1960 criticis
889 1905 1127 1975 plurium
1164 1903 1496 1959 eruditorum
1529 1903 1609 1974 (ιι.
1648 1900 1814 1957 Wilh.
1847 1901 2081 1956 LOWtbii

496 1997 795 2053 emendatt.
828 1999 1085 2068 notisque
1111 1997 1243 2051 bist.
1270 2002 1325 2051 et
1352 1994 1417 2050 V.
1452 1994 1515 2049 L.
1552 2010 1583 2049 a
1608 1992 1813 2048 Merico
1840 1992 2080 2049 Casaub.

498 2088 735 2159 margini
781 2090 1017 2160 exempl.
1085 2087 1272 2158 Steph.
1320 2086 1609 2159 ascriptis)
1634 2084 2085 2140 observationibus

500 2180 833 2250 locupletavit
866 2182 930 2237 ϐ.
976 2180 1234 2252 Reading,
1259 2180 1393 2236 cleri
1418 2178 1754 2235 Londinens.
1788 2179 2083 2235 bibliothe-

499 2286 639 2335 car.,
664 2271 927 2328 Cantabr.
971 2272 1130 2327 1720.
1165 2270 1411 2342 Reading
1436 2286 1677 2342 quoque,
1706 2270 1972 2341 quidquid
2019 2286 2084 2325 ex

498 2362 632 2435 Pagi
663 2365 874 2430 critica,
900 2362 1187 2421 Pearsonii
1216 2363 1515 2418 Annalibus
1537 2363 1891 2434 Cyprianicis,
1922 2362 2086 2418 Cavei

503 2455 650 2512 Hist.
700 2457 830 2521 litt.,
866 2456 1140 2513 Dodwello
1175 2456 1407 2526 aliisque
1436 2456 1546 2510 huc
1598 2456 1929 2525 pertineret,
1964 2454 2091 2509 dili-

502 2554 697 2620 genter
747 2548 1058 2619 congessit,
1115 2556 1171 2602 et
1223 2555 1386 2603 notas
1415 2544 1622 2601 Valesii
1652 2545 1995 2616 aliorumque
2036 2550 2091 2599 et

504 2657 635 2697 suas
675 2638 844 2696 textui
890 2641 1124 2711 subjecit
1151 2639 1515 2696 commodius.
1550 2638 1665 2693 Sub
1698 2639 1861 2694 ﬁnem
1903 2655 1958 2709 p.
1988 2637 2091 2693 795

506 2749 591 2804 sq.
617 2734 802 2804 posuit
831 2731 897 2788 ιτ.
929 2732 991 2787 L.
1028 2733 1238 2788 codicis
1263 2731 1559 2788 Castellani
1586 2739 1642 2787 et
1674 2747 1770 2786 eas
1793 2746 1931 2801 quas
1955 2729 2088 2786 Mer.

504 2827 815 2883 Casaubon.
848 2826 1084 2897 exempl.
1121 2825 1311 2899 Steph.
1341 2841 1505 2880 manu
1540 2824 1893 2894 ascripserat.
1929 2821 2090 2878 Conf.

505 2921 705 2976 Clerici
740 2920 882 2977 Bibl.
918 2922 1168 2974 ancienne
1197 2930 1245 2974 et
1276 2918 1441 2983 mod.,
1474 2928 1607 2972 tom.
1633 2915 1777 2983 XVI,
1797 2934 1852 2988 p.
1877 2916 2090 2986 75-156;

508 3013 664 3069 Acta.
697 3012 914 3077 erudit.,
952 3011 1101 3083 Lips.
1139 3010 1297 3079 1721,
1348 3028 1403 3082 p.
1456 3011 1564 3077 97;
1615 3019 1670 3067 et
1698 3010 2089 3083 Baumgarten,

511 3104 826 3161 Nachricht.
857 3123 956 3161 von
991 3104 1403 3176 merkwitrdigen
1433 3102 1697 3158 Buchern.
1716 3143 1733 3171 ,
1776 3111 1910 3157 tom.
1933 3101 2003 3168 X,
2033 3117 2089 3173 p.
2119 3115 2168 3177 ο

511 3198 768 3254 510-518.

586 3287 712 3344 llrec
742 3287 1029 3360 Readingii
1059 3286 1148 3342 ed.
1184 3299 1380 3342 recusa
1426 3290 1513 3340 est
1565 3282 1757 3338 Turini
1793 3282 1929 3338 1748
1973 3279 2113 3348 fol.,‘

512 3378 583 3435 III
619 3381 750 3436 voll.

585 3471 871 3542 Readingii
926 3470 1143 3533 merita,
1180 3483 1302 3540 quae
1349 3468 1405 3522 in
1449 3466 1642 3523 critica
1680 3465 1898 3535 quidem
1944 3472 2101 3534 parte

516 3564 661 3619 baud
713 3563 850 3617 adeo
900 3561 1137 3632 insignia
1200 3561 1444 3625 fuerunt,
1503 3557 1786 3625 Strothius
1840 3573 2102 3627 superare

517 3656 781 3734 sustinuit
810 3655 865 3708 in
888 3669 1030 3709 nova
1058 3653 1192 3708 edit.
1235 3670 1301 3709 ac
1345 3650 1702 3713 recensione,
1734 3650 1894 3721 cujus
1918 3656 2100 3703 tamen

516 3749 751 3819 primum
773 3754 987 3801 tantum
1018 3746 1273 3801 volumen
1306 3745 1483 3799 lucem
1513 3742 1762 3812 aspexit:

592 3837 808 3892 Eusebii
854 3835 1121 3906 Pamphili
1168 3834 1425 3889 Historiae
1474 3832 1850 3888 ecclesiastica:
1889 3828 2013 3883 libri
2042 3844 2097 3882 x.

526 3928 776 4000 Ejusdem
839 3927 918 3982 De
957 3925 1080 3981 Vita
1114 3925 1456 3982 Constantini
1513 3922 1636 3978 libri
1667 3940 1740 3978 tv.
1778 3921 2000 3976 Textum
2032 3920 2103 3974 ad

521 4022 679 4093 ﬁdem
712 4019 868 4076 codd.
906 4037 1033 4077 mss.
1059 4030 1108 4075 et
1140 4019 1258 4075 edd.
1305 4018 1598 4082 recensuit,
1630 4027 1883 4085 notasque
1931 4013 2106 4066 maxi-

522 4131 665 4168 mam
690 4123 893 4183 partem
923 4114 1136 4167 criticas
1171 4110 1364 4178 adiecit
1398 4109 1447 4162 F
1451 4108 1556 4163 rid.
1591 4108 1762 4161 Andr.
1798 4104 2002 4161 Stroth.
2036 4133 2107 4142 ——

524 4207 648 4266 Vol.
697 4209 739 4264 Ι.
795 4208 943 4263 Ilalae
976 4207 1043 4263 ad
1077 4206 1282 4271 Salam,
1331 4204 1492 4271 1779,
1544 4202 1597 4267 8,
1646 4200 1853 4255 Grzece.
1912 4196 2108 4252 Varias

524 4300 681 4355 editt.
741 4308 850 4354 tam
883 4298 980 4354 Gr.
1014 4314 1177 4368 quam
1213 4296 1333 4351 Lat.
1388 4294 1642 4360 contulit,
1679 4301 1845 4362 atque
1875 4305 1939 4346 ea
1986 4304 2109 4359 qua:

2184 1883 2340 1949 dicti,
2368 1880 2435 1937 N.
2472 1876 2870 1943 MDCXXVIII,
2902 1876 3027 1931 libri
3077 1891 3134 1929 xl
3219 1873 3421 1929 Euseb.
3461 1872 3533 1927 H.
3568 1871 3635 1926 E.
3659 1871 3775 1927 Tit.

2184 1978 2243 2032 in
2273 1982 2383 2031 vel.
2448 1975 2676 2045 scripto,
2713 1970 3095 2025 Ecclesiastica
3128 1968 3253 2021 hist.
3285 1983 3377 2036 per
3425 1965 3541 2020 Hic.
3584 1965 3781 2019 Mona-

2186 2064 2533 2122 chum.—-N.
2558 2062 2952 2129 MMCDXXXI,
2982 2058 3055 2114 H.
3087 2058 3154 2113 Ε.
3184 2057 3305 2114 Lat.
3338 2089 3408 2098 —
3452 2058 3510 2113 In
3544 2065 3679 2112 tom.
3709 2056 3778 2122 ll,

2185 2159 2359 2215 Catal.
2392 2159 2450 2213 in
2505 2157 2639 2213 bibl.
2678 2161 2818 2212 eccl.
2867 2152 3298 2224 Wigorniensis,
3348 2150 3569 2207 Eusebii
3607 2149 3678 2202 Η.
3708 2151 3779 2204 Ε.

2188 2251 2311 2305 libri
2340 2266 2417 2314 ix,
2453 2263 2485 2303 a
2507 2246 2706 2303 Ruﬁno
2729 2245 2898 2310 versi,
2932 2259 3038 2299 una
3070 2259 3199 2297 cum
3229 2259 3268 2297 ιι
3306 2244 3460 2298 libris
3496 2256 3593 2313 per
3623 2256 3782 2295 eum-

2187 2342 2310 2397 dem
2346 2339 2567 2397 additis.
2591 2370 2661 2381 —-
2681 2341 2742 2396 In
2764 2339 2895 2394 bibl.
2925 2337 3124 2393 eccles.
3151 2336 3554 2391 Sarisburiens.
3587 2350 3644 2388 ιι.
3678 2331 3780 2399 Ml,

2192 2431 2265 2490 Η.
2301 2433 2367 2487 Ε.
2400 2433 2582 2488 versio
2612 2429 2819 2495 Ruﬁni,
2854 2428 3042 2484 eadem
3075 2428 3264 2483 forsan
3314 2444 3371 2482 ιι.
3469 2423 3686 2481 MXXII.
3707 2452 3783 2464 —

2186 2527 2247 2582 In
2276 2525 2410 2581 bibl.
2448 2523 2692 2580 Norfolk.
2724 2522 2790 2575 N.
2834 2519 3180 2576 MMMCDVL
3210 2561 3224 2582 ,
3261 2517 3335 2574 H.
3371 2516 3433 2573 Ε.
3469 2516 3674 2572 Graece.
3704 2545 3784 2558 ~—

2189 2615 2335 2672 lnter
2366 2617 2525 2672 codd.
2556 2615 2683 2671 Car.
2727 2613 2981 2686 Theyeri,
3013 2611 3079 2667 N.
3122 2609 3781 2678 MMMMSIMDLXXXIX,

2194 2709 2341 2765 Hist.
2378 2710 2475 2764 lib.
2507 2724 2586 2774 xl,
2617 2707 2737 2762 Lat.
2765 2739 2836 2748 —
2868 2706 2928 2761 In
2960 2707 3092 2760 bibl.
3113 2705 3385 2769 Jacobma,
3418 2721 3471 2758 n.
3512 2702 3781 2757 ΜΜΜΜΜ

2194 2800 2583 2857 MMDCDXVII
2618 2798 2739 2853 Lat.
2771 2829 2845 2840 —
2871 2799 2933 2853 In
2980 2796 3115 2851 bibl.
3169 2796 3318 2867 regia
3360 2794 3662 2850 Matritensi
3695 2802 3786 2850 est

2193 2894 2319 2951 cod.
2351 2910 2383 2948 a
2412 2891 2702 2948 Vincentio
2724 2890 2981 2944 Mariner.
3018 2886 3329 2952 Valentino,
3365 2902 3432 2941 ex
3460 2891 3582 2940 cod.
3607 2885 3783 2940 Esco-

2193 2988 2319 3043 rial.
2352 2986 2643 3057 antiquiss.
2673 2984 2766 3055 qui
2792 2981 3048 3037 incendio
3076 2979 3258 3035 forsan
3294 2979 3639 3049 absumptus,
3670 2994 3783 3034 non

2198 3074 2432 3145 amplius
2461 3082 2662 3139 exstat,
2719 3072 3052 3142 descriptus,
3079 3070 3136 3124 in
3182 3084 3293 3139 quo
3325 3076 3454 3123 sunt
3500 3069 3609 3124 duo
3645 3068 3787 3123 insi-

2198 3166 2322 3236 gnia
2353 3165 2655 3235 fragmenta
2702 3179 2770 3218 ex
2814 3161 3036 3218 Eusebii
3086 3161 3159 3216 Η.
3200 3160 3290 3227 Ε.,
3321 3161 3474 3231 prius
3506 3160 3641 3231 Περὶ
3674 3159 3788 3215 τῶν

2200 3256 2492 3329 μαρτύρων
2517 3256 2628 3311 τῶν
2659 3257 2717 3309 ὲν
2746 3255 3077 3327 Καισαρείᾳ,
3115 3254 3221 3307 ὑπὸ
3248 3253 3344 3307 τοῦ
3398 3251 3787 3324 Διοκλητιανοῦ
3878 3300 3883 3303 ν

2197 3353 2293 3405 καὶ
2336 3351 2644 3422 Μαξιμίνου
2697 3349 3182 3422 μαρτυρησάντων,
3208 3347 3351 3419 quod
3377 3346 3490 3417 jam
3512 3353 3597 3400 est
3620 3359 3789 3400 excu-

2199 3457 2321 3497 sum
2348 3442 2405 3496 in
2420 3441 2508 3497 ed.
2541 3441 2795 3507 Eusebii;
2827 3440 3099 3509 posterius
3130 3440 3267 3510 Περὶ
3290 3436 3400 3490 τῶν
3428 3434 3567 3490 κατὰ
3599 3435 3790 3505 διαφό-

2202 3552 2331 3607 ρους
2354 3535 2580 3606 καιροὺς
2602 3537 2661 3588 ὲν
2687 3533 2970 3603 διαφόροις
2995 3531 3180 3585 πόλεσι
3230 3530 3583 3603 ἁθλησὰντων
3618 3528 3793 3598 ἁγίων

2205 3627 2519 3699 μαρτύρων,
2553 3627 2721 3697 quod.
2756 3629 2884 3697 quia
2916 3626 3157 3681 nondum
3189 3624 3395 3679 editum
3441 3634 3547 3686 est,
3591 3622 3791 3675 Iriarte

2203 3722 2259 3774 in
2284 3720 2459 3775 Catal.
2517 3719 2670 3775 codd.
2709 3719 2805 3775 Gr.
2864 3718 3110 3782 Matrit.,
3166 3733 3220 3787 p.
3264 3715 3540 3779 548-552,
3577 3714 3791 3785 primus

2201 3813 2476 3882 evulgavit
2497 3811 2702 3867 Graece.
2723 3842 2792 3852 ——
2821 3811 2880 3865 In
2915 3812 3046 3866 bibl.
3074 3809 3330 3865 Leidensi
3364 3805 3438 3863 H.
3477 3806 3542 3860 Ε.
3595 3805 3791 3860 Latine

2206 3903 2272 3962 V.
2298 3904 2497 3966 Catal.,
2541 3921 2597 3976 p.
2647 3905 2773 3968 539,
2829 3921 2885 3959 ιι.
2919 3905 2970 3962 1.
3001 3934 3073 3944 -
3106 3902 3357 3965 Taurini,
3392 3901 3446 3955 in
3472 3900 3605 3955 bibl.
3638 3897 3790 3970 regia

2203 3999 2348 4052 inter
2381 3995 2540 4052 codd.
2578 3995 2693 4050 Lat.
2720 3995 2901 4051 Ruﬁni
2934 3995 3115 4050 versio
3149 3994 3204 4048 in
3232 3993 3394 4047 codd.
3428 3990 3609 4055 DLlX,
3647 3991 3785 4046 DLX

2204 4101 2260 4149 et
2300 4088 2558 4143 DLXXV.
2608 4120 2677 4129 —-
2722 4087 3015 4143 Florentiae
3057 4086 3112 4140 in
3163 4085 3296 4140 bibl.
3341 4083 3507 4138 Laur.
3550 4083 3793 4139 Medicca

2208 4183 2329 4238 cod.
2367 4172 2569 4237 vetust.
2603 4179 2717 4245 VII,
2750 4181 2892 4251 plut.
2929 4181 3015 4248 70,
3044 4180 3111 4233 de
3144 4193 3255 4248 quo
3289 4178 3530 4232 nondum
3556 4191 3795 4232 excusso

2210 4278 2418 4332 multus
2456 4282 2541 4330 est
2570 4273 2803 4328 Bandin.
2832 4274 2886 4328 in
2917 4273 3038 4328 Cat.
3071 4271 3231 4327 codd.
3269 4269 3363 4326 Gr.
3393 4269 3456 4335 Il,
3484 4286 3536 4342 p.
3570 4270 3674 4325 666
3703 4286 3792 4340 sq.

526 4403 684 4447 antea
712 4391 938 4447 fuerunt
986 4363 1259 4462 dispersa,
1303 4388 1543 4459 collegit,
1590 4386 1646 4440 in
1687 4383 2111 4452 subsidiumque
2211 4400 2282 4411 —-
2313 4366 2614 4462 Ιὶῄᾁίοοᾱἶ
2645 4364 2789 4431 XXI,
2819 4366 2964 4462 n.1,
2994 4366 3132 4462 plu}.
3170 4366 3258 4429 70,
3291 4365 3357 4420 de
3381 4380 3492 4462 quo
3526 4363 3656 4462 cod;
3678 4378 3798 4462 me-

530 4485 749 4539 vocavit
780 4483 1039 4539 Ruﬁnum
1077 4452 1151 4538 ac
1178 4452 1544 4551 Nicephorum
1577 4478 1844 4547 aliosque.
1877 4476 1995 4541 Qua
2023 4474 2107 4528 di-
2140 4471 2185 4526 Β
2215 4459 2489 4551 ωρΐδῢίηι
2518 4458 2860 4551 Ψξξᾼβπιθηι
2885 4454 3137 4551 “Prinne
3166 4455 3490 4526 ηιανιννὶιιιιε
3526 4452 3795 4551 infula?-

526 4576 747 4646 ligentia
769 4574 970 4641 ellecit,
1004 4583 1064 4629 ut
1106 4572 1388 4628 meliorem
1423 4576 1714 4625 contextus
1744 4564 1977 4620 formam
2022 4570 2107 4615 at-

526 4682 633 4735 que
675 4667 1122 4722 constitutionem
1173 4662 1469 4734 ellingeret.
1506 4659 1565 4715 In
1592 4660 1755 4730 longa
1789 4655 2109 4728 praefatione

528 4757 815 4812 historiam
842 4759 1090 4813 criticam
1128 4764 1237 4810 tam
1281 4754 1531 4811 codicum
1565 4761 1620 4806 et
1649 4749 1866 4806 Eusebii
1898 4756 1952 4804 et
1994 4747 2109 4801 Ru-

464 4876 472 4884 -
527 4848 620 4902 ﬁni
648 4849 1035 4919 plurimorum,
1069 4849 1410 4916 aliorumque
1468 4843 1840 4900 subsidiorum
1876 4838 2111 4910 scripto-

528 4958 672 5005 rum,
704 4956 866 5012 quam
922 4942 1227 4995 editionum
1288 4936 1544 4993 confecit.
1589 4934 1771 5001 Quare
1830 4933 1899 4988 de
1944 4929 2106 4986 codd.

529 5049 666 5088 mss.
703 5032 976 5102 praecipue
1004 5030 1184 5085 Ruﬁni
1215 5028 1449 5092 Latinis,
1482 5026 1666 5080 licebit
1699 5024 1858 5081 nobis
1886 5037 2009 5078 esse
2045 5036 2112 5076 eo

531 5125 898 5180 brevioribus.
948 5154 1020 5164 —
1050 5123 1110 5177 In
1146 5123 1275 5178 bibl.
1309 5121 1540 5192 publica‘
1556 5117 1733 5173 Paris.
1767 5127 1851 5171 est
1897 5116 1955 5168 in
1986 5114 2110 5168 cod.

531 5211 741 5267 CDXIV
812 5213 952 5267 liber
1011 5227 1065 5280 ις
1128 5241 1199 5251 -
1255 5212 1308 5265 in
1375 5218 1500 5265 octo
1557 5207 1717 5263 codd.
1788 5202 2115 5261 MCDXXX-

2209 4550 2351 4603 stiua
2382 4548 2555 4619 passis
2587 4548 2728 4602 libro
2756 4562 2855 4601 vui
2889 4545 2955 4601 E.
2995 4545 3093 4610 H.,
3119 4553 3324 4616 partem
3360 4554 3539 4600 autem
3589 4544 3730 4597 libro
3760 4559 3796 4596 x

2211 4642 2512 4712 subjectam
2543 4648 2597 4695 et
2625 4640 2730 4693 alia
2773 4639 2958 4703 habet,
2980 4654 3032 4693 ν.
3052 4638 3285 4693 Bandin.
3328 4638 3366 4693 1.
3401 4652 3478 4703 c.,
3506 4653 3559 4708 p.
3596 4637 3801 4691 681.—

2215 4735 2457 4791 Venetiis
2494 4734 2548 4787 in
2571 4733 2703 4788 bibl.
2732 4732 2797 4789 D.
2834 4732 3002 4787 Marci
3031 4731 3104 4787 H.
3138 4731 3204 4786 E.
3237 4732 3333 4788 lib.
3369 4746 3427 4797 x,
3458 4728 3578 4794 Gr.,
3609 4730 3663 4784 in
3692 4729 3798 4783 tri-

2211 4828 2317 4883 bus
2344 4825 2506 4881 codd.
2538 4824 3333 4889 CCCXXXVll-CCCXXXIX;
3369 4841 3424 4879 v.
3480 4822 3601 4880 Cat.
3636 4823 3796 4879 codd.

2214 4919 2334 4985 Gr.,
2364 4934 2417 4988 p.
2452 4917 2556 4972 156
2588 4932 2697 4987 sq.,
2731 4925 2786 4971 et
2827 4918 2882 4970 in
2923 4916 3098 4971 tribus
3140 4916 3302 4970 codd.
3348 4916 3447 4969 lat.
3489 4914 3800 4969 CCCXLV-

2214 5010 2541 5069 CCCXLVII
2589 5010 2663 5066 H.
2707 5010 2771 5066 E.
2811 5026 2840 5063 a
2883 5008 3081 5063 Ruﬁno
3124 5024 3314 5075 versa;
3362 5027 3413 5064 ν.
3464 5007 3588 5065 Cat.
3641 5008 3799 5063 codd.

2216 5105 2365 5171 Lat.,
2396 5121 2519 5177 pag.
2546 5104 2649 5158 146
2673 5119 2758 5174 sq.
2782 5133 2851 5142 —
2875 5102 3010 5157 Ibid.
3042 5103 3099 5157 in
3123 5103 3246 5156 cod.
3277 5100 3502 5157 Macarii
3538 5101 3798 5172 Ῥοδωνιᾷ.

2220 5209 2349 5257 sunt
2394 5206 2649 5269 excerpta
2702 5213 2766 5253 ex
2808 5196 3033 5251 Eusebii
3084 5195 3156 5251 Η,
3194 5195 3286 5261 Ε.,
3321 5203 3461 5251 teste
3506 5194 3798 5250 Villoison.

536 5304 925 5361 MCDXXXVII
959 5304 1146 5359 decem
1174 5304 1301 5358 libri
1340 5310 1508 5366 sunt,
1540 5299 1814 5355 interdum
1848 5298 1990 5353 haud
2033 5298 2118 5351 in-
2220 5294 2277 5348 in
2302 5292 2499 5347 Anecd.
2536 5289 2658 5354 Gr.,
2699 5299 2833 5344 tom.
2876 5288 2939 5354 11,
2982 5304 3107 5360 pag.
3135 5289 3223 5344 71.
3250 5320 3319 5329 —
3352 5287 3711 5351 Vindobonze,
3746 5288 3805 5340 in

536 5399 706 5468 tegri;
756 5397 1040 5453 confector
1083 5412 1212 5451 vero
1243 5394 1510 5459 Catalogi.
1565 5402 1696 5447 tom.
1723 5390 1785 5456 ll,
1823 5406 1947 5461 pag.
1989 5390 2115 5455 517,
2220 5385 2354 5441 bibl.
2387 5384 2619 5446 Caesam,
2654 5383 2779 5438 cod.
2807 5382 2944 5436 XLII
2977 5383 3034 5437 in
3067 5388 3259 5435 catena
3302 5381 3359 5434 in
3391 5379 3449 5434 S.
3482 5378 3687 5433 Lucam
3718 5387 3805 5431 est

537 5489 940 5553 animadvertit,
972 5490 1177 5545 codicis
1200 5480 1515 5544 MCDXXXI
1543 5501 1665 5557 ope,
1692 5501 1793 5540 nec
1826 5500 1855 5539 a
1879 5482 2118 5549 Valcsio,
2224 5481 2419 5551 longus
2449 5480 2602 5533 locus
2639 5476 2707 5533 de
2736 5477 3016 5530 nativitate
3056 5474 3259 5530 Christi
3293 5472 3604 5529 cx‘Eusebii
3633 5470 3703 5524 ll.
3732 5471 3800 5525 Ε.

540 5595 642 5635 nec
669 5595 699 5634 a
733 5580 945 5636 caeteris
995 5581 1119 5647 visi,
1176 5581 1360 5650 operis
1400 5580 1545 5633 illius
1603 5576 1896 5631 editionem
1959 5589 2122 5644 posse
2223 5571 2349 5625 libr.
2378 5587 2417 5638 ι,
2445 5586 2566 5640 cap.
2599 5568 2631 5623 6
2655 5576 2710 5624 et
2739 5569 2789 5633 7,
2815 5568 2975 5635 cujus
2999 5564 3503 5619 codicislectionem
3519 5562 3677 5617 valde
3705 5563 3805 5617 dif-

544 5673 718 5727 multo
749 5671 1180 5728 emendatiorem
1216 5671 1474 5742 prodire;
1508 5671 1631 5725 libri
1655 5678 1836 5724 autem
1901 5664 2119 5736 septimi
2227 5662 2371 5717 ferre
2396 5663 2465 5717 ab
2494 5661 2678 5725 editis,
2703 5658 3015 5715 observavit
3041 5655 3368 5711 Lambecius
3395 5654 3687 5709 Comment.
3716 5670 3801 5718 ui,

545 5775 704 5832 capp.
729 5761 795 5817 15
821 5769 877 5817 et
907 5762 971 5817 16
1000 5763 1319 5818 desiderari.
1349 5762 1501 5819 Adde
1518 5761 1817 5818 Montlauc.
1855 5759 2121 5828 Palazogr.
2228 5772 2285 5828 p.-
2322 5756 2423 5812 165
2459 5773 2574 5826 seq.
2605 5783 2676 5796 —
2707 5752 2973 5819 Excerpta
3005 5749 3257 5817 quaedam
3294 5765 3361 5806 ex
3390 5748 3457 5804 lt.
3494 5747 3559 5802 E.
3596 5747 3652 5802 in
3677 5749 3798 5804 corL
