4070 6392
294 403 353 460 53
1743 392 2049 450 NOTITIA.
3469 403 3536 459 si

292 514 612 580 CCCXXX“,
642 531 702 572 n.
750 516 838 584 12,
870 514 1126 570 Lambec.
1163 513 1233 579 V,
1264 530 1320 585 p.
1355 513 1460 569 6M
1492 526 1577 583 sq.
1601 542 1673 552 ~—-
1703 510 1852 569 Mos-
1882 519 1928 575 Α
1957 511 2340 583 Bruggemann
2390 511 2551 582 View,
2580 521 2714 580 etc.,
2762 531 2818 587 p.
2851 516 2958 574 595
2990 532 3113 591 sqq.
3146 549 3217 560 -—
3238 518 3536 594 Epistolam

289 626 391 681 qua!
417 616 538 665 sunt
568 607 609 660 ll
650 608 814 663 codd.
845 638 914 648 —
948 606 1326 662 Montl'aucon.
1375 607 1431 663 in
1467 606 1610 661 Bibl.
1654 604 1844 659 biblio-

291 701 467 755 thecar.
503 716 629 753 mss.
666 698 939 753 inﬁnitam
976 713 1116 768 pene
1160 698 1375 768 copiam
1410 713 1542 754 mss.
1587 711 1716 752 cum
1743 696 1842 754 Gr.

287 800 387 843 tum
428 790 660 844 maxime
707 788 1057 856 Latinorum,
1102 790 1156 844 in
1203 789 1336 844 bibl.
1391 787 1569 843 Vatic.
1612 789 1846 860 aliisque

288 887 565 952 obviorum,
607 885 898 955 producit;
946 883 1096 955 quod
1148 884 1370 954 quidem
1418 884 1728 949 indicasse,
1777 900 1846 941 ne

288 980 434 1034 nimis
464 978 730 1033 verbosus
764 976 915 1041 ﬁam,
952 976 1205 1033 sumt'iat.
1241 976 1414 1031 llsnn.

348 1070 679 1133 Germanice,
707 1069 931 1124 Eusebii
968 1077 1024 1124 et
1076 1067 1259 1124 Ruﬁni
1292 1078 1456 1138 atque
1492 1068 1845 1137 Tripartitam

290 1163 563 1219 Historiam
596 1178 729 1218 cum
767 1164 1182 1221 continuatione
1211 1179 1386 1232 usque
1413 1162 1481 1218 ad
1514 1163 1577 1217 A.
1608 1162 1671 1216 C.
1706 1163 1848 1218 1545

285 1256 436 1311 edidit
460 1254 517 1311 D.
549 1254 765 1325 Gaspar
790 1253 1415 1325 Hed‘ion.Argentorati,
1445 1255 1591 1325 apud
1623 1254 1672 1310 J.
1710 1255 1847 1311 Her-

284 1346 513 1416 wagium,
551 1344 712 1407 1545,
744 1343 841 1399 fol.
875 1343 1042 1398 Fusa.
1076 1374 1147 1384 —
1185 1342 1250 1399 lt.
1292 1342 1551 1400 Francof.
1590 1346 1658 1400 ad
1706 1344 1845 1400 Mte-

283 1455 414 1493 num.
442 1438 600 1493 1582.
630 1437 726 1492 fol.
758 1469 827 1478 --
855 1437 1087 1491 Auctior
1117 1454 1199 1507 pa:
1217 1445 1271 1490 te
1298 1452 1353 1491 Iv
1386 1453 1512 1491 cum
1549 1438 1847 1493 continua-

284 1535 412 1587 tione
439 1533 505 1586 ab
533 1548 585 1585 a.
632 1530 795 1586 1545.
825 1546 1002 1601 usque
1030 1531 1101 1584 ad
1124 1547 1173 1583 a.
1204 1531 1364 1592 1607,
1385 1530 1579 1598 Basil.,
1622 1547 1711 1602 ap.
1748 1530 1850 1594 Se,-

282 1625 404 1677 bast.
438 1621 659 1676 Henric.
690 1621 862 1686 Petri,
889 1621 1069 1677 fol.—
1090 1620 1315 1677 Eusebii
1345 1620 1846 1694 Kirchcngeschich-

283 1722 354 1775 te,
401 1728 494 1766 aus
532 1712 655 1766 dem
710 1712 920 1767 Griech.
973 1741 1048 1753 —-
1112 1711 1229 1766 Und
1288 1715 1382 1766 mit
1442 1714 1845 1787 Anmerkungen

283 1805 509 1859 erltiutert
537 1822 640 1859 oon
686 1803 842 1858 Frid.
878 1804 1048 1860 Andr.
1081 1804 1310 1868 Stroth.,
1348 1806 1642 1873 Quedlinb.
1681 1811 1843 1876 1777,

280 1895 329 1960 8,
359 1895 546 1952 Iltom.
588 1896 770 1951 Hann.
810 1896 1084 1968 Excerpta
1122 1898 1178 1952 in
1208 1896 1485 1955 Roessleri
1515 1900 1658 1956 Bibl.
1698 1901 1842 1971 PP.,
1878 1882 1919 1937 Β

280 1997 397 2045 tom.
429 1989 509 2055 IV,
548 2007 605 2061 p.
644 1993 669 2045 1
709 2008 831 2062 sqq.
1650 2026 1663 2040 ο

337 2081 532 2154 Belgica
572 2084 788 2154 prodiit
829 2082 1092 2139 Dordraci
1139 2084 1304 2148 1615,
1346 2084 1442 2140 fol.
1495 2085 1665 2142 ΕΑΒιι.
1700 2119 1773 2129 -
1800 2088 1847 2144 E

224 2190 229 2197 ο
278 2172 445 2229 Graeco
476 2192 735 2231 sermone
770 2176 827 2231 in
854 2175 1132 2247 Belgicam
1167 2179 1452 2234 transtulit
1485 2187 1540 2235 et
1570 2182 1842 2238 adnotatt.

279 2267 567 2324 illustravit.
623 2269 757 2322 Abr.
814 2270 987 2323 Arent
1046 2286 1148 2324 van
1188 2269 1256 2325 de
1296 2270 1569 2335 Meersch,
1608 2276 1841 2331 Amstel.

282 2357 420 2422 1719,
448 2359 500 2412 4.
541 2358 608 2415 γ.
651 2360 868 2415 Krohn.
901 2358 1080 2415 Catal.
1125 2359 1250 2415 bibl.
1284 2379 1417 2427 suco,
1454 2381 1505 2434 p.
1542 2365 1634 2420 90.
1664 2363 1841 2422 ΒΑΜ..

337 2452 570 2523 Anglice,
607 2469 711 2523 per
765 2452 1077 2508 Samuelem
1123 2452 1429 2511 Parkerum
1468 2473 1659 2513 versos
1689 2467 1744 2515 et
1787 2461 1846 2515 in

280 2546 529 2616 epitomeu
562 2548 825 2603 redactos
858 2546 1078 2602 Eusebii
1113 2548 1287 2604 libros
1321 2566 1353 2603 ι
1386 2534 1649 2608 Historia;
1680 2554 1846 2608 eccle-

281 2641 507 2703 siastica,
536 2640 711 2695 didici
737 2656 801 2695 ex
826 2638 1065 2694 Novellis
1100 2638 1246 2710 Reip.
1282 2642 1565 2699 litterariis
1590 2659 1643 2701 a.
1681 2645 1842 2713 1705,

282 2747 445 2788 mense
470 2735 746 2804 Augusto,
779 2748 901 2803 pag.
933 2732 1059 2787 229.
1087 2730 1257 2789 ΕἈωι.
1283 2767 1353 2775 -
1378 2735 1618 2800 Eusebii,
1654 2735 1848 2793 Socra-

284 2824 344 2878 tis
364 2832 413 2878 et
442 2824 659 2896 Evagrii
702 2824 774 2878 H.
806 2823 876 2880 E.
907 2839 1032 2879 cum
1060 2822 1333 2881 Dorotbeo
1364 2827 1452 2889 De,
1471 2829 1592 2883 vitis
1621 2829 1845 2898 prophe-

283 2922 457 2979 tarum,
508 2918 883 2987 apostolorum
925 2925 975 2970 et
1021 2914 1176 2970 LXX
1214 2918 1600 2989 discipulorum
1650 2923 1705 2976 in
1741 2923 1848 2978 lin-

282 3023 422 3078 guam
450 3011 738 3081 Anglicum
779 3012 1050 3067 convertit
1094 3012 1357 3068 Meredith
1392 3013 1671 3079 Hammer,
1704 3013 1848 3071 Lon-

284 3101 563 3169 dini1577,
598 3105 768 3171 1585,
802 3105 968 3171 1607,
1006 3106 1168 3171 1656,
1194 3115 1270 3170 et,
1305 3107 1490 3162 addita
1546 3106 1670 3162 Vita
1705 3106 1847 3162 Con-

283 3195 483 3248 stantini
519 3197 600 3252 ll.
641 3212 715 3253 ex
759 3196 950 3253 Graeco
987 3197 1206 3254 Eusebii
1253 3197 1484 3270 Anglice
1527 3215 1705 3262 versa,
1749 3216 1848 3271 per

284 3286 402 3358 Wye
426 3287 786 3354 Saltonftall.,
818 3290 994 3346 Lond.
1028 3292 1190 3355 1650,
1221 3290 1307 3355 F.,
1340 3307 1453 3347 rec.
1493 3307 1617 3347 cum
1644 3291 1848 3348 Valesii

281 3382 526 3439 adnotatt.
588 3385 861 3440 Cantabr.
917 3385 1079 3449 1685,
1132 3385 1290 3454 1692,
1334 3385 1496 3447 1696,
1546 3386 1708 3454 1709,
1752 3385 1847 3442 fol.

280 3474 569 3533 -—Euscbii
594 3477 671 3533 H.
707 3477 776 3531 E.
809 3478 983 3535 libros
1014 3495 1050 3533 x
1070 3478 1299 3549 Anglice
1329 3481 1493 3534 vertit
1516 3490 1571 3536 ct
1592 3494 1850 3548 compen—

279 3567 446 3625 dil‘ecit
474 3570 625 3626 Sam.
654 3569 882 3635 Pariter,
908 3571 1129 3642 praeﬁxa
1165 3572 1308 3628 diss.
1332 3570 1411 3626 De
1434 3588 1535 3626 usu
1558 3580 1717 3643 atque
1746 3589 1841 3625 au-

279 3663 500 3717 ctoritate
534 3663 610 3716 Η.
650 3662 721 3717 Ε.
751 3674 802 3717 et
835 3665 943 3718 vita
974 3662 1206 3727 Eusebii,
1241 3673 1348 3718 etc.
1390 3662 1648 3726 Londini,
1685 3663 1844 3726 1705,

279 3752 430 3818 8;et,
461 3755 652 3810 addito
692 3762 843 3810 tomo
869 3754 933 3820 ll,
981 3771 1030 3811 s.
1070 3756 1309 3825 epitome
1343 3753 1417 3809 H.
1467 3752 1533 3808 Ε.
1578 3751 1845 3817 Socratis,

282 3843 546 3902 Sozomeni
575 3859 631 3904 et
651 3846 997 3911 Theodoriti,
1020 3863 1118 3918 per
1142 3847 1395 3902 eumdem
1422 3845 1649 3902 Pariter.
1670 3845 1847 3901 Lond.

281 3937 422 4003 1729,
448 3940 502 3995 1.
528 3972 601 3981 —
624 3940 776 3995 Loca
799 3941 1048 4012 quaedam
1075 3940 1294 3996 Eusebii
1322 3950 1378 3996 et
1413 3938 1662 3996 Socratis
1688 3953 1849 3995 versa

281 4029 329 4083 in
353 4028 605 4088 Wbiston
644 4031 940 4088 Collection
982 4033 1044 4101 of
1065 4034 1272 4087 ancient
1321 4040 1675 4086 monuments.
1706 4029 1844 4085 rela-

280 4123 375 4192 (ing
419 4134 469 4180 to
508 4119 853 4195 theiTrinity
888 4127 996 4178 and
1042 4124 1414 4188 Incarnation,
1454 4130 1563 4179 etc.
1606 4122 1849 4178 Londin.

279 4213 418 4279 1715,
460 4216 514 4281 8,
557 4218 772 4288 passim
805 4247 879 4258 —
918 4217 1167 4288 Epitome
1203 4236 1216 4272 :
1262 4216 1361 4270 An.
1388 4214 1764 4287 Abridgement
1795 4214 1859 4285 of

283 4303 516 4364 Eusebius
560 4309 882 4379 Pamphilus
922 4307 1321 4364 Ecclesiastical
1351 4307 1607 4378 History,
1645 4309 1702 4363 in
1750 4316 1849 4361 two

282 4406 430 4459 parts.
462 4397 598 4455 Part
621 4416 666 4464 ι,
697 4399 736 4452 Α
774 4398 1144 4467 compendious
1178 4399 1649 4453 commemoration
1679 4397 1742 4466 of
1765 4398 1849 4452 the

284 4488 644 4544 remarkablest
687 4488 1065 4559 Chronologies
1112 4489 1281 4543 which
1322 4504 1415 4543 are
1465 4487 1744 4542 contained
1791 4488 1863 4557 in,

1947 602 2208 660 Ecclesia:
2234 604 2635 677 Smyrnaeensis
2665 607 2731 662 de
2761 611 3026 681 martyrio
3052 609 3339 684 Polycarpi
3358 613 3541 688 (cujus

1947 709 2143 765 magna
2167 710 2299 766 pars
2316 707 2401 753 est
2424 698 2481 752 in
2511 696 2735 754 Eusebii
2765 697 2840 752 Η.
2881 699 2944 755 E.
2975 717 3049 766 Iv,
3079 703 3168 767 15,
3190 712 3245 758 et
3271 705 3341 761 ab
3375 704 3540 764 Usse-

1948 784 2033 837 rio
2055 785 2354 855 separatim
2384 787 2555 855 edita)
2589 794 2753 858 atque
2780 790 3069 859 epistolam
3098 792 3537 853 Christianorum

1948 877 2404 949 Lugdunensium
2434 897 2498 937 ac
2524 880 2922 941 Viennensium
2951 887 3176 959 Anglice
3198 890 3359 945 vertit
3377 900 3541 963 atque

1947 972 2208 1042 explicuit
2248 971 2312 1027 D.
2367 972 2681 1047 Dalrymple
2723 978 2790 1033 de
2833 977 3017 1035 Hailes
3058 980 3115 1034 in
3152 1000 3166 1036 :
3205 980 3443 1037 Account
3484 983 3541 1053 of

1950 1064 2033 1121 the
2059 1078 2296 1139 martyrs
2324 1078 2382 1123 at
2411 1068 2643 1141 Smyrna
2664 1072 2770 1126 and
2797 1071 2947 1144 Lyon
2977 1074 3031 1128 in
3070 1075 3152 1129 the
3180 1076 3374 1131 second
3420 1094 3541 1134 cen-

1949 1167 2091 1229 tury,
2127 1159 2251 1214 with
2289 1160 2638 1232 explanatory
2677 1171 2844 1218 notes.
2891 1162 3235 1235 Edimburg.,
3283 1165 3441 1231 1776,
3483 1166 3538 1223 8.

1949 1248 2016 1304 ν.
2051 1268 2174 1322 qua:
2216 1255 2401 1308 notavi
2439 1254 2497 1309 in
2551 1252 2764 1310 Introd.
2810 1256 2865 1309 in
2920 1255 3046 1312 hist.
3092 1255 3158 1313 L.
3199 1257 3319 1327 Gn,
3346 1258 3441 1327 .ll,
3480 1260 3538 1327 2,

1947 1358 2003 1413 p.
2038 1344 2167 1401 222.

2020 1435 2079 1490 1η
2112 1419 2355 1509 linguam
2385 1436 2625 1493 Italicam
2669 1454 2737 1493 ex
2776 1436 2894 1493 Lat.
2932 1440 3186 1495 versione
3229 1449 3314 1497 est
3359 1450 3539 1497 trans-

1951 1530 2059 1585 lata
2092 1530 2165 1586 Η.
2217 1529 2282 1586 E.
2316 1529 2511 1588 Venet.
2562 1532 2803 1596 1547,23.
2841 1516 2905 1589 v.
2956 1533 3173 1589 Paitoni
3208 1534 3351 1589 Bibl.
3399 1536 3540 1608 degli

1949 1622 2532 1693 autori-volgarizzati,
2581 1632 2716 1677 tom.
2768 1622 2834 1688 ll,
2872 1640 2927 1695 p.
2972 1624 3156 1681 59.—
3202 1625 3279 1692 De
3323 1627 3541 1685 Canone

1948 1715 2214 1769 librorum
2245 1714 2309 1770 N.
2340 1713 2405 1769 T.
2439 1716 2740 1775 secundum
2783 1716 3078 1777 Eusebium
3110 1720 3233 1775 vide
3279 1736 3445 1792 supra
3481 1723 3540 1779 in

1949 1808 2057 1862 vol.
2096 1806 2185 1872 ιν,
2220 1824 2343 1879 pag.
2382 1808 2479 1864 851
2537 1824 2678 1879 seq.,
2708 1810 2909 1879 quibus
2932 1811 3101 1868 addes
3133 1813 3401 1870 vindicias
3426 1813 3539 1870 Eu-

1950 1900 2087 1956 sebii
2119 1916 2150 1954 a
2179 1899 2228 1955 J.
2267 1900 2399 1956 Ern.
2448 1900 2765 1957 Christiano
2808 1901 3056 1960 Schmidt
3098 1906 3359 1975 scriptas,
3403 1907 3533 1963 uber

1950 1994 2051 2048 den
2096 1992 2292 2049 Kanon
2323 1994 2413 2049 des
2461 1993 2722 2051 Eusebius
2769 1996 2826 2051 in
2862 1996 3090 2053 Henckii
3139 1997 3392 2071 Magazin
3445 2002 3535 2071 fair

1950 2083 2563 2155 Religionsphilosophie,
2586 2086 2816 2157 Exegese
2844 2087 2957 2144 und
2988 2086 3531 2161 Kirchengeschichte,

1952 2185 2084 2231 tom.
2113 2174 2179 2239 V,
2209 2186 2350 2245 pait.
2384 2191 2470 2240 III,
2503 2193 2559 2231 n.
2595 2178 2683 2243 16,
2728 2178 2885 2244 1796,
2917 2180 2971 2236 8.
3007 2180 3301 2237 Eusebium
3343 2183 3537 2242 defen-

1950 2268 2030 2323 dit
2069 2275 2263 2323 contra
2298 2267 2368 2322 Μ.
2404 2267 2607 2326 Weber
2656 2270 2712 2324 in
2777 2271 3070 2343 Beytragen
3099 2290 3199 2327 κρη-
3236 2274 3539 2333 Geschichte

1950 2359 2041 2413 des
2094 2361 2650 2417 neutestamentlichen
2705 2361 2951 2429 Kanons,
3010 2382 3061 2435 p.
3117 2366 3218 2422 142
3265 2384 3445 2440 seqq.,
3481 2377 3539 2427 et

1951 2452 2212 2522 ostendit,
2245 2452 2539 2511 Eusebium
2566 2456 2904 2528 distinguere
2936 2475 2987 2513 Iv
3008 2460 3216 2518 classes
3243 2439 3533 2521 librorum.

1951 2542 2124 2599 ΒΑΜ..

2022 2635 2251 2703 Gallice,
2301 2637 2532 2694 Claudio
2582 2638 2878 2711 Seysselio,
2928 2643 3348 2716 archiepiscopo
3387 2646 3535 2704 Tau-

1954 2727 2164 2781 rinensi
2192 2727 2511 2798 interprete,
2548 2744 2670 2799 quae
2698 2730 2883 2785 versio
2911 2730 3168 2787 laudatur
3211 2734 3266 2789 in
3299 2734 3537 2794 Morierii

1953 2816 2339 2888 Speciminibus
2363 2819 2639 2875 litterariis
2658 2822 2862 2889 (Essais
2879 2821 2946 2876 de
2969 2823 3291 2890 littérature,
3316 2835 3447 2882 tom.
3486 2829 3530 2894 l,

1951 2927 2075 2982 pag.
2117 2912 2207 2983 55)
2241 2931 2253 2967 :
2295 2928 2361 2967 ex
2406 2913 2856 2982 interpretatione
2890 2914 3025 2969 Lud.
3060 2915 3306 2974 Cousini.
3356 2917 3532 2973 Paris.

1954 3004 2094 3059 1675
2127 3020 2242 3075 seq.
2274 3005 2328 3061 4.
2358 2996 2427 3058 1V
2458 3014 2587 3060 tom.
2632 3004 2787 3081 Hunc
2841 3005 3085 3074 Eusebii,
3124 3007 3390 3074 Socratis,
3432 3009 3535 3066 So-

1954 3097 2166 3152 zomeni
2221 3112 2283 3152 ac
2320 3096 2647 3152 Theodoreti
2703 3098 2856 3154 locos
2901 3099 3109 3169 aliquot
3154 3100 3396 3156 sublesta
3428 3102 3533 3159 ﬁde

1952 3190 2203 3255 vertisse,
2247 3191 2428 3262 arguit
2475 3189 2679 3246 Paulus
2727 3189 3069 3248 Colomesius
3136 3193 3190 3249 in
3231 3191 3530 3253 Observau.

1951 3282 2141 3343 sacris,
2176 3295 2228 3350 p.
2270 3281 2360 3336 61.
3387 3344 3395 3352 ,

2023 3372 2243 3430 Eusebii
2270 3373 2567 3429 Historiam
2588 3375 2856 3447 integram
2882 3377 3274 3447 propemodum
3292 3379 3347 3435 in
3371 3396 3533 3437 suum

1949 3480 2090 3535 opus
2120 3468 2468 3538 transcripsit
2496 3468 2842 3540 Nicephorus
2869 3470 3164 3540 Callistus;
3192 3472 3335 3529 unde
3376 3471 3535 3530 Vale-
3638 3522 3665 3538 .

1949 3560 2067 3617 sius
2111 3559 2180 3616 ad
2212 3558 2433 3618 Eusebii
2465 3562 2644 3631 capita
2696 3577 2958 3618 numeros
3005 3561 3437 3632 Nicephorianos
3479 3566 3537 3623 in

1948 3651 2194 3721 margine
2222 3652 2521 3709 adnotavit.
2542 3652 2738 3708 Totum
2772 3669 3011 3725 quoque,
3046 3664 3107 3710 ut
3123 3655 3239 3726 jam
3264 3655 3401 3722 dixi,
3431 3657 3538 3714 Ca-

1950 3745 2192 3815 talogum
2222 3760 2383 3800 suum
2424 3746 2757 3816 scriptorum
2785 3747 3311 3815 ecclesiasticarum,
3341 3753 3536 3821 paucis

1949 3837 2211 3906 exceptis,
2257 3853 2325 3892 ex
2362 3836 2583 3894 Eusebii
2614 3838 2862 3893 Historia
2904 3838 3255 3896 concinnavit
3289 3850 3538 3898 transtu-

1948 3930 2119 4000 litque
2144 3929 2543 4004 Hieronymus;
2566 3948 2741 4003 neque
2774 3933 2919 3988 enim
2948 3933 3152 4003 alioqui
3180 3944 3313 4004 puto
3340 3935 3408 3990 ab
3439 3937 3536 3991 illo

1952 4022 2251 4077 Historiam
2290 4026 2468 4095 ipsam
2502 4023 2724 4080 Eusebii
2767 4025 3034 4095 integram
3076 4024 3268 4082 Latine
3295 4027 3535 4083 transla-

1950 4125 2085 4182 tam,
2131 4119 2258 4173 licet
2292 4117 2397 4173 hoc
2430 4117 2630 4188 aliquis
2677 4117 2945 4188 suspicari
2979 4119 3152 4187 possit
3189 4134 3256 4174 ex
3301 4117 3388 4174 bis
3414 4119 3535 4190 ejus

1949 4210 2134 4264 verbis
2163 4210 2261 4265 lib.
2295 4226 2312 4264 ι
2342 4212 2397 4264 in
2424 4209 2605 4280 Ruﬁn.
2633 4227 2651 4264 :
2680 4209 2920 4264 Laudavi
2948 4208 3237 4264 Eusebium
3268 4211 3322 4265 in
3357 4212 3536 4267 eccle-

1952 4301 2174 4356 siastica
2202 4301 2462 4370 Historia,
2493 4304 2548 4356 in
2592 4303 2881 4373 digestione
2913 4311 3225 4372 temporum,
3255 4305 3308 4357 in
3335 4304 3534 4359 descri-

1955 4404 2133 4467 ptione
2154 4405 2353 4450 sancta:
2376 4405 2549 4458 teme,
2572 4405 2621 4450 et
2654 4398 2764 4452 hac
2784 4398 2899 4467 ipsa
2924 4400 3179 4468 opuscula
3203 4401 3258 4454 in
3287 4400 3542 4457 Latinum

1956 4495 2154 4541 vertens
2177 4502 2304 4540 mea:
2323 4485 2518 4556 linguae
2535 4486 2831 4542 hominibus
2851 4488 2993 4542 dedi.
3015 4488 3187 4543 Etiam
3214 4488 3544 4561 Hieronymo

281 4577 379 4632 that
416 4580 628 4650 famous
669 4580 914 4652 History.
956 4580 1087 4636 Part
1120 4598 1182 4647 II,
1228 4581 1270 4634 A
1313 4597 1586 4651 summary
1624 4597 1685 4634 or
1717 4579 1856 4649 brief
1873 4593 1930 4657 ι)
1954 4577 2262 4632 versionem
2308 4576 2630 4632 Eusebianaa
2672 4575 2928 4633 Historia:
2972 4581 3162 4635 tribuit
3205 4579 3544 4637 Bridel‘erlus

281 4669 378 4725 Itin!
401 4673 459 4741 of
482 4674 568 4728 the
609 4674 805 4728 twelwe
842 4676 1197 4742 persecutions
1230 4670 1505 4728 sustained
1545 4672 1610 4743 by
1641 4671 1725 4725 the
1749 4688 1849 4726 an-

281 4764 398 4817 cient
439 4764 797 4821 Christmns..
865 4766 935 4836 by
980 4765 1229 4819 William
1263 4763 1458 4821 Caton.
1501 4792 1574 4804 -—
1612 4762 1849 4819 Londini

283 4857 421 4925 1756,
462 4861 516 4917 8.
556 4890 635 4902 -
670 4858 867 4915 Versio
906 4858 1044 4915 Dav.
1080 4858 1391 4930 Dalrymple
1416 4856 1484 4913 de
1522 4856 1708 4912 Hailes
1737 4854 1848 4910 An-

282 4953 405 5021 glica
435 4953 508 5012 H.
551 4954 622 5008 Ε.
649 4971 728 5016 vI,
758 4954 848 5017 41,
868 4954 1014 5009 etde
1036 4953 1269 5023 epistola
1300 4950 1569 5022 Dionysii,
1605 4947 1850 5020 episcopi

283 5045 645 5110 Alexandrini,
696 5046 766 5099 ad
834 5044 1084 5112 Fabium,
1135 5046 1315 5116 episc.
1368 5045 1735 5107 Antiochen.,
1781 5041 1851 5097 de

287 5141 650 5205 persecutione
701 5137 1136 5194 Christianorum
1175 5140 1231 5192 in
1268 5137 1503 5211 IEgypto
1549 5152 1641 5190 an.
1673 5135 1851 5207 primo

288 5228 416 5286 Decii
454 5233 750 5304 imper.,et
773 5231 1034 5301 explicat.
1057 5230 1304 5286 historiae
1336 5237 1638 5301 martyrum
1664 5228 1719 5281 iII
1744 5224 1852 5279 Pa—

288 5323 477 5380 uestina
513 5328 622 5381 sub
658 5325 886 5379 Dioclct.
937 5322 1005 5377 ad
1040 5339 1196 5386 LVIII,
1240 5324 1295 5377 in
1340 5322 1591 5377 Remains
1624 5320 1685 5387 of
1718 5318 1855 5373 chri-

288 5422 411 5473 stian
439 5421 740 5491 Antiquity,
776 5418 897 5472 with
923 5417 1274 5488 explanatory
1313 5427 1483 5471 notes.
1515 5414 1848 5484 Edinburg.,

291 5510 605 5576 1778-1780,
630 5513 687 5573 8.
714 5512 758 5566 ll
786 5522 916 5566 tom.
936 5541 1007 5551 —
1041 5510 1146 5564 The
1185 5510 1400 5579 History
1430 5508 1492 5578 of
1504 5511 1710 5563 ancient
1745 5506 1855 5560 Pa-

291 5607 499 5671 ganisrn,
531 5623 594 5659 as
630 5603 889 5658 delivered
918 5604 983 5673 by
1024 5602 1304 5668 Eusebius,
1330 5610 1462 5664 etc.,
1484 5600 1607 5655 with
1643 5598 1854 5653 critical

294 5698 384 5748 and
428 5697 705 5752 historical
750 5708 917 5751 notes.
972 5696 1090 5750 And
1126 5694 1407 5764 secondly,
1454 5711 1487 5748 a
1538 5693 1853 5747 Phaenician

294 5788 386 5838 and
420 5786 685 5858 Egyptian
713 5786 1067 5858 Chronology,
1102 5787 1241 5857 [rom
1263 5784 1346 5839 the
1364 5786 1485 5852 ﬁrst
1507 5782 1662 5848 Han,
1698 5781 1851 5836 down

300 5883 345 5929 to
384 5877 461 5932 tlte
507 5879 631 5949 first
680 5879 972 5949 olympiad,
1027 5886 1133 5937 etc.
1181 5876 1418 5933 Loudini
1469 5875 1627 5943 1645,
1681 5875 1737 5930 8.
1781 5873 1848 5930 γ.

1952 4671 2326 4728 Ramesiensis
2355 4671 2411 4727 in
2444 4671 2642 4742 glossis
2671 4670 2738 4724 ad
2782 4669 2981 4725 Bcdam
3014 4668 3091 4724 De
3122 4681 3408 4737 temporum
3442 4687 3533 4723 ra-

1953 4768 2111 4829 tione,
2144 4779 2264 4833 cap.
2295 4761 2385 4817 28.
2430 4761 2536 4816 Sed
2581 4761 2728 4815 illam
2763 4759 2947 4815 Ruﬁni
2975 4775 3098 4816 esse
3133 4767 3373 4815 constat.
3412 4756 3533 4825 Quo

1952 4872 2115 4912 sensu
2147 4863 2328 4910 autem
2363 4852 2692 4926 apocryphis
2741 4860 3101 4908 accenseatur
3147 4850 3391 4904 Historia
3425 4848 3533 4901 Eu-

1952 4949 2087 5005 sebii
2114 4949 2168 5002 in
2193 4947 2483 5003 Gelasiano
2511 4947 2752 5009 decreto,
2776 4946 3057 5015 disputant
3084 4942 3131 4998 J.
3159 4941 3530 4998 PoarsouiuSI

1963 5040 2170 5095 Vindic.
2206 5037 2427 5109 Ignatii,
2459 5054 2510 5106 p.
2538 5037 2630 5101 48,
2662 5044 2716 5091 et
2740 5035 3027 5092 Matthqu
3051 5033 3444 5103 Larroquanus
3476 5034 3530 5088 in

1952 5129 2440 5186 Observationibus
2489 5127 2555 5181 ad
2597 5125 2999 5181 Pearsonianas
3062 5122 3350 5186 Vindicius,
3402 5139 3525 5194 pag.

1954 5225 2025 5280 '55
2053 5240 2169 5295 seq.
2198 5222 2332 5277 Vide
2352 5232 2404 5276 et
2433 5202 2714 5273 Baluziuin
2754 5219 2819 5273 ad
2843 5218 3138 5272 Antonium
3168 5216 3535 5287 Augustinum

1958 5318 2032 5371 De
2069 5316 2432 5372 emendatione
2469 5310 2736 5373 Gratiani,
2781 5326 2904 5379 pag.
2933 5308 3039 5363 446
3069 5308 3218 5379 (717.
3255 5324 3371 5377 seq.
3400 5307 3533 5362 odit.

1957 5409 2419 5476 Mastrichtiaute),
2464 5407 2554 5460 ubi
2596 5404 2841 5458 conlutat
2896 5402 3163 5456 Carolum.
3203 5399 3533 5463 Molinaaum,

1954 5503 2049 5574 qui
2083 5502 2150 5557 de
2178 5502 2350 5555 altero
2391 5498 2627 5553 Eusebio
2660 5494 2927 5564 Pamphili
2976 5500 3030 5548 et
3079 5493 3247 5547 altera
3305 5489 3536 5545 historia

1953 5595 2151 5651 eccles.
2186 5591 2464 5664 cogitavit.
2517 5586 2661 5642 Sane
2708 5603 2775 5643 ex
2809 5586 2998 5641 multis
3044 5584 3313 5656 exemplis
3365 5591 3532 5653 patet,

1955 5690 2011 5744 in
2037 5687 2131 5740 illo
2162 5684 2383 5739 decreto
2413 5680 2721 5751 apocrypha
2770 5678 2955 5732 vocari
2997 5691 3108 5732 non
3140 5676 3301 5732 moi-lo
3328 5677 3535 5743 scripta

1956 5778 2236 5851 supposita
2284 5774 2601 5832 auctoribus
2652 5788 2749 5842 per
2795 5770 3081 5826 luereticos
3121 5778 3176 5825 et
3222 5768 3381 5830 falsa,
3437 5765 3535 5821 sed

1954 5874 2119 5929 etiam
2165 5886 2295 5928 vera
2337 5876 2393 5925 et
2427 5867 2736 5924 certissima
2780 5879 2890 5919 non
2945 5862 3323 5917 haereticorum
3370 5855 3533 5911 modo
