4070 6392
268 389 328 448 ετ
1592 346 1621 369 '
1724 372 2030 431 ΝοτιτιΑ.
3445 375 3517 432 δε

268 509 582 573 Narcissum,
634 508 965 565 Neroniadis
1003 506 1324 578 episcopum
1353 512 1410 560 et
1445 504 1679 567 alterum
1717 497 1829 553 Eu-
1857 502 1907 558 Α
1934 494 2094 561 caeni,
2131 510 2193 560 ιι,
2235 493 2305 549 35
2354 508 2465 563 sq.,
2509 507 2565 563 p.
2605 490 2677 548 50
2713 489 2814 564 (b),
2847 470 3139 562 epistolam
3182 490 3519 562 encyclieam

267 602 477 665 sebium,
526 600 793 655 Casarea
826 598 1146 655 Palaestina.
1194 597 1479 653 Damnavit
1507 594 1824 650 Marcellum

266 697 483 769 synodus
510 711 578 751 ex
620 696 815 759 Ponto,
852 694 1225 765 Cappadocia,
1257 690 1411 757 Asia,
1444 689 1703 762 Phrygia,
1735 687 1826 743 Bi-

264 789 451 860 thynia,
483 788 718 842 Thracia
751 795 806 842 et
846 785 1201 841 ulterioribus
1245 783 1566 855 regionibus
1592 795 1826 851 congre-

264 888 373 952 gata
401 879 560 935 CPoli
586 880 651 935 A.
683 880 747 934 C.
772 878 900 943 556,
941 887 997 933 et
1027 876 1287 941 Eusebio,
1326 883 1388 929 ut
1430 875 1584 929 illum
1628 873 1841 947 confu—y

263 964 404 1036 taret,
433 974 489 1027 in
532 972 810 1026 mandatis
849 970 1021 1034 dedit,
1069 981 1128 1024 ut
1178 971 1296 1040 ipse
1344 975 1535 1023 narrat
1577 973 1825 1022 extremo

260 1067 372 1123 libri
407 1065 745 1137 posterioris.
783 1063 898 1120 Hos
932 1062 1128 1127 libros,
1168 1070 1468 1131 antequam
1504 1060 1820 1123 ederentur,

260 1158 418 1213 lectos
451 1156 744 1219 'l'urriano,
798 1156 1012 1225 primus
1042 1169 1073 1209 e
1099 1169 1206 1209 ms.
1240 1153 1432 1208 codice
1461 1151 1741 1206 recensuit
1769 1156 1824 1206 et

260 1249 430 1305 Latina
461 1249 715 1305 versione
770 1262 835 1303 ac
885 1248 1034 1303 notis
1067 1245 1368 1302 illustravit
1416 1243 1574 1298 Rich.
1611 1242 1824 1299 Monta-

261 1344 439 1406 cutius,
469 1344 649 1399 editos
695 1343 763 1398 ad
810 1344 1016 1399 calcem
1073 1343 1339 1397 librorum
1374 1340 1452 1395 De
1483 1339 1821 1393 demonstra-

263 1437 380 1490 tione
418 1436 675 1506 evangel.,
727 1435 907 1492 Paris.
958 1435 1121 1500 1628,
1173 1434 1292 1499 fol.,
1337 1433 1486 1503 Lips.
1530 1432 1693 1497 1688,
1723 1431 1819 1486 fol.

261 1526 344 1583 Ms.
394 1529 639 1583 codicem
682 1528 875 1583 habuit
933 1527 1172 1584 Thomas
1238 1526 1459 1583 Galens.
1526 1525 1695 1583 FABB.
1752 1556 1824 1566 -

262 1610 505 1670 V.Catal.
561 1616 727 1671 codd.
784 1617 949 1688 Angl.
1001 1626 1055 1674 et
1110 1619 1338 1674 llibern.
1389 1617 1476 1684 ll,
1522 1634 1647 1689 pag.
1695 1617 1819 1683 186,

257 1723 306 1762 ιι.
352 1706 1086 1773 MMMMMCCCLXXXVIII,
1151 1719 1208 1765 et
1260 1711 1317 1764 in
1379 1708 1543 1765 codd.
1610 1706 1819 1763 Bodlei.

257 1799 434 1853 MMXL
480 1801 566 1855 bis
600 1809 661 1856 et
695 1800 1131 1856 MMCCLXXVI.
1159 1833 1232 1843 —-
1262 1801 1322 1856 In
1357 1802 1481 1857 cod.
1511 1800 1725 1856 Veneto
1757 1799 1818 1856 D.

1932 587 2234 658 appellans,
2268 593 2323 640 et
2369 583 2627 640 Socrates
2674 584 2770 640 lib.
2805 600 2846 651 ι,
2877 599 2996 654 cap.
3030 584 3085 648 8,
3118 598 3242 655 pag.
3274 582 3346 638 25
3379 599 3520 655 seq.,

1933 685 2100 748 atque
2133 676 2503 731 Theodoritus
2533 675 2628 730 lib.
2661 692 2679 730 ι
2713 674 2886 739 Hist.,
2915 690 3038 746 cap.
3072 676 3163 737 12.
3192 676 3339 732 unde
3364 692 3524 747 repe-

1933 779 2057 825 tunt
2091 769 2389 839 Tripartita
2420 769 2518 824 lib.
2555 783 2619 833 ιι,
2649 782 2769 839 cap.
2808 767 2898 831 11,
2940 775 2994 823 et
3026 767 3371 839 Nicephorus
3398 786 3521 835 vni,

1930 861 2022 917 22.
2057 860 2172 916 Hoc
2202 869 2285 916 est
2316 860 2738 931 ἀπολογητικόν,
2783 860 2961 915 eidem
2995 859 3215 918 Gelasio
3245 878 3522 918 memora-

1930 962 2049 1008 tum
2091 954 2184 1009 lib.
2230 968 2294 1019 ιι,
2343 969 2465 1024 cap.
2501 955 2554 1018 1,
2593 953 2740 1024 quod
2785 952 2854 1006 ad
2897 952 3283 1024 episcoporum
3329 954 3522 1010 ortho—

1930 1046 2199 1103 doxorum
2247 1045 2427 1100 κοινόν
2455 1045 2689 1102 missum
2717 1044 2971 1103 allirmat.
3023 1044 3099 1100 Ex
3161 1047 3265 1103 bac
3290 1048 3523 1118 epistola

1930 1140 2182 1195 nonnihil
2211 1138 2465 1210 producit
2494 1136 2552 1192 S.
2585 1137 2920 1193 Athanasius
2949 1138 3110 1208 epist.
3138 1139 3206 1194 ad
3226 1139 3520 1199 Africanos

1936 1232 2231 1303 episcopos
2269 1237 2403 1285 tom.
2441 1227 2484 1294 l,
2528 1245 2585 1301 p.
2625 1229 2766 1297 9'57;
2801 1237 2855 1284 et
2889 1230 2956 1285 ad
3008 1231 3214 1287 calcem
3256 1233 3415 1303 epist.
3452 1234 3523 1291 de

1931 1322 2130 1396 synodi
2182 1322 2418 1378 Nicanae
2469 1321 2730 1379 decretis.
2793 1322 2895 1379 Ms.
2929 1339 3223 1382 occurrere
3277 1328 3333 1383 in
3384 1330 3517 1385 bibl.

1934 1414 2371 1481 Vindobonensi,
2403 1422 2560 1470 notat
2598 1414 2925 1472 Lambecius
2946 1415 3037 1482 ΙΙΙ,
3066 1434 3121 1489 p.
3153 1419 3222 1474 86
3251 1419 3346 1493 (ε).
3381 1420 3520 1478 ver.

1930 1509 2001 1564 ba
2039 1523 2163 1579 qua
2208 1506 2597 1572 Theodoritus,
2647 1523 2772 1578 pag.
2811 1506 2903 1574 40,
2943 1509 3145 1580 aliique
3183 1510 3407 1575 habent,
3463 1504 3520 1568 et

1933 1600 2214 1666 Socrates,
2265 1615 2323 1672 p.
2366 1600 2460 1658 27.
2488 1607 2654 1671 atque
2683 1599 2975 1669 Tripartita
3015 1603 3242 1670 omittit,
3286 1605 3381 1660 illa
3412 1605 3534 1662 Ca»

1929 1708 2065 1749 veus
2117 1692 2174 1747 in
2222 1692 2483 1764 Apologia
2533 1692 2784 1747 adversus
2831 1692 2889 1748 J.
2936 1692 3222 1760 Clericum,
3271 1712 3402 1768 pag.
3422 1696 3516 1764 89,

1930 1785 2237 1853 contendit,
2285 1799 2411 1840 cum
2463 1782 2685 1839 Eusebii
2731 1784 2983 1840 doctrina
3029 1786 3099 1842 de
3144 1795 3348 1843 aeterna
3391 1788 3520 1846 Filii

258 1892 431 1961 Marci;
456 1891 829 1955 CCCCXCVI,
855 1891 1441 1964 uterquelibercontra
1456 1891 1819 1970 Marcellum;
1855 1871 1897 1927 Β
1927 1881 2212 1954 hypostasi
2245 1896 2275 1936 e
2318 1881 2589 1935 diametro
2632 1893 2907 1970 pugnare,
2948 1878 3197 1949 adeoque
3240 1895 3350 1934 non
3392 1895 3520 1937 esse

257 2012 318 2022 —
346 1986 398 2038 in
431 1986 549 2041 cod.
606 1983 903 2052 CMXLIX,
947 2002 1004 2041 ιι.
1044 1985 1071 2039 1
1106 1985 1239 2041 bibl.
1274 1985 1426 2056 publ.
1457 1983 1664 2048 Paris.,
1712 1983 1823 2039 duo

258 2076 385 2131 libri.
412 2108 474 2117 —
494 2075 578 2134 Cl.
609 2076 900 2150 Rettberg,
936 2084 1118 2132 rector
1148 2077 1352 2133 schola
1369 2076 1678 2133 Clausthal.
1707 2076 1824 2132 edi-

254 2168 323 2222 dit
354 2171 439 2223 :in
467 2169 697 2226 Eusebii
729 2180 917 2224 contra
950 2167 1268 2223 Marcellum
1298 2169 1469 2223 libros
1497 2168 1717 2223 observ.
1742 2182 1824 2222 se-

256 2262 422 2328 lectas,
470 2265 528 2319 in
577 2264 784 2317 Annal.
824 2264 988 2317 liuor.
1023 2261 1283 2329 Helmst.,
1314 2276 1390 2316 ιιι.
1428 2261 1572 2316 Maio
1601 2268 1657 2315 et
1690 2258 1819 2314 Jun.

256 2353 393 2420 1787,
422 2362 475 2410 et
497 2358 801 2427 separatim
847 2356 1002 2424 Lips.
1047 2355 1209 2422 1787,
1242 2355 1308 2421 8;
1337 2383 1407 2395 —-
1437 2362 1552 2408 tum
1591 2352 1824 2407 Marcel-

255 2450 401 2505 liano.
434 2450 667 2506 Accedit
717 2449 976 2505 Eunomii
1025 2449 1241 2513 ἔκθεσις
1286 2448 1524 2511 πίστεως
1564 2445 1825 2502 emenda-

253 2541 362 2596 tior.
384 2542 563 2597 Edidit
581 2553 645 2598 et
666 2543 1034 2598 animadvers.
1058 2541 1321 2596 instruxit
1344 2539 1623 2596 Christian
1651 2538 1819 2594 Henr.

253 2633 425 2706 Georg.
460 2634 752 2705 Reltberg.
785 2632 1057 2706 Gottingae
1090 2632 1250 2699 1794,
1283 2632 1361 2699 8;
1393 2631 1633 2687 Marcelli
1692 2645 1824 2685 vero

252 2726 425 2800 fragm.
451 2729 596 2800 apud
633 2727 930 2783 Eusebium
966 2724 1198 2781 confuse
1224 2725 1425 2797 posita,
1458 2739 1560 2779 nec
1588 2723 1826 2795 diligen-

251 2830 321 2877 ter
362 2829 710 2887 conservata,
761 2820 1004 2892 collegit,
1052 2818 1350 2879 ordinavit,
1402 2818 1719 2875 emendavit
1767 2826 1823 2874 et

252 2915 509 2986 explicuit,
560 2915 900 2985 laudemque
942 2913 1242 2984 diligentia
1293 2911 1419 2969 tulit
1454 2910 1509 2964 in
1540 2908 1822 2979 Ephemer.

252 3006 452 3061 (iuerat.
486 3006 760 3077 Gotting.,
794 3004 953 3068 1794,
987 3020 1042 3058 ιι.
1075 2996 1203 3057 205.
1235 2999 1408 3055 Hann.

308 3097 411 3155 VII.
441 3102 578 3174 Περὶ
598 3100 711 3171 τῆς
734 3096 1197 3169 ἐκκλησιαστικῆς
1229 3093 1527 3163 θεολογίας,
1550 3091 1658 3145 τῶν
1686 3091 1824 3164 πρὸς

248 3192 539 3263 Μάρκελλον
582 3191 832 3263 ἐλέγχων
876 3188 1056 3260 βιϐλία
1079 3195 1149 3257 γ’.
1180 3188 1256 3242 De
1283 3185 1645 3242 ecclesiastica
1676 3183 1821 3239 theo-

249 3285 371 3355 logia
409 3287 669 3340 adversus
729 3281 971 3337 eumdem
1024 3279 1342 3334 Marcellum
1392 3276 1819 3344 confutationum

248 3377 355 3432 libri
383 3394 464 3445 ιιι,
490 3378 751 3447 inscripti
794 3373 1076 3437 Flaccillo,
1101 3367 1406 3427 Antiochia
1437 3367 1505 3424 ad
1555 3368 1817 3439 Daphnen

246 3471 504 3541 episcopo,
542 3480 603 3525 et
653 3468 730 3523 ab
759 3467 953 3522 eodem
993 3463 1331 3521 Montacutio
1359 3476 1485 3516 cum
1519 3460 1819 3530 superiori-

244 3561 337 3618 bus
362 3562 575 3618 duobus
608 3560 773 3616 libris
792 3557 994 3613 Latina
1020 3542 1277 3612 versione
1304 3568 1369 3608 ac
1396 3552 1546 3607 notis
1572 3551 1818 3605 illustra-

244 3655 300 3716 ti,
323 3666 370 3710 el
401 3656 467 3710 ad
489 3656 705 3710 calcem
740 3648 1218 3706 Demonstrationis
1244 3645 1397 3702 editi.
1431 3643 1543 3700 Hos
1573 3645 1817 3714 quinque

244 3745 396 3802 libros
425 3747 687 3801 adversus
727 3743 1047 3798 Marcellum
1081 3739 1332 3795 Labbeus
1370 3744 1524 3808 putat
1558 3736 1711 3790 innui
1747 3735 1817 3789 ab

243 3837 555 3912 Hieronymo
596 3841 657 3893 in
702 3837 982 3907 Catalogo,
1008 3849 1131 3905 cap.
1167 3833 1258 3896 81,
1293 3838 1348 3886 et
1377 3829 1567 3895 Suida,
1596 3829 1818 3900 quando

242 3932 370 3988 inter
401 3932 629 3988 Eusebii
662 3930 869 3999 scripta
896 3937 1159 3983 memorat
1200 3924 1372 3978 libros
1400 3922 1643 3993 quinque
1673 3920 1818 3989 Περὶ

243 4027 589 4096 Caesoni-stac
613 4023 718 4096 (a).
767 4021 997 4077 Videtur
1041 4020 1187 4075 enim
1242 4018 1349 4072 hoc
1400 4015 1546 4070 idem
1581 4014 1659 4068 illi
1693 4028 1818 4070 esse

246 4122 367 4190 mod
396 4120 751 4189 Θεολοτίας.
785 4115 891 4172 Sed
923 4115 974 4169 id
1001 4121 1263 4184 tanquam
1295 4110 1564 4166 incertum
1597 4107 1812 4173 omitto,

248 4227 348 4268 :um
373 4213 563 4270 Hebed
585 4212 728 4268 Jesu
754 4223 974 4281 quoque
997 4209 1052 4261 in
1073 4205 1334 4275 Catalogo
1364 4203 1632 4257 librorum
1659 4200 1818 4255 Chal-

240 4307 502 4364 daicorum
546 4312 829 4363 memoret
866 4300 1088 4358 Eusebii
1118 4298 1326 4353 librum
1358 4296 1431 4350 De
1462 4303 1582 4348 ortu
1612 4293 1811 4347 divino.

241 4398 415 4455 Libros
470 4406 593 4454 tres
657 4393 1054 4452 ecclesiastica
1100 4388 1386 4459 theologia
1439 4401 1574 4441 mss.
1619 4382 1816 4437 habuit

238 4489 440 4555 Caicus,
468 4489 744 4560 ascriptis
774 4487 937 4542 etiam
957 4501 1025 4540 ex
1057 4483 1166 4538 alio
1191 4480 1383 4536 codice
1408 4475 1812 4532 emendationi-

236 4582 343 4638 bus.
376 4581 689 4656 [Excerpta
738 4595 804 4634 ex
850 4578 919 4633 iis
967 4576 1021 4630 in
1048 4572 1325 4631 Roessleri
1351 4570 1488 4625 Bibl.
1527 4569 1574 4624 P

239 4692 343 4747 pag.
372 4678 479 4733 282
515 4675 636 4748 sq.]

294 4769 420 4825 VIII.
439 4767 700 4841 Epistula
716 4764 780 4819 de
791 4763 896 4834 [ide
913 4760 1137 4816 Nicwna
1159 4759 1229 4813 ad
1247 4756 1629 4839 Cwsareenses,
1647 4768 1813 4826 quam

237 4872 507 4917 servarunt
541 4858 807 4916 Gelasius
847 4855 1152 4927 Cyzicenus
1184 4854 1240 4908 in
1274 4852 1428 4908 Actis
1464 4850 1686 4906 concilii
1714 4848 1811 4903 Ni—

294 5020 363 5091 (a)
390 5019 553 5075 Conf.
584 5013 845 5091 infra_ad
876 5010 1140 5091 nnm.g_26_,
1172 5009 1295 5091 init.
1335 5007 1511 5091 IIARL.

295 5077 363 5163 ib’)
391 5091 500 5147 Seu
538 5085 838 5163 pag._i7a,
886 5083 1071 5155 prouti
1112 5080 1374 5136 Lambec.
1422 5077 1638 5142 citavit,
1686 5077 1811 5132 loco

237 5156 763 5215 mox'memo'raiido.
800 5156 876 5211 In.
1648 5205 1655 5210 .

295 5234 355 5303 (θ)
382 5231 506 5287 Sive
531 5246 665 5303 pag.
683 5226 793 5303 232
821 5220 1363 5303 sec._edit._l(_ollarii._
1381 5218 1571 5303 Exstat
1591 5231 1812 5303 quoque

237 5293 314 5356 illa
339 5293 572 5370 epistola
603 5293 665 5354 in
689 5297 807 5353 cod.
828 5294 1245 5370 ﬁLV_Coisli_n_._
1270 5293 1372 5370 qui
1397 5293 1641 5370 continet
1674 5304 1808 5370 ope-

238 5386 287 5424 ra
313 5358 622 5429 Athanasii.
663 5376 804 5423 teste
828 5366 1123 5422 Montfauc.
1158 5358 1307 5417 Bibl:
1331 5361 1496 5415 Coisl.
1524 5358 1804 5429 pagtllﬁ,

239 5445 346 5497 etin
367 5445 488 5499 cod.
517 5436 859 5498 CDLXXIV,
890 5454 944 5491 ιι.
977 5437 1064 5493 10.
1090 5435 1225 5489 bibl.

296 5514 364 5639 (Ὠ
416 5514 483 5567 Ν.
527 5500 1336 5594 MMMMMDCCCLXXXVIII,
1388 5502 1497 5557 vol.
1557 5500 1597 5587 l‘l
1684 5500 1802 5555 Cat.

296 5585 323 5638 ά
364 5584 633 5639 .Διιε1ιω.
668 5597 724 5639 ι).
749 5578 1054 5635 186.—Est
1079 5589 1297 5639 quoque
1321 5590 1375 5628 in
1400 5572 1521 5628 cod.
1548 5567 1802 5629 LDLXIV

240 5567 377 5656 codd.
394 5584 633 5656 Anglia.
668 5597 724 5656 p.
749 5578 1054 5656 18_6.—Est
1079 5589 1297 5656 qjioque
1321 5567 1375 5656 in
1400 5572 1535 5656 cod;
1548 5567 1807 5656 θμιμν

240 5650 354 5709 bibl.
380 5640 531 5722 publ.
557 5640 770 5713 Par-is,
798 5651 864 5705 de
885 5665 996 5719 quo
1022 5665 1074 5702 v.
1098 5640 1369 5700 'Vallarsii
1396 5641 1549 5714 praf.
1576 5640 1808 5722 Bonfre-

240 5723 337 5781 rius
376 5721 631 5781 Graecum
679 5728 882 5776 textum
924 5732 1050 5774 cum
1096 5731 1236 5771 nova
1274 5721 1526 5770 versione
1566 5721 1804 5781 primum

242 5796 443 5857 pmﬁxit
496 5790 922 5850 commentariis
973 5789 1091 5845 suis
1125 5790 1179 5841 in
1210 5782 1720 5857 Josuamjtludjces
1747 5788 1804 5857 _et

242 5851 580 5923 'Rsth’aris.
617 5862 753 5919 163i
787 5860 954 5933 (apud
977 5859 1357 5930 llambcrgcr.,
1387 5852 1568 5926 1659),
1602 5852 1719 5916 fol.,
1747 5851 1801 5905 in

1255 5433 1405 5502 publ.
1427 5428 1805 5502 ΡθιίίβέΗιιιιι..

1925 1974 2173 2039 Eusebii,
2205 1972 2302 2030 sed
2341 1971 2530 2027 Ariani
2560 1971 2848 2042 cujusdam
2886 1969 3081 2026 fraude
3110 1971 3339 2034 inserta,
3369 1973 3518 2043 quod

1924 2069 2090 2122 etiam
2139 2066 2505 2123 afﬁrmaverat
2549 2066 2609 2120 in
2660 2064 2802 2120 Diss.
2858 2080 2954 2134 pro
3003 2062 3234 2120 Eusebio
3282 2082 3406 2139 pag.
3447 2068 3517 2124 47

1925 2159 2060 2215 edit.
2096 2159 2301 2215 Genev.

1995 2250 2089 2308 IX.
2123 2253 2259 2324 Περὶ
2282 2251 2394 2305 τῶν
2417 2250 2657 2305 τοπικῶν
2675 2251 2956 2322 ὀνομάτων
2983 2252 3041 2305 ὲν
3060 2253 3127 2324 τῇ
3154 2251 3277 2324 θείᾳ
3298 2253 3516 2326 Γραφῇ,

1924 2343 2002 2399 De
2038 2344 2169 2398 locis
2208 2343 2509 2399 Hebraicis.
2542 2341 2706 2398 Liber
2726 2343 2818 2398 ille
2846 2349 2932 2398 est
2964 2344 3260 2412 explicatio
3289 2360 3518 2417 geogra—

1924 2438 2085 2508 phica
2119 2437 2364 2492 omnium
2407 2435 2719 2505 regionum,
2765 2435 2985 2490 urbium
3016 2442 3072 2491 et
3101 2436 3349 2491 locorum
3378 2453 3518 2507 quo-

1924 2544 2047 2583 rum
2088 2528 2296 2582 mentio
2332 2527 2564 2582 habetur
2608 2527 2663 2581 in
2705 2526 2864 2583 libris
2903 2525 3117 2583 Veteris
3153 2525 3514 2593 Testamenti,

1924 2621 1999 2674 ita
2030 2628 2088 2673 ιιι
2121 2622 2347 2676 nomina
2386 2620 2632 2674 locorum
2665 2634 2788 2690 qua
2821 2618 3092 2675 Hebraica
3132 2620 3187 2674 in
3221 2620 3397 2675 sacris
3427 2608 3517 2675 lité

1926 2713 2058 2768 teris
2090 2719 2414 2775 occurrunt,
2449 2712 2644 2767 ordine
2676 2711 2954 2782 alphabeti
2988 2719 3316 2781 persecutus
3344 2710 3518 2768 Euse-

1924 2808 2070 2887 bius,
2127 2807 2469 2877 singulorum
2527 2806 2775 2860 locorum
2826 2805 2991 2858 situm
3046 2804 3403 2872 describeret,
3458 2814 3517 2862 et

1923 2897 2199 2969 quomodo
2233 2914 2330 2955 sua
2358 2906 2517 2952 atate
2549 2898 2979 2967 appellarentur,
3017 2896 3308 2952 indicaret.
3340 2896 3396 2953 In
3428 2916 3514 2953 ca-

1922 2992 2104 3062 talogo
2131 3006 2267 3046 mss.
2298 2988 2471 3045 lsaaci
2502 2987 2711 3056 Vossii,
2744 3004 2896 3043 num.
2928 2989 3018 3053 10,
3039 3001 3376 3044 memoratur
3406 2990 3518 3045 Eu-

1921 3085 2107 3141 sobius
2137 3081 2216 3137 De
2251 3083 2379 3135 locis
2414 3083 2582 3135 sacris
2616 3096 2741 3136 cum
2776 3081 3126 3150 expositione
3161 3079 3509 3155 Hieronymi,

1924 3182 1979 3231 et
2006 3175 2245 3245 copiosis
2267 3173 2413 3229 Petri
2442 3173 2607 3229 Bertii
2650 3173 3083 3239 commentariis,
3117 3173 3382 3231 hacterus
3428 3178 3516 3231 in-

1922 3266 2105 3320 editis.
2148 3263 2435 3333 Inscripsit
2478 3262 2624 3317 hunc
2664 3261 2905 3316 libellum
2948 3261 3218 3318 Eusebius
3259 3262 3511 3334 Paulino,

1922 3356 2052 3429 Tyri
2101 3356 2380 3427 episcopo,
2419 3370 2580 3424 quem
2632 3356 2776 3426 ἱερὸν
2817 3355 2954 3409 Θεοῦ
2995 3356 3283 3428 ἄνθρωπον
3327 3370 3510 3423 vocat,

1917 3450 2098 3504 eidem
2133 3462 2354 3518 nempe.
2399 3446 2490 3501 cui
2531 3445 2805 3501 decimum
2844 3444 3104 3501 Historia:
3140 3446 3513 3504 ecclesiasticae

1918 3541 2117 3596 librum
2152 3539 2517 3595 consecravit.
2549 3536 2822 3593 Caeterum
2844 3544 2897 3593 et
2928 3536 3316 3611 Hieronymus,
3343 3543 3508 3612 cujus

1919 3627 2100 3682 adhuc
2130 3633 2310 3682 exstat
2342 3626 2535 3680 Latina
2570 3625 2972 3697 interpretatio,
3016 3630 3218 3698 sapius
3253 3630 3419 3685 etiam
3451 3633 3509 3687 in

1918 3718 2191 3790 Operibus
2212 3719 2334 3788 ejus
2358 3716 2530 3780 edita,
2556 3717 2804 3771 meminit
2830 3717 3057 3774 alterius
3088 3721 3387 3786 versionis,
3411 3723 3508 3777 sed

1917 3811 2185 3883 imperita
2211 3818 2264 3865 et
2293 3824 2486 3880 parum
2511 3807 2739 3871 Latinae,
2771 3823 2934 3878 quam
2971 3817 3098 3864 ante
3120 3810 3296 3882 ipsum
3321 3808 3535 3867 nescio‘

1918 3903 2044 3972 quis
2088 3916 2421 3973 componere
2454 3914 2627 3956 ausus
2676 3899 2875 3956 fuerat.
2922 3899 3024 3956 Ms.
3055 3900 3247 3956 habuit
3287 3901 3511 3959 Eusebii

1918 3994 2164 4049 libellum
2188 4002 2243 4048 et
2271 3992 2591 4063 Hieronymi
2616 3992 2925 4047 versionem
2958 3991 3155 4049 Thom.
3183 3990 3389 4050 Galeus
3408 3993 3509 4067 (ά).

1920 4086 2256 4141 Memoratur
2286 4084 2451 4140 etiam
2481 4084 2538 4137 in
2569 4080 2832 4151 Catalogo
2865 4097 3000 4137 mss.
3034 4082 3243 4152 Anglia
3268 4092 3404 4138 tom.
3438 4081 3509 4149 ll,

1917 4194 2042 4249 pag.
2073 4177 2202 4242 247,
2243 4178 2301 4231 in
2340 4176 2550 4232 adibus
2576 4174 2845 4231 Jacobais
2874 4190 2934 4228 n.
2966 4173 3094 4239 850,
3126 4174 3399 4231 Eusebius
3432 4174 3510 4230 De

1920 4272 2052 4326 locis
2085 4270 2366 4325 Hebraicis
2405 4285 2532 4324 cum
2578 4268 2764 4324 multis
2807 4267 3308 4324 emendationibus.
3355 4271 3420 4323 Et
3451 4266 3510 4324 ι.

1918 4363 2251 4420 Pearsonius
2282 4360 2497 4432 praefat.
2527 4358 2742 4415 erudita
2776 4358 2832 4412 in
2858 4357 3001 4412 LXX
3027 4356 3357 4428 Interpretes
3384 4359 3509 4413 lau-

1918 4459 2014 4513 dat
2065 4459 2309 4514 codicem
2369 4454 2759 4511 Bonfreriano'
2791 4451 3096 4507 meliorem.
3155 4450 3507 4507 Pramiserat

1579 4569 1645 4624 Ρ,
1675 4579 1715 4622 ι,
1745 4566 1809 4632 ν,
1841 4578 1893 4638 D
1921 4553 2194 4609 Eusebius
2224 4551 2353 4605 huic
2383 4547 2568 4604 libello
2605 4544 3005 4615 topographiam
3042 4541 3428 4638 terrailuda'a
3450 4551 3506 4605 et

1918 4647 2199 4700 distinctas
2232 4642 2467 4697 tribuum
2495 4648 2685 4703 sortes,
2727 4638 2894 4708 ipsius
2928 4651 3132 4706 quoque
3168 4634 3506 4689 Hierusalem

1918 4738 2196 4809 templique
2217 4736 2273 4788 in
2292 4750 2355 4788 ea
2382 4749 2501 4787 cum
2530 4729 2838 4784 brevissima
2866 4728 3193 4798 expositione
3212 4727 3502 4797 picturam,

1915 4843 1974 4887 ut
2005 4848 2074 4888 ex
2110 4828 2430 4901 Hieronymi
2470 4825 2794 4897 prafatione
2836 4830 3076 4888 constat,
3127 4821 3223 4877 sed
3262 4821 3355 4876 illa
3386 4820 3503 4891 jam

1914 4991 2088 5048 Catal.
2113 4988 2247 5044 bibl.
2280 4983 2459 5049 Leid.,
2490 4998 2614 5053 pag.
2640 4981 2731 5035 41.
2760 5011 2835 5053 --_
2852 4976 2929 5053 De
2950 4976 3076 5031 edd.
3105 4974 3328 5053 Clerici,
3357 4973 3502 5053 Quo-

1913 5045 2176 5117 inasticon
2203 5057 2414 5111 urbium
2443 5045 2766 5108 et‘lo'corum
2798 5048 2855 5103 S.
2890 5047 2973 5110 S.,
3007 5064 3098 5117 seu
3125 5046 3258 5100 liber
3279 5049 3347 5117 de
3365 5045 3500 5117 locis

1914 5116 2194 5188 Hebraicis
2224 5126 2402 5182 Graece
2425 5125 2657 5194 primum
2691 5122 2754 5175 ab
2789 5117 3022 5194 Eusebio
3051 5116 3280 5194 Cresam,
3312 5116 3500 5194 deinde

1914 5184 2045 5259 Lat.
2068 5184 2312 5269 scriptus
2357 5184 2435 5249 ab.
2456 5196 2503 5269 f1
2509 5196 2801 5269 ierongino,
2819 5185 3296 5269 __elc.AAmst'e'lod.
3331 5184 3495 5268 1707,

1914 5255 2032 5338 foli,
2080 5280 2136 5327 et
2180 5255 2407 5324 meliore
2460 5255 2711 5338 Vallarsii
2766 5256 3094 5338 edit.__f)pp.
3151 5255 3495 5337 Hieronymi,

1912 5327 2043 5402 ιὸὶέί.
2072 5342 2161 5404 Ill,
2192 5347 2334 5411 part.
2365 5353 2405 5403 ι,
2431 5350 2577 5411 cum;
2598 5334 2747 5411 notis
2776 5329 3036 5411 eriiilitis,‘
3058 5327 3352 5411 marimari)
3378 5341 3498 5395 par-

1913 5396 2281 5477 ἰὲίὶἷέτιίιέιε,
2314 5426 2367 5463 v.
2391 5396 2467 5460 ad
2495 5403 2716 5477 voLAIV,
2750 5418 2784 5472 p
2830 5400 2950 5477 621.
2980 5397 3172 5477 Clerici
3203 5396 3494 5477 edit:cu_m

1909 5465 2457 5545 illi-iishet—Bonfrerii
2501 5475 2647 5545 notis
2676 5465 2926 5545 "re-petita
2966 5476 3051 5523 est
3098 5469 3157 5545 in
3200 5465 3251 5545 ,1.
3303 5465 3493 5545 Steph.

1910 5537 2179 5614 ill-enochii
2225 5552 2526 5620 Comment.
2559 5544 2624 5620 Si
2658 5537 2886 5620 _Script_.,
2922 5548 3085 5620 ξᾳιιιτ-
3112 5537 3178 5620 Il,
3221 5537 3495 5620 Append,

1910 5607 2356 5701 ᾖῗιὲιῖιειιει,
2393 5615 2555 5675 1722,
2601 5615 2720 5701 fol.,
2757 5607 2810 5701 et
2839 5608 3339 5701 inTBl‘a‘siidIJg‘oliln-‘i
3368 5607 3496 5701 Ili?-

1908 5675 2301 5767 Elui-Triuia];
2346 5675 2661 5769 sacrarum,
2701 5675 2832 5739 tom.
2865 5681 2930 5748 γ,
2965 5680 3157 5736 Venet.
3174 5675 3353 5760 Tuli,
3393 5675 3492 5734 fol.

1907 5768 2148 5826 —Conf.
2174 5769 2241 5822 de
2271 5764 2363 5817 illo
2385 5758 2604 5813 Eusebii
2630 5757 2770 5813 libro
2794 5753 3048 5819 Reland.,
3072 5747 3409 5808 PalwstJib.
3426 5762 3491 5813 ιι,

1907 5860 2029 5915 cap.
2061 5842 2148 5907 11,
2179 5837 2246 5893 12
2270 5832 2440 5929 et”.
2478 5827 2650 5885 I‘IABL.
