4070 6392
286 376 340 431 ιε.
749 343 755 347 ’
1728 362 2032 419 norma.
3430 361 3499 418 to

281 499 542 554 occurrunt
574 490 874 561 fragmenta
906 490 960 544 in
982 489 1257 545 Anastasii
1289 487 1512 543 Sinaitar
1541 495 1734 558 quiest.
1775 503 1829 540 lx
1859 492 1904 548 Α
2089 482 2163 552 7),
2194 479 2487 536 Eusebium
2521 480 2592 539 ab
2636 495 2825 537 errore
2875 481 3339 540 Semiarianorum
3389 486 3509 540 viu-

281 598 551 650 etcxuut,
601 584 698 639 sed
745 583 838 638 illa
890 583 1115 638 alterius
1174 597 1303 636 sunt
1358 580 1660 650 argumenti
1719 580 1822 648 (α).

280 681 453 735 Caveus
483 685 750 730 memorat
783 672 1077 729 Eusebium
1121 671 1197 726 De
1237 671 1648 740 anugeliorum
1697 669 1827 726 dis-

278 770 494 826 sonantia
527 767 598 821 ad
636 766 979 836 Stephanum.
1033 765 1165 832 Qua:
1203 780 1332 820 vero
1383 765 1461 818 De
1517 764 1826 834 symphonia

279 865 372 918 sive
398 861 674 915 concordia
730 857 1134 929 anngeliorum
1180 859 1230 911 in
1266 856 1574 930 genealogia
1628 855 1828 911 Christi

284 954 544 1018 Eusebius,
597 950 918 1006 Africanum
980 959 1241 1018 secutus,
1302 950 1546 1020 scripsit,
1612 958 1830 1003 exStant

278 1045 357 1100 lib.
387 1062 400 1099 I
425 1047 568 1100 Hist.
595 1043 807 1113 coclea,
832 1058 958 1115 cap.
984 1043 1040 1108 7,
1069 1045 1245 1114 iisque
1274 1058 1406 1098 usus
1428 1042 1748 1096 Ambrosius
1769 1043 1823 1096 in

277 1150 327 1192 ιιι
340 1135 494 1191 Luae.

333 1225 454 1280 XVI.
469 1228 660 1296 Λόγος
670 1226 1279 1294 τριακονταετηρικός,
1297 1224 1483 1279 Oratio
1499 1224 1562 1279 de
1576 1224 1834 1279 Constan-

281 1321 359 1374 tini
393 1317 462 1374 ιι.
501 1317 776 1384 laudibus,
833 1317 892 1372 in
946 1317 1069 1387 ejus
1124 1316 1524 1373 tricennalibus
1569 1317 1717 1372 dicta
1762 1318 1828 1372 A.

279 1410 454 1475 (1.535,
481 1409 673 1477 CPoli,
701 1417 764 1465 ut
804 1407 1076 1465 Eusebius
1115 1411 1232 1480 ipse
1281 1415 1514 1464 testatur
1543 1424 1617 1475 tv,
1665 1409 1738 1463 '55
1777 1418 1832 1463 et

281 1501 362 1566 46,
401 1502 468 1557 Ds
485 1501 600 1556 vita
651 1500 1007 1557 Constantini.
1065 1499 1311 1556 Meminit
1351 1509 1406 1557 et
1471 1501 1528 1556 in
1565 1500 1833 1572 prooemio

281 1594 378 1649 libri
399 1609 434 1659 ι,
463 1594 560 1650 ubi
588 1593 761 1660 addit,
793 1610 854 1650 se
873 1593 1039 1649 etiam
1063 1593 1120 1648 in
1147 1593 1529 1649 vicennalibus
1559 1595 1832 1648 Constan-

279 1686 358 1740 tini
385 1687 566 1743 laudes
595 1685 718 1756 ejus
745 1685 802 1740 in
826 1684 1044 1740 Nicaena
1073 1684 1305 1757 synodo,
1345 1695 1406 1739 ut
1435 1685 1530 1740 lib.
1562 1700 1644 1749 ιιι,
1667 1699 1718 1740 c.
1743 1685 1832 1748 11,

276 1777 411 1830 etiam
436 1775 614 1839 docet,
647 1775 1086 1832 concelebrasse.
1121 1773 1226 1830 Sed
1276 1774 1368 1830 ille
1419 1773 1636 1845 quidem
1683 1777 1829 1828 sixo-

1925 575 2112 630 dicare
2134 573 2342 630 studuit
2375 572 2563 629 Bullus
2591 575 2646 628 in
2674 572 2796 644 Der.
2829 573 2929 645 ῥά.
2973 573 3124 640 Nic.,
3147 591 3271 647 pag.
3293 577 3419 641 251,
3454 586 3511 631 et

1925 668 2186 723 refutavit
2218 665 2492 722 Valesium
2547 667 2613 721 ad
2661 679 2712 720 c.
2769 666 2830 721 11
2889 666 3337 735 contendentem,
3387 669 3514 724 illas

1928 759 2144 815 Eusebii
2169 757 2236 814 de
2261 759 2443 812 divina
2466 759 2684 829 quidem
2713 756 2838 814 Filii
2871 759 3133 830 potentia,
3175 759 3270 816 sed
3303 760 3508 825 media,

1927 852 2212 921 opiniones
2261 849 2466 920 Optime
2500 847 2726 903 refutari
2769 850 2838 903 ab
2879 849 3180 905 Athanasio
3229 864 3312 905 or.
3349 851 3512 905 tertia

1928 950 2115 996 contra
2158 941 2409 1006 Arianos,
2465 955 2585 1010 pag.
2631 939 2756 994 597.
2797 938 3042 1012 Reading
3089 941 3125 996 I.
3186 955 3238 997 c.
3293 957 3512 1012 quoque

1929 1031 2118 1086 laudat
2173 1031 2432 1087 Pearson.
2495 1031 2699 1085 Vindic.
2763 1032 2916 1100 epist.
2981 1030 3185 1102 Ignat.,
3253 1043 3395 1102 part.
3448 1049 3509 1099 Il,

1929 1139 2054 1195 pag.
2076 1123 2166 1180 56.
2191 1123 2363 1179 ΗΑιιι..

2001 1216 2165 1273 XVII.
2201 1217 2276 1272 De
2312 1217 2432 1270 Vita
2475 1215 2812 1271 Constantini
2855 1214 2933 1270 Μ.
2990 1217 3103 1287 jam
3150 1215 3214 1272 Α.
3274 1216 3337 1274 C.
3405 1219 3513 1273 ’557

1933 1306 2196 1376 defuncti,
2258 1307 2382 1362 libri
2424 1306 2508 1362 ιγ
2537 1306 2634 1380 (b),
2697 1309 2752 1362 in
2810 1308 3029 1378 quibus,
3058 1309 3154 1375 ait,
3195 1323 3254 1364 se
3311 1312 3379 1365 de
3427 1311 3514 1364 in-

1932 1394 2142 1455 dustria
2181 1402 2433 1457 omittere
2485 1401 2771 1458 conﬂictus
2803 1408 2858 1457 et
2907 1401 3126 1471 praelia,
3161 1416 3248 1456 res
3299 1401 3512 1458 fortiter

1934 1501 2135 1562 gestas,
2161 1501 2361 1563 tropaea
2382 1507 2445 1548 ac
2467 1493 2794 1564 triumphos,
2821 1493 2967 1563 leges
2989 1500 3043 1548 et
3071 1495 3326 1564 praeclara
3350 1495 3513 1550 insti-

1933 1573 2072 1642 tuta.
2112 1591 2166 1636 et
2211 1591 2418 1638 tantum
2457 1585 2673 1638 tradere
2702 1584 2837 1654 μόνα
2882 1582 2952 1635 τὰ
2986 1584 3120 1654 πρὸς
3155 1583 3246 1638 τὸν
3288 1584 3510 1656 θεοφιλῆ

1936 1676 2274 1729 συντείνοντα
2319 1676 2452 1747 βίον,
2481 1692 2709 1747 quasque
2736 1676 2805 1731 ad
2833 1674 2930 1731 Dei
2977 1677 3182 1730 cultum
3214 1679 3509 1746 pertinent,

1936 1767 2030 1822 lib.
2066 1784 2102 1832 ι,
2135 1781 2252 1836 cap.
2282 1769 2369 1832 11,
2401 1768 2545 1824 unde
2571 1769 2790 1822 titulum
2833 1771 3016 1839 operis
3064 1767 3192 1823 fecit
3228 1771 3365 1838 Περὶ
3401 1771 3511 1825 τοῦ

280 1867 564 1938 σαετηρικδς
608 1867 776 1938 ὕμνος
831 1868 949 1922 sive
1003 1866 1366 1938 panegyricus
1413 1839 1706 1922 intercidit.
1769 1866 1825 1920 In

1929 1860 2075 1914 κατὰ
2111 1862 2258 1916 Θεὸν
2290 1863 2434 1926 ,ϐίου
2460 1862 2567 1917 τοῦ
2599 1863 2899 1932 μακαρίου
2923 1865 3377 1918 Κωνσταντινου
3402 1864 3512 1919 τοῦ

280 1959 435 2014 codice
486 1974 594 2014 ms.
643 1957 858 2028 collegii
906 1956 1062 2012 Trin.
1107 1957 1423 2028 Cantabrig.
1480 1957 1658 2013 oratio
1715 1958 1827 2022 illa,

280 2049 426 2106 Caveo
471 2059 635 2115 teste,
689 2050 747 2105 in
795 2051 933 2105 duas
977 2059 1160 2120 partes
1214 2049 1568 2120 dispescitur,
1597 2065 1830 2120 quarum

280 2144 507 2212 posterior
551 2144 751 2215 incipit
791 2159 822 2198 a
853 2142 1032 2214 capite
1072 2142 1124 2196 9.
1167 2141 1324 2197 lianc
1368 2144 1673 2198 orationem
1705 2157 1829 2197 cum

279 2232 606 2304 descriptione
660 2233 930 2305 martyrii,
958 2233 1072 2288 sive
1113 2233 1296 2302 templi
1326 2231 1826 2304 Hierosolymitani.

276 2337 300 2373 a
340 2321 684 2378 Constantino
738 2321 979 2387 conditi,
1035 2321 1502 2394 donariorumque
1541 2321 1682 2392 ejus,
1735 2325 1830 2378 sed

277 2431 374 2484 qua:
407 2425 708 2487 temporum
759 2415 958 2485 injuria
1016 2416 1324 2482 intercidit,
1377 2423 1432 2471 et
1479 2413 1826 2470 Constantini

275 2507 482 2562 oratione
513 2508 578 2561 ad
647 2515 966 2562 sanctorum
1025 2515 1252 2571 castum,
1289 2522 1357 2562 ex
1399 2505 1596 2561 Latino
1643 2505 1830 2561 Graece

275 2599 514 2661 translata,
539 2598 838 2663 Eusebius,
871 2606 930 2653 ut
962 2598 1057 2654 lib.
1092 2615 1162 2665 tv,
1191 2614 1312 2669 cap.
1335 2598 1433 2664 46,
1476 2605 1732 2662 testatur,
1764 2598 1829 2651 li-

274 2689 367 2744 bris
406 2690 475 2745 De
529 2695 647 2747 vita
683 2691 1022 2746 Constantini
1061 2691 1368 2762 subjunxit.
1419 2690 1637 2745 Primus
1683 2689 1823 2744 Rob.

275 2779 542 2854 Stephanus
604 2799 735 2840 cum
793 2785 902 2840 illis
933 2784 1100 2840 edidit
1159 2782 1365 2850 Graece,
1415 2781 1607 2838 Latine
1663 2784 1828 2838 vertit

273 2870 779 2946 Cbristopborsouus
805 2884 860 2932 et
893 2876 1170 2932 Musculus
1203 2885 1366 2947 atque
1395 2877 1522 2932 inde
1549 2875 1822 2937 Valesius,

273 2966 350 3032 qui
372 2970 502 3024 notis
522 2969 700 3026 etiam
729 2969 1025 3025 illustravit
1075 2967 1146 3043 [is
1173 2968 1361 3024 laudat
1387 2967 1547 3024 codd.
1591 2966 1820 3030 Fuketii,

273 3053 474 3114 Turnebi
504 3076 565 3116 ac
590 3061 790 3116 Savilii
810 3068 866 3116 et
896 3061 1125 3117 schedas
1145 3061 1276 3116 bibl.
1310 3061 1490 3132 regia},
1519 3059 1818 3122 etc.,deni-

272 3162 358 3217 que
401 3150 641 3224 Reading
671 3168 800 3208 cum
824 3155 970 3209 notis
999 3152 1200 3209 Valesii
1241 3160 1297 3208 et
1327 3150 1629 3224 variorum]
1653 3149 1816 3205 FABB.

273 3205 329 3284 ἐ-
347 3240 396 3297 In
427 3205 805 3300 murteta;
824 3205 1153 3308 ’ᾖξἰίειέέὲξ
1165 3205 1349 3299 an;
1370 3205 1730 3299 genus
1773 3252 1828 3298 et
1853 3205 1896 3262 ο

272 3334 482 3398 CCCXL,
505 3337 713 3394 Euseb.
747 3337 826 3392 De
854 3337 1099 3392 laudibus
1130 3335 1488 3402 Constantini,
1513 3341 1569 3390 et
1590 3334 1666 3390 De
1707 3335 1828 3389 Vita

271 3422 570 3482 Constantini
622 3428 754 3483 libri
798 3439 855 3494 v;
891 3443 989 3498 pro
1025 3427 1165 3482 libro
1201 3444 1236 3483 v
1283 3432 1604 3482 numeratur
1655 3427 1827 3479 oratio

269 3516 571 3576 Constantini
601 3520 677 3574 ad
701 3529 1005 3574 sanctorum
1032 3511 1324 3589 cmtumlv.
1357 3517 1479 3575 Cat.
1511 3516 1671 3573 codd.
1705 3518 1822 3584 δν..

268 3623 370 3680 pag.
401 3611 492 3666 156
511 3623 563 3667 et
586 3613 743 3683 157).
763 3611 1023 3668 —Leidae
1052 3613 1106 3667 in
1136 3611 1271 3668 bibl.
1304 3612 1461 3667 acad.
1493 3611 1635 3666 inter
1662 3610 1822 3667 codd.

265 3697 528 3758 Bouavent.
552 3703 836 3768 Vulcanii,
871 3705 1460 3773 Τριακονταετηρικός
1479 3719 1534 3756 tn
1559 3702 1822 3758 Constan-

266 3791 408 3846 tinum
448 3797 600 3864 imp.,
627 3795 732 3851 Gr.
765 3795 962 3867 (Catal.
998 3795 1156 3862 bibl.,
1188 3811 1310 3867 pag.
1333 3796 1459 3861 545,
1494 3812 1548 3850 ιι.
1582 3794 1824 3862 XXXV.)

264 3883 494 3943 —Paris.
520 3889 575 3942 in
603 3888 746 3944 bibl.
787 3888 966 3959 publ.,
994 3904 1074 3942 or.
1105 3888 1170 3942 de
1219 3887 1464 3942 laudibus
1489 3888 1824 3942 Constantini

265 3968 328 4026 Π.
356 3976 406 4029 in
425 3978 583 4035 codd.
627 3977 976 4044 MCDXXXI,
1023 3977 1362 4034 MCDXXXII
1394 3981 1504 4051 (qui
1536 3980 1658 4034 cod.
1688 3996 1824 4033 non-

265 4061 368 4119 dum
394 4070 617 4126 collatus
643 4084 776 4125 esse
797 4069 1000 4124 dicitur
1021 4070 1074 4124 in
1092 4068 1294 4135 Catal.,
1311 4069 1433 4124 cod.
1458 4069 1518 4129 ll,
1535 4085 1652 4140 pag.
1673 4069 1818 4138 518).

263 4154 310 4208 In
323 4156 464 4212 codd.
485 4157 907 4225 MCDXXXVII,
927 4155 1339 4214 MCDXXXVIII
1360 4168 1414 4214 et
1433 4159 1820 4226 MCDXXXIX,

265 4243 449 4304 Eusebii
481 4251 640 4308 libris
677 4251 779 4305 De
808 4252 915 4306 vita
960 4247 1298 4306 Constantini
1345 4249 1426 4308 Μ.
1475 4253 1824 4322 subjungitur

263 4334 569 4396 Constantini
606 4344 678 4399 ad
710 4351 1026 4399 sanctorum
1054 4351 1258 4399 castum
1284 4342 1482 4399 oratio.
1507 4374 1578 4388 -—
1607 4342 1664 4398 In
1697 4344 1819 4398 cod.

261 4425 640 4488 IICDXXXVIII
692 4443 837 4490 orat.
881 4434 961 4488 De
1035 4437 1284 4490 laudibus
1341 4435 1678 4491 Constantini
1743 4436 1818 4492 Μ.

1927 1954 2252 2020 βασιλέως,
2283 1961 2340 2008 ut
2363 1961 2514 2008 notat
2543 1953 2809 2019 Valesius,
2833 1970 2956 2027 pag.
2986 1954 3092 2010 256
3119 1958 3210 2024 (c).
3239 1953 3507 2012 Caeterum

1935 2041 2045 2094 falli
2074 2040 2190 2097 Jac.
2223 2042 2612 2099 Gothofredum
2647 2042 2746 2116 (tl),
2791 2046 2884 2115 qui
2933 2049 3031 2100 hos
3067 2046 3235 2101 libros
3291 2047 3361 2103 ab
3402 2047 3512 2102 Eu-

1933 2136 2085 2191 sebio
2121 2138 2354 2207 scriptos
2388 2152 2511 2192 esse
2535 2139 2750 2208 negavit
2779 2153 2900 2210 pag.
2913 2140 3040 2203 275,
3063 2139 3128 2194 ad
3151 2139 3509 2212 Pbilostorg.,

1931 2237 1985 2283 et
2013 2230 2066 2282 in
2089 2230 2247 2299 epist.
2278 2230 2342 2285 ad
2366 2230 2635 2286 Andream
2660 2229 2913 2286 Rivetum
2947 2233 3051 2288 sub
3071 2234 3292 2290 nomine
3319 2234 3510 2293 Jacobi

1930 2317 2134 2374 Pacidii
2165 2320 2333 2385 edita,
2361 2319 2518 2376 facile
2537 2336 2605 2376 ex
2635 2323 2754 2392 ipso
2781 2338 2945 2393 opere
2975 2332 3027 2380 et
3053 2325 3316 2392 Socratis,
3343 2326 3510 2383 Sozoe

1930 2413 2094 2478 meni,
2122 2409 2324 2476 Photii,
2355 2411 2553 2469 Gelasii
2607 2415 2950 2486 aliorumque
2976 2425 3221 2472 veterum
3258 2421 3501 2477 testimo'

1929 2501 2036 2556 niis
2055 2501 2499 2558 demonstrarunt
2526 2503 2791 2562 Martinus
2813 2505 3090 2564 Hanckius
3122 2507 3199 2564 De
3232 2509 3507 2579 scriptoris

1929 2592 2023 2646 bus
2049 2592 2206 2663 Byz.,
2235 2610 2358 2666 pag.
2382 2595 2445 2650 81
2481 2611 2622 2669 seq.,
2649 2595 2698 2652 J.
2731 2597 2978 2655 Andreas
3019 2599 3217 2656 Bosius
3245 2601 3324 2656 De
3362 2619 3508 2673 pon-

1929 2688 2135 2756 tiﬁcatu
2157 2689 2388 2743 maximo
2418 2690 2790 2758 imperatorum
2839 2689 3014 2754 Rom.,
3044 2707 3166 2764 pag.
3197 2691 3267 2748 65
3289 2709 3428 2765 seq.,
3453 2703 3512 2750 et

1929 2775 2203 2843 Valesius,
2237 2793 2359 2849 pag.
2385 2778 2512 2834 216,
2537 2777 2696 2834 Omni
2721 2780 2885 2835 etiam
2915 2780 3172 2835 destituta
3199 2790 3284 2838 est
3327 2783 3512 2838 verisi-

1926 2871 2228 2926 militudine
2272 2870 2459 2926 Sandii
2481 2871 2818 2942 conjectura,
2844 2874 2938 2943 qui
2963 2874 3016 2927 in
3047 2872 3248 2928 Nucleo
3272 2874 3510 2930 historiae

1923 2965 2132 3030 eccles.,
2182 2979 2309 3037 pag.
2355 2965 2446 3031 48,
2497 2963 2718 3021 Macarii
2759 2963 3234 3038 Hierosolym‘itani
3262 2982 3385 3023 esse
3413 2968 3511 3022 ha-

1923 3058 2169 3113 riolatur.
2219 3059 2571 3130 Πανηγυρικῇ
2639 3056 2910 3130 ὑψηγορίᾳ
2974 3073 3134 3113 usum
3187 3057 3506 3125 Eusebium,

1927 3149 2085 3203 multi
2115 3147 2483 3216 adnotarunt;
2526 3163 2702 3220 neque
2731 3156 2914 3205 tamen
2944 3148 3077 3205 fides
3126 3150 3385 3206 historica
3428 3152 3506 3206 illi

1930 3249 2216 3312 propterea
2248 3241 2305 3296 in
2335 3256 2518 3296 rerum
2562 3255 2774 3295 summa
2798 3239 3131 3311 deneganda.
3161 3239 3378 3298 Primus
3408 3243 3509 3300 bos

1930 3334 2100 3388 libros
2125 3331 2310 3388 Graece
2352 3349 2476 3388 cum
2516 3331 2761 3386 Historia
2792 3332 2975 3388 eccles.
3005 3331 3176 3389 edidit
3203 3332 3342 3391 Rob.
3384 3335 3509 3392 Ste-

1930 3426 2164 3497 phanus,
2197 3423 2370 3480 Paris.
2407 3423 2566 3488 1544,
2599 3421 2718 3491 fol.,
2753 3439 2852 3494 pro
2901 3425 3093 3494 quinto
3147 3426 3286 3482 libro
3316 3443 3511 3484 nume-

1929 3533 2058 3572 rans
2103 3518 2408 3573 orationem
2463 3515 2532 3571 ad
2584 3521 2898 3571 sanctorum
2954 3525 3155 3571 ccetum
3219 3519 3327 3590 (e),
3390 3536 3512 3590 quae

1926 3608 2270 3665 Constantini
2314 3606 2384 3662 Μ.
2436 3613 2540 3674 est,
2598 3622 2709 3662 non
2770 3605 3012 3662 Eusebii.
3058 3607 3246 3664 Latine
3296 3611 3512 3681 primus

1925 3706 2162 3766 quatuor
2192 3696 2366 3752 libros
2383 3695 2513 3768 (non
2536 3703 2650 3751 tres
2675 3695 2944 3766 primores
2969 3703 3203 3764 tantum,
3238 3708 3296 3754 ut
3319 3703 3511 3758 scribit

1927 3789 2204 3846 Hanckius
2263 3804 2387 3860 pag.
2422 3787 2491 3843 86
2525 3786 2603 3842 De
2653 3788 2998 3858 scriptoribus
3053 3788 3212 3863 Byz.)
3267 3790 3510 3850 Joannes

1925 3879 2208 3937 Portesius
2231 3880 2416 3936 vertit.
2479 3877 2620 3934 Hinc
2648 3877 3011 3953 Wolfgangus
3062 3880 3375 3950 Musculus,
3409 3901 3512 3939 nec

1925 3972 2105 4027 minus
2127 3970 2176 4026 J.
2209 3971 2762 4041 Christophorsonus,
2790 3971 2884 4042 qui
2930 3971 3160 4028 Portesii
3199 3975 3508 4030 versionem

1924 4079 2036 4119 non
2088 4063 2318 4128 viderat,
2365 4070 2587 4118 notante
2620 4061 2838 4120 Valesio
2879 4079 3002 4136 pag.
3054 4064 3161 4120 216
3210 4081 3294 4137 sq.
3331 4065 3510 4138 Hujus

1923 4157 2526 4228 Christophorsonianaa
2544 4158 2810 4215 versionis
2834 4173 2957 4213 cum
2981 4158 3358 4230 liberquartus
3375 4178 3510 4218 casu

1923 4250 2160 4322 quodam
2193 4249 2432 4306 amissus
2463 4259 2642 4318 esset,
2692 4261 2948 4322 quartum
2997 4250 3257 4309 Nicolaus
3302 4254 3510 4313 Carrus

1923 4341 2211 4412 supplevit.
2243 4340 2488 4412 Denique
2540 4341 2682 4397 idem
2712 4341 2982 4398 Henricus
3012 4340 3266 4401 Valesius
3318 4345 3508 4401 Graeca

1921 4435 1988 4489 ad
2035 4432 2252 4490 codices
2311 4449 2445 4490 mss.
2496 4434 2817 4504 castigavit,
2866 4436 3176 4492 versionem
3223 4437 3506 4494 meliorem

259 4521 480 4612 praeﬁxas
502 4534 588 4580 est
617 4533 904 4596 prologus.
938 4526 1016 4580 Ex
1050 4543 1169 4597 cap.
1229 4527 1293 4583 11
1337 4527 1555 4584 Eusebii
1589 4527 1656 4583 de
1686 4531 1821 4582 tau-
1851 4557 1895 4612 υ
1925 4532 2189 4594 notasque
2215 4524 2565 4580 doctissimas
2597 4523 2844 4594 adjunxit
2865 4526 2952 4597 (Γ).
2978 4525 3258 4582 Editiones
3283 4525 3506 4584 Latinas

257 4609 387 4667 dibus
429 4612 802 4682 Constantini,
856 4631 978 4688 pag.
1032 4617 1154 4682 747,
1205 4618 1292 4674 ed.
1322 4618 1566 4692 Reading
1597 4619 1816 4692 (collato

313 4769 380 4842 (α)
410 4771 755 4846 Vindobome
781 4775 836 4829 in
871 4775 1002 4846 bibl.
1031 4774 1231 4832 Caesar.
1263 4778 1387 4834 cod.
1415 4777 1642 4846 CLXVI,
1677 4797 1730 4835 ιι.
1777 4785 1814 4846 1.

260 4836 422 4919 fragm.
441 4845 678 4919 _Eusebii
735 4847 803 4898 ἐκ
847 4845 942 4898 τοῦ
987 4846 1120 4919 τερρς
1172 4846 1428 4919 Μαρῖνον,
1461 4857 1600 4905 teste
1631 4836 1817 4906 'Lam:

261 4909 387 4988 μῶυ
428 4914 966 4988 Commentar._tom.
1013 4909 1111 4980 IV,
1146 4909 1278 4988 pag:
1310 4909 1534 4988 887,7et
1583 4921 1639 4974 in
1691 4921 1813 4978 cod.

259 4977 449 5039 Barocc.
480 5003 535 5040 ιι.
569 4987 765 5046 ClllC,
814 4986 869 5040 in
903 5000 1013 5053 quo
1056 4977 1244 5040 etiam"
1271 4997 1400 5043 sunt
1424 4977 1654 5046 Eusebii
1692 4977 1815 5046 seu;

260 5055 768 5177 ξιιὲξεήειωφελείς,
818 5054 1119 5111 secundum
1173 5056 1296 5114 Cat.
1349 5059 1508 5115 codd.
1558 5059 1719 5132 Aug].
1762 5063 1814 5128 1,

291 5159 303 5174 .
386 5164 400 5176 .
469 5143 593 5177 ιιι.-

261 5133 303 5187 Ρ.
322 5133 400 5177 27.
423 5133 593 5183 Hm.

316 5214 383 5285 (ὁ)
409 5217 543 5274 Male
575 5218 708 5275 libri
749 5215 839 5274 νῑ
856 5234 1118 5277 excusum
1147 5221 1206 5278 in
1251 5218 1337 5276 Jo.
1369 5219 1574 5279 Molleri
1618 5221 1818 5280 Homo-

262 5292 588 5357 lymouopia,
613 5306 671 5362 p.
703 5289 834 5346 461.

321 5376 381 5446 (ε)
410 5379 624 5438 Nimius
659 5389 753 5438 est
781 5382 1123 5440 Constantini
1161 5385 1430 5440 laudator.
1467 5384 1532 5438 V.
1580 5385 1816 5438 Thoma-

265 5444 407 5575 ἓξὲξ.
427 5450 504 5507 Du
538 5453 669 5521 Pin,
698 5453 949 5524 aliosque
976 5469 1006 5507 a
1030 5453 1224 5511 Stollio
1243 5471 1367 5529 pag.
1391 5455 1497 5510 227
1527 5459 1813 5511 excitatos.

321 5607 388 5676 (ά)
436 5611 550 5669 Jac.
580 5613 899 5670 Godofredo
958 5629 1219 5673 assensus
1276 5615 1338 5672 B.
1393 5615 1704 5673 Dorscheus
1761 5617 1815 5670 in

269 5671 512 5761 Dietyposi
545 5686 786 5761 c_oncilii_
805 5683 1012 5761 ξαερηὶ
1041 5686 1104 5740 de
1128 5671 1487 5761 78.1Cmna,_p.
1509 5671 1568 5744 Β.

421 5750 516 5810 Ubi
568 5759 629 5813 in
681 5753 845 5811 codd.
911 5754 1104 5817 Venet.
1157 5758 1221 5812 ad
1287 5757 1314 5830 ς
1363 5750 1451 5812 17’
1478 5759 1814 5814 memoratis.

1919 4624 1974 4669 et
2023 4613 2497 4682 Graeco-Latinas,
2550 4616 2678 4686 quia
2722 4616 2979 4673 Historia:
3035 4618 3404 4675 ecclesiastica:
3448 4619 3504 4675 hi

1987 4771 2055 4844 (f)
2077 4770 2348 4844 LValesius
2386 4771 2576 4844 Eludet
2605 4773 2729 4828 cod.
2783 4772 2994 4839 Fuketi,
3023 4773 3185 4844 flectt.
3236 4774 3306 4830 ad
3343 4789 3501 4832 oram

1918 4840 2043 4898 libri
2071 4840 2353 4906 Saviliaui,
2386 4841 2718 4897 Turnebiani
2750 4852 2805 4898 et
2851 4845 2974 4898 cod.
3022 4843 3224 4909 Morini,
3255 4845 3500 4901 codicem

1918 4913 2256 4982 schedasque
2293 4913 2422 4967 bibl.
2480 4911 2658 4967 Paris.
2690 4910 2820 4969 Rec.
2871 4920 2957 4969 est
3008 4914 3096 4969 ed.
3139 4913 3342 4970 Valesii
3374 4931 3499 4969 cum

1918 4984 2082 5051 hujus
2115 4981 2502 5054 variorumque
2536 4986 2807 5054 adnotatt.
2832 4983 2888 5037 in
2929 4983 3015 5038 ed.
3043 4983 3308 5054 Reading.
3338 5013 3411 5024 —-
3439 4983 3500 5038 lu

1919 5047 2014 5109 sei
2062 5047 2430 5122 codd._bibl.'
2459 5047 2642 5104 Paris.
2685 5053 2835 5122 puhl.
2884 5055 3195 5108 continetur
3227 5047 3500 5108 Eusebius

1919 5123 1995 5178 De
2058 5125 2167 5176 vita
2221 5120 2579 5176 Constantini.
2620 5120 2702 5161 -’
2736 5122 2793 5177 In
2847 5123 2970 5177 cod.
3005 5123 3294 5185 Eseorial.,
3355 5130 3500 5179 teSte

1921 5191 2114 5248 Plucro
2162 5193 2218 5245 in
2262 5190 2395 5245 Itin.
2444 5207 2538 5261 per
2585 5191 2837 5260 Hispan.,
2895 5208 2946 5261 p.
3015 5193 3140 5261 168.
3185 5191 3334 5247 -Ιιι
3367 5193 3493 5249 cod.

1919 5261 2252 5332 Mosquensi,
2277 5269 2416 5332 teste
2447 5259 2693 5332 Strothio
2717 5261 2774 5332 in
2808 5259 2957 5332 ιιι-θῇ.
2990 5260 3058 5316 ad
3100 5262 3230 5317 Eus.
3288 5261 3362 5316 Η.
3400 5262 3494 5332 Ε..

1920 5329 2209 5404 ρκεξχκιι.
2237 5331 2393 5404 —_!n
2421 5332 2563 5404 _cod.
2593 5329 3134 5404 _M_ediceo-Florent.
3173 5332 3296 5400 XX,
3340 5331 3496 5404 an,

1918 5400 2285 5474 ἕιιιῖςοιιιίιιριἐ
2312 5401 2380 5457 Η.
2413 5400 2500 5466 Ε.,
2523 5401 2626 5474 sub
2659 5401 2816 5455 ﬁnem
2855 5402 3118 5474 insertum
3157 5412 3241 5459 est
3271 5420 3338 5458 ex
3386 5400 3497 5457 Eu;

1919 5471 2053 5529 subii
2093 5472 2210 5544 Vita
2245 5471 2600 5544 Constantini,
2650 5486 2681 5544 a_
2713 5486 2835 5541 cap.
2862 5473 2953 5538 24,
2999 5489 3172 5544 usque
3215 5474 3282 5528 ad
3320 5482 3495 5528 totum

1919 5559 2038 5613 cap.
2095 5543 2166 5596 42
2218 5543 2337 5596 libri
2389 5542 2430 5613 ll
2487 5541 2772 5613 inclusive,
2802 5541 3151 5613 excerptum,
3202 5545 3495 5600 continens

1921 5611 2068 5668 illius
2095 5611 2938 5686 imperatorisconstitutionem,
2966 5611 3159 5686 quam,
3199 5616 3493 5686 destructis

1983 5686 2188 5756 rannis,
2219 5684 2403 5756 Graeca
2441 5683 2619 5756 lingua
2640 5683 3046 5756 conscriptam,
3077 5687 3330 5756 gentibus
3361 5685 3498 5756 sub:
3588 5719 3600 5740 ι

1919 5693 2188 5804 t‘yranms,
2219 5693 2403 5738 Graeca
2441 5693 2619 5752 lingua
2659 5693 3046 5753 conscriptam,
3077 5693 3330 5756 gentibus
3361 5693 3485 5739 sub-

1920 5755 2239 5826 titisimisit.
2276 5751 2591 5826 V.‘Bandin.
2624 5751 2745 5806 Cat.
2770 5754 2923 5811 codd.
2976 5753 3091 5826 (ira,
3117 5755 3177 5817 ll,
3211 5753 3485 5826 pag._t:8i_.

1921 5851 1993 5867 -
2050 5824 2165 5878 liuc
2232 5823 2502 5886 pertinent
2573 5833 2946 5880 commentatt.
3017 5825 3078 5883 D.
3143 5822 3485 5882 Er'anrid.
