4070 6392
469 345 539 400 47
1430 348 1789 406 "sessurus
1827 346 2319 406 cmssmsusrs
2356 347 2740 407 Episcorus
3280 318 3286 324 ’
3677 301 3747 415 t3

466 465 593 522 libri
621 463 880 536 subjungi
911 463 1288 534 solent,-supra
1311 478 1464 518 num.
1495 464 1530 519 5
1556 464 1846 519 adnotatas
1874 464 2039 520 videri

2172 463 2230 516 '0
2283 463 2549 536 ἡμέτερος
2612 464 3023 537 ἱστοριογράφος
3083 464 3342 530 Εὐσέϐιος
3365 505 3382 531 ,
3429 466 3591 540 ἡνίκα
3649 475 3748 541 τὴν

465 561 612 614 licet.
641 555 875 613 Tantum
925 557 1180 622 monebo,
1232 557 1288 611 in
1342 556 1676 612 editionlbus
1728 555 2056 627 quibusdam

462 652 676 709 Latinis
723 651 912 708 brevia
974 648 1025 706 J.
1087 649 1205 706 Jac.
1264 647 1482 722 Grynei
1531 655 1586 705 et
1633 647 1856 704 Suli‘ridi
1911 648 2059 706 Petri

463 744 676 800 scholia
711 742 969 814 adjuncta
1011 756 1155 798 esse.
1213 738 1434 796 Gallicae
1484 756 1702 813 quoque
1732 733 2058 812 interpreta-

460 835 846 892 tioniszinstar
870 843 974 898 est,
1010 833 1157 904 quod
1183 843 1409 888 auctore
1444 832 1655 890 Joanne
1685 833 1896 890 Morino
1928 850 2056 906 pro-

459 929 730 999 diitopus
776 947 790 982 :
844 925 1082 981 Histoire
1139 925 1204 981 de
1263 925 1317 980 la
1369 924 1670 982 délivrance
1729 928 1794 982 de
1837 927 2056 1000 l’Eglise

459 1021 778 1086 chrétienne,
818 1035 919 1088 par
956 1018 1266 1089 l‘empereur
1298 1015 1636 1076 Constantin.
1677 1017 1854 1077 Paris.
1893 1021 2052 1089 1650,

461 1111 555 1164 fol.

523 1202 716 1258 ’XVIII.
743 1203 819 1260 De
846 1203 968 1258 Vita
987 1201 1046 1259 S.
1069 1199 1360 1273 Pampliilii
1387 1203 1663 1272 martyris,
1686 1204 1976 1276 scripsisse
1993 1221 2053 1263 se

460 1303 696 1354 testatur
729 1296 826 1352 lib.
866 1312 922 1351 v1
956 1296 1058 1368 (a),
1099 1311 1223 1368 cap.
1274 1295 1366 1361 52,
1399 1295 1695 1362 Eusebius,
1746 1304 1800 1352 et
1834 1297 1928 1353 lib.
1973 1314 2050 1354 vn

462 1389 607 1443 Hist.
637 1388 846 1454 eccles.,
898 1403 1020 1460 cap.
1057 1388 1149 1455 52,
1186 1403 1308 1460 pag.
1339 1387 1470 1458 288,
1530 1396 1586 1445 et
1625 1387 1696 1443 De
1724 1391 2051 1461 martyribus

452 1481 792 1546 ~Palwstinm,
828 1496 949 1552 cap.
1013 1481 1100 1546 11,
1139 1479 1229 1536 ubi
1287 1482 1452 1536 tribus
1487 1479 1637 1536 libris
1671 1482 1987 1538 distinctum
2019 1499 2050 1539 a

459 1590 520 1629 se
570 1590 710 1645 opus
757 1572 890 1628 illud
947 1572 1120 1628 fuisse
1150 1569 1337 1639 refert,
1371 1574 1517 1644 quod
1549 1573 1837 1646 confirmat
1884 1576 2048 1632 etiam

455 1665 825 1737 Hieronymus
855 1666 912 1720 in
941 1664 1222 1736 Catalogo,
1241 1682 1361 1737 cap.
1382 1666 1472 1732 81,
1491 1674 1544 1722 et
1561 1666 1809 1723 adversus
1837 1667 2046 1740 Ruﬁn.,

458 1775 584 1830 pag.
610 1759 735 1825 155,
771 1758 864 1814 ubi
896 1759 1066 1814 libros
1087 1759 1528 1829 elegantissimos
1560 1761 1816 1830 appellat.
1847 1759 2042 1830 Hujus,

2130 555 2681 626 Ἐκκλησιαστικὴν
2726 556 2964 627 ἔγραφεν
3014 559 3317 626 ἱστορίαν,
3349 557 3752 631 παραλέλοιπεν

2157 647 2361 713 ἐκεῖνα,
2389 640 2465 702 ὧν
2495 650 2719 721 μνήμην
2746 650 3039 720 ἐποιήσατο
3068 652 3126 704 ὲν
3157 650 3366 721 ἑτέροις
3387 649 3556 704 αὑτοῦ
3586 653 3748 724 ποιή-

2159 754 2314 808 μασι.
2351 739 2461 793 Καὶ
2490 737 2599 809 γὰρ
2639 739 2698 792 ἓν
2743 738 2940 793 elatam
2969 740 3194 810 λόγοις,
3234 739 3509 794 τουτέστιν
3538 742 3598 794 ὲν
3629 739 3751 795 δυο-

2155 829 2364 897 δεκάσι,
2393 831 2578 902 σχεδὸν
2603 831 2712 885 τῶν
2736 833 2795 886 ὲν
2830 833 3068 897 ἁπάσαις
3097 833 3390 906 ἐπαρχίαις
3418 833 3747 908 μαρτύρων,

2155 921 2469 976 ἐπισκόπων
2493 962 2508 988 ,
2557 922 2907 996 ὁμολογητῶν
2955 926 3049 980 καὶ
3097 926 3270 995 ἁγίων
3321 928 3600 994 γυναικῶν
3649 927 3749 982 καὶ

2155 1013 2459 1084 παρθένων,
2489 1014 2872 1087 παρεσκεύασε
2914 1015 2984 1069 τὰ
3027 1015 3175 1088 πάθη
3230 1015 3508 1088 φέρεσθαι.
3556 1015 3747 1080 Miror,

2141 1105 2390 1162 «Caveum
2435 1107 2562 1162 huic
2590 1109 2746 1179 operi
2789 1107 3031 1165 tribuere
3071 1109 3242 1166 libros
3272 1124 3382 1164 non
3411 1110 3618 1180 viginti,
3651 1107 3748 1165 sed

2153 1199 2418 1263 undecim,
2474 1199 2705 1270 ejusque
2742 1201 2822 1256 rei
2859 1207 3139 1257 auctorem
3195 1200 3420 1257 laudare
3469 1201 3606 1255 Acta
3637 1198 3748 1256 Sil-

2152 1293 2330 1357 uestri,
2368 1307 2399 1346 a
2431 1291 2764 1350 Combelisio
2793 1292 2960 1350 edita.
2985 1292 3218 1367 [Forsan
3242 1294 3376 1350 illud
3399 1294 3465 1350 de
3490 1296 3749 1367 martyri-

2153 1386 2248 1440 bus
2301 1384 2632 1452 Palazstinw,
2665 1388 2810 1458 quod
2863 1388 2918 1442 in
2960 1386 3118 1443 editt.
3171 1384 3248 1444 Η.
3293 1387 3360 1444 Ε.
3396 1388 3636 1446 adhaeret
3678 1389 3748 1445 li-

2153 1477 2252 1534 bro
2281 1493 2401 1546 VIII,
2430 1487 2485 1534 et
2525 1480 2594 1536 de
2629 1496 2739 1552 quo
2769 1491 2821 1534 v.
2846 1479 3010 1534 Fabr.
3043 1479 3109 1535 Β.
3144 1478 3238 1536 Gr.
3269 1481 3379 1536 vol.
3413 1479 3504 1547 IX,
3531 1494 3654 1554 pag.
3675 1483 3749 1539 55

2151 1586 2233 1641 sq.
2271 1572 2358 1628 ed.
2387 1581 2520 1637 vet.,
2551 1588 2680 1644 pars
2712 1571 2816 1628 fuit
2846 1573 3011 1643 hujus
3042 1571 3384 1629 collectionis
3425 1577 3740 1645 martyrior.

2151 1665 2570 1738 antiquiorum.]
2615 1665 2820 1722 Confer
2868 1665 2938 1721 de
2998 1665 3188 1720 eodem
3227 1679 3392 1736 opere
3432 1664 3743 1723 Eusebiano

2153 1755 2471 1812 Bollandum
2513 1759 2667 1830 praef.
2729 1757 2795 1814 ad
2849 1764 2893 1813 t.
2950 1755 2972 1811 I
3027 1758 3146 1816 Act.
3205 1769 3438 1814 sanctor.
3484 1757 3738 1823 Januar.,

459 1863 520 1907 ut
553 1858 728 1923 putat,
761 1851 943 1922 operis
975 1851 1271 1923 genuinum
1295 1851 1749 1924 ἁποσπασμὰτιον
1785 1853 1853 1909 de
1882 1851 2046 1909 Pam-
2076 1838 2118 1893 Β
2145 1864 2267 1919 pag.
2322 1864 2413 1904 xvr
2469 1856 2523 1905 et
2571 1864 2698 1914 xcv,
2753 1856 2809 1905 et
2860 1847 3270 1906 Henscbenium
3331 1857 3371 1904 t.
3422 1848 3467 1904 lI
3521 1849 3739 1919 Aprilis,

445 1944 594 2017 pbili
645 1944 910 2016 martyrio
939 1941 1127 2000 Graece
1176 1959 1239 1999 ex
1285 1959 1392 2000 ms.
1421 1945 1610 2001 codice
1637 1944 1874 2001 Mediceo
1902 1948 2047 2019 regis

457 2036 919 2093 Christianissimi
977 2036 1317 2106 descriptum
1360 2037 1580 2094 exhibet
1636 2035 2047 2108 Papebrochius

456 2135 503 2186 ῑ.
536 2127 702 2183 IAct.
732 2126 1050 2182 Sanctorum
1100 2125 1422 2198 Junii,.pag.
1448 2127 1634 2191 64-74,
1679 2144 1803 2182 cum
1855 2126 2047 2183 Latina

456 2218 733 2276 versione.
769 2215 957 2290 [Fabr.
990 2216 1047 2272 in
1088 2231 1188 2271 sua
1237 2215 1510 2288 Hippolyti
1541 2215 1677 2288 Opp.
1706 2218 1864 2282 cdit.,
1901 2227 1939 2273 t.
1977 2217 2044 2281 Il,

461 2326 584 2382 pag.
611 2305 768 2379 217.]
803 2307 1013 2364 Latina
1064 2309 1154 2363 illa
1209 2323 1276 2362 ex
1314 2307 1549 2364 Eusebio
1582 2324 1648 2363 ac
1683 2309 2047 2380 Metaphraste

460 2405 729 2460 dederant
759 2401 1135 2474 Lipomannus
1165 2407 1219 2456 et
1245 2397 1445 2457 Surius
1474 2399 1499 2455 1
1523 2399 1693 2466 Junii,
1719 2410 1773 2458 et
1795 2400 2045 2460 Valesius

457 2515 583 2572 pag.
610 2499 742 2564 178,
758 2497 824 2554 ad
854 2496 1055 2554 Euseb.

521 2587 672 2643 XIX.
701 2588 824 2644 Τῶν
852 2587 1116 2656 ἀρχαίων
1132 2587 1474 2656 μαρτυρίων
1494 2585 1873 2657 συναγωγήν,
1907 2588 2047 2640 anti-

455 2695 681 2750 quorum
737 2678 1118 2747 martyriorum
1179 2675 1573 2740 collectionem,
1636 2677 1924 2745 scripsisse
1986 2692 2046 2732 se

455 2770 728 2826 Eusebius
760 2776 994 2824 testatur
1025 2766 1081 2820 in
1111 2763 1259 2822 Hist.
1301 2766 1489 2821 eccles.
1542 2765 1638 2821 lib.
1669 2781 1743 2830 ιν,
1773 2780 1893 2836 cap.
1952 2765 2040 2831 15,

454 2875 581 2934 pag.
608 2861 733 2927 I56,
763 2866 819 2914 et
866 2858 961 2913 lib.
995 2874 1050 2923 ν,
1101 2871 1358 2927 procem,
1393 2871 1520 2928 pag.
1555 2855 1678 2920 155,
1711 2863 1766 2911 et
1792 2869 1912 2926 cap.
1949 2854 2040 2920 2i,

454 2970 580 3028 pag.
617 2952 739 3008 I89.
771 2949 850 3006 Ex
873 2951 976 3006 hoc
1000 2965 1169 3021 opere
1199 2949 1482 3020 praeclaro,
1515 2955 1570 3004 et
1589 2946 1736 3020 quod
1773 2947 2043 3019 integrum

453 3046 524 3102 ad
545 3061 647 3101 nos
671 3042 819 3099 haud
845 3043 1162 3115 pervenisse
1189 3039 1481 3096 dolendum
1517 3048 1621 3106 est,
1653 3039 1823 3099 multa
1853 3051 2044 3111 super-

452 3152 578 3194 esse
615 3135 888 3201 videntur,
937 3135 994 3188 in
1041 3132 1178 3188 Vitis
1211 3129 1441 3187 Patrum
1474 3131 1664 3189 Latine
1699 3132 1802 3188 sub
1847 3130 2042 3187 Hiero-
2069 3183 2092 3203 ι

453 3229 604 3303 nymi
657 3228 878 3284 nomine
921 3226 1106 3294 editis,
1137 3234 1192 3282 et
1238 3225 1295 3281 in
1343 3225 1596 3281 Simeone
1651 3223 2036 3294 Metaphraste,

451 3322 545 3395 qui
571 3321 759 3378 Graeco
791 3319 933 3391 stylo
979 3328 1295 3374 sanctorum
1321 3313 1478 3372 Vitas
1518 3325 1573 3372 et
1613 3317 1875 3389 martyris
1908 3331 2041 3372 con-

452 3415 610 3470 didit.
645 3411 1030 3484 Fragmentum
1061 3427 1129 3467 ex
1151 3409 1257 3465 hoc
1286 3425 1450 3480 opere
1478 3407 1790 3465 Eusebiano
1819 3409 1948 3464 dare
1978 3424 2040 3465 se

450 3507 686 3564 credidit
721 3503 1130 3575 Papebrochius
1160 3498 1540 3556 Narrationem
1569 3500 1633 3555 de
1672 3500 1846 3555 decem
1881 3519 2041 3555 mar-

452 3600 657 3673 tyribus
707 3597 950 3671 .Egypti,
982 3594 1169 3651 Graece
1223 3610 1256 3651 e
1291 3591 1697 3666 lms.’Vaticano
1735 3610 1858 3648 cum
1892 3595 2037 3650 Guil.

454 3692 642 3748 Sirleti
667 3693 922 3748 versione
950 3694 992 3744 t.
1027 3687 1048 3742 I
1120 3688 1240 3742 Act.
1283 3697 1516 3742 sanctor.
1558 3687 1728 3751 Junii,
1778 3703 1900 3757 pag.
1933 3687 2040 3744 420

452 3801 569 3856 seq.
607 3783 699 3840 Sic
740 3784 874 3838 Acta
929 3780 1178 3852 martyrii
1209 3778 1266 3836 S.
1297 3777 1522 3834 Luciani
1549 3778 1690 3849 apud
1724 3777 1943 3833 Surium
1983 3787 2039 3835 et

449 3876 775 3944 Bollandum
825 3874 894 3929 ad
946 3874 977 3926 '7
1029 3871 1257 3928 Januar.
1306 3869 1499 3925 Latine
1549 3871 1728 3936 edita,
1780 3868 2036 3927 Usserins

452 3969 595 4040 apud
627 3968 868 4023 Caveum
895 3965 1211 4037 suspicatus
1238 3972 1324 4018 est
1354 3961 1772 4032 Metaphrastem
1815 3963 2036 4033 petiisse

450 4079 517 4118 ex
547 4061 806 4117 Eusebio.
865 4059 1139 4130 Integram
1187 4056 1307 4126 ejus
1352 4055 1667 4127 μαρτυρίων
1714 4055 2034 4127 ἀναγραφήν

449 4156 506 4208 in
543 4152 678 4209 bibl.
714 4149 1050 4207 Scorialensi
1085 4146 1424 4218 superfuisse
1447 4144 1676 4199 allirmat
1703 4141 2033 4203 Franciscus

448 4244 702 4301 Bivarius
734 4243 802 4297 ad
826 4240 1043 4298 Pseudo
1066 4237 1256 4294 Dextri
1280 4238 1595 4305 Chronicon,
1629 4236 1698 4293 ad
1719 4239 1785 4292 A.
1815 4235 1881 4293 C.
1903 4237 2030 4294 508.

449 4335 628 4406 Atque
667 4333 832 4388 libros
885 4343 989 4387 tres
1036 4338 1343 4403 martyrum
1388 4327 1611 4384 Eusebii
1667 4330 1912 4386 nondum
1961 4328 2032 4386 de

449 4424 860 4481 Graeco'versos
891 4422 966 4478 ibi
1011 4422 1312 4485 exstitisse,
1343 4434 1411 4476 ex
1443 4419 1623 4474 indice
1650 4420 1892 4490 ejusdem
1932 4421 2032 4476 bi—

2149 1955 2272 2011 pag.
2333 1938 2472 2008 559.;
2504 1940 2798 1995 Baronium
2861 1940 3009 1998 Diss.
3069 1937 3453 2011 Martyrologio
3503 1938 3743 1997 Romano

2149 2033 2448 2102 praemissa,
2485 2047 2607 2103 cap.
2639 2032 2757 2096 5-7,
2789 2038 2842 2087 et
2874 2031 3156 2087 Matthiam
3194 2030 3344 2088 Frid.
3368 2031 3626 2088 Beckium
3671 2033 3741 2089 ad

2147 2122 2594 2195 Martyrologium
2653 2123 2906 2178 Ecclesia:
2966 2120 3312 2190 Germanicas,
3365 2138 3488 2194 pag.
3537 2123 3573 2179 5
3619 2139 3739 2196 seq.

2147 2214 2312 2270 Fssn.
2339 2215 2396 2271 In
2425 2215 2548 2272 cod.
2578 2214 2813 2270 MCDLII
2851 2215 2983 2270 bibl.
3015 2214 3169 2286 publ.
3202 2213 3382 2271 Paris.
3413 2223 3498 2272 est
3526 2231 3584 2271 n.
3615 2213 3740 2270 XXI

2145 2308 2410 2375 Onesimi,
2443 2309 2538 2379 qui
2567 2307 2722 2363 Pauli
2776 2308 3081 2380 discipulus
3129 2307 3257 2378 fuit,
3290 2308 3633 2376 martyrium,
3684 2317 3742 2365 et

2145 2417 2202 2456 n.
2235 2399 2399 2465 XXII,
2425 2399 2718 2471 Pamphili,
2755 2399 3030 2466 Valentis,
3080 2395 3260 2466 Pauli,
3315 2398 3566 2466 Seleuci,
3605 2398 3742 2455 Por-

2144 2493 2346 2564 phyrii,
2388 2491 2668 2548 'Theoduli
2732 2501 2788 2548 et
2826 2491 3033 2548 Iuliani
3092 2491 3455 2565 martyrium,
3513 2471 3740 2550 auctore

2146 2573 2404 2639 Eusebio.
2423 2583 2598 2640 Hann.

2216 2672 2337 2729 XX.
2367 2673 2612 2744 Epistola
2669 2675 2738 2730 ad
2773 2675 3145 2732 Constantiam
3196 2675 3509 2749 Augustam,
3540 2675 3738 2731 Licinii

2146 2785 2396 2837 uxorem,
2429 2770 2650 2826 laudata
2706 2771 2775 2827 ab
2819 2769 3203 2828 lconomacbis
3248 2771 3306 2828 in
3346 2772 3500 2828 Acris
3541 2770 3739 2842 synodi

2143 2859 2375 2916 Nicaznm
2400 2861 2676 2928 secundae,
2708 2873 2816 2917 act.
2847 2879 2902 2931 ν,
2937 2878 3062 2935 pag.
3087 2862 3213 2931 608,
3235 2870 3291 2920 et
3312 2877 3389 2930 vt,
3432 2878 3557 2936 pag.
3604 2863 3733 2930 661,

2144 2962 2185 3008 t.
2240 2954 2322 3009 Ill.
2358 2955 2501 3010 Binii
2532 2955 2760 3028 (Labbei
2793 2965 2834 3011 t.
2873 2955 3004 3029 VII),
3033 2964 3090 3013 et
3133 2972 3164 3012 a
3213 2955 3556 3029 Nicephoro,
3589 2957 3738 3016 Con-

2144 3049 2500 3122 stantinopol.
2527 3049 2861 3121 patriarcha,
2915 3051 3252 3124 impugnata.
3303 3051 3379 3108 Ex
3411 3053 3602 3110 eadem
3636 3053 3732 3110 Ni-

2144 3142 2416 3212 cephorus
2449 3141 2718 3215 Gregeras
2743 3158 2860 3210 xxx,
2889 3143 2944 3210 5,
2972 3143 3141 3212 Hist.,
3183 3146 3276 3201 ubi
3305 3145 3597 3203 Eusebium
3624 3147 3740 3204 τῶν

2141 3233 2264 3286 τότε
2307 3233 2501 3305 λογίων
2552 3235 2644 3288 τδν
2691 3235 2910 3308 πρῶτον
2963 3237 3231 3308 appellat,
3282 3252 3406 3310 pag.
3449 3235 3735 3295 59I.Eam

2140 3327 2440 3397 pleniorem
2473 3325 2658 3382 Graece
2691 3344 2722 3384 e
2770 3343 2874 3384 ms.
2905 3328 3055 3402 regio
3080 3330 3250 3386 edidit
3287 3327 3337 3386 J.
3366 3331 3647 3388 Boivinius
3677 3332 3736 3387 in

2141 3417 2286 3473 notis
2343 3418 2575 3475 eruditis
2630 3417 2698 3472 ad
2757 3416 2987 3490 Niceph.
3042 3418 3376 3494 Gregoram,
3425 3437 3550 3495 pag.
3603 3423 3734 3480 795.

2142 3507 2396 3578 Spuriam
2447 3515 2504 3564 et
2563 3507 2800 3565 Eusebio
2836 3510 3178 3580 suppositam
3218 3528 3343 3569 esse
3371 3529 3481 3568 non
3517 3515 3734 3572 dubitat

2137 3598 2394 3656 Petavius
2440 3616 2554 3668 xrv,
2584 3601 2638 3670 9,
2676 3601 2864 3673 Dogm.
2905 3603 3059 3660 theol.
3089 3603 3156 3660 de
3191 3603 3585 3665 Incarnatione.
3621 3609 3727 3666 Sed

2139 3689 2376 3747 Eusebio
2434 3701 2584 3749 recte
2633 3707 2664 3748 a
2715 3693 2938 3752 laudato
2987 3695 3216 3753 Boivino
3271 3697 3604 3755 vindicatur.
3668 3699 3716 3756 1»

2137 3783 2332 3839 iisdem
2364 3784 2517 3840 Actis
2543 3783 2776 3841 Nicaeum
2810 3786 3006 3858 synodi
3034 3787 3260 3844 all‘ertur
3292 3790 3459 3846 etiam
3497 3791 3724 3864 aliquid,

2135 3891 2259 3945 pag.
2285 3875 2390 3931 608
2416 3883 2470 3931 et
2496 3875 2623 3942 662,
2651 3891 2715 3933 ex
2754 3879 2989 3950 epistola
3028 3879 3248 3937 Eusebii
3297 3885 3365 3938 ad
3399 3882 3725 3956 Euphratio-

2135 3983 2261 4022 num
2308 3970 2424 4024 sive
2451 3967 2888 4041 Euphrasionem
2927 3980 2982 4028 et
3004 3973 3072 4028 ad
3090 3973 3464 4031 Alexandrum
3486 3976 3724 4033 Alexan-

2134 4059 2374 4116 drinum.

2233 4208 2242 4214 .
2548 4151 2742 4212 Latine
2779 4166 2987 4212 tantum
3033 4167 3247 4214 exstant
3280 4174 3302 4215 :

2199 4241 2344 4298 XXI.
2371 4244 2642 4319 Apologia;
2669 4263 2765 4317 pro
2795 4246 3017 4320 Origene
3044 4249 3175 4304 liber
3204 4252 3429 4321 primus,
3451 4263 3517 4307 ex
3537 4246 3719 4307 Ruﬁni

2130 4333 2405 4400 versione,
2462 4335 2607 4392 inter
2648 4335 2900 4410 Origenis
2953 4345 3116 4411 atque
3176 4339 3492 4414 Hieronymi
3543 4339 3722 4414 Opera

2132 4425 2330 4495 saepius
2357 4425 2459 4482 sub
2498 4423 2764 4499 Pamphili
2793 4432 3014 4488 nomine
3040 4433 3238 4489 editus.
3272 4432 3338 4488 Et
3373 4448 3506 4490 sane
3535 4449 3603 4490 ex
3623 4450 3722 4491 vo-

450 4520 738 4576 bliotbecat
789 4534 845 4578 a.
881 4517 1017 4573 1579
1049 4517 1240 4573 didicit
1288 4524 1344 4572 et
1380 4513 1452 4570 ad
1487 4513 1782 4570 Baronium
1811 4515 2034 4588 scripsit
2063 4532 2108 4591 ι)
2137 4517 2438 4577 luminibus
2478 4537 2576 4578 sex
2622 4523 2722 4593 (tot
2765 4525 2911 4580 enim
2955 4526 3211 4597 Apologia
3243 4526 3336 4580 illa
3373 4527 3544 4583 libros
3570 4542 3721 4582 com-

454 4613 779 4679 Lindanus,
839 4619 902 4667 ut
966 4617 1157 4666 narrat
1220 4607 1491 4665 Baronius
1555 4607 1622 4663 ad
1682 4605 2029 4680 Martyrolog.

443 4707 516 4762 25
549 4703 699 4775 Sept.
749 4704 971 4760 Duabus
1019 4703 1285 4758 librorum
1340 4699 1638 4757 decadibus
1685 4701 1801 4757 sive
1851 4702 2036 4772 viginti

443 4798 598 4854 libris
625 4796 940 4851 constitisse
967 4795 1097 4849 illud
1131 4810 1289 4864 Opus,
1325 4794 1491 4849 tradit
1521 4793 2034 4864 scriptor'Actorum

445 4887 504 4944 S.
551 4883 820 4951 Silvestri,
843 4884 988 4957 apud
1017 4882 1367 4939 Lambecium
1387 4891 1430 4939 t.
1458 4881 1596 4949 VIII,
1626 4898 1680 4955 p.
1715 4883 1812 4938 521
1833 4883 2032 4956 [p.685

445 4996 530 5052 sq.
589 4979 677 5037 ed.
742 4977 995 5049 Kollar.].
1041 4975 1218 5033 Verba
1280 4976 1572 5049 scriptoris
1633 4977 1782 5033 illius
1842 4984 1970 5032 sunt
2013 4995 2028 5032 :

445 5169 809 5248 Wernsdorlii
825 5171 942 5248 _De
970 5171 1325 5248 Constantini
1345 5172 1444 5248 lli.
1481 5174 1755 5248 religione
1780 5177 2027 5248 paschali

449 5245 534 5320 :_i_d_
575 5242 1040 5320 Euseb:__Pe_uita
1063 5242 1284 5320 ‘Coltst.
1335 5242 1414 5320 ῌ.
1446 5242 1711 5320 _libr.'tv_,_
1763 5242 1884 5320 cap.
1931 5249 2024 5316 22,

446 5312 674 5372 Witteb.
708 5315 868 5380 1758,
893 5315 947 5382 4,
973 5322 1029 5371 et
1062 5312 1121 5370 D.
1160 5305 1388 5370 Erbard.
1431 5315 1630 5371 Anton.
1672 5305 2023 5375 Frominanni

445 5385 527 5441 De
546 5385 698 5440 codd.
731 5387 922 5453 sacris,
934 5384 1096 5455 jussu
1117 5383 1455 5455 Constantini
1498 5387 1562 5440 ab
1597 5387 1826 5444 Eusebio
1868 5407 2026 5444 cura-

449 5458 539 5519 tis,
573 5457 643 5512 ad
694 5455 894 5512 Euseb.
937 5453 1115 5510 Vitam
1163 5453 1347 5511 Const.
1383 5457 1509 5513 libr.
1559 5474 1634 5524 Iv,
1678 5475 1730 5516 c.
1785 5459 1874 5516 56.
1918 5461 2025 5517 Co-

445 5526 606 5596 burg.
635 5527 793 5602 1761,
818 5526 897 5602 Διί,
931 5542 1113 5584 recus.
1144 5527 1202 5581 in
1223 5528 1350 5602 _eju_s
1371 5531 1658 5602 opusculis
1680 5601 1686 5602 ί
1707 5531 2023 5602 philologici

445 5605 608 5666 atque
639 5597 906 5672 historici
929 5597 1271 5672 argumenti,
1291 5597 1529 5672 Goburgi
1562 5597 1726 5668 1770,
1751 5602 1805 5668 8,
1836 5603 2023 5672 p.505

446 5665 568 5736 sqq.
624 5696 695 5708 -—
746 5665 1051 5721 Eusebius‘s
1095 5665 1206 5736 Life
1267 5670 1328 5735 of
1369 5665 1715 5736 Constantia,
1766 5665 1891 5726 with
1951 5691 2022 5728 an

445 5742 655 5812 ειν-ιιὸεοη
682 5739 861 5812 fingitis
893 5737 1098 5812 Praise,
1131 5740 1235 5791 and
1270 5739 1352 5793 his
1394 5742 1600 5795 oration
1632 5752 1683 5794 to
1708 5741 1790 5795 the
1821 5743 2016 5812 clergy.

440 5806 612 5865 Lond.
677 5810 826 5865 1637‘.
873 5837 942 5849 --
997 5810 1301 5866 Saltonltull
1369 5814 1545 5866 versio
1604 5813 1866 5886 Anglica,
1921 5806 2016 5869 ad-

2137 4611 2298 4683 plexa
2351 4615 2459 4685 est)
2512 4611 2854 4687 Pamphilum
2905 4633 3014 4673 una
3071 4634 3197 4674 cum
3247 4617 3486 4675 Eusebio
3533 4620 3720 4690 priora

2135 4707 2376 4780 quinque
2403 4712 2800 4780 composuisse,
2852 4720 3069 4768 sextum
3100 4713 3170 4768 ab
3203 4711 3439 4769 Eusebio
3472 4713 3716 4770 additum

2134 4813 2275 4866 esse,
2304 4806 2537 4856 testatur
2586 4799 2816 4858 Photius
2858 4803 2982 4858 cod.
3017 4819 3188 4859 cxvm
3241 4803 3340 4876 (ὁ).
3370 4802 3572 4862 Confer
3600 4803 3716 4860 Eu-

2132 4893 2344 4948 sebium
2372 4895 2551 4966 ipsum
2585 4909 2661 4960 vr,
2691 4896 2780 4962 55,
2838 4895 3006 4961 Hist.,
3037 4907 3092 4952 et
3137 4913 3258 4967 quae
3301 4898 3370 4954 de
3409 4898 3513 4954 hoc
3551 4915 3718 4970 opere

2133 4982 2510 5044 Tillemontius
2535 4997 2578 5045 t.
2601 4987 2646 5044 V
2683 4989 2906 5045 Memor.
2960 4992 3169 5059 eccles.,
3191 4999 3346 5062 parte
3381 5007 3465 5059 III,
3486 5007 3608 5064 pag.
3644 4991 3717 5047 60

2128 5181 2358 5306 ﬂigi-est
2382 5187 2621 5244 versioni
2658 5186 2732 5244 Η.
2773 5187 2841 5245 Ε.
2869 5191 2938 5248 de
2963 5207 3074 5264 qua
3104 5204 3270 5263 supra
3307 5192 3424 5264 jam
3475 5191 3714 5265 egimus.

2177 5270 2484 5401 ξ’(ἷξόορρι
2507 5327 2583 5401 ibi
2605 5327 3003 5400 Eusebius,illo
3025 5348 3086 5391 se
3122 5334 3178 5388 in
3211 5347 3376 5401 opere
3397 5333 3716 5390 exhibuisse

2126 5395 2358 5475 πίνακας
2387 5397 2506 5475 sive
2533 5399 2745 5456 indices
2792 5395 3056 5475 librorum
3107 5412 3221 5459 tum
3250 5395 3544 5475 'O'rigenjs,
3593 5411 3714 5475 tum

2125 5467 2356 5545 aliorum
2383 5469 2724 5545 scriptorum
2742 5474 3262 5545 ecclesiasticorum,
3293 5467 3432 5544 quos
3452 5473 3712 5545 Pamphi-

2123 5535 2212 5661 ἷζε
2243 5552 2462 5661 ῗὲιέιιιιιο
2497 5535 2681 5597 studio
2711 5543 3053 5600 bibliothecae
3091 5560 3204 5604 sua:
3232 5535 3564 5601 adornanda:
3588 5535 3712 5600 'col-

2173 5623 2238 5661 ae
2332 5646 2346 5661 .

2173 5623 2428 5747 gigni?“
2477 5681 2620 5738 inter
2678 5683 2837 5739 codd.
2901 5684 3123 5740 Latinos
3185 5685 3313 5740 bibl.
3373 5684 3592 5739 Venetae
3636 5681 3704 5740 1).

2344 5750 2464 5807 cod.
2496 5749 2782 5811 XXXVIII.
2820 5753 2872 5811 V.
2907 5755 3029 5812 Cat.
3071 5755 3224 5812 codd.
3259 5755 3407 5823 Lat.,
3446 5772 3569 5829 pag.
3611 5756 3702 5813 17.
