4070 6392
290 377 350 432 ιθ
1757 393 2058 446 summ.
3440 381 3526 438 50'

275 520 380 575 seq.
417 514 472 565 et
497 507 603 564 357
655 523 772 580 seq.
815 505 935 566 Non
978 509 1254 566 assentior
1292 509 1692 566 Bartholomaeo
1718 507 1854 562 Ger-
1880 509 2008 567 Aet
2063 508 2120 562 in
2175 507 2442 578 Supplem.
2496 508 2640 565 Bibt.
2684 507 2803 565 PP.
2849 506 3031 568 Paris.
3088 509 3259 578 1659,
3303 516 3438 570 tom.
3473 515 3522 579 ι,

277 603 467 668 monio,
499 602 593 672 qui
627 601 769 658 libro
799 600 875 656 De
913 600 1195 668 iuereticis,
1243 601 1480 658 codicum
1512 601 1850 658 ecclesiasti-

273 707 442 745 carum
500 691 918 764 corruptoribus,
978 707 1103 764 pag.
1164 692 1271 750 305
1331 709 1474 765 seq.,
1545 693 1848 776 contendit,

276 783 444 841 nullas
490 783 762 856 Pamphili
813 793 998 856 partes
1056 787 1114 842 in
1167 787 1427 858 Apologia
1473 775 1568 858 pro
1627 775 1850 857 Origene

275 879 452 945 fuisse,
475 877 572 934 sed
600 893 808 934 meram
833 877 978 934 banc
1008 876 1180 935 fuisse
1212 878 1483 945 fraudem,
1508 881 1603 952 qui
1631 880 1850 938 Eusebii

275 987 402 1042 opus
424 971 527 1027 sub
555 969 826 1042 Pamphili
848 972 1067 1027 nomine
1092 972 1476 1032 venditaverit.
1509 971 1696 1029 Hebed
1717 971 1851 1030 Jesu

278 1071 442 1118 autem
472 1063 529 1117 in
557 1061 819 1136 Catatogo
852 1061 1108 1118 librorum
1139 1063 1572 1131 Cbatdaicorum,
1597 1080 1721 1138 pag.
1759 1066 1846 1135 19,

279 1161 528 1208 memorat
558 1151 781 1209 Eusebii
828 1152 1022 1208 librum
1080 1155 1462 1226 apologaticum
1502 1171 1599 1224 pro
1643 1155 1851 1210 homine

280 1243 488 1314 quodam
538 1243 872 1316 Origenista,
920 1247 1011 1317 qui
1060 1247 1350 1316 exponebat
1397 1247 1705 1317 Scripturas
1759 1264 1852 1318 per

281 1334 568 1406 allegorias,
607 1345 658 1390 et
697 1337 1083 1407 coarguebatur
1115 1339 1213 1394 hoc
1253 1341 1462 1396 nomine
1489 1357 1524 1396 α
1557 1339 1846 1400 Theodoro.

281 1426 636 1500 DeAntipatri
678 1429 992 1489 Bostrensis
1035 1433 1378 1506 ’Δντιρῤήσει
1435 1435 1533 1506 τῆς
1587 1432 1849 1492 Εὐσεὸίου

281 1521 402 1593 ὑπὲρ
424 1521 521 1576 τοῦ
563 1523 870 1595 Ὠριγένους
895 1525 1208 1596 ἀτωλογιας,
1244 1526 1425 1584 dicam
1456 1525 1602 1584 infra
1633 1527 1691 1584 in
1724 1526 1852 1580 An-

279 1615 479 1685 tipatro.

340 1705 493 1760 XXII.
533 1706 805 1776 Opuscuta
830 1723 925 1764 xw
949 1722 980 1762 a
1007 1707 1214 1765 Jacobo
1245 1707 1538 1765 Sirmondo
1583 1709 1729 1768 edita
1778 1725 1848 1766 ex

1949 613 2074 671 pag.
2104 598 2208 654 826
2243 598 2500 672 (v.'Fabr.
2522 600 2588 655 Β.
2621 599 2714 655 Gr.
2744 597 2881 665 XIII,
2917 615 3041 673 pag.
3070 600 3196 673 8H)
3218 618 3235 670 ;
3261 601 3358 660 sed
3377 601 3525 672 quod

1949 691 2008 747 in
2033 706 2095 748 ea
2124 691 2378 759 refertur,
2403 691 2535 764 quid
2561 691 2830 752 Eusebius
2859 694 3152 765 episcopus
3181 694 3525 764 responderit

1948 782 2280 850 Alexandro,
2320 785 2710 856 interroganti,
2741 800 2901 856 quem
2943 785 3181 842 fructum
3213 786 3394 848 ferant
3427 788 3522 858 qui

1949 881 2171 931 sanctos
2196 881 2250 929 et
2296 873 2452 930 beate
2480 873 2770 931 defunctos
2800 875 3003 945 colant,
3038 876 3154 945 illa,
3209 891 3332 954 qua:
3357 876 3406 935 si
3438 885 3525 934 est

1950 965 2188 1036 genuina
2245 983 2261 1021 :
2310 963 2546 1022 Eusebio
2590 965 2961 1024 Alexandrino
3006 967 3175 1024 tribui
3217 969 3412 1040 possit.
3450 998 3523 1011 —

1950 1055 2222 1113 Praeterea
2292 1057 2556 1115 adnotare
2618 1058 2824 1129 juvat,
2894 1058 2952 1116 in
3024 1059 3153 1116 cod.
3227 1059 3523 1120 Bodleiano

1949 1165 2008 1204 ιι.
2055 1146 2420 1204 MMCCXXIII
2472 1146 2615 1220 (Cat.
2670 1149 2827 1206 codd.
2888 1149 3098 1222 Anglia:
3133 1147 3178 1216 I,
3237 1165 3361 1221 pag.
3398 1151 3532 1222 116)⁴

1949 1247 2188 1305 exstare,
2220 1238 2438 1295 Eusebii
2499 1240 2677 1313 (cujus
2701 1241 2834 1306 sint,
2865 1256 2976 1298 non
3009 1240 3249 1313 additur)
3272 1241 3527 1297 homilias

1951 1341 2097 1400 octo,
2114 1348 2344 1403 quarum
2366 1333 2542 1403 prima
2568 1340 2654 1388 est
2677 1334 2746 1389 ad
2773 1333 3100 1401 monachos;
3130 1333 3225 1394 sed
3246 1333 3303 1387 in
3331 1331 3524 1388 eodem

1949 1425 2074 1482 cod.
2109 1425 2335 1497 reperiri
2373 1425 2574 1480 dicitur
2603 1424 2821 1480 Eusebii
2842 1423 3094 1480 Emeseni
3131 1422 3200 1478 ad
3229 1424 3526 1480 monachos

1950 1517 2176 1574 homilia
2207 1533 2371 1574 nona.
2402 1515 2468 1572 ν.
2493 1516 2635 1573 infra
2661 1517 2731 1576 de
2761 1515 2999 1578 Eusebio
3041 1515 3328 1590 Emeseno.
3367 1546 3436 1556 —
3464 1514 3524 1571 In

1949 1609 2075 1666 cod.
2103 1610 2304 1666 eccles.
2329 1609 2575 1666 cathedr.
2609 1607 2988 1666 Dunelmensis
3013 1623 3073 1666 ιι.
3125 1604 3521 1670 CCLXXXXII.

1949 1703 2173 1764 Eusebii
2227 1704 2402 1773 (nullo
2455 1703 2641 1764 addito
2697 1701 2901 1767 iudicio
2962 1702 3123 1774 .cujus
3186 1702 3296 1762 sit?
3334 1700 3520 1760 forsan

277 1797 472 1856 duobus
491 1814 632 1856 mss.
658 1799 978 1856 monasterii
1001 1799 1388 1858 ﬂerivallensis
1415 1809 1471 1858 et
1511 1800 1571 1859 S.
1603 1801 1846 1859 Cornelii
1876 1849 1918 1865 ἢ
1955 1793 2213 1861 Emeseni,
2246 1794 2303 1850 in
2333 1795 2506 1851 Catal.
2536 1810 2700 1850 mem.
2729 1792 2794 1860 II,
2817 1809 2940 1865 pag.
2963 1792 3018 1864 9)
3063 1807 3243 1849 sermo
3270 1793 3335 1848 de
3367 1795 3518 1848 uati-

280 1889 726 1962 Compendiensis,
770 1899 812 1947 t.
865 1889 911 1945 Il
969 1891 1096 1948 Var.
1127 1909 1332 1963 opusc.,
1360 1893 1539 1950 Paris.
1592 1895 1752 1961 1645,
1785 1895 1839 1965 8,

282 1984 407 2040 unde
460 1999 659 2041 recusa
720 1991 851 2039 sunt
902 1985 959 2041 in
1018 1985 1161 2041 Bibl.
1208 1985 1435 2042 Patrum
1485 1987 1619 2044 edit.
1667 1985 1838 2060 Lugd.

283 2076 422 2140 1675,
442 2084 594 2133 tomo
626 2075 718 2144 Ν,
742 2086 799 2134 et
832 2077 974 2133 inter
997 2075 1272 2138 Sirmondi
1304 2078 1481 2152 Opera
1505 2086 1549 2137 t.
1584 2079 1626 2147 I,
1661 2079 1838 2142 Paris.

282 2166 422 2233 1696,
442 2169 533 2226 fol.

1947 1887 2108 1944 vitate
2133 1886 2368 1942 Domini.
2391 1916 2463 1930 -
2491 1885 2552 1944 In
2603 1887 2784 1942 indice
2821 1885 2889 1941 ad
2923 1885 3032 1942 vol.
3080 1883 3125 1939 Il
3156 1885 3330 1944 Catal.
3358 1885 3520 1948 codd.

1947 1981 2124 2040 Paris.
2161 1981 2297 2039 bibl.
2329 1980 2480 2052 pubi.
2507 1981 2712 2038 citatur
2737 1977 2963 2036 Eusebii
3009 1975 3212 2046 Caesar.
3248 1977 3424 2034 oratio
3467 1978 3524 2032 in

1946 2079 2240 2149 ingressum
2273 2075 2616 2146 iejuniorum.
2643 2103 2716 2114 -—
2744 2071 2803 2129 In
2829 2072 2963 2129 bibl.
2995 2071 3200 2130 Bodlei.
3222 2070 3366 2132 inter
3397 2073 3524 2130 cod.

1947 2169 2122 2228 Laudi
2182 2185 2241 2225 ιι.
2308 2165 2562 2226 DCC.le
2623 2164 2930 2238 fragmenta
3005 2163 3255 2236 quaedam
3306 2165 3401 2222 Gr.
3460 2163 3526 2218 de

340 2260 596 2316 Aduersus
627 2260 922 2321 Sabettium
964 2262 1116 2329 liber,
1170 2263 1288 2320 sive
1343 2265 1525 2336 potius
1555 2262 1777 2320 homilia
1810 2265 1836 2320 I
1941 2263 2250 2333 patiunda
2277 2277 2347 2324 es
2381 2259 2652 2329 Eusebio,
2693 2258 3086 2331 Chrysostomo
3107 2299 3124 2328 ,
3162 2256 3386 2326 Basilio,
3413 2266 3521 2318 etc.

282 2352 389 2407 et2.
416 2351 473 2408 In
493 2353 693 2408 barum
713 2355 898 2424 priore
921 2354 1208 2412 Marcellus
1231 2356 1554 2429 Ancyranus
1575 2357 1844 2428 perstrin-

284 2444 411 2515 gitur
451 2445 536 2504 his
594 2445 781 2503 verbis
838 2462 961 2520 pag.
997 2447 1106 2505 i0:
1138 2446 1322 2515 Pater,
1366 2450 1456 2520 qui
1502 2450 1710 2520 genuit,
1740 2465 1843 2504 non

284 2544 535 2609 paenitetur
589 2542 659 2599 de
711 2541 849 2598 bona
914 2543 1156 2614 progenie
1181 2582 1196 2608 ,
1261 2559 1363 2600 non
1419 2543 1634 2600 devorat
1688 2559 1844 2598 suum

287 2629 485 2688 Filium.
565 2631 864 2687 Irridemus
923 2632 1136 2702 fabulas
1203 2635 1436 2706 gentium
1465 2676 1482 2703 ,
1546 2645 1597 2692 et
1651 2636 1843 2696 iterum

287 2725 470 2781 easdem
491 2725 818 2792 inducimus,
835 2743 940 2782 non
970 2743 1090 2793 nos,
1112 2726 1202 2782 sed
1229 2728 1320 2798 qui
1341 2744 1504 2784 ausus
1524 2724 1601 2786 est
1623 2729 1840 2789 Galata.

289 2813 409 2872 Deus
431 2818 564 2874 enim
596 2833 906 2874 non-uocem
950 2819 1162 2889 genuit,
1203 2818 1295 2873 sed
1332 2818 1554 2888 Filium,
1583 2838 1689 2878 non
1720 2841 1846 2880 ser-

291 2923 488 2973 monem,
531 2906 630 2964 sed
676 2907 872 2975 Vitam,
937 2925 1042 2964 non
1097 2909 1320 2976 dictum,
1384 2911 1476 2967 sed
1532 2910 1720 2970 Deum.
1759 2910 1845 2972 Ἰιι

289 3001 564 3067 posteriore
592 2999 797 3069 sacpius
817 2999 1072 3056 laudatur
1108 3001 1364 3058 memoria
1415 3003 1554 3059 beati
1581 3006 1700 3072 viri,
1750 3023 1848 3079 per

291 3104 429 3159 quem
501 3091 762 3148 Valesius
831 3091 1085 3165 intelligit
1146 3093 1531 3166 Pamphilum,
1609 3099 1847 3158 editores

1948 2358 2121 2414 Han.

2017 2449 2098 2505 De
2141 2445 2464 2519 incorporati
2505 2455 2557 2502 et
2583 2443 2838 2504 inuisibiti
2884 2443 3016 2512 Deo,
3062 2454 3228 2517 atque
3269 2445 3527 2518 incorpo-

1947 2542 2050 2602 rali
2078 2541 2264 2598 anima
2312 2546 2372 2600 et
2418 2538 2693 2612 spirituali
2724 2537 2965 2610 cogitatu
3016 2537 3258 2596 hominis
3289 2539 3527 2596 homilia;

1949 2651 2068 2694 88!.

2020 2727 2098 2782 De
2125 2743 2206 2793 eo,
2233 2723 2373 2798 quod
2397 2726 2474 2786 ait
2502 2722 2761 2786 Dominus
2791 2721 2983 2782 Matth.
3012 2737 3069 2788 x,
3100 2721 3192 2790 54,
3226 2739 3245 2774 ι
3271 2720 3395 2779 Non
3411 2723 3526 2779 ueni

1949 2835 2132 2892 pacem
2154 2817 2360 2874 mittere
2381 2817 2437 2872 in
2471 2825 2688 2878 terram.
2721 2833 2744 2868 s

2020 2911 2100 2967 De
2150 2909 2404 2967 mandato
2455 2906 2672 2964 Domini
2732 2904 2924 2964 Matth.
2960 2921 3032 2973 ι,
3081 2905 3175 2974 57,
3209 2904 3364 2974 Quod
3407 2903 3526 2964 dico

1951 3006 2093 3064 vobis
2125 3006 2181 3060 in
2199 3019 2350 3069 aure,
2382 3017 2548 3072 supra
2586 3006 2721 3058 tecta
2740 3000 3042 3069 prwdicate.

2025 3101 2102 3154 De
2129 3096 2370 3169 operibus
2401 3095 2548 3150 bonis
2575 3103 2626 3149 et
2657 3093 2814 3148 malis
2859 3092 3083 3149 homilia
3111 3092 3138 3148 1
3183 3098 3240 3151 et
3289 3089 3326 3154 2
3361 3088 3427 3146 ad
3458 3089 3504 3146 ll

291 3195 488 3252 operum
525 3183 812 3240 Sirmondi
858 3185 1212 3242 verisimilius
1257 3185 1590 3258 Agapetum,
1623 3187 1843 3246 Eusebii
1871 3201 1916 3262 α
1949 3193 2076 3250 Cor.
2101 3206 2222 3257 vni,
2251 3189 2284 3246 9
2321 3204 2436 3259 seq.

291 3271 631 3334 decessorem.
1462 3349 1469 3356 .

349 3363 421 3421 De
445 3369 829 3424 resurrectione
861 3375 912 3425 et
944 3368 1269 3434 ascensione,
1302 3367 1524 3425 homilia
1557 3369 1582 3424 1
1615 3378 1671 3428 et
1699 3372 1756 3436 2,
1790 3373 1848 3429 in

291 3468 499 3524 quarum
529 3457 838 3527 posteriore
867 3458 1089 3529 copiose
1115 3459 1426 3515 celebratur
1454 3461 1513 3517 S.
1546 3459 1846 3530 Romanus.

292 3544 350 3601 de
373 3563 475 3615 quo
506 3549 784 3605 Eusebius
833 3563 953 3620 cap.
981 3549 1018 3603 2
1049 3549 1128 3605 De
1167 3552 1492 3621 martyribus
1522 3551 1850 3622 Palaestinae,

290 3637 567 3697 cthomilia
621 3639 848 3699 Eusebii
897 3640 1184 3708 Gallicani,
1234 3651 1276 3699 t.
1310 3643 1378 3699 Vi
1433 3645 1576 3704 Bibi.
1625 3645 1854 3706 Patrum

292 3730 406 3788 edit.
469 3733 688 3806 Lugd.,
756 3749 881 3807 pag.
943 3735 1069 3791 671.
1123 3735 1454 3796 Prudentius
1487 3770 1489 3772 -
1517 3739 1851 3814 Peristepb.,

292 3821 470 3894 hymno
493 3845 548 3894 ι,
582 3827 979 3900 Martyrologia
1027 3829 1094 3886 18
1122 3829 1284 3896 Nom,
1315 3841 1420 3888 etc.
1450 3832 1616 3892 ann.
1641 3867 1713 3879 -—-
1741 3837 1854 3892 Eu-

295 3915 410 3971 sebii
440 3919 666 3976 homilia
717 3920 780 3976 de
811 3919 1012 3993 Cbristi
1042 3925 1438 3991 resurrectione,
1473 3924 1570 3984 Gr.
1619 3943 1684 3984 ac
1732 3929 1853 3988 Lat.

294 4024 376 4078 per
399 4011 808 4073 Fr.CombeIis.
844 4015 1020 4072 Paris.
1056 4017 1216 4084 1648,
1267 4019 1387 4086 fol.,
1417 4021 1472 4077 in
1507 4022 1650 4078 Bibl.
1683 4023 1852 4083 Crito.

295 4097 397 4156 Lat.
420 4103 571 4161 Patr.
600 4107 768 4162 Auct.
801 4124 944 4174 non,
971 4109 1078 4164 col.
1106 4109 1228 4166 779.
1255 4141 1326 4153 —
1351 4141 1424 4155 —-
1443 4111 1664 4170 Eusebii
1681 4115 1853 4186 episc.

298 4204 412 4249 orat.
447 4198 511 4254 de
553 4203 1054 4258 commemoratione
1099 4213 1424 4274 sanctorum,
1465 4207 1692 4279 interpr.
1727 4207 1854 4267 Car.

299 4281 544 4356 Fabiano,
613 4293 772 4348 edita
826 4293 884 4348 in
934 4301 1089 4365 parte
1153 4311 1193 4350 ιι
1250 4294 1474 4353 Thomas
1523 4297 1696 4357 Galeti
1731 4302 1857 4359 libri

300 4381 564 4454 Migiosus
615 4385 897 4456 inscripti,
938 4385 1110 4457 Lugd.
1159 4387 1320 4454 1615,
1356 4389 1424 4458 8;
1460 4407 1574 4448 rec.
1617 4393 1675 4449 in
1710 4394 1854 4452 Bibl.

301 4469 396 4530 PP.
421 4475 606 4533 Colon.
641 4476 806 4544 1622,
839 4485 972 4535 ιοω.
992 4477 1111 4547 XV;
1135 4509 1206 4522 —
1228 4481 1286 4536 in
1312 4479 1559 4556 Lugdun.
1582 4482 1853 4557 LXXVII,

358 4633 508 4712 (alin
549 4639 936 4712 Catalacodd.
972 4641 1213 4712 Anglia,
1249 4651 1380 4709 etc.,
1427 4643 1469 4710 Ι,
1507 4646 1653 4704 inter
1695 4647 1856 4706 codd.

303 4702 490 4790 Bodlei,
528 4709 791 4790 n:_21§2.
838 4710 937 4772 44,
963 4702 1165 4790 inesse
1197 4702 1495 4790 dicuntur.
1521 4702 1687 4790 Actus
1707 4702 1863 4790 _Syi;

304 4779 464 4842 restri,
496 4781 646 4835 urbis
682 4779 867 4834 Romw
895 4782 1151 4856 episcopi,
1183 4785 1272 4854 qui
1315 4787 1443 4856 vixit
1477 4787 1533 4840 in
1559 4779 1862 4856 episcopatu

305 4862 442 4902 mos
465 4866 600 4924 unt
617 4892 633 4912 ,
667 4866 872 4924 menses
891 4867 936 4924 7x
958 4892 972 4911 ,
997 4852 1109 4906 dies
1134 4852 1251 4917 xix,
1275 4871 1340 4908 ea:
1375 4852 1595 4912 Eusebii
1626 4852 1823 4914 Graecis
1843 4900 1858 4924 ,

304 4925 553 4990 tltsuctor
579 4922 638 4975 in
677 4921 997 4988 praefatione
1024 4925 1133 4990 ait,
1170 4925 1443 4982 translati.
1485 4958 1555 4970 —-
1580 4925 1756 4981 Paris.
1804 4921 1862 4984 in

306 4982 572 5070 bibl.pub_l.
601 4982 854 5070 Eusebii;
853 4982 1301 5070 Ctesar._homilia
1319 4997 1371 5048 in
1383 4999 1701 5070 memoriam
1724 4982 1864 5054 Con:

308 5059 497 5113 stantini
520 5063 711 5144 imper.
742 5071 791 5114 et
817 5059 1075 5145 Sylvestri
1097 5079 1265 5134 papw.
1289 5067 1478 5134 Incipit
1506 5087 1517 5122 :
1541 5069 1569 5120 ὁ
1677 5068 1766 5121 έτε
1805 5087 1865 5134 ος

311 5124 697 5192 ίστσριογραφος
735 5131 1024 5192 Εὐσέϐιος,
1063 5150 1117 5188 ιιι
1153 5135 1312 5189 codd.
1353 5071 1862 5192 DCCXXQkVIﬁI.

311 5087 495 5113 ιιιιηιιιη
520 5087 711 5128 imper.
742 5087 790 5114 ei
817 5087 1069 5130 oywesirr
1097 5087 1265 5134 νίψω.
1289 5087 1478 5134 ιιιυιριι
1506 5087 1517 5122 :
1541 5087 1569 5120 ο
1677 5087 1766 5121 ετε

311 5124 697 5201 ξςῖνζοξρχράφος
735 5131 1024 5199 Εὐσέϐιος,
1063 5135 1117 5188 in
1153 5135 1312 5189 codd.
1353 5087 1802 5192 DCCXXRkVIﬁ

311 5181 621 5257 ιιούχιζὶίῖ
637 5181 697 5256 ei
727 5181 1864 5264 ιῖιιιίῑιιιζῖ-’ὗιιῖἷιόὗὸηῐενιῖιῖἷιῖῑῖἑὲἑέἓ

311 5278 409 5350 tea,
443 5271 562 5350 god.
606 5271 841 5350 ιιιςχι,
863 5289 930 5350 n._
965 5271 1027 5328 II.
1070 5274 1246 5350 (cujus
1275 5277 1491 5350 initium
1519 5294 1574 5350 ν,
1602 5294 1765 5350 supra
1795 5280 1864 5335 ad

313 5346 420 5394 sect.
443 5339 510 5396 20
545 5343 875 5414 redditum),
898 5341 966 5398 de
982 5339 1090 5414 quo
1105 5339 1308 5402 multus
1327 5355 1411 5402 est
1428 5339 1688 5404 Lambec.’
1708 5349 1867 5404 Com-

316 5420 444 5462 ment.
473 5419 608 5486 tom.
644 5408 948 5486 Vl_ll,_pa_g_.
983 5408 1108 5486 €83,
1136 5430 1283 5486 sqq.,
1313 5418 1404 5486 qui
1427 5434 1496 5473 ex
1533 5420 1864 5476 narrationis

318 5483 547 5560 protentio
569 5482 860 5560 patefacit,
890 5482 1261 5560 Eusebium-in
1285 5482 1481 5560 magno
1499 5489 1684 5559 aliquo
1702 5506 1866 5560 opere

319 5556 372 5629 ait.
425 5551 684 5629 librorum
710 5553 786 5629 de
815 5553 1060 5629 omnium
1091 5553 1202 5629 fere
1225 5551 1628 5627 provinciarum
1661 5551 1866 5629 marty-

322 5617 475 5699 tibus,
522 5617 1327 5699 episcopis,_coniessoribus,
1361 5635 1509 5699 etc.,
1577 5619 1866 5699 scripsisse

324 5691 518 5770 pomum
556 5691 787 5747 ’ϐιαιὸο
843 5691 1103 5770 Sylvestri
1159 5711 1311 5770 papae
1361 5691 1580 5770 Vitam,
1637 5691 1864 5770 eantque

326 5766 474 5884 mia
515 5778 854 5832 anonymum
884 5765 1145 5819 incertum
1173 5765 1492 5836 inlinguam
1518 5765 1864 5824 transtulisse

453 5845 566 5884 am.
599 5843 658 5884 et
697 5847 769 5884 ex
806 5835 1027 5884 antiuua
1074 5834 1163 5884 illa
1199 5835 1389 5884 Latina
1437 5840 1685 5884 versione
1731 5856 1859 5884 ηιθυ-

453 5845 566 5898 am,
599 5843 658 5889 et
697 5847 769 5889 ex
806 5835 1028 5901 antiqua
1073 5834 1164 5892 illa
1197 5834 1390 5893 Latina
1437 5840 1685 5895 versione
1731 5856 1859 5900 Dro-

2023 3283 2154 3340 Haec
2181 3281 2448 3353 opuscula
2479 3295 2548 3336 ex
2570 3278 2760 3336 ϐιωεο
2787 3293 2946 3335 versa
2986 3292 3110 3338 esse
3127 3319 3143 3346 ,
3165 3277 3334 3334 variis
3361 3291 3522 3348 argu-

1948 3377 2149 3434 mentis
2203 3373 2504 3445 colligitur,
2539 3387 2718 3442 neque
2761 3369 2999 3428 Eusebio
3052 3369 3389 3428 Caesareensi
3441 3369 3528 3425 iu-

1948 3469 2113 3540 digna
2139 3475 2288 3532 sunt,
2320 3464 2480 3535 eique
2515 3462 2832 3518 tribuuntur
2859 3477 2891 3517 ιι
2930 3461 3256 3528 Sirmondo,
3287 3459 3527 3526 Valesio,

1949 3562 2023 3618 du
2050 3561 2208 3616 Pinio
2231 3558 2462 3628 aliisque
2499 3553 2682 3628 (codd.
2725 3554 2815 3626 qui
2857 3553 3232 3619 nominantur,
3254 3563 3309 3608 et
3338 3551 3530 3609 Hiero~

1951 3653 2105 3727 nymi
2179 3652 2506 3707 auctoritate
2577 3645 2780 3720 fultis].
2845 3645 3034 3720 Neque
3100 3645 3279 3716 placet
3336 3647 3526 3716 Opinio

1951 3747 2139 3812 Cavei,
2194 3745 2287 3817 qui
2336 3743 2545 3799 incerta
2591 3740 2910 3811 conjectura
2960 3740 3167 3803 mavult
3209 3737 3414 3794 referre
3459 3738 3529 3792 ad

1953 3838 2252 3896 Eusebium
2307 3835 2655 3892 Emesenum.
2709 3831 2843 3906 [Nec
2889 3832 3068 3906 placet
3123 3829 3341 3888 Oudino
3380 3830 3418 3885 ι.
3451 3845 3530 3898 c.,

1953 3950 2077 4008 pag.
2095 3930 2248 4007 5I3.]

2024 4021 2216 4079 XXIII.
2237 4023 2372 4078 Acta
2391 4020 2647 4094 Syloestri
2660 4019 2914 4090 papwyad
2931 4017 3222 4074 Eusebium
3246 4024 3524 4080 auctorem

1955 4117 2270 4174 referuntur
2309 4115 2364 4170 in
2408 4111 2735 4185 quibusdam
2767 4109 2930 4166 codd.
2968 4109 3045 4183 (α)
3085 4118 3139 4164 et
3183 4123 3214 4162 a
3262 4107 3524 4164 Ratramo

1957 4210 2102 4266 libro
2145 4225 2198 4264 tv
2253 4205 2452 4262 Contra
2495 4219 2698 4259 errores
2750 4201 3074 4258 Grecorum.
3133 4199 3235 4256 Sed
3285 4217 3434 4256 error
3469 4215 3533 4255 ex

1957 4302 2139 4362 multis
2168 4299 2479 4369 manifestus
2505 4298 2768 4369 arguitur,
2791 4295 2970 4378 inquit
2994 4295 3258 4353 Baronius
3287 4295 3356 4349 ad
3383 4293 3534 4352 Mar-

1959 4397 2186 4470 tyrolog.
2208 4395 2272 4450 ’51
2309 4393 2461 4458 Dec.,
2488 4407 2607 4445 cum
2634 4398 2684 4446 et
2713 4386 2924 4446 Gelasio
2955 4397 3086 4444 teste
3121 4398 3244 4444 acta
3277 4387 3532 4456 Sylvestri

1960 4469 2159 4549 incerto
2188 4499 2400 4545 auctore
2432 4487 2540 4542 sint
2582 4484 2801 4554 scripta.
2837 4481 3059 4540 Confer.
3097 4481 3267 4539 Wiib.
3313 4479 3543 4540 Ernesti.

1963 4651 2134 4708 diisse
2174 4647 2354 4705 denuo
2405 4645 2561 4716 hanc,
2587 4642 2832 4716 ejusdem
2855 4640 3216 4716 Vitaenoyam
3251 4642 3530 4716 editionem

1963 4722 2211 4792 Grrecam
2225 4724 2481 4792 ;_vetusta
2507 4715 2598 4792 illa
2616 4711 2750 4792 'vitae
2773 4714 3061 4792 translatio
3091 4713 3382 4792 Latina,in
3398 4711 3538 4792 duos

1962 4793 2134 4848 libros
2163 4784 2374 4856 divisa,
2405 4795 2492 4844 est
2535 4787 2592 4840 in
2627 4785 2855 4856 antiquo
2895 4785 3019 4840 cod.
3065 4784 3368 4839 membran.
3400 4785 3531 4839 bibl.

1962 4861 2287 4918 Caesariens.
2323 4854 2465 4920 inter
2504 4855 2665 4914 codd.
2709 4854 2932 4913 Latinos
2963 4856 3258 4912 historicos
3282 4895 3295 4917 ,
3329 4871 3393 4909 ex
3427 4871 3538 4923 quo

1961 4931 2218 4988 Lambcc.
2259 4932 2528 5001 apposuit
2541 4929 2763 5001 longum
2793 4926 3278 5001 progemiijocum.
3311 4925 3452 4979 Idem
3483 4926 3537 4979 in

1962 4995 2347 5059 Additameuio
2376 5015 2438 5054 ιιι
2475 4998 2594 5069 (lib.
2645 4995 2721 5059 iv,
2765 4995 2820 5069 p.
2850 4996 3014 5067 482),
3039 4995 3228 5069 docet,
3272 5002 3537 5069 quantum

1964 5089 2060 5136 ea,
2089 5071 2291 5143 quaeqin
2323 5071 2427 5126 hoc
2470 5067 2661 5143 codice
2696 5073 2754 5143 et_
2781 5067 2884 5122 hac
2915 5067 3232 5143 narratione
3271 5067 3340 5121 de
3369 5079 3539 5143 sacro

1809 5141 1862 5203 I.
1963 5134 2183 5198 lavacro
2203 5140 2549 5196 Constantini
2572 5138 2643 5192 Μ.
2667 5137 3002 5205 referuntur,
3025 5152 3056 5190 a
3076 5135 3341 5192 relatione
3367 5134 3542 5190 Euse-

1964 5213 2037 5268 bii
2066 5212 2330 5281 Pamphili
2355 5210 2582 5281 inilibro
2628 5226 2680 5281 ut
2715 5208 2790 5262 De
2810 5211 2916 5281 vita
2941 5206 3172 5281 ejusdem
3202 5206 3540 5281 imperatoris

1964 5277 2275 5352 discrepent.
2307 5312 2376 5321 —
2408 5279 2620 5334 Eusebii
2647 5279 2914 5348 Pamphili
2942 5277 3005 5352 de
3034 5277 3254 5352 theolog.
3285 5277 3542 5352 ambigui-

1968 5347 2164 5408 tatibus
2209 5361 2294 5407 est
2337 5351 2392 5405 in
2432 5353 2570 5405 libro
2598 5347 2862 5420 inscripto
2892 5369 2906 5402 :
2937 5347 3157 5420 Georgio
3173 5347 3352 5420 __Vatla
3380 5350 3543 5420 inter-

1964 5435 2125 5494 prete.
2159 5423 2446 5492 Nicephori
2483 5417 2793 5494 B_lemmidsé
2819 5420 2988 5494 iogica
3017 5436 3034 5474 :
3066 5417 3128 5472 ϐ.
3173 5417 3342 5494 itaita;
3369 5418 3538 5473 libell.

1965 5488 2044 5565 De
2086 5488 2405 5565 argumentis
2444 5508 2459 5545 :
2493 5489 2731 5565 Eucliciis
2778 5488 3396 5565 elementorum__)_{_lvu',
3429 5496 3539 5565 etc.-

1971 5559 2168 5620 Venet:
2192 5565 2286 5633 per
2314 5563 2524 5633 Anton.
2548 5563 2616 5617 de
2657 5561 2835 5616 Strata
2865 5562 3026 5618 M88.
3057 5592 3126 5602 —
3149 5560 3286 5633 ibid.
3320 5576 3418 5633 per
3452 5559 3544 5633 ξι-

1966 5652 2094 5690 mon
2126 5627 2467 5703 Pa'piensem,
2497 5632 2702 5686 dictum
2739 5627 3541 5703 Bevilaquanniibas,'fol._!.

1967 5705 2128 5761 Fabr.
2148 5697 2293 5758 BIL.
2314 5702 2448 5757 med.
2482 5712 2529 5756 et
2557 5703 2725 5772 inﬁm.
2763 5707 2878 5770 wh,
2925 5697 3056 5759 edit.
3086 5701 3278 5765 Mansi,
3297 5709 3428 5756 tom.
3449 5697 3549 5768 Vi,

1969 5793 2018 5846 ν.
2061 5777 2188 5830 est.
2229 5775 2398 5829 ΙΙΑιιι.
