4070 6392
488 453 548 508 51
1478 457 1818 515 EUSEL‘IUS
1855 455 2334 516 CESARIENSIS
2373 455 2770 516 EPISCOPUS.
3669 443 3739 498 εί

490 571 736 631 Teuselii
761 571 906 628 Dies.
939 573 1190 639 selectos,
1221 589 1277 650 p.
1309 572 1415 629 504
1450 589 1568 644 seq.
1617 572 1846 630 Exstant
1868 571 2060 628 Latine
2087 577 2136 636 Δ

486 662 630 731 apud
661 661 1061 729 Hombritium,
1087 671 1223 720 tom.
1256 663 1336 731 Il,
1372 673 1428 721 et
1455 664 1559 719 alia
1592 680 1659 720 ex
1701 664 2063 735 Metaphraste

485 753 630 824 apud
671 753 1069 826 Lipomannum
1089 763 1260 825 ,tom.
1286 755 1354 818 V.
1379 764 1434 810 et
1471 755 1693 812 Surium
1728 756 1796 811 ad
1829 758 1890 812 51
1932 755 2058 813 Dec.

481 845 673 904 Edidit
719 854 776 905 et
835 848 1193 908 Combelisius
1240 852 1376 906 Acta
1408 850 1661 923 Sylvestri
1706 863 1757 907 et
1795 851 2061 909 Constan-

481 938 619 1005 sini,
650 955 682 996 e
701 940 901 1012 quibus
932 941 1355 1012 disputationem
1385 942 1894 1008 adversuslludmos
1920 960 2058 1014 prie-

482 1039 638 1089 sonte
667 1032 1028 1090 Constantino
1071 1049 1102 1088 a
1136 1031 1414 1107 Sylvestro
1449 1041 1505 1092 et
1547 1035 1775 1092 Zambre
1814 1038 2054 1092 habitam

478 1124 678 1194 repetit
722 1123 778 1180 in
827 1123 970 1180 Bibl.
1012 1127 1426 1192 concionatoria,
1467 1135 1509 1182 t.
1565 1126 1642 1193 II,
1687 1127 1754 1183 ad
1811 1127 1966 1183 Dom.
2036 1146 2051 1183 I

479 1214 940 1288 Quadragesimar.
973 1216 1054 1273 Ex
1089 1218 1201 1274 illis
1237 1218 1467 1275 hausere
1489 1219 1732 1276 Zonaras
1759 1234 1822 1275 ac
1851 1219 2054 1275 Cedre-

477 1321 585 1364 nus
609 1347 624 1372 ,
651 1316 707 1364 et
739 1310 795 1365 in
821 1308 1110 1366 Chronicis
1147 1325 1282 1367 mss.
1319 1310 1583 1383 Georgius
1623 1310 1969 1368 Hamartolus
1996 1321 2051 1368 et

479 1394 703 1453 Simeon
745 1396 1060 1472 Logotheta.
1112 1400 1248 1457 Vide
1300 1399 1567 1472 Cangium
1618 1401 1686 1456 ad
1746 1401 2042 1470 Zonaram,

476 1504 601 1560 pag.
630 1489 720 1544 28.
978 1546 985 1555 ,

1021 1580 1215 1638 XXIV.
1251 1582 1485 1638 Inedita.

542 1666 694 1724 Libri
751 1687 806 1725 tv
866 1669 1182 1744 Eclogarum
1231 1673 1681 1742 propheticarum,
1729 1672 1797 1731 de
1844 1673 2042 1744 quibus

472 1775 638 1830 supra
660 1776 716 1815 ιι.
738 1759 805 1818 II.
843 1759 967 1818 Vide
996 1762 1125 1820 ibid.
1151 1762 1545 1820 adnotationem
1573 1774 1831 1820 nostram.
1857 1763 2038 1836 (Eon.

471 1853 670 1926 Pus.)

2243 574 2308 629 Ἦ
2341 575 2568 628 καθόλου
2606 567 2950 642 στοιχειώδης
2978 567 3274 642 εἰσαγωγή.
3304 568 3480 642 Supra
3508 587 3565 629 ιι.
3594 573 3644 626 5.

2231 665 2623 722 Ecclesiasticae
2677 663 3150 720 Demonstrationis
3206 665 3348 718 libri.
3395 663 3550 721 Phot.
3603 667 3726 725 cod.

2156 773 2252 814 xu.
2313 760 2652 816 Colomesius
2691 767 2925 830 quatuor
2960 758 3132 814 libros
3171 756 3341 813 fuisse
3378 765 3569 828 putat,
3601 760 3728 830 quia

2157 859 2392 923 quatuor
2418 851 2541 906 libri
2566 850 2884 921 Eclogarum
2904 849 3326 920 propheticarum
3353 857 3570 905 exstant
3590 867 3722 908 mss.

2155 946 2211 998 in
2255 943 2389 1000 bibl.
2427 943 2833 998 Vindobonensi
2875 962 2890 998 :
2937 943 3032 998 sed
3074 943 3132 997 in
3182 943 3330 997 calce
3379 943 3504 998 libri
3547 945 3725 1013 quarti

2153 1035 2371 1091 illarum
2425 1035 2746 1108 Eclogarum
2787 1037 2988 1092 diserte
3028 1034 3194 1090 tradit
3233 1034 3533 1098 Eusebius,
3579 1035 3727 1090 hunc

2150 1144 2276 1187 esse
2307 1130 2504 1185 librum
2548 1131 2730 1200 operis
2766 1143 2987 1184 nonum.
3023 1127 3088 1181 Et
3135 1127 3360 1199 Eclogas
3400 1130 3726 1197 propheticus

2148 1220 2502 1276 verisimilius
2543 1220 2738 1275 habeat
2775 1219 2973 1290 aliquis
3023 1233 3122 1288 pro
3161 1227 3312 1288 parte
3356 1218 3453 1288 τῆς
3497 1217 3725 1272 καθόλου

2151 1310 2521 1381 στοιχειώδους
2562 1310 2899 1380 εἰσαγωγῆς,
2946 1316 3003 1362 ιιι
3045 1308 3226 1362 notavi
3276 1323 3439 1377 supra
3483 1324 3633 1362 num.
3665 1309 3718 1364 5.

2147 1399 2428 1458 Laudatur
2463 1403 2680 1458 EUSebii
2719 1401 3175 1472 Ἐκκλησιαστικὴ
3206 1398 3478 1465 ἀπόδειξις
3503 1399 3557 1455 in
3590 1400 3724 1455 lure

2148 1491 2630 1558 Graeco-Romano,
2676 1493 2800 1546 libr.
2843 1507 2916 1552 Iv,
2943 1506 3064 1562 pag.
3100 1490 3224 1546 295.

2218 1586 2420 1642 Contra
2458 1585 2810 1656 Porphyrium
2834 1599 2933 1654 pro
2957 1583 3270 1639 Christiana
3309 1584 3565 1655 religione
3595 1584 3719 1640 libri

2143 1693 2273 1732 xxx.
2314 1677 2470 1732 Suid.
2512 1675 2589 1731 De
2619 1675 2820 1745 quibus
2858 1680 3068 1728 tantum
3095 1672 3285 1742 viginti
3333 1672 3399 1725 ad
3435 1687 3493 1726 se
3533 1686 3719 1740 perve-

2140 1773 2330 1835 nisse,
2389 1773 2464 1824 ait
2506 1768 2866 1839 Hieronymus
2917 1781 3035 1835 cap.
3092 1764 3156 1820 81
3209 1761 3471 1834 Catalogi.
3511 1761 3718 1818 Horum

2143 1865 2318 1920 tribus
2367 1861 2660 1933 postremis
2705 1858 3053 1922 confutasse,
3081 1872 3203 1933 qua:
3240 1863 3431 1910 contra
3477 1855 3717 1912 Danielis

542 1949 926 2022 Fragmentum
947 1953 1012 2008 de
1048 1953 1306 2010 mensuris
1328 1971 1392 2010 ac
1414 1953 1752 2024 ponderibus.
1797 1953 1928 2014 Mss.
1963 1952 2036 2009 Is.
2073 1927 2118 1983 Β
2143 1927 2460 2028 prophetiae
2488 1959 2771 2024 argutatus
2796 1950 2937 2007 idem
2963 1927 3297 2022 Porphyrius
3325 1947 3517 2012 fuerat,
3549 1955 3716 2003 testa-

468 2037 652 2097 Vossii
681 2057 738 2098 ιι.
774 2040 896 2099 179.
919 2041 1084 2100 ann.
1106 2075 1178 2086 —
1196 2043 1293 2101 Est
1313 2046 1370 2101 in
1391 2046 1513 2103 cod.
1530 2044 1738 2101 Veneto
1758 2045 1821 2101 ι).
1849 2043 2036 2101 Marci.

466 2135 616 2208 (Vid.
640 2135 815 2194 Catal.
849 2138 1002 2196 codd.
1037 2138 1156 2204 Gr.,
1183 2156 1240 2214 p.
1274 2139 1426 2215 261.)
1447 2170 1519 2182 -
1539 2139 1682 2197 Inter
1701 2140 1865 2198 codd.
1901 2140 2039 2198 Vos-

465 2229 656 2286 sianos
715 2245 775 2287 n.
848 2229 1133 2288 MMCCXC
1207 2230 1352 2305 (Cat.
1426 2232 1579 2290 codd.
1643 2234 1886 2306 Anglice,
1955 2234 2033 2299 II,

465 2335 520 2390 p.
564 2319 674 2389 62).
720 2319 940 2379 Eusebii
969 2323 1163 2396 fragm.
1210 2324 1276 2382 de
1312 2327 1571 2427 mensuri:
1604 2334 1656 2382 et
1695 2325 2033 2396 ponderibus.

462 2413 638 2470 ΗΑιιι..

533 2505 614 2561 De
643 2516 811 2563 morte
845 2505 1074 2563 Herodis
1094 2545 1111 2573 ,
1151 2524 1256 2566 ms.
1284 2507 1340 2565 in
1374 2509 1506 2567 bibl.
1536 2509 1703 2566 Basil.

531 2592 903 2665 Praefatioad
938 2597 1219 2655 Canticum
1249 2597 1417 2655 Musis
1444 2601 1499 2655 in
1532 2599 1740 2657 Exodo.
1773 2599 2025 2658 Lambec.

458 2682 564 2751 Ill,
599 2699 653 2757 p.
679 2687 750 2744 55
778 2686 877 2759 (a).

748 2778 919 2836 XXV.
953 2779 1169 2852 Scripta
1209 2781 1424 2839 Eusebii
1449 2784 1736 2856 deperdita.

524 2871 726 2927 Praeter
770 2873 972 2928 multas
1022 2881 1204 2944 partes
1252 2889 1512 2948 operum,
1558 2877 1627 2933 de
1672 2879 1871 2950 quibus
1911 2881 2022 2951 jam

2141 2057 2230 2104 tur
2261 2049 2402 2104 idem
2446 2046 2808 2118 Hieronymus
2835 2043 2903 2098 ad
2931 2043 3219 2098 Danielem.
3244 2041 3386 2096 Alibi
3414 2041 3581 2097 libros
3610 2058 3715 2097 xxv

2137 2145 2418 2204 numerat,
2448 2137 2611 2208 epist.
2665 2135 2733 2190 ad
2781 2134 3034 2206 Magnum
3079 2140 3372 2190 oratorem.
3404 2131 3615 2188 Laudat
3657 2141 3712 2188 et

2139 2231 2394 2288 Socrates
2427 2246 2518 2296 ιιι,
2546 2230 2650 2296 25,
2681 2243 2802 2300 pag.
2825 2227 2952 2283 200.
2983 2225 3098 2282 Hoc
3133 2241 3270 2296 opus
3309 2223 3494 2281 Romae
3532 2227 3710 2281 adhuc

2135 2324 2375 2389 servari,
2401 2323 2566 2378 nimis
2591 2330 2794 2376 temere
2823 2319 2980 2374 multi
3005 2317 3237 2374 credunt
3259 2359 3275 2385 ,
3301 2317 3478 2388 inquit
3501 2316 3709 2372 Holsle—

2131 2419 2260 2474 nius
2299 2417 2377 2472 De
2420 2414 2705 2486 Porphyrii
2754 2413 2994 2482 scriptis,
3036 2425 3156 2482 pag.
3204 2410 3294 2464 65.
3338 2410 3704 2480 Apollinarem

2132 2511 2222 2578 iis,
2253 2525 2374 2582 quae
2403 2507 2672 2564 Eusebius
2703 2515 2758 2561 et
2782 2503 3090 2560 Methodius
3128 2509 3318 2558 contra
3343 2501 3704 2574 Porphyrium

2129 2600 2375 2672 scripsit,
2405 2597 2622 2671 praefert
2650 2596 3044 2670 Philostorgius
3077 2610 3206 2661 VIII,
3239 2594 3326 2649 14.
3368 2592 3458 2666 [ν.
3495 2595 3602 2650 vol.
3634 2591 3703 2658 ν,

2129 2707 2252 2764 pag.
2287 2690 2434 2763 747.]

2197 2783 2445 2854 Ἐλὲγχου
2475 2781 2569 2836 καὶ
2595 2780 2930 2850 Ἀπολογίας,
2957 2777 3344 2848 Confutationis
3364 2785 3415 2832 et
3435 2774 3704 2848 Apologia

2127 2889 2230 2945 pro
2265 2873 2579 2930 Christiana
2616 2872 2878 2943 religione
2915 2870 3175 2926 adversus
3224 2868 3567 2925 ethnicorum
3597 2868 3700 2924 ob-

454 2962 661 3019 dictum
713 2970 830 3030 est,
880 2964 1250 3022 ecclesiasticae
1283 2971 1698 3039 Praeparationis
1751 2971 1906 3038 libri,
1966 2973 2022 3028 in
2119 2965 2419 3038 jectiones,
2455 2965 2578 3020 libri
2615 2965 2757 3030 duo,
2795 2971 2956 3035 atque
2989 2963 3081 3018 alii
3127 2962 3254 3017 libri
3299 2961 3409 3017 duo
3456 2961 3698 3054 ejusdem
3735 3045 3747 3054 _

451 3056 654 3130 quibus
691 3056 926 3128 Eclogie.
968 3057 1125 3113 Phot.
1166 3059 1289 3115 cod.
1317 3078 1371 3117 xi
1393 3102 1408 3128 ,
1439 3063 1534 3119 ubi
1565 3079 1826 3122 numerus
1854 3065 2022 3121 libro-

450 3169 572 3210 rum
600 3154 821 3210 excidit.

2121 3057 2428 3128 argumenti
2449 3065 2502 3113 et
2522 3057 2806 3113 sententiis
2826 3056 3114 3126 verbisque
3129 3054 3516 3126 propemodum
3535 3053 3697 3109 iidem

2122 3150 2283 3223 (forte
2315 3150 2482 3204 altera
2507 3150 2748 3220 priorum
2775 3148 3024 3219 ἑκδοσις).
3048 3145 3206 3202 Phot.
3225 3147 3348 3202 cod.
3383 3161 3508 3201 xui.
3530 3142 3694 3200 Falli-

523 3244 919 3318 [Εὑαγγελικὴ
951 3247 1276 3317 accedi-sta
1295 3248 1379 3304 bis
1407 3249 1609 3304 citatur
1636 3250 1693 3304 in
1723 3250 1927 3306 Catena
1961 3252 2013 3306 iu

2120 3251 2208 3296 tur
2239 3241 2507 3304 Valesius,
2539 3243 2631 3312 qui
2663 3243 2830 3296 libros
2856 3249 3041 3295 contra
3071 3238 3422 3311 Porphyrium
3452 3252 3575 3292 cum
3608 3236 3694 3291 his

447 3337 650 3394 Lucam
673 3342 730 3396 in
756 3343 880 3398 cod.
901 3340 1207 3397 Vindohon.
1226 3341 1474 3399 Caesareo
1496 3342 1654 3411 XLII,
1685 3351 1822 3400 teste
1859 3345 2022 3401 Lam-

446 3436 606 3492 becio
634 3437 1013 3508 Commentar.,
1046 3450 1179 3499 tom.
1225 3441 1313 3503 Ill.
1355 3458 1409 3512 p.
1453 3441 1587 3509 166,
1629 3450 1744 3498 not.
1776 3444 1829 3498 4.
1857 3443 2019 3502 Conf.

445 3543 649 3600 supra,
681 3547 738 3587 n.
774 3531 827 3588 8.
862 3531 1034 3588 ΗΑιιι..
1085 3535 1467 3608 Fragmentum
1499 3552 1562 3593 ex
1600 3535 1818 3593 Eusebii
1846 3538 2022 3608 Opere

443 3622 665 3691 deperd.
715 3623 1049 3694 Theophania
1091 3644 1272 3699 evang.
1322 3646 1353 3686 e
1397 3631 1524 3686 cod.
1567 3630 1796 3688 Coislin.
1843 3629 2014 3693 Giitt.,

445 3713 618 3779 1740,
673 3714 755 3788 4.]
814 3717 973 3789 (Vide
1019 3729 1199 3774 notam
1237 3731 1474 3776 nostram
1521 3724 1625 3781 col.
1689 3723 1782 3780 25.
1832 3722 2016 3794 Eorr.)

511 3805 724 3864 Cavens
767 3808 872 3874 ait,
926 3811 984 3865 in
1041 3811 1176 3868 bibl.
1225 3813 1558 3882 Bodleiana,
1610 3816 1733 3872 cod.
1785 3816 2013 3872 Barocc.

440 3896 721 3965 CXLVIII,
735 3910 949 3957 exstare
965 3920 1144 3958 novem
1157 3906 1402 3962 homilias
1423 3909 1526 3964 sub
1539 3908 1753 3964 Eusebii
1771 3910 2012 3973 nomine,

439 3989 499 4047 in
547 3994 865 4049 memoriam
895 4005 1208 4052 sanctorum
1227 4037 1244 4061 ,
1268 3999 1363 4054 sed
1396 4001 1632 4069 spurias.
1663 3999 1854 4056 Exstat
1886 4016 2014 4056 vero

435 4083 513 4140 ibi
540 4084 703 4140 unica
727 4087 1130 4155 tantummodo,
1156 4105 1277 4160 quae
1297 4106 1439 4144 nona
1477 4091 1817 4146 inscribitur.
1844 4089 2008 4148 ann.

441 4176 561 4231 Vid.
591 4193 759 4248 supra
783 4217 799 4244 ,
831 4181 899 4234 ad
936 4197 993 4235 ιι.
1029 4181 1119 4246 25,
1158 4181 1227 4238 de
1265 4183 1486 4239 homilia
1527 4183 1604 4238 De
1633 4185 2012 4240 resurrectione

433 4267 711 4324 adnotata.

505 4359 648 4426 Opus
671 4363 922 4420 adversus
961 4365 1184 4423 hwreses
1226 4369 1406 4424 atheas
1451 4369 1702 4441 promisit
1740 4368 2010 4428 Eusebius

428 4449 487 4506 in
525 4453 639 4509 ﬁne
686 4455 807 4509 libri
840 4473 892 4511 Iv
922 4455 1242 4528 Eclogarum
1267 4499 1282 4525 ,
1342 4468 1482 4516 teste
1516 4459 1768 4520 Lambec.
1799 4463 2003 4520 Comm.

425 4533 652 4600 de-bibl.
673 4545 940 4608 Cresarea,
968 4564 1091 4620 pag.
1120 4550 1248 4606 202.

451 4713 454 4718 _
498 4637 784 4706 Prop/retia
812 4639 1026 4695 Eusebii
1056 4641 1256 4698 Cwsar.
1301 4651 1352 4698 et
1393 4643 1578 4714 fratris
1608 4643 1908 4704 Columbini
1933 4649 1997 4704 de

423 4728 739 4799 quibusdam
772 4735 1030 4788 eventuris
1067 4738 1120 4788 in
1163 4733 1468 4791 Christiano
1515 4737 1658 4805 orbe,
1683 4737 1894 4807 Latine,
1933 4748 1996 4796 ut

421 4821 670 4888 videtur,
711 4823 766 4877 in
807 4824 939 4880 bibl.
969 4827 1175 4882 Bodlei.
1224 4828 1366 4884 inter
1412 4829 1574 4885 codd.
1623 4829 1866 4888 Kenelmi
1898 4831 1992 4888 Di-

419 4915 591 4985 gbaei,
621 4931 680 4970 n.
713 4914 1048 4984 MDCClllC,
1084 4921 1244 4975 catal.
1285 4920 1438 4977 codd.

490 5007 548 5063 In
589 5007 864 5066 Anastasii
909 5012 1300 5078 Qucestionibus
1345 5026 1395 5071 et
1437 5019 1895 5086 responsionibus,
1929 5037 1994 5075 ea:

416 5100 582 5154 uariis
614 5099 716 5156 SS.
737 5103 1008 5170 partibus,
1037 5105 1094 5158 in
1127 5103 1352 5162 Niconis
1378 5106 1786 5165 Collectionibus
1816 5128 1991 5166 rerum

387 5186 700 5245 ‘moralium
760 5193 993 5264 aliisque
1038 5202 1169 5251 vett.
1216 5195 1310 5252 Cr.
1355 5195 1630 5271 ﬂorilegiis
1679 5202 1882 5270 passim
1934 5204 1988 5256 in

414 5280 574 5336 codd.
616 5282 871 5347 Coislin.,
902 5283 1322 5356 Mediceis,etc.,
1360 5290 1660 5362 fragmenta
1693 5307 1990 5352 occurrunt

412 5369 742 5428 Eusebiana.
777 5373 948 5430 ΒΑΜ..

485 5589 1218 5684 flenfgdicg‘pergalmeno
1237 5601 1424 5684 saeculi
1454 5619 1530 5684 xit
1560 5608 1640 5662 Vel
1663 5623 1760 5662 xm
1791 5608 1988 5684 biblio:

411 5662 1006 5750 uniyersitatis
1047 5667 1436 5750 vaanietlsis,
1479 5677 1536 5750 4ο
1581 5693 1767 5746 parvo,

410 5731 611 5802 legitur
652 5753 666 5789 :
699 5735 900 5791 Omelie
939 5753 1018 5792 xu
1058 5737 1272 5795 Eusebi
1307 5731 1894 5820 Cesariens'isiepiscdpi
1923 5731 1987 5805 de

408 5801 620 5857 Pascha
658 5805 809 5860 valde
835 5807 993 5860 utiles
1013 5847 1027 5869 ,
1058 5812 1316 5864 translate
1353 5811 1418 5867 de
1445 5814 1605 5870 Greco
1633 5819 1686 5872 in
1711 5818 1981 5872 Latinum.

413 5835 436 5856 ι
460 5835 620 5857 ωοωιιι
660 5835 809 5860 υαιασ
836 5835 993 5860 astutus
1013 5847 1027 5869 ,
1058 5835 1316 5864 uetustate
1353 5835 1418 5867 αα
1445 5835 1605 5870 urceo
1633 5835 1686 5873 tn
1711 5835 1982 5874 Latinum.

413 5872 640 5929 --Item
670 5891 933 5933 sermones
967 5877 1199 5947 ejusdem
1224 5885 1280 5936 ιιι
1311 5881 1374 5936 de
1420 5892 1718 5947 ascensione
1749 5891 1980 5948 Domini.

2125 3333 2281 3389 libris
2331 3332 2634 3387 confundit.
2681 3331 2791 3387 Nec
2838 3331 3021 3387 minus
3069 3329 3273 3383 fallitur
3322 3327 3562 3391 Caveus,
3599 3326 3692 3397 qui

2123 3440 2249 3478 cum
2289 3423 2376 3478 his
2416 3422 2703 3478 confundit
2748 3423 3138 3494 Apologeticum
3183 3420 3404 3476 Eusebii
3450 3436 3546 3490 pro
3589 3419 3694 3489 ﬁde

2121 3532 2252 3580 sua,
2290 3514 2358 3570 de
2384 3531 2492 3586 quo
2526 3531 2693 3586 supra
2720 3531 2869 3569 num.
2902 3516 2954 3570 9.

2192 3603 2378 3660 Oratio
2413 3604 2477 3659 de
2510 3604 2730 3659 basilica
2753 3605 3258 3677 Hierosolymitana,
3279 3605 3576 3662 Servatoris
3605 3621 3688 3659 se-

2117 3694 2333 3764 pulcro,
2385 3709 2449 3749 ac
2497 3695 2560 3748 de
2605 3694 2842 3751 donariis
2881 3695 2955 3750 ibi
3004 3695 3302 3758 dedicatis,
3333 3709 3525 3766 quam,
3562 3694 3688 3749 licet

2117 3768 2449 3854 lbngiorem,
2480 3793 2630 3839 stans
2687 3783 2981 3854 imperator
3026 3785 3416 3843 Constantinus
3469 3786 3688 3843 auscul-

2115 3875 2268 3929 tavit.
2301 3873 2499 3930 Euseb.
2531 3890 2602 3940 IV,
2635 3875 2725 3940 55,
2751 3875 2830 3929 De
2855 3876 2958 3930 vita
2990 3875 3348 3933 Ctmstamini.

2185 3963 2263 4018 De
2302 3965 2435 4034 festo
2471 3964 2724 4019 Paschali
2767 3966 2905 4021 liber
2937 3967 3110 4022 eidem
3140 3966 3503 4048 Constantino
3533 3968 3684 4024 dica-

2113 4062 2232 4121 tus,
2287 4057 2710 4128 complexusque
2768 4056 3036 4128 μυστικὴν
3067 4058 3404 4130 ἀνακάλυψιν
3447 4058 3544 4113 τοῦ
3583 4061 3684 4131 τῆς

2111 4147 2303 4218 ἑορτῆς
2330 4147 2488 4218 λόγου
2510 4189 2524 4214 ,
2560 4149 2673 4205 sive
2708 4150 2948 4206 rationes
2995 4149 3131 4222 cycli
3165 4150 3535 4207 novemdecim
3576 4167 3681 4206 an-

2109 4253 2303 4294 norum
2331 4248 2386 4296 et
2416 4241 2698 4296 historiam
2742 4243 3127 4298 controversiae
3157 4243 3224 4298 de
3250 4241 3535 4300 Paschate.
3568 4243 3679 4298 Eu-

2109 4332 2224 4388 seb.
2295 4347 2350 4387 tv
2423 4333 2499 4387 De
2535 4333 2642 4388 vita
2683 4332 2887 4402 Const.,
2917 4350 3038 4406 cap.
3079 4335 3148 4390 54
3174 4343 3227 4390 et
3252 4335 3352 4402 55,
3385 4336 3476 4390 ubi
3513 4337 3682 4407 impe-

2106 4425 2306 4480 ratoris
2327 4425 2394 4480 ad
2419 4425 2711 4483 Eusebium
2748 4429 2977 4498 epistola
2997 4468 3011 4493 ,
3043 4443 3151 4498 qua
3173 4429 3274 4498 ipsi
3304 4431 3506 4500 gratias
3528 4430 3677 4500 agit,

2107 4527 2162 4576 et
2192 4520 2436 4577 meminit
2478 4519 2658 4576 Latini
2694 4521 3039 4592 interpretis,
3078 4523 3172 4592 qui
3217 4525 3420 4593 scripta
3458 4523 3577 4593 ejus
3620 4524 3678 4578 in

2028 4613 2072 4670 D
2099 4609 2347 4666 Latinam
2374 4613 2612 4682 linguam
2642 4611 2953 4668 transferat.
2985 4611 3220 4670 Eusebio
3251 4614 3317 4668 ad
3344 4628 3678 4684 componen-

2101 4704 2223 4759 dam
2239 4703 2838 4776 ἐννεακαιδεκαετηρίδα
2853 4703 3199 4759 occasionem
3217 4704 3439 4759 dederat
3453 4714 3677 4761 sanctus

2100 4791 2422 4865 Hippolytus
2449 4808 2548 4849 sua
2583 4794 3102 4868 ὲκκαιδεκαετηρίδι,
3143 4801 3278 4851 teste
3305 4793 3632 4868 Hieronymo
3656 4835 3672 4860 ,

2102 4898 2222 4955 cap.
2273 4885 2336 4938 61
2401 4882 2666 4955 Catalogi.
2719 4883 2896 4955 Atque
2947 4885 3021 4939 ita
3085 4884 3378 4956 capiendus
3428 4885 3681 4942 Isidorus

2099 4975 2249 5048 IIisp.
2288 4992 2363 5040 v1,
2407 4977 2504 5044 17,
2539 4976 2710 5048 0rig.,
2743 4984 2797 5032 et
2829 4975 2970 5032 Beda
3004 4975 3080 5031 De
3116 4987 3402 5046 temporum
3428 4979 3669 5041 ratione,

2099 5078 2219 5135 cap.
2262 5064 2352 5119 42.
2385 5063 2477 5137 [In
2526 5065 2658 5121 bibl.
2702 5064 2900 5119 Cotton
2926 5106 2940 5130 ,
2974 5081 3106 5132 xm,
3142 5067 3247 5132 12,
3295 5084 3350 5138 p.
3391 5068 3489 5132 95,
3545 5067 3664 5123 Cat.

2098 5157 2250 5212 codd.
2273 5158 2454 5228 Angl.,
2479 5155 2692 5212 Eusebii
2709 5155 2909 5213 Cazsar.
2927 5157 2992 5212 de
3017 5158 3225 5212 Pascha
3252 5159 3480 5216 homilia:
3499 5159 3665 5228 XII]

2165 5248 2302 5316 Περὶ
2337 5247 2434 5318 τῆς
2469 5248 2576 5300 τῶν
2612 5247 2858 5302 παλαιῶν
2883 5248 3088 5320 ἀνδρῶν
3118 5249 3500 5314 πολυπαιδείας
3532 5254 3670 5306 scri-

2095 5340 2272 5409 psisse
2287 5353 2346 5393 se
2370 5345 2602 5394 testatur
2623 5338 2885 5395 Eusebius
2904 5356 2978 5403 νι,
3011 5339 3064 5406 8,
3094 5339 3390 5409 Pra'parat.
3408 5342 3665 5413 evangel.,

2096 5446 2218 5502 pag.
2251 5430 2375 5486 5l0.
2419 5431 2564 5488 Idem
2599 5447 2769 5502 opus,
2821 5433 2874 5487 in
2917 5448 3026 5504 quo
3063 5432 3298 5489 Basilius
3336 5434 3414 5490 De
3462 5434 3665 5504 Spiritu

2090 5610 2299 5685 -—Item
2315 5612 2545 5682 ejusdem
2578 5630 2613 5669 ιι
2637 5616 2700 5670 de
2730 5615 2918 5685 spiritu
2940 5624 3143 5672 sancto.
3167 5615 3428 5670 Volumen
3452 5615 3665 5672 duabus

2094 5683 2340 5756 partibus
2397 5694 2630 5741 constat.
2675 5705 2690 5742 :
2733 5683 2862 5756 pars
2905 5689 3053 5754 prior
3087 5688 3320 5743 indicem
3369 5688 3664 5742 voluminis

2093 5754 2344 5827 exhibet,
2373 5770 2520 5827 pars
2567 5754 2773 5820 altera,
2829 5771 2951 5827 quae
3003 5759 3258 5812 homilias
3303 5758 3655 5827 continebat,

2095 5839 2122 5876 a
2147 5825 2316 5888 priori
2351 5826 2610 5880 distracta
2633 5867 2646 5892 ,
2684 5828 2796 5897 jam
2839 5825 2946 5882 non
2982 5829 3271 5885 invenitur.
3306 5827 3461 5887 Enn.
3487 5826 3660 5883 Pus.
