4070 6392
325 390 383 448 53
1821 381 2121 439 NOTI'I'IA.
3482 385 3553 442 ει

324 521 474 569 macto
496 549 510 573 ,
539 523 659 579 cap.
692 506 762 563 29
786 548 800 574 ,
829 507 1025 580 legisse
1053 523 1112 564 se
1142 507 1429 580 signiﬁcat,
1461 509 1864 580 ἐπαπορήματα
1893 511 1940 568 Α
2038 501 2340 559 Sermonem
2365 503 2430 556 de
2456 501 2659 570 delectu
2685 502 2875 569 pluvit:
2913 507 3178 559 memorat
3208 501 3392 560 Hebed
3419 503 3552 563 Iesu

327 605 428 676 περὶ
450 601 545 674 τῆς
565 602 676 655 τῶν
704 603 945 674 ἀρχαίων
976 601 1340 674 πολυγαμῐας.

377 693 614 764 Epistolas
654 693 1085 765 quamplurima,
1137 705 1334 764 praeter
1369 693 1521 756 illas,
1565 691 1633 748 de
1670 691 1868 764 quibus

324 803 460 860 supra
500 803 650 843 num.
680 787 786 851 21,
819 788 875 841 in
905 788 1106 857 quibus
1141 787 1394 842 omnibus
1437 786 1762 841 Arianorum
1810 801 1868 842 se

322 876 554 932 fautorem
579 876 811 947 prodere
844 885 1075 948 arguunt
1101 878 1237 931 Acta
1259 877 1478 932 concilii
1499 877 1724 942 Nicaani,
1757 885 1865 933 act'.

323 984 394 1031 Vl,
426 965 591 1031 t.Ill,
643 967 776 1022 edit.
817 967 1090 1034 Binianae,
1146 984 1269 1038 pag.
1330 967 1478 1035 662,
1539 977 1868 1038 vertuntque

322 1057 408 1128 ipsi
451 1058 599 1122 vitio,
648 1058 792 1128 quod
817 1060 942 1114 licet
986 1059 1198 1130 synodo
1241 1059 1477 1114 Nicaznae
1527 1059 1870 1130 subscripse.

321 1149 407 1214 rit,
435 1159 480 1205 et
506 1151 638 1204 ποτὲ
672 1152 771 1222 μὲν
796 1151 892 1223 τὴν
920 1151 1173 1223 ἀλήθειαν
1204 1153 1625 1224 ὑποκρινόμενος
1651 1152 1868 1206 ἀποδεί-

323 1260 495 1310 κνυται,
508 1260 884 1316 nonnunquam
902 1246 1166 1301 ueritatem
1182 1247 1434 1302 simulare
1449 1245 1868 1316 deprehenditur,

323 1343 472 1392 tamen
501 1353 614 1393 non
645 1338 858 1392 veniam
889 1339 1102 1408 publice
1131 1340 1348 1409 petierit
1391 1339 1458 1394 de
1499 1340 1721 1410 scriptis
1752 1339 1868 1394 suis

324 1444 465 1500 eaque
489 1432 904 1496 retractaverit,
945 1439 998 1487 et
1029 1447 1128 1501 pro
1156 1431 1406 1501 epistolis
1440 1433 1721 1503 speciatim
1751 1434 1866 1488 suis

320 1519 448 1591 λόγον
480 1522 800 1594 Ἀπολογίας
834 1538 944 1578 non
991 1525 1393 1595 composuerit",
1435 1525 1863 1597 vulgaveritque.

1973 596 2030 651 in
2058 595 2316 665 Catalogo
2351 593 2604 650 librorum
2638 592 3040 658 Chaldteorum,
3076 611 3133 649 n.
3161 593 3257 652 20.

2042 687 2448 762 {Fragmentum
2485 686 2706 744 Eusebii
2727 687 2822 741 τοῦ
2853 687 3132 759 ’ᾼσματος
3161 688 3272 741 τῶν
3291 691 3554 762 ᾀσμάτων

1969 783 2139 840 edidit
2193 781 2476 838 Munterus
2517 781 2610 838 Fr.
2655 781 2784 851 PP.,
2823 781 3028 849 Gr.,l,
3071 801 3126 856 p.
3173 783 3247 839 60
3294 800 3404 855 sq.;
3445 785 3550 840 alia

1968 875 2162 947 fragm.
2183 875 2385 946 ejude,
2409 876 2643 931 Matthzei
2674 877 2730 932 in
2757 878 3071 946 Anecdotis,
3104 878 3363 949 Musquaa,
3394 877 3550 934 I775.

1967 969 2029 1026 In
2053 969 2302 1024 Galland.
2335 969 2476 1024 Bibl.
2525 968 2666 1036 PP.,
2705 979 2836 1026 tom.
2868 969 2959 1033 IV,
2999 986 3054 1040 p.
3099 969 3204 1025 459
3253 987 3361 1040 sq.,
3424 977 3554 1026 sunt

1971 1058 2190 1115 Eusebii
2245 1058 2475 1131 Pamph.
2531 1061 2780 1129 opuscul.
2833 1075 2946 1124 xlv,
2983 1059 3220 1130 primum
3269 1060 3327 1114 in
3376 1058 3552 1115 lucem

1970 1151 2114 1207 edita
2151 1167 2181 1206 a
2213 1150 2332 1206 Jac.
2382 1151 2695 1207 Sirmondo.
2735 1182 2806 1193 —
2851 1149 3266 1207 Praamittuntur
3307 1153 3551 1223 ejusdem

1971 1245 2193 1302 Eusebii
2240 1245 2575 1302 Prooemium
2621 1254 2677 1301 et
2723 1262 2844 1317 cap.
2898 1262 2957 1301 ιιι
3010 1246 3194 1318 priora
3239 1246 3392 1303 Dem.
3429 1243 3564 1344 Eu,”

1973 1356 2083 1394 una
2111 1355 2234 1394 cum
2285 1340 2466 1411 operis
2506 1338 2718 1411 epilogo
2775 1338 3023 1410 evulgata
3057 1352 3086 1391 a
3117 1336 3165 1392 J.
3207 1338 3254 1392 A
3282 1336 3551 1394 Fabricio.

1972 1432 2032 1487 ln
2074 1433 2320 1507 Prolegg.
2359 1434 2426 1489 de
2473 1433 2560 1489 bis
2591 1448 2647 1505 p.
2699 1447 2812 1486 χχιι
2857 1448 2941 1504 sq.
2983 1431 3220 1490 breviter
3254 1429 3554 1488 Gallandus

1971 1526 2132 1598 egit.]

336 1719 3054 1752 =___________________________.__________:
3104 1725 3411 1752 ===
3428 1724 3536 1753 τε

799 1908 922 2024 DE
978 1907 1197 2023 “TA
1253 1905 1856 2042 SCRIPTISQUE
1930 1907 2293 2025 EUSEBII
2365 1907 3025 2026 C/ESARIENSIS.

893 2123 985 2197 (Η.
1010 2123 1304 2191 Ἶλιεειυε,
1325 2088 1548 2197 Ῥιτοιθε.
1576 2124 1647 2181 ad
1676 2123 1871 2182 Eusebi

1973 2123 2140 2184 Viator.
2163 2123 2349 2180 ποίεε.
2375 2123 2465 2179 ed.
2489 2123 2732 2196 Mogunt.
2764 2123 2952 2191 16⁵12.)

373 2443 440 2504 De
462 2446 569 2503 vita
597 2445 826 2503 Eusebii
856 2446 1211 2504 Caesariensis
1232 2447 1434 2504 librum
1460 2449 1590 2504 olim
1619 2447 1869 2506 conscria
1897 2462 1940 2517 Β
1968 2447 2110 2503 libro
2141 2462 2239 2516 vn,
2287 2462 2521 2503 narrans
2549 2462 2613 2502 ea
2645 2462 2767 2518 qua:
2797 2456 3060 2520 regnante
3093 2447 3340 2505 Gallieno
3371 2450 3549 2505 conti-

312 2547 473 2610 pserat
492 2539 749 2601 Aeacius,
775 2539 896 2610 ejus
917 2539 1224 2610 discipulus
1245 2550 1298 2596 et
1326 2541 1381 2596 in
1407 2541 1727 2614 episcopatu
1754 2541 1875 2597 Cae-

314 2632 517 2688 sariensi
564 2647 882 2698 successor,
926 2640 988 2686 ut
1018 2639 1254 2688 testatur
1296 2633 1572 2690 Socrates.
1608 2633 1715 2690 Sed
1746 2649 1869 2689 cum

312 2722 387 2778 hic
407 2724 537 2781 liber
575 2739 692 2780 una
734 2740 859 2780 cum
889 2725 1141 2796 plurimis
1190 2725 1314 2782 aliis
1341 2728 1628 2784 vetustatis
1659 2727 1872 2782 incuria

309 2818 524 2887 perierit,
562 2833 672 2874 nos
705 2818 954 2873 collectis
1001 2817 1131 2873 hinc
1186 2818 1314 2874 inde
1347 2827 1591 2875 veterum
1639 2820 1872 2890 scripto-

309 2921 412 2961 rum
445 2909 780 2965 testimoniis
813 2909 906 2980 qui
934 2907 1001 2963 de
1030 2908 1280 2965 Eusebio!
1297 2909 1466 2964 locuti
1496 2917 1648 2973 sunt,
1691 2909 1872 2979 jactu-

300 2983 407 3052 Iram
437 3001 580 3054 illam
625 3016 729 3070 pro
758 3001 904 3056 virili
955 3009 1109 3072 parte
1154 3003 1359 3058 sarcire
1387 3001 1730 3058 conabimur.
1761 3000 1872 3072 Igi-

309 3097 385 3146 tur
400 3093 669 3151 Eusebius
696 3104 857 3150 natus
880 3104 966 3150 est
991 3096 1047 3149 in
1067 3095 1358 3151 Palaestina
1387 3095 1490 3150 sub
1521 3103 1783 3158 extrema,
1811 3102 1871 3148 ut

298 3171 516 3253 videtur,
560 3187 800 3243 Gallieni
827 3196 1089 3257 tempora.
1118 3186 1196 3241 Ex
1227 3186 1514 3242 Palaestina
1545 3187 1762 3258 quidem
1807 3188 1874 3240 il-

305 3275 404 3338 lum
437 3279 734 3334 oriundum
785 3277 958 3333 fuisse
984 3284 1303 3348 argumento
1344 3284 1449 3342 est,
1478 3278 1623 3348 quod
1657 3293 1689 3332 a
1725 3287 1872 3333 vete-

304 3369 439 3424 ribus
476 3369 590 3426 fere
647 3369 980 3426 Palaestinas
1008 3378 1254 3424 vocatur.
1305 3367 1382 3422 lta
1417 3381 1566 3425 certe
1610 3369 1869 3436 Basilius,

305 3458 651 3519 Theodoritus
685 3463 888 3533 aliique
919 3478 1042 3517 eum
1075 3463 1366 3534 appellant.
1403 3465 1482 3517 Ac
1523 3465 1773 3534 quamvis
1802 3465 1872 3519 ob

302 3552 639 3611 Czesariensis
671 3555 830 3610 urbis
861 3556 1234 3626 episcopatum
1269 3556 1343 3610 ita
1375 3557 1747 3627 cognominari
1775 3573 1873 3626 po-

303 3647 412 3711 tuit,
454 3651 642 3706 verius
675 3658 864 3704 tamen
913 3648 1046 3702 mihi
1087 3649 1325 3711 videtur,
1362 3650 1515 3704 illum
1546 3665 1576 3703 a
1612 3652 1783 3720 patria
1818 3650 1872 3704 id

301 3751 713 3811 cognomentum
743 3744 1001 3798 traxisse.
1051 3741 1214 3797 Certe
1257 3742 1376 3812 ipse
1418 3745 1473 3797 in
1510 3744 1650 3797 libro
1692 3745 1870 3815 primo

1973 2549 2190 2610 gerunt,
2225 2548 2516 2612 antequam
2547 2541 2616 2597 de
2651 2539 2804 2596 Pauli
2837 2541 3246 2600 Samosatensis
3271 2560 3460 2601 errore
3486 2562 3551 2602 ac

1971 2628 2322 2685 damnatione
2351 2645 2658 2686 sermonem
2691 2631 2962 2698 instituat,
3004 2633 3089 2689 his
3121 2634 3295 2689 utitur
3322 2635 3506 2692 verbis
3532 2653 3548 2694 :

1983 2719 2174 2774 Verum
2197 2721 2278 2775 Itis
2293 2722 2411 2792 jam
2441 2723 2714 2792 expositis,
2747 2740 2884 2778 nunc
2911 2723 3122 2780 tandem
3145 2743 3261 2797 qua:
3282 2729 3559 2800 qualisque

1973 2811 2132 2882 fuerit
2165 2823 2296 2867 tetas
2345 2823 2558 2878 nostra,
2612 2824 2943 2883 posterorum
2996 2817 3200 2872 notitia;
3253 2819 3554 2875 tradamus.

1972 2903 2234 2961 Parentes
2265 2920 2406 2975 quos
2461 2906 2732 2974 habuerit,
2783 2908 2944 2964 nobis
3000 2908 3399 2980 incompertum
3446 2923 3555 2980 est,

1972 2999 2079 3054 nisi
2109 2999 2254 3069 quod
2287 2997 2625 3068 Nicephorus
2659 2999 2943 3066 Callistus,
2977 3003 3166 3058 nescio
3195 3018 3331 3074 quos
3364 3015 3558 3061 aucto-

1973 3106 2063 3146 res
2093 3096 2335 3154 secutus,
2383 3091 2535 3145 illum
2580 3107 2770 3148 sorore
2809 3091 3080 3165 Pamphili
3119 3097 3377 3168 martyris
3403 3099 3558 3169 geni-

1973 3189 2089 3237 tum
2117 3198 2238 3239 esse
2261 3182 2462 3253 prodit.
2489 3181 2549 3237 ln
2571 3184 2801 3254 epistola
2823 3192 3004 3240 autem
3029 3185 3144 3238 Arii
3168 3186 3234 3240 ad
3260 3186 3555 3242 Eusebium

1971 3275 2468 3342 Nicomediensem,
2504 3275 2674 3331 frater
2706 3275 2930 3332 Eusebii
2961 3275 3394 3334 Nicomediensis
3419 3278 3553 3334 dici-

1972 3378 2084 3426 tur.
2121 3371 2199 3424 Ac
2225 3371 2443 3424 tametsi
2493 3377 2717 3439 propter
2750 3369 3047 3424 amicitiam
3099 3369 3267 3426 frater
3321 3371 3430 3426 dici
3459 3386 3560 3442 po-

1973 3460 2096 3524 tuit,
2133 3458 2320 3515 verius
2366 3465 2549 3514 tamen
2583 3459 2715 3514 mihi
2746 3460 2984 3524 videtur,
3018 3460 3172 3514 illum
3215 3468 3309 3515 aut
3343 3477 3558 3531 germa-

1972 3566 2105 3605 num
2126 3559 2218 3608 aut
2245 3551 2636 3608 consobrinum
2664 3551 2835 3608 fuisse
2856 3551 3291 3608 Nicomediensis
3313 3552 3554 3618 Eusebii,

1973 3643 2209 3698 maxime
2231 3659 2355 3698 cum
2377 3643 2540 3700 Arius
2565 3644 2814 3714 plurimis
2843 3645 2965 3700 aliis
2989 3645 3061 3699 ibi
3087 3647 3556 3714 commemoratis,

1973 3750 2142 3789 unum
2181 3734 2574 3791 Caesariensem
2600 3735 2820 3791 fratrem
2844 3737 3078 3807 appellet
3099 3736 3557 3796 Nicomediensis.

300 3829 367 3887 De
401 3833 517 3889 Vita
549 3836 900 3891 Constantini
933 3851 991 3890 se
1021 3835 1201 3890 adhuc
1231 3836 1634 3892 adolescentem
1677 3838 1731 3892 in
1767 3837 1872 3890 Pa-
1898 3845 1940 3902 ο
1974 3827 2180 3884 Deinde
2230 3828 2664 3885 Nicomediensis
2717 3827 2988 3886 Eusebius
3045 3831 3311 3888 oriundus
3356 3831 3459 3887 fuit
3487 3849 3556 3888 ex

300 3922 488 3980 lamina
513 3927 817 3982 educatum
853 3941 916 3980 ac
940 3935 1215 3982 versatum
1239 3942 1361 3982 esse
1389 3934 1643 3991 testatur,
1686 3929 1869 3998 ibique

298 4015 514 4084 primum
547 4033 580 4072 a
611 4034 676 4074 se
701 4019 884 4072 visum
915 4032 1037 4074 esse
1082 4018 1522 4084 Constantinum,
1569 4020 1698 4076 dum
1735 4021 1780 4073 is
1813 4021 1869 4074 in

298 4108 536 4162 comitatu
564 4108 897 4164 Diocletiani
923 4109 1150 4180 Augusti
1179 4126 1275 4181 per
1294 4109 1638 4165 Palaestinam
1665 4112 1767 4167 iter
1792 4111 1871 4165 fa-

297 4207 442 4254 ceret.
479 4200 588 4256 Sed
621 4213 682 4258 et
710 4201 768 4255 in
795 4201 936 4256 libro
989 4217 1030 4255 ιι
1066 4202 1312 4272 ejusdem
1343 4203 1546 4272 operis,
1579 4202 1671 4257 ubi
1698 4204 1870 4274 legem

299 4285 629 4347 Constantini
664 4290 860 4356 refert,
899 4307 1061 4362 quam
1097 4294 1186 4349 ille
1218 4308 1318 4364 pro
1361 4293 1690 4350 Christianis
1734 4295 1872 4350 scri-

296 4380 390 4445 psit
428 4383 494 4436 ad
545 4384 906 4448 Palmstinos,
932 4383 1282 4440 Palaestinum
1314 4401 1373 4440 se
1396 4385 1568 4442 luisse
1598 4385 1740 4441 haud
1772 4387 1872 4442 ob-

296 4485 437 4528 scure
457 4475 769 4544 signiﬁcat.
801 4474 1096 4546 Postquam
1131 4475 1274 4530 eriim
1301 4477 1432 4546 legis
1467 4477 1638 4548 ipsius
1666 4477 1732 4531 ad
1768 4476 1872 4531 Pa-

293 4559 517 4621 lzestinos
545 4567 742 4620 missae
769 4565 934 4620 verba
964 4564 1171 4629 retulit,
1194 4564 1311 4618 haec
1342 4563 1522 4619 addit:
1555 4564 1655 4619 Ha:
1686 4567 1871 4636 primae

292 4653 612 4725 imperatoris
673 4659 872 4711 litterae
915 4657 985 4710 ad
1023 4675 1116 4711 nos
1158 4659 1353 4712 missw.
1422 4657 1579 4723 Quod
1619 4674 1751 4714 vero
1781 4673 1872 4713 or-

292 4754 392 4801 tum
422 4751 570 4806 illius
598 4751 658 4804 in
684 4758 931 4805 extrema
959 4749 1189 4805 Gallieni
1219 4760 1463 4820 tempora
1494 4752 1723 4816 contuli,
1770 4752 1872 4806 hu-

289 4839 367 4910 jus
399 4844 476 4898 rei
513 4851 813 4898 auctorem
859 4841 1034 4897 habeo
1063 4843 1242 4912 ipsum
1273 4842 1590 4916 Eusebium.
1624 4845 1684 4898 In
1715 4846 1872 4902 libris

292 4933 416 4985 enim
465 4934 742 4989 Historiae
788 4932 1153 4987 ecclesiastica:
1207 4934 1440 5006 loquens
1492 4936 1560 4990 de
1611 4934 1872 5009 Dionysio

291 5023 789 5081 Alexandrinorum
820 5025 1096 5096 episcopo,
1141 5027 1293 5081 illum
1332 5043 1431 5083 sua
1479 5035 1638 5085 aetate
1667 5031 1873 5087 vixisse
1907 5069 1910 5072 ~

291 5121 522 5186 testatur,
559 5130 623 5176 ut
660 5119 856 5175 videre
887 5128 974 5176 est
1013 5124 1072 5175 in
1116 5121 1258 5176 libro
1285 5137 1370 5184 ιιι,
1408 5137 1530 5193 cap.
1559 5122 1651 5178 28.
1689 5122 1871 5190 Quare

1976 3916 2158 3987 Syria.
2196 3915 2321 3972 Fuit
2349 3919 2496 3972 enim
2523 3919 2701 3988 primo
2729 3918 3021 3989 episcopus
3061 3919 3263 3992 Beryti.
3295 3919 3407 3978 Nec
3436 3937 3557 3980 mos

1975 4016 2106 4064 tunc
2137 4017 2275 4074 erat,
2314 4018 2372 4064 ut
2403 4011 2650 4065 extranei
2683 4019 2736 4065 et
2766 4013 2940 4083 ignoti
2971 4013 3040 4068 ad
3077 4015 3345 4086 regendas
3366 4015 3558 4074 Eccle-

1974 4117 2084 4157 sras
2113 4109 2584 4172 promoverentur.
2619 4105 2679 4157 in
2695 4105 3054 4163 saecularibus
3079 4106 3388 4177 disciplinis
3414 4126 3555 4180 quos

1972 4196 2269 4265 magistros
2318 4195 2588 4260 habuerit,
2633 4196 2880 4266 perinde»
2908 4198 3244 4268 ignoramus.
3288 4199 3348 4255 In
3379 4203 3556 4258 sacris

1973 4295 2154 4343 autem
2177 4288 2374 4343 litteris
2394 4295 2781 4359 praeceptorem
2803 4289 2993 4345 habuit
3022 4289 3351 4348 Dorotheum
3379 4309 3556 4349 eunu-

1973 4379 2159 4443 chum,
2204 4377 2594 4436 Antiochensis
2633 4379 2893 4437 Ecclesiae
2923 4385 3300 4456 presbyterum
3342 4405 3356 4441 :
3393 4387 3554 4456 cujus

1972 4472 2138 4527 etiam
2184 4471 2241 4526 in
2293 4472 2434 4528 libro
2480 4489 2558 4528 vn
2605 4473 2969 4530 honoriﬁcam
3021 4478 3355 4533 mentionem
3399 4477 3562 4535 facit.

1973 4564 2301 4637 Quanquam
2338 4565 2608 4623 Eusebius
2635 4581 2702 4622 eo
2739 4568 2863 4623 loco
2892 4575 3104 4623 tantum
3128 4569 3264 4624 dicit
3292 4585 3323 4622 a
3364 4585 3424 4626 se
3449 4586 3563 4626 au-

1973 4657 2147 4714 ditum
2177 4675 2301 4716 esse
2334 4659 2688 4726 Dorotheum,
2718 4661 2845 4717 dum
2879 4677 3069 4718 sacras
3110 4663 3322 4720 litteras
3365 4664 3421 4720 in
3450 4664 3557 4721 Ec-

1973 4753 2140 4808 clesia
2192 4768 2302 4809 non
2350 4752 2696 4810 incommode
2745 4764 3062 4826 exponeret.
3110 4754 3167 4811 Si
3217 4758 3342 4829 quis
3372 4766 3556 4815 tamen

1972 4860 2040 4900 ex
2066 4846 2156 4900 his
2176 4845 2396 4902 Eusebii
2423 4847 2605 4902 verbis
2630 4862 2755 4902 cum
2780 4848 3084 4903 Trithemio
3104 4851 3238 4905 velit
3275 4852 3553 4924 colligere,

1973 4937 2268 4994 Eusebium
2296 4939 2552 4995 Dorothei
2581 4940 2755 4996 fuisse
2784 4942 3138 5012 discipulum,
3163 4945 3414 5014 equidem
3444 4961 3559 5001 non

1973 5049 2302 5104 magnopere
2333 5034 2670 5104 repugnabo.

2048 5125 2126 5178 Ea
2177 5133 2502 5197 tempestate
2556 5136 2777 5182 mortuo
2824 5127 3162 5194 Theotccno,
3198 5128 3558 5187 Caesariensis

291 5224 398 5265 cum
424 5223 648 5270 constet
695 5212 1023 5285 Dionysium
1075 5214 1506 5271 Alexandrinum
1544 5231 1686 5272 anno
1715 5217 1870 5288 prin-
1901 5211 1946 5267 D
1973 5212 2234 5270 Ecclesiae
2276 5215 2652 5285 episcopatum
2699 5216 3126 5272 administrabat
3163 5217 3425 5288 Agapius,
3471 5219 3560 5274 vir

293 5301 484 5373 cipatus
534 5304 790 5361 Gallieni
841 5304 1164 5362 duodecimo
1224 5323 1254 5362 e
1298 5307 1438 5362 vivis
1492 5307 1716 5371 abiisse,
1759 5307 1870 5366 Eu-

293 5395 482 5450 sebium
508 5398 628 5466 jam
664 5407 792 5451 tum
823 5396 880 5451 in
912 5397 1089 5453 lucem
1121 5399 1326 5454 editum
1361 5399 1532 5455 fuisse
1559 5407 1793 5470 oportet,
1820 5403 1867 5457 si

293 5487 489 5553 quidem
511 5490 639 5559 ejus
663 5497 806 5544 actas
835 5489 890 5543 in
919 5504 984 5544 ea
1013 5500 1256 5561 tempora
1287 5490 1478 5547 incidit
1508 5493 1708 5562 quibus
1734 5493 1870 5547 vixit

295 5575 589 5651 Dionysius.
642 5581 798 5636 Idem
845 5583 1007 5636 etiam
1050 5584 1234 5654 colligi
1293 5594 1473 5655 potest
1520 5603 1586 5641 ex
1642 5587 1782 5642 libro
1837 5605 1870 5643 ν

299 5670 529 5728 Historia:
554 5675 944 5729 ecclesiastica:
971 5676 1073 5731 sub
1116 5677 1302 5742 ﬁnem,
1333 5679 1424 5732 ubi
1453 5679 1520 5732 de
1555 5677 1869 5735 Artemonis

299 5761 470 5820 haeresi
501 5767 685 5822 verba
745 5765 974 5832 faciens,
1014 5767 1244 5823 Paulum
1304 5767 1720 5826 Samosatenum
1770 5788 1868 5826 sua

299 5864 432 5914 atate
462 5875 583 5917 eam
639 5860 904 5915 haeresim
941 5876 1232 5920 renovasse
1268 5863 1480 5920 scribit.
1535 5863 1779 5942 Denique
1814 5863 1876 5920 in

1976 5307 2190 5362 eximiae
2218 5308 2548 5372 sanctitatis,
2581 5316 2634 5364 et
2660 5307 2844 5364 effusae
2872 5309 2926 5363 in
2959 5325 3224 5379 pauperes
3260 5311 3560 5365 liberalita-

1974 5401 2067 5456 tis.
2102 5401 2184 5454 ΑΙ)
2205 5400 2308 5454 hoc
2332 5400 2599 5456 Eusebius
2622 5401 2677 5455 in
2703 5402 2907 5455 clerum
2935 5403 3164 5465 ascitus,
3189 5403 3558 5458 arctissimam

1977 5489 2099 5544 iniit
2145 5492 2438 5546 amicitiam
2474 5507 2598 5546 cum
2633 5490 2938 5561 Pamphilo,
2979 5493 3071 5563 qui
3105 5502 3220 5548 tum
3269 5493 3410 5549 inter
3438 5494 3557 5549 Ca3-

1977 5584 2240 5642 sariensis
2273 5586 2525 5640 Ecclesiae
2549 5583 2896 5656 presbyteros
2921 5587 3214 5643 eminebat.
3249 5587 3376 5641 Erat
3401 5585 3557 5641 Pam-

1977 5677 2160 5748 philus
2226 5679 2450 5732 natione
2505 5675 2770 5741 thnix,
2817 5678 2980 5732 domo
3029 5678 3324 5750 Berytius;
3387 5675 3551 5734 Pierii

1979 5769 2362 5824 Alexandrinae
2417 5767 2674 5824 Ecclesiae
2732 5771 3036 5843 presbyteri
3092 5772 3430 5842 discipulus,
3493 5777 3561 5827 ut

1979 5862 2172 5921 scribit
2210 5859 2461 5918 Photius.
2497 5861 2598 5927 Qui
2635 5877 2760 5918 cum
2786 5863 3091 5920 litterarum
3127 5879 3408 5922 sacrarum
3436 5862 3558 5922 sin-
