4070 6392
485 357 565 418 55
1483 352 1825 412 EUSEBIUS
1862 346 2342 409 CJESARIENSIS
2379 345 2780 406 EPISCOPUS.
3674 352 3749 408 56

492 477 668 549 gulari
709 493 895 534 amore
923 476 1203 550 ﬂagraret,
1239 490 1538 546 omnesque
1572 470 2066 531 ecclesiasticarum
2095 473 2145 532 Α
2169 468 2376 534 sehius,
2411 468 2503 539 qui
2549 474 2632 522 tot
2659 465 2796 523 locis
2824 463 3168 538 Pamphilum
3212 468 3476 532 nominat,
3515 468 3746 540 ejusque

489 575 820 646 scriptorum
846 573 1014 629 libros
1040 587 1103 626 ac
1127 573 1397 642 praecipue
1419 569 1690 641 Origenis,
1715 582 1932 625 summo
1957 574 2068 623 stu-

489 672 582 724 dio
623 666 996 737 conquireret,
1040 664 1450 721 celeberrimam
1495 662 1740 717 scholam
1779 675 1844 715 ac
1871 659 2067 715 biblio—

489 765 704 818 thecam
750 760 990 816 instituit
1033 758 1313 815 Caesareas.
1347 754 1524 824 Cujus
1561 754 1760 810 scholae
1805 753 2068 823 magister

486 855 703 926 primus
733 851 906 908 fmsse
940 850 1158 906 videtur
1184 849 1474 905 Eusebius.
1517 848 1680 903 Certe
1707 845 1976 900 Eusebius
2011 845 2064 898 in

489 948 632 1003 libro
665 945 744 1002 De
780 945 1102 1016 martyribus
1137 942 1448 997 Palwstina'
1483 940 1689 997 diserte
1709 939 1925 1002 scribit,
1954 937 2066 1007 Ap-

487 1039 771 1110 phianum,
805 1038 898 1109 qui
933 1039 1095 1093 tertio
1124 1034 1524 1107 persecutionis
1567 1049 1712 1088 anno
1741 1033 2065 1103 martyrium

477 1131 909 1194 consummavit,
960 1129 1017 1185 in
1064 1130 1199 1185 urbe
1226 1127 1472 1185 Caesarea
1503 1127 1678 1184 sacris
1725 1125 1922 1182 litteris
1947 1139 1978 1178 a
2005 1140 2065 1180 se

477 1225 760 1279 eruditum
822 1221 1014 1279 fuisse.
1067 1221 1150 1276 Ah
1213 1236 1280 1278 eo
1332 1231 1577 1292 tempore
1633 1219 1904 1274 Eusebius
1936 1233 2061 1274 cum

477 1316 768 1386 Pamphilo
803 1329 1021 1386 semper
1057 1313 1509 1384 conjunctissime
1537 1313 1693 1376 vixit,
1720 1312 1950 1382 ejusque
1979 1309 2064 1365 in-

473 1403 744 1460 dividuus
777 1418 964 1461 comes
991 1403 1059 1458 ad
1082 1412 1314 1458 mortem
1345 1417 1520 1473 usque
1547 1402 1851 1472 permansit
1881 1419 1896 1457 :
1926 1401 2063 1457 adeo

483 1493 589 1563 ipsi
618 1493 842 1558 charus,
880 1502 940 1547 ut
969 1494 1037 1548 ab
1061 1493 1180 1564 ejus
1215 1493 1461 1548 amicitia
1489 1501 1912 1563 cognomentum
1944 1506 2064 1546 sor-

483 1587 616 1640 titus
668 1586 740 1642 sit
789 1583 1078 1654 Pamphili.
1120 1583 1232 1639 Nec
1280 1599 1411 1640 vero
1450 1584 1627 1640 solum
1686 1585 2058 1654 superstitem,

483 1676 582 1731 sed
621 1676 784 1732 etiam
821 1685 1094 1730 mortuum
1138 1676 1402 1747 singulari
1435 1690 1620 1730 amore
1660 1674 1851 1730 dilexit
1892 1675 2063 1730 Euse-

481 1770 606 1825 bius
638 1789 652 1824 :
688 1771 765 1826 ita
795 1779 854 1824 ut
884 1778 1010 1840 post
1043 1780 1274 1826 mortem
1312 1768 1599 1841 Pamphili,
1633 1784 1848 1840 semper
1877 1768 1945 1824 de
1969 1769 2062 1823 illo

483 1862 1036 1920 honoriﬁcentissime
1079 1863 1244 1918 simul
1301 1871 1356 1918 et
1393 1862 1768 1918 amantissime
1812 1863 2060 1931 loquere.

483 1958 592 2006 tur.
620 1950 918 2008 Testantur
950 1951 1056 2008 hoc
1086 1960 1201 2008 tres
1227 1952 1353 2007 libri
1372 1951 1449 2007 De
1487 1951 1612 2007 Vita
1637 1951 1904 2022 Pamphili
1923 1969 2063 2006 mar-

483 2044 619 2114 turis
655 2045 725 2101 ab
769 2059 836 2101 eo
862 2041 1204 2117 conscripti,
1232 2061 1371 2116 quos
1419 2045 1856 2118 elegantissimos
1901 2052 2062 2101 vocat

482 2133 868 2209 Hieronymus.
901 2136 1046 2194 Idem
1079 2141 1242 2194 etiam
1268 2138 1543 2210 colligitur
1562 2154 1627 2195 ex
1649 2138 1900 2209 pluribus
1924 2137 2062 2194 locis

480 2226 576 2297 qui
623 2227 680 2281 in
737 2225 989 2282 Historia
1034 2228 1397 2283 ecclesiastica
1424 2229 1699 2300 leguntur,
1742 2235 1798 2284 et
1832 2227 1888 2282 in
1919 2227 2062 2283 libro

480 2322 560 2373 De
598 2319 922 2391 martyribus
980 2319 1312 2377 Palaestinae.
1347 2319 1591 2391 Denique
1620 2321 1676 2374 in
1721 2319 1862 2375 libro
1889 2335 1930 2374 ιι
1963 2320 2058 2374 ad-

481 2427 659 2467 versus
691 2410 1007 2479 Sabellium,
1043 2413 1139 2484 qui
1181 2419 1309 2484 post
1343 2411 1623 2468 Nicanum
1661 2412 1956 2468 concilium
1991 2413 2060 2468 ab

479 2503 719 2562 Eusebio
776 2507 1126 2577 conscriptus
1186 2514 1304 2572 est,
1356 2505 1699 2578 Pamphilum
1760 2515 2055 2578 martyrem

479 2595 796 2668 frequenter
822 2599 1106 2670 praedicat,
1141 2613 1455 2670 quanquam
1476 2614 1776 2670 suppresso
1799 2598 1920 2669 ejus
1952 2615 2058 2654 no-

479 2689 647 2744 mine.
694 2686 830 2743 Nam
858 2697 913 2744 et
952 2690 1007 2744 in
1043 2690 1165 2762 ipso
1206 2690 1472 2747 orationis
1500 2691 1726 2747 exordio
1766 2692 1842 2746 ita
1878 2690 2054 2746 dicit:

478 2778 621 2834 Puto
650 2779 822 2834 adhuc
849 2798 1002 2836 aures
1033 2781 1262 2851 obstrepi
1293 2799 1436 2837 meas
1467 2799 1501 2836 a
1533 2783 1790 2838 memoria
1821 2783 1960 2838 beati
1992 2784 2059 2838 il-

480 2870 587 2927 lius
624 2872 744 2937 viri,
788 2874 879 2945 qui
909 2872 1007 2927 illa
1043 2874 1294 2945 religiosa
1326 2875 1623 2946 frequenter
1651 2891 1778 2929 usus
1809 2885 1887 2930 est
1917 2891 2056 2930 voce.

480 2962 626 3019 Nam
657 2974 708 3020 et
737 2982 892 3021 aures
930 2975 1116 3021 vestra:
1157 2966 1330 3021 adhuc
1371 2984 1558 3023 sonum
1590 2969 1736 3023 illius
1765 2969 1900 3022 vocis
1933 2969 2060 3023 reti-

476 3071 619 3114 nent.
651 3058 792 3114 Puto
819 3061 958 3114 enim
998 3078 1080 3116 me
1107 3063 1292 3116 audire
1323 3079 1440 3116 eum
1469 3062 1722 3118 dicentem
1742 3080 1761 3117 :
1811 3082 1830 3114 ι
1869 3061 2059 3134 Unige-

2169 559 2409 614 amicitia
2455 566 2740 629 tantopere
2771 557 3055 630 gloriatur,
3089 573 3370 630 nunquam
3400 567 3581 615 tamen
3616 575 3748 631 pro-

2165 653 2434 723 pinquum
2451 661 2548 706 aut
2575 650 2787 708 allinem
2804 667 2966 708 suum
2993 658 3174 706 vocat.
3193 651 3306 707 Imo
3333 666 3465 706 vero
3483 667 3549 707 ex
3567 652 3748 722 ipsius

2166 745 2389 802 Eusebii
2436 745 2751 802 testimonio
2795 743 3086 800 manifeste
3134 744 3453 810 coniicitur,
3490 742 3748 815 Pamphi-

2165 838 2279 892 lum
2308 846 2602 910 martyrem
2624 836 2843 893 Eusebii
2873 838 3236 908 propinquum
3258 853 3367 892 non
3392 835 3579 892 fuisse.
3605 834 3742 891 Nam

2166 931 2224 987 in
2255 931 2361 986 ﬁne
2391 930 2516 986 libri
2545 946 2622 984 vu
2671 928 2932 984 Historia:
2959 930 3350 997 ecclesiasticae,
3383 929 3475 983 ubi
3505 929 3572 982 de
3601 928 3744 1000 Λεὼ
3823 927 3826 933 ’

2165 1024 2529 1097 pieEcclesia:
2543 1023 2897 1080 Caesariensis
2915 1025 3175 1094 episcopo
3201 1023 3363 1079 verba
3388 1021 3539 1089 facit,
3567 1023 3641 1076 ita
3668 1023 3746 1078 lo.

2165 1120 2352 1189 quitur
2383 1137 2397 1172 :
2429 1117 2607 1188 Hujus
2654 1127 2881 1188 tempore
2923 1116 3261 1186 Pamphilum
3295 1116 3464 1170 uirum
3497 1115 3744 1170 disertis-

2164 1210 2380 1278 simum,
2415 1211 2623 1282 uitaque
2650 1222 2700 1265 et
2739 1209 2980 1287 operibus
3016 1226 3130 1265 vere
3168 1208 3618 1279 philosophantem
3651 1223 3744 1262 co-

2163 1302 2433 1373 gnovimus
2449 1317 2469 1366 ;
2499 1304 2553 1357 in
2580 1301 2764 1357 eadem
2791 1301 3031 1358 Ecclesia
3054 1301 3343 1373 presbyteri
3367 1302 3560 1356 honore
3588 1302 3743 1354 deco-

2164 1402 2363 1449 ratum.
2389 1392 2527 1450 Cum
2559 1395 2724 1465 igitur
2755 1394 3026 1451 Eusebius
3055 1395 3171 1465 ipse
3194 1401 3446 1457 testetur,
3474 1408 3504 1447 a
3529 1409 3589 1448 se
3611 1401 3744 1450 tunc

2165 1489 2400 1558 primum
2436 1490 2716 1558 cognitum
2748 1503 2870 1545 esse
2919 1487 3285 1558 Pamphilum,
3338 1487 3473 1543 satis
3514 1492 3753 1558 apparet

2163 1581 2316 1635 nulla
2343 1581 2755 1639 necessitudine
2784 1589 2879 1637 aut
2915 1580 3175 1637 afﬁnitate
3201 1595 3298 1637 eos
3329 1582 3470 1636 inter
3513 1595 3573 1636 se
3607 1595 3742 1636 con-

2159 1673 2382 1744 junctos
2413 1673 2606 1730 fuisse.

2236 1765 2342 1823 Per
2381 1767 2498 1822 haec
2539 1775 2787 1839 tempora
2813 1765 3045 1836 contigit
3077 1764 3401 1837 gravissima
3431 1764 3522 1820 illa
3551 1779 3741 1836 perse-

2166 1860 2314 1914 cutio
2363 1858 2837 1925 Christianorum,
2881 1874 3004 1930 quae
3034 1873 3066 1913 a
3109 1857 3447 1915 Diocletiano
3497 1858 3736 1929 primum

2164 1963 2342 2024 empta
2357 1993 2372 2019 ,
2401 1968 2431 2008 a
2459 1953 2813 2024 sequentibus
2833 1953 3091 2024 deinceps
3121 1951 3546 2023 imperatoribus
3563 1952 3630 2007 ad
3647 1951 3750 2008 de-

2163 2045 2363 2101 cimum
2385 2061 2558 2117 usque
2575 2061 2776 2100 anitum
2794 2053 3085 2117 prorogata
3101 2052 3185 2102 est
3197 2044 3474 2117 (a).Hujus
3490 2059 3744 2116 persecu-

2161 2139 2330 2195 tionis
2343 2147 2452 2195 tem
2460 2151 2591 2209 pore
2611 2137 2881 2194 Eusebius
2897 2146 3084 2209 utpote
3099 2136 3455 2195 Caesariensis
3481 2137 3750 2193 Ecclesiae

2164 2241 2294 2290 tunc
2315 2234 2618 2304 presbyter,
2643 2233 2698 2287 in
2725 2247 2789 2288 ea
2821 2232 2958 2286 urbe
2983 2239 3248 2302 perpetuo
3270 2229 3383 2286 fere
3414 2229 3744 2300 permansit,

2166 2335 2221 2384 et
2252 2326 2532 2383 continuis
2570 2325 2975 2382 hortationibus
3000 2325 3203 2380 multos
3225 2323 3291 2379 ad
3319 2323 3640 2394 martyrium
3658 2323 3743 2377 in-

2161 2422 2382 2478 struxit.
2430 2421 2575 2477 Inter
2618 2435 2757 2490 quos
2812 2420 2916 2474 fuit
2960 2419 3319 2490 Apphianus,
3365 2417 3566 2474 nobili-5
3611 2417 3748 2472 ado-

2159 2513 2403 2577 lescens,
2454 2513 2615 2582 cujus
2665 2513 2878 2568 illustre
2929 2520 3209 2568 certamen
3249 2511 3418 2566 refert
3469 2508 3745 2566 Eusebius

2157 2613 2344 2660 noster
2392 2606 2450 2661 in
2481 2606 2622 2660 libro
2665 2604 2745 2659 De
2796 2603 3124 2674 martyribus
3169 2601 3494 2657 Palestina.
3537 2599 3745 2658 Eadem

2158 2699 2542 2769 persecutione
2567 2709 2761 2769 captus
2791 2696 3108 2767 Pamphilus
3135 2705 3190 2752 et
3219 2697 3277 2750 in
3310 2709 3587 2750 carcerem
3619 2707 3747 2748 con-

2156 2791 2367 2863 iectus,
2409 2793 2683 2864 integrum
2722 2793 3001 2848 biennium
3043 2793 3100 2846 in
3125 2791 3359 2846 vinculis
3396 2787 3597 2858 exegit.
3622 2785 3747 2852 Quo

2159 2885 2382 2955 quidem
2439 2893 2686 2956 tempore
2741 2883 3010 2940 Eusebius
3065 2881 3300 2936 amicum
3345 2885 3402 2934 et
3446 2878 3743 2933 contuber-

2159 2977 2340 3032 nalem
2385 2992 2544 3032 suum
2590 2990 2936 3046 nequaquam
2980 2973 3225 3030 deseruit
3270 2991 3283 3027 :
3325 2971 3421 3027 sed
3457 2970 3608 3023 illum
3655 2968 3746 3022 in»

2160 3071 2345 3126 visens
2375 3069 2625 3135 assidue,
2659 3069 2900 3140 quinque
2928 3067 3099 3123 libros
3130 3063 3462 3134 Defensionis
3498 3061 3745 3132 Origenis

478 3154 620 3207 nitus
639 3153 734 3206 Dei
760 3151 962 3209 Filius.
981 3175 1000 3208 ι
1020 3153 1151 3210 Hcce
1177 3157 1317 3210 enim
1348 3157 1594 3226 religiosa
1625 3172 1724 3212 vox
1750 3172 1843 3224 per
1861 3174 1918 3210 os
1945 3156 2060 3225 ejus
2087 3167 2131 3224 ο
2165 3159 2222 3215 in
2273 3175 2496 3216 carcere
2541 3173 2650 3213 una
2697 3175 2822 3214 cum
2854 3159 2948 3214 illo
2975 3157 3311 3224 elaboravit;
3355 3161 3568 3211 sextum
3611 3168 3746 3208 vero

477 3260 678 3314 semper
707 3245 1068 3315 premebatur.
1101 3247 1362 3303 Memoria
1390 3251 1526 3302 enim
1549 3258 1662 3303 erat
1699 3248 1964 3318 Unigeniti
1993 3247 2060 3300 ad

476 3337 704 3408 gloriam
731 3355 836 3392 non
877 3341 992 3394 nati
1020 3339 1225 3399 Patris.
1267 3341 1580 3396 Audiuimus
1627 3354 1802 3395 autem
1833 3340 2068 3410 Apostqp

477 3427 587 3483 lum
635 3431 1024 3499 prwcipientem
1077 3431 1331 3488 honorari
1379 3435 1579 3502 duplici
1635 3435 1830 3489 honore
1879 3434 2062 3488 debere

477 3520 835 3592 presbyteros,
877 3539 965 3578 eos
1015 3525 1247 3580 maxime
1300 3527 1389 3597 qui
1421 3526 1666 3581 laborant
1716 3527 1771 3581 in
1825 3525 1977 3581 uerbo
2010 3536 2060 3581 et

477 3614 748 3668 doctrina.
802 3614 870 3670 Et
919 3631 1042 3688 pag.
1095 3617 1166 3672 29
1219 3618 1417 3674 iterum
1451 3617 1521 3674 de
1563 3635 1630 3675 eo
1679 3619 1752 3673 ita
1779 3619 2058 3689 loquitur:

477 3703 612 3760 Herc
667 3722 772 3760 non
804 3723 897 3760 nos
945 3707 1225 3774 extollunt,
1283 3709 1536 3763 memoria
1566 3708 1703 3763 beati
1747 3709 1895 3763 illius
1940 3710 2058 3765 viri.

485 3797 704 3854 Utinam
738 3811 912 3855 autem
936 3803 1013 3857 ita
1033 3803 1232 3872 possim
1260 3803 1454 3868 dicere,
1485 3813 1541 3857 ut
1564 3802 1834 3859 vobiscum
1862 3819 2063 3872 semper

479 3893 545 3946 ab
563 3894 744 3948 eodem
769 3895 1070 3952 audiebam.
1105 3895 1210 3952 Sed
1227 3913 1288 3951 ea
1324 3913 1443 3967 quae
1503 3914 1640 3951 nunc
1667 3896 1937 3961 dicuntur,
1979 3897 2062 3951 illi

478 3985 678 4054 placita
720 3988 892 4054 fuisse
945 3989 1208 4045 videntur.
1241 3989 1427 4046 Gloria
1470 3992 1611 4046 enim
1649 4001 1729 4046 est
1776 3996 2063 4060 proborum

475 4097 766 4149 seruorum,
821 4099 943 4136 vera
986 4082 1051 4138 de
1104 4084 1328 4139 Domino
1373 4083 1575 4147 dicere;
1607 4093 1658 4140 et
1686 4085 1852 4140 honor
1881 4101 2064 4139 eorum

477 4170 706 4226 Patrum
734 4175 825 4243 qui
851 4173 975 4228 bene
1010 4175 1322 4242 docuerunt,
1351 4177 1400 4230 si
1424 4186 1728 4245 repetantur
1756 4193 1939 4230 eorum
1966 4177 2062 4229 do-

477 4265 684 4320 ctrinae.
720 4264 787 4318 Et
813 4283 1008 4322 rursus
1034 4267 1088 4320 in
1119 4269 1308 4323 eodem
1334 4268 1493 4334 libro,
1516 4285 1642 4340 pag.
1662 4267 1731 4323 57
1755 4287 1771 4325 :
1807 4267 1939 4323 Haec
1964 4285 2064 4322 au-

477 4357 752 4412 diebamus
781 4375 983 4426 semper
1010 4377 1043 4413 a
1064 4359 1214 4414 beato
1242 4359 1337 4414 illo
1369 4362 1500 4423 uiro.
1532 4359 1683 4430 Saepe
1712 4361 1852 4416 enim
1870 4361 1948 4415 ita
1977 4359 2064 4414 di-

479 4446 731 4502 cebantur
762 4447 826 4503 ab
858 4466 944 4512 eo,
995 4459 1054 4503 ut
1085 4450 1301 4520 quidam
1325 4451 1726 4521 suspicarentur
1743 4469 1832 4507 ore
1853 4451 2061 4522 quidem

2162 3257 2216 3306 et
2245 3251 2494 3306 ultimum
2536 3251 2783 3321 ejusdem
2818 3251 3006 3321 operis
3036 3250 3237 3305 librum
3273 3255 3488 3302 mortuo
3515 3246 3745 3301 demum

2162 3343 2399 3399 absolvit
2424 3342 2731 3416 Pamphilo.
2763 3342 2960 3398 Totum
2995 3357 3129 3398 vero
3157 3340 3287 3396 illud
3322 3355 3494 3411 opus,
3525 3339 3745 3395 confes-

2163 3437 2382 3492 soribus
2421 3437 2477 3491 in
2505 3437 2740 3492 metallis
2778 3434 3083 3491 Palaestinae
3111 3432 3435 3505 degentibus
3474 3431 3545 3488 ab
3572 3431 3748 3488 Euse-

2162 3527 2254 3582 bio
2280 3535 2335 3584 et
2371 3527 2658 3598 Pamphilo
2701 3536 3077 3599 nuncupatum
3121 3535 3235 3590 est,
3277 3524 3746 3597 quemadmodum

2162 3619 2352 3675 scribit
2376 3617 2608 3675 Photius
2645 3619 2702 3673 in
2731 3617 3086 3682 Bibliotheca,
3130 3615 3312 3687 capite
3338 3615 3461 3670 HS.
3479 3612 3745 3682 Ejusdem

2161 3713 2558 3784 persecutionis
2573 3719 2846 3782 tempore,
2873 3711 2944 3765 oh
2962 3709 3250 3779 quasdam,
3275 3716 3333 3764 ut
3352 3706 3612 3763 credibile
3631 3714 3742 3772 est,

2161 3803 2421 3860 Ecclesia:
2449 3802 2828 3866 necessitates,
2859 3802 2916 3856 in
2942 3799 3146 3873 Tyrum
3179 3798 3457 3872 profectus
3483 3810 3585 3854 est.
3615 3797 3744 3865 Qua

2161 3895 2217 3950 in
2251 3896 2384 3950 urbe
2407 3895 2537 3959 dum
2569 3893 2821 3964 degeret,
2852 3893 3094 3964 quinque
3119 3890 3503 3964 Egyptiorum
3533 3901 3745 3964 marty-

2160 4002 2284 4042 rum
2313 3987 2550 4057 gloriosa
2581 3985 2880 4040 certamina
2909 3983 3007 4039 abs
3045 3999 3104 4039 se
3131 3982 3248 4038 visa
3276 3999 3398 4038 esse
3423 3991 3658 4039 testatur
3681 3984 3744 4038 in

2163 4079 2302 4134 libro
2327 4093 2455 4142 vm,
2490 4093 2612 4148 cap.
2649 4077 2700 4131 7.
2736 4075 2840 4131 Sed
2880 4084 2933 4131 et
2962 4076 3018 4130 in
3051 4074 3296 4146 ejusdem
3318 4074 3441 4129 libri
3461 4089 3584 4145 cap.
3602 4073 3656 4142 9,
3680 4089 3745 4130 se

2162 4170 2218 4224 in
2241 4168 2532 4242 Egyptum
2555 4184 2620 4224 ac
2637 4168 2968 4225 Thebaidem
2990 4168 3208 4224 venisse
3225 4168 3437 4231 scribit,
3453 4176 3746 4238 grassante

2163 4263 2344 4318 adhuc
2381 4261 2780 4333 persecutionis
2826 4262 3050 4327 furore;
3085 4266 3250 4330 atque
3281 4259 3394 4314 illic
3438 4260 3743 4314 multorum

2162 4355 2450 4426 utriusque
2468 4370 2634 4411 sexus
2657 4363 2952 4424 martyrum
2977 4352 3353 4408 admirabilem
3371 4351 3742 4407 constantiam

2163 4449 2339 4505 oculis
2370 4448 2486 4504 suis
2514 4447 2889 4516 conspexisse.
2940 4443 3080 4500 Sunt
3119 4446 3213 4516 qui
3261 4445 3538 4508 scribant,
3569 4442 3746 4500 Euse-

477 4557 596 4595 eum
623 4541 732 4596 ista
755 4541 1013 4611 proferre,
1047 4541 1204 4595 corde
1235 4552 1411 4598 autem
1439 4543 1598 4596 aliter
1623 4539 1829 4598 habere.
1854 4542 1925 4596 Et
1945 4545 2061 4614 qui-
2093 4526 2136 4581 Π
2167 4543 2317 4598 bium
2359 4541 2414 4595 in
2447 4555 2511 4596 ea
2543 4541 2921 4610 persecutione
2948 4545 3010 4592 ut
3037 4537 3274 4592 carceris
3306 4535 3574 4591 molestiis
3605 4536 3744 4590 libec

474 4635 595 4688 dem
618 4652 818 4689 memor
844 4635 984 4690 vobis
1010 4653 1150 4702 sum,
1176 4635 1440 4690 audivisse
1465 4652 1547 4691 me
1570 4634 1638 4690 ab
1663 4653 1724 4692 eo
1753 4646 1937 4691 sancto
1965 4653 2062 4692 no-

478 4726 558 4780 bis
586 4725 894 4794 juramento
930 4728 1270 4794 satisfecisse,
1297 4729 1424 4798 quia
1460 4745 1566 4782 non
1595 4728 1744 4782 aliud
1774 4730 1829 4783 in
1857 4730 2058 4799 lingua,

475 4827 529 4873 st
555 4817 704 4872 aliud
733 4829 866 4874 esset
898 4821 954 4874 in
983 4821 1143 4874 corde
1159 4821 1295 4887 eius.
1319 4819 1385 4874 Et
1406 4822 1568 4890 paulo
1590 4829 1714 4892 post
1748 4841 1762 4877 :
1789 4821 1894 4877 Sed
1923 4839 2061 4877 nunc

474 4909 685 4980 quidem
714 4913 900 4980 paucis
933 4913 995 4964 ob
1025 4911 1335 4965 memoriam
1353 4921 1403 4965 et
1434 4913 1683 4966 honorem
1710 4910 1889 4966 Patris
1912 4911 2058 4968 illius

477 5005 668 5066 nostri,
704 5005 780 5057 ita
816 5003 962 5066 boni,
1010 5006 1088 5058 ita
1123 5004 1400 5069 laboriosi,
1430 5015 1480 5060 et
1507 5020 1604 5074 pro
1634 5004 1890 5061 Ecclesiis
1942 5009 2061 5061 ubi-

473 5113 573 5165 que
613 5095 882 5165 vigilantis
919 5094 1065 5148 dicta
1094 5096 1200 5149 sint
1251 5095 1420 5151 nobis.
1464 5094 1645 5166 Neque
1675 5097 1814 5150 enim
1850 5098 2059 5167 generis

473 5188 588 5256 ejus
615 5188 929 5242 memoriam
965 5188 1208 5256 fecimus,
1243 5204 1405 5258 neque
1428 5187 1781 5254 educationis,
1814 5197 1906 5243 aut
1932 5207 2058 5244 eru-

473 5280 715 5343 ditionis,
750 5290 842 5333 aut
868 5279 1088 5334 alterius
1120 5281 1241 5336 vitae
1265 5290 1314 5335 et
1343 5281 1618 5350 propositi.
1654 5280 1805 5348 Quos
1838 5282 2058 5353 quidem

477 5368 700 5427 Eusebii
721 5371 871 5428 locos
902 5386 972 5425 ne
1016 5387 1177 5441 quem
1211 5388 1310 5427 sua
1353 5372 1511 5427 laude
1541 5372 1881 5440 defraudem,
1914 5373 2059 5428 indi-

474 5463 623 5518 cavit
657 5463 789 5517 mihi
820 5464 903 5518 vir
924 5464 1283 5522 doctissimus
1309 5464 1643 5522 Franciscus
1665 5465 1920 5537 Ogerius.
1943 5467 2060 5522 Cae-

475 5561 653 5610 terum
685 5570 754 5610 ex
802 5555 889 5611 his
936 5573 1059 5628 qua:
1108 5559 1223 5614 dix-i
1255 5559 1393 5617 satis
1421 5561 1716 5634 colligitur,
1759 5560 2058 5616 Eusebium

381 5671 383 5674 ⁴
477 5647 630 5703 nullo
661 5649 1086 5721 propinquitatis
1113 5653 1260 5723 jure,
1292 5654 1389 5710 sed
1412 5663 1626 5710 tantum
1657 5655 1914 5710 amicitia:
1935 5656 2057 5708 vin-

476 5743 602 5800 culo
631 5732 756 5797 cum
794 5739 1078 5814 Pamphilo
1122 5747 1478 5817 conjunctum
1528 5747 1714 5805 fuisse.
1758 5748 1918 5803 Certe
1949 5747 2059 5802 Eu-

2165 4645 2412 4699 raretur,
2445 4633 2608 4689 idolis
2651 4632 3020 4697 sacriﬁcasse;
3049 4631 3212 4700 idque
3239 4629 3316 4684 illi
3345 4629 3622 4700 objeetum
3653 4637 3746 4684 est

2164 4727 2235 4782 ab
2268 4726 2542 4797 episc0pis
2581 4732 2637 4779 et
2675 4722 3088 4779 confessoribus
3117 4721 3388 4792 Egyptiis
3427 4721 3485 4775 in
3529 4720 3748 4792 synodo

2163 4819 2358 4892 Tyria,
2387 4828 2446 4873 ut
2473 4817 2617 4873 infra
2660 4815 3230 4871 commemorahimus.
3269 4813 3376 4868 Sed
3408 4829 3518 4868 non
3549 4814 3748 4868 dubito

2163 4915 2294 4984 quin
2318 4913 2370 4968 id
2395 4911 2591 4966 falsum
2622 4910 2694 4966 sit
2721 4918 2778 4964 et
2807 4908 2876 4963 ah
2918 4907 3154 4963 inimicis
3175 4905 3397 4969 Eusebii
3419 4906 3743 4961 conﬁctam.

2163 5004 2296 5057 Nam
2323 5003 2374 5058 si
2404 5009 2618 5056 tantum
2649 5001 2860 5055 crimen
2886 5013 3077 5054 revera
3109 4998 3408 5054 admissum
3437 4998 3630 5054 fuisset
3671 4999 3746 5053 ab

2165 5097 2399 5153 Eusebio
2417 5135 2433 5161 ,
2470 5093 2745 5165 quomodo
2771 5091 3130 5148 Caesariensis
3151 5089 3410 5145 Ecclesiae
3432 5098 3620 5161 postea
3657 5091 3746 5145 fa-

2163 5199 2283 5248 ctus
2311 5191 2506 5246 fuisset
2529 5186 2853 5258 episcopus?
2872 5185 3155 5252 Quomodo
3181 5185 3251 5240 ab
3279 5184 3640 5239 Antiochenis
3671 5185 3741 5239 ad

2163 5281 2572 5354 suscipiendum
2627 5281 2776 5335 illius
2823 5279 2976 5334 urbis
3037 5277 3404 5350 sacerdotium
3443 5276 3747 5334 evocatus!

2163 5377 2228 5432 Et
2266 5385 2450 5432 tamen
2498 5373 2795 5431 cardinalis
2832 5371 3101 5426 Baronius
3136 5370 3269 5426 illud
3314 5370 3474 5440 quasi
3529 5378 3744 5426 certum

2163 5478 2455 5538 ratumque
2497 5466 2763 5536 arripuit,
2807 5465 2954 5535 quod
2997 5462 3234 5519 Eusebio
3267 5477 3366 5533 per
3399 5462 3641 5532 jurgium
3684 5469 3746 5517 et

2162 5561 2572 5622 altercationem
2597 5559 2871 5629 objectum
2901 5564 2987 5612 est
3015 5557 3084 5612 ah
3105 5557 3226 5627 ejus
3253 5554 3606 5620 adversariis,
3637 5569 3745 5612 nec

2162 5654 2328 5708 ullius
2362 5652 2677 5708 testimonio
2703 5651 3106 5706 conﬁrmatum.

2233 5747 2336 5803 Per
2385 5748 2523 5804 idem
2567 5754 2781 5818 tempus
2835 5744 3069 5816 scriptus
3102 5749 3186 5800 est
3224 5741 3292 5799 ab
3323 5740 3562 5799 Eusebio
3601 5738 3745 5794 lilysr

549 5859 624 5910 tsi
650 5855 914 5914 Eusebius
941 5857 992 5912 in
1023 5857 1259 5929 Epistula
1278 5860 1340 5914 all
1371 5860 1539 5916 (Σιεεειι
1559 5861 1734 5916 iensss
1758 5862 1823 5917 dc
1847 5862 2058 5929 synodo
2092 5863 2331 5922 Netum.
