4070 6392
293 325 352 384 51
1791 327 2090 388 NOTITIA.
2815 350 2818 353 ‘
3461 337 3532 393 58

294 448 527 504 δάιοι-ηε
560 439 880 500 Hieroclem.
898 441 1135 500 Causam
1165 440 1438 500 scribendi
1470 442 1703 514 pnituit
1729 441 1856 498 Hie-
1882 449 1930 506 Α
1956 443 2130 516 drina
2169 441 2325 500 urbis
2353 442 2659 518 presbyter,
2685 458 2812 501 cum
2839 458 2978 501 nova
3006 447 3252 516 quaedam
3280 457 3335 505 et
3366 449 3532 523 impia

294 539 455 596 rocles
481 535 935 601 Nicomediensis,
966 537 1060 608 qui
1097 537 1200 592 sub
1242 536 1457 591 initium
1495 537 1616 611 ejus
1659 550 1846 608 perse-
1951 533 2021 590 de
2037 533 2131 590 Dei
2153 532 2293 590 Filio
2314 533 2566 607 dogmata
2591 537 2808 608 publice
2835 537 2891 591 in
2920 536 3164 596 Ecclesia
3189 541 3530 611 praedicaret,

293 629 516 687 cutionis
545 641 669 682 cum
698 625 1135 682 Christianorum
1156 627 1356 697 ubique
1371 627 1572 697 templa
1601 627 1852 684 destrue-
1952 633 2008 680 et
2040 624 2109 680 ab
2153 624 2464 682 Alexandro
2517 629 2777 699 episcopo
2823 629 3138 700 frequenter
3183 632 3528 701 admonitus,

292 730 488 785 rentur,
540 726 751 776 vexata:
825 720 1076 790 religioni
1131 720 1291 790 quasi
1354 719 1662 784 insultans,
1710 719 1850 774 duos
1950 714 2313 773 nihilominus
2344 717 2398 771 in
2449 716 2643 774 iisdem
2689 721 3088 777 assertionibus
3121 734 3529 794 perseveraret,

293 813 541 868 adversus
587 809 746 866 ﬁdem
796 809 999 866 Christi
1037 811 1094 866 in
1137 812 1274 866 urbe
1324 809 1638 866 Nicomedia
1683 811 1852 866 edidit
1952 805 2168 861 tandem
2197 822 2304 861 una
2335 823 2459 863 cum
2499 809 2705 864 erroris
2743 810 2828 866 sui
2862 811 3028 868 sociis
3063 813 3387 880 damnatus,
3421 817 3536 886 pul-

292 905 466 968 libros,
517 919 657 974 quos
687 903 1046 970 Φιλαλήθεις
1094 903 1468 974 inscripserat.
1523 901 1582 958 lu
1651 901 1850 972 quibus
1952 914 2158 969 susque
2185 899 2429 956 Ecclesia
2462 900 2658 956 fuerat.
2681 901 2854 968 Quam
2875 903 3278 960 damnationem
3303 907 3532 962 moleste

293 997 420 1054 inter
445 1004 644 1052 caetera
691 995 746 1050 id
790 997 1105 1059 asserebat,
1151 995 1500 1065 Apollonium
1551 992 1850 1066 Tyanaeum
1953 991 2167 1055 ferens,
2197 993 2406 1049 litteras
2441 1009 2564 1048 cum
2609 997 2857 1066 exemplo
2899 995 3023 1051 ﬁdei
3071 1012 3183 1052 suae
3231 997 3298 1053 ad
3340 1014 3530 1057 omnes

291 1091 442 1144 multo
469 1090 630 1159 plura
655 1097 710 1144 et
738 1089 946 1158 majora
995 1087 1193 1143 fecisse
1231 1101 1396 1155 quam
1447 1086 1757 1147 Christum,
1789 1093 1851 1140 ut
1951 1082 2256 1137 vicinarum
2285 1085 2500 1139 urbium
2538 1085 2826 1157 episcopos
2866 1089 3014 1142 misit
3045 1106 3058 1143 :
3100 1090 3298 1158 quibus
3336 1107 3532 1162 quere-

291 1187 502 1236 testatur
526 1179 846 1234 Lactantius
873 1180 927 1233 in
954 1179 1094 1233 libro
1113 1193 1213 1232 vn.
1238 1178 1344 1232 Sed
1375 1175 1646 1231 Eusebius
1676 1176 1852 1230 homi-
1952 1173 2114 1230 batur
2152 1175 2427 1232 immerito
2474 1191 2533 1231 se
2582 1177 2886 1248 depositum
2923 1179 2990 1235 ab
3031 1181 3373 1248 Alexandro,
3402 1199 3527 1240 cum

292 1286 398 1326 nem
439 1273 784 1342 despiciens,
818 1276 1112 1326 contentus
1149 1269 1254 1325 fuit
1299 1284 1425 1325 eum
1477 1269 1624 1324 brevi
1667 1268 1851 1323 libello
1950 1267 2138 1322 eadem
2171 1267 2285 1338 ipse
2311 1285 2432 1338 qua:
2461 1270 2655 1340 reliqui
2688 1269 2925 1328 Orientis
2955 1275 3227 1329 antistites
3273 1277 3533 1345 praedica-

292 1361 574 1416 confutare.
1952 1365 2055 1412 ret.
2077 1356 2174 1412 His
2199 1359 2410 1416 artibus
2431 1359 2640 1431 decepti
2674 1362 2858 1431 plures
2885 1364 3150 1434 episcopi,
3175 1373 3229 1420 et
3257 1367 3324 1420 ab
3356 1366 3527 1422 Euse-

351 1450 481 1507 lnter
496 1453 620 1507 haec
637 1460 856 1508 mortuo
876 1451 1106 1523 Agapio,
1125 1449 1546 1506 Cmsariensium
1567 1449 1848 1522 episcopo,
1951 1451 2044 1506 bio
2071 1451 2470 1510 Nicomediensi
2499 1456 2733 1512 maxime
2754 1457 2985 1519 incitati,
3011 1457 3103 1528 qui
3137 1459 3252 1513 Arii
3278 1460 3535 1529 partibus

292 1554 397 1594 cum
440 1543 760 1613 persecutio
803 1542 919 1612 jam
966 1541 1152 1598 sedata
1203 1548 1260 1598 et
1286 1555 1394 1612 pax
1446 1539 1660 1597 reddita
1703 1547 1852 1597 esset
1951 1546 2131 1616 palam
2161 1545 2394 1612 favebat,
2424 1547 2636 1604 litteras
2663 1563 2763 1620 pro
2787 1548 2920 1603 Ario
2946 1551 3285 1620 scripserunt
3310 1551 3377 1606 ad
3403 1551 3528 1608 Ale-

289 1630 524 1688 Εοεῒεείω
548 1673 564 1698 ν
610 1632 884 1690 Eusebius
912 1632 1188 1688 communi
1221 1633 1466 1688 omnium
1494 1647 1769 1690 consensu
1796 1634 1849 1687 in
1951 1641 2222 1696 xandrum
2251 1639 2629 1696 Alexandrinae
2658 1640 2811 1695 urbis
2841 1641 3163 1707 antistitem,
3207 1650 3429 1699 orantes
3463 1638 3528 1698 ut

289 1723 391 1792 ejus
429 1725 612 1778 locum
657 1724 1032 1780 substituitur.
1082 1722 1189 1778 Alii
1241 1737 1618 1780 successorem
1653 1723 1849 1794 ΔεῦρῘί
1883 1786 1923 1802 κ
1952 1728 2141 1783 Arium
2174 1730 2230 1785 in
2279 1731 2570 1802 pristinum
2619 1731 2797 1786 locum
2834 1732 3167 1788 restitueret.
3215 1732 3292 1787 Ex
3331 1750 3523 1789 eorum

288 1786 472 1882 ponunt
499 1814 851 1884 Agricolam,
877 1814 971 1884 qui
1004 1813 1306 1886 Ancyrante
1352 1812 1562 1884 synodo
1603 1786 1852 1869 interfuit
1883 1786 1925 1841 Β
1950 1836 2178 1876 numero
2234 1786 2337 1876 fuit
2391 1820 2658 1878 Eusebius
2712 1786 2933 1889 noster,
2985 1824 3146 1894 cujus
3200 1786 3523 1880 littenenad

288 1917 342 1957 ac
373 1904 736 1975 subscripsit,
782 1916 929 1959 anno
974 1903 1178 1959 Christi
1207 1905 1336 1960 514.
1373 1903 1453 1958 lta
1494 1903 1764 1960 Baronius
1793 1905 1846 1958 in

1946 1910 2316 1967 Alexandrum
2348 1913 2566 1982 scriptae
2594 1920 2811 1968 exstant
2854 1913 2907 1968 in
2947 1914 3100 1971 Actis
3146 1917 3391 1986 septimae
3429 1932 3523 1987 sy-

287 1996 590 2062 Asnslibus,
623 1997 697 2054 ad
735 2012 944 2051 annum
963 1995 1169 2052 Christi
1201 1996 1342 2064 514,
1369 2004 1426 2054 et
1451 1995 1764 2053 Blondellus
1793 1996 1849 2054 in
1947 2005 2079 2059 nodi
2121 2006 2511 2070 mcumenicte,
2551 2013 2605 2062 et
2654 2005 2796 2060 inter
2842 2015 3086 2062 veterum
3133 2008 3443 2065 testimonia
3491 2029 3523 2068 a

289 2089 515 2160 Apologia
543 2105 644 2160 pro
674 2089 937 2144 sententia
966 2087 1033 2143 B.
1066 2086 1419 2159 Hieronymi,
1463 2102 1584 2160 cap.
1620 2087 1708 2144 i9.
1744 2086 1849 2143 Ubi

1946 2097 2107 2153 nobis
2142 2098 2330 2152 relatae
2363 2105 2513 2154 sunt.
2545 2097 2767 2154 Eusebii
2811 2098 3165 2156 Caesariensis
3208 2105 3516 2175 exemplum

287 2176 552 2235 Eusebium
609 2194 763 2235 anno
807 2178 1015 2235 Christi
1059 2180 1280 2235 circiter
1321 2179 1463 2246 515,
1496 2180 1848 2235 administra-
1948 2203 2077 2242 mox
2108 2189 2283 2243 secuti
2311 2186 2629 2244 Theodotus
2651 2202 2717 2243 ac
2744 2185 3028 2252 Paulinus,
3049 2191 3188 2245 alter
3215 2191 3528 2260 Laodiceae,

285 2271 463 2326 tionem
493 2270 856 2327 Caesariensis
895 2270 1152 2327 Ecclesia
1179 2281 1306 2341 post
1325 2278 1560 2327 mortem
1580 2271 1848 2343 Agricola:
1947 2280 2087 2334 alter
2140 2277 2432 2352 Tyriorum
2488 2279 2797 2349 episcopus,
2846 2295 2945 2351 pro
2998 2282 3348 2339 restitutione
3401 2284 3520 2342 Arii

285 2363 570 2434 suscepisse
595 2363 816 2419 scribit.
851 2359 1612 2436 Verumsubscriptionesillae
1631 2362 1849 2434 episco-
1947 2371 2088 2442 apud
2124 2371 2491 2426 Alexandrum
2523 2371 2906 2426 intercessere.
2943 2373 3187 2438 Quorum
3231 2375 3522 2447 epistolas,

286 2469 452 2524 porum
491 2471 619 2528 qua:
651 2457 709 2510 in
737 2454 950 2512 Latinis
971 2455 1258 2512 (lenonum
1288 2455 1710 2512 collectionibus
1749 2455 1848 2510 lia-
1945 2467 2136 2530 utpote
2167 2459 2523 2532 dogmatibus
2547 2462 2665 2517 suis
2692 2462 3124 2532 patrocinantes,
3165 2479 3290 2520 cum
3321 2468 3523 2539 ubique

287 2546 491 2615 bentur,
552 2565 758 2621 parum
814 2557 982 2606 certe
1033 2551 1167 2606 mihi
1216 2550 1472 2607 videntur
1529 2563 1595 2604 ac
1649 2547 1840 2602 ﬁrmaz.
1943 2557 2248 2606 ostentaret
2280 2551 2468 2618 Arius,
2503 2558 2558 2606 et
2589 2559 2870 2607 tantorum
2902 2551 3147 2609 virorum
3191 2558 3520 2614 auctoritate

290 2637 402 2696 Nam
436 2657 614 2714 neque
645 2643 702 2696 in
731 2640 940 2698 Graecis
968 2643 1272 2707 codicibus,
1300 2657 1400 2698 nec
1425 2642 1482 2696 in
1511 2639 1703 2695 Latina
1723 2655 1848 2694 ver-
1943 2644 2148 2698 multos
2210 2643 2268 2697 in
2338 2641 2655 2697 societatem
2723 2641 2928 2698 erroris
2991 2644 3078 2699 sui
3138 2649 3482 2717 pertraheret"
3504 2689 3522 2713 ,

291 2733 422 2788 sione
458 2733 710 2806 Dionysii
732 2732 931 2805 Exigui
955 2735 1227 2806 leguntur.
1253 2733 1460 2788 Deinde
1485 2732 1754 2789 Eusebius
1789 2731 1846 2785 in
1943 2731 2253 2788 Alexander
2289 2739 2345 2786 et
2375 2731 2489 2802 ipse
2519 2740 2746 2787 coactus
2772 2741 2858 2788 est
2888 2732 2956 2787 ad
2992 2735 3235 2804 reliquos
3279 2735 3524 2793 Orientis

285 2823 406 2879 libro
424 2840 497 2880 vn
528 2825 796 2881 Historiae
823 2826 1194 2881 ecclesiasticis
1219 2838 1516 2881 recensens
1543 2822 1846 2893 praecipua-
1941 2826 2230 2897 episcopos
2286 2824 2496 2880 litteras
2557 2825 2794 2890 mittere,
2855 2827 3058 2898 quibus
3109 2829 3289 2898 palam
3346 2829 3524 2897 ﬁeret,

286 2929 386 2971 rum
405 2918 615 2974 sodium
667 2919 993 2990 episcopos,
1047 2919 1152 2974 sub
1189 2918 1391 2990 quibus
1427 2925 1547 2972 orta
1584 2923 1639 2971 et
1683 2929 1839 2986 gras-
1940 2916 2132 2972 Arium
2164 2931 2272 2970 una
2313 2931 2438 2971 cum
2478 2917 2643 2973 sociis
2682 2917 2809 2986 jure
2849 2918 3167 2974 damnatum
3208 2935 3274 2975 ac
3304 2925 3521 2991 deposi-

285 3019 385 3066 sata
416 3023 496 3070 est
513 3015 869 3084 persecutio,
900 3013 956 3068 in
999 3011 1206 3082 Agapio
1245 3009 1666 3067 Caesariensium
1713 3007 1832 3078 epi-
1943 3015 2058 3063 tum
2093 3007 2282 3064 fuisse.
2308 3007 2540 3063 Exstant
2565 3009 2727 3064 hodie
2759 3009 3053 3066 Alexandri
3085 3012 3330 3082 epistolae
3352 3013 3473 3068 dum
3503 3033 3520 3069 :

285 3120 426 3176 scopo
480 3105 722 3170 desinit,
783 3118 949 3175 quem
986 3103 1061 3158 ait
1103 3104 1160 3158 in
1197 3117 1262 3158 ea
1300 3100 1683 3172 persecutione
1735 3114 1836 3169 pro
1872 3130 1917 3188 ρ
1951 3103 2118 3158 altera
2166 3102 2234 3157 ad
2277 3102 2649 3157 Alexandrum
2688 3104 3356 3174 ConstantinOpolitamim
3403 3108 3518 3178 epi-

287 3195 516 3253 Ecclesiaz
565 3212 688 3252 suae
721 3193 1025 3251 commodis
1073 3193 1368 3264 plurimum
1417 3191 1716 3246 laborasse.
1749 3188 1849 3245 Hic
1950 3207 2200 3263 scopum,
2235 3192 2292 3247 in
2324 3207 2430 3263 qua
2474 3193 2726 3264 queritur
2757 3193 3060 3250 Alexander
3095 3196 3161 3250 de
3190 3196 3368 3251 tribus
3409 3199 3515 3267 epi-

284 3301 395 3357 ατο
416 3287 480 3343 ad
511 3287 683 3343 finem
716 3300 894 3354 usque
925 3280 1324 3354 persecutionis
1357 3278 1720 3350 permanserit
1752 3292 1849 3332 ηε·
1946 3285 2131 3355 scopis
2157 3283 2348 3356 Syriae,
2375 3283 2467 3356 qui
2498 3283 2629 3338 Ario
2656 3285 3083 3353 consentientes,
3109 3288 3518 3343 contentionem

283 3393 415 3434 cesse
442 3386 546 3435 est.
578 3377 753 3449 Atqui
785 3375 1055 3432 Eusebius
1089 3374 1274 3430 statim
1309 3377 1434 3442 post
1475 3371 1636 3426 ﬁnem
1663 3383 1848 3439 νεηθ-
1945 3393 2110 3448 quam
2143 3377 2336 3433 sedare
2362 3377 2545 3448 potius
2581 3377 2921 3441 debuissent,
2954 3378 3128 3449 magis
3160 3395 3322 3449 quam
3357 3387 3518 3434 antea

284 3473 493 3528 cutionis
531 3471 726 3527 factus
775 3479 862 3525 est
893 3468 1209 3539 episcopus.
1255 3464 1393 3520 Nam
1427 3479 1548 3520 cum
1583 3462 1846 3517 Paulinus
1945 3451 2434 3524 inﬂammaverant.
2470 3465 2537 3522 lli
2591 3475 2720 3523 sunt
2751 3467 3041 3535 Eusebius,
3089 3468 3405 3526 Theodotus
3454 3486 3518 3525 ac

281 3563 542 3634 episcopus
562 3561 724 3635 Tyri,
747 3560 913 3632 paulo
930 3567 1053 3630 post
1078 3557 1348 3614 redditam
1373 3555 1632 3612 Ecclesiae
1656 3569 1844 3625 pacem
1943 3559 2228 3625 Paulinus,
2260 3559 2406 3617 sicut
2434 3574 2501 3615 ex
2523 3557 2638 3615 Arii
2660 3560 2895 3630 epistola
2921 3561 2988 3616 ad
3012 3560 3311 3618 Eusebium
3349 3563 3484 3617 Nico
3505 3598 3514 3604 -

280 3654 532 3710 δίείίίωω
561 3654 884 3718 dedicaui:
909 3653 979 3707 ad
1005 3653 1128 3723 ei!”
1148 3649 1548 3706 dedicationem
1580 3662 1688 3704 una
1716 3662 1841 3702 cum
1944 3653 2280 3710 mediensem
2313 3652 2518 3722 scripta
2554 3652 2681 3707 licet
2703 3653 2980 3723 colligere.
3012 3653 3254 3708 Alteram
3280 3654 3519 3709 Alexan-

282 3746 478 3816 reliquis
507 3745 793 3817 episcopis
812 3758 843 3796 a
866 3740 1096 3797 Paulino
1116 3748 1376 3798 evocatus
1403 3747 1521 3805 est,
1549 3746 1604 3794 et
1626 3740 1846 3810 elegau-
1943 3743 2028 3799 dri
2049 3743 2339 3814 epistolam
2371 3741 2441 3796 ad
2473 3757 2664 3796 omnes
2689 3741 2892 3813 ubique
2923 3752 3193 3798 terrarum
3228 3745 3521 3815 episc0pos

280 3837 520 3893 tissimam
553 3851 752 3892 coram
802 3835 898 3890 illo
929 3833 1116 3889 habuit
1143 3833 1470 3896 orationem,
1503 3831 1650 3888 sicut
1674 3831 1842 3888 disci-
1941 3834 2127 3890 datam
2153 3832 2322 3888 refert
2350 3829 2603 3887 Socrates
2636 3830 2694 3885 in
2727 3831 2868 3886 libro
2891 3847 2928 3886 ι.
2958 3830 3056 3888 His
3093 3833 3387 3888 Alexandri
3427 3834 3517 3888 lit-

280 3943 382 3985 tuus
423 3945 487 3986 ex
535 3929 683 3985 libro
733 3943 766 3981 x
821 3923 1076 3980 Historia:
1123 3923 1516 3978 ecclesiasticw.
1562 3919 1619 3978 ld
1659 3932 1841 3978 autem
1940 3922 2077 3980 teris
2106 3937 2244 3992 pene
2275 3935 2466 3977 omnes
2489 3917 2729 3976 Orientis
2757 3920 3204 3990 subscripserunt
3236 3925 3474 3993 episcopi
3499 3943 3516 3978 :

281 4023 480 4093 contigit
512 4032 814 4090 antequam
845 4016 1090 4073 Licinius
1118 4015 1386 4071 adversus
1421 4014 1840 4070 Constantinum
1940 4013 2080 4068 inter
2106 4027 2244 4082 quos
2275 4011 2579 4082 principem
2609 4009 2786 4064 locum
2816 4010 3136 4066 obtinebant
3163 4011 3519 4083 Philogonius

281 4114 538 4170 retellaret
561 4154 578 4173 .
621 4113 778 4184 quod
811 4110 1013 4166 factum
1046 4115 1132 4166 est
1160 4123 1306 4163 anno
1333 4107 1541 4164 Natalis
1575 4107 1840 4162 Dominici
1939 4103 2262 4167 Antiochiae,
2299 4102 2621 4158 Eustathius
2660 4100 2896 4158 Berroea:
2921 4110 2976 4156 et
3017 4099 3290 4159 Macarius
3320 4102 3506 4158 Hieroc

285 4203 387 4260 3l5.
408 4205 565 4260 Circa
604 4205 729 4259 haec
756 4212 1002 4273 tempora
1030 4200 1303 4258 Eusebius
1337 4202 1582 4272 insignes
1611 4199 1736 4256 illos
1764 4197 1842 4253 De
1940 4198 2274 4268 solymorum
2299 4195 2592 4252 antistites.
2620 4191 2876 4266 Episcopi
2901 4209 3031 4250 vero
3063 4195 3142 4250 illi
3172 4195 3266 4266 qui
3298 4196 3367 4250 ab
3395 4196 3512 4250 Arii

282 4295 707 4353 demonstratione
732 4303 790 4352 et
816 4295 894 4350 De
918 4296 1308 4366 pmparatione
1333 4293 1631 4366 euangelica
1668 4293 1839 4350 libros
1940 4289 2191 4360 partibus
2225 4297 2374 4342 stare
2413 4286 2762 4350 videbantur,
2798 4301 2921 4341 cum
2973 4286 3266 4342 Alexandri
3313 4287 3526 4340 litteris

286 4389 612 4450 elucubravit.
638 4390 797 4457 Quos
827 4389 1052 4460 quidem
1079 4395 1206 4445 ante
1238 4387 1529 4443 concilium
1559 4386 1837 4442 Nicaanum
1943 4396 2002 4437 se
2038 4379 2364 4452 perstrictus
2397 4377 2667 4444 viderent,
2701 4380 2884 4436 acrius
2928 4379 3100 4434 multo
3133 4393 3197 4432 ac
3223 4379 3514 4432 vehemen-

285 4484 488 4554 scriptos
505 4484 687 4541 fuisse
706 4489 945 4545 constat,
969 4497 1092 4538 cum
1117 4481 1173 4536 in
1202 4480 1445 4536 Historia
1463 4480 1838 4544 ecclesiastica,
1869 4476 1915 4531 D
1946 4475 2055 4530 tius
2083 4475 2138 4529 in
2173 4471 2546 4528 defensionem
2588 4472 2705 4528 Arii
2738 4471 3036 4528 incubuere
3067 4489 3080 4526 :
3113 4472 3384 4542 praecipue
3415 4486 3525 4525 all--

282 4590 380 4644 qua:
418 4585 541 4633 ante
585 4577 726 4632 illud
770 4574 1064 4631 concilium
1099 4576 1167 4630 ab
1197 4573 1435 4631 Eusebio
1471 4574 1678 4644 scripta
1718 4579 1836 4637 est,
1942 4572 2051 4621 tem
2095 4561 2531 4620 Nicomediensis
2578 4561 2866 4619 Eusebius.
2909 4560 3105 4617 Noster
3137 4560 3285 4615 enim
3330 4559 3518 4614 Caesa-

280 4668 570 4722 nominatim
601 4669 870 4730 citentur,
895 4666 1358 4738 quemadmodum
1393 4667 1450 4722 in
1474 4665 1840 4722 adnotationi-
1939 4657 2142 4713 riensis
2182 4655 2471 4720 Eusebius,
2505 4670 2614 4710 una
2657 4670 2780 4710 cum
2812 4651 3130 4723 Patrophilo
3163 4667 3226 4706 ac
3257 4649 3514 4713 Paulino,

281 4755 363 4814 bus
387 4761 751 4815 ostendimus.
784 4757 997 4814 interea
1038 4757 1321 4824 Licinius,
1356 4758 1450 4829 qui
1496 4759 1553 4813 in
1599 4756 1839 4812 Orientis
1939 4749 2172 4819 aliisque
2226 4747 2401 4820 Syriae
2446 4747 2722 4818 episcopis
2779 4745 2834 4800 id
2877 4752 3086 4799 tantum
3135 4743 3397 4807 decrevit,
3453 4749 3514 4794 ut

281 4851 496 4915 partibus
562 4849 984 4925 Rempublicam
1040 4847 1502 4914 administrabat,
1556 4847 1840 4918 repentino
1937 4841 2069 4896 Ario
2107 4841 2424 4912 presbytero
2479 4845 2782 4894 conventus
2831 4838 2885 4891 in
2926 4836 3161 4891 ecclesia
3211 4851 3310 4892 sua
3351 4850 3522 4906 agerc-

283 4937 436 4998 lurore
465 4918 737 4998 incitatus
767 4918 1113 5001 Christianos
1142 4941 1396 5013 persequi
1426 4940 1625 5010 coepit,
1655 4938 1844 5010 praeci-
1939 4934 2166 5002 liceret;
2199 4934 2481 5004 subjectus
2513 4939 2694 4987 tamen
2725 4931 2865 4985 idem
2889 4939 3034 4985 esset
3059 4927 3366 4983 Alexandro
3395 4929 3516 4996 epi-

282 5045 366 5099 pue
397 5050 520 5089 vero
543 5034 849 5098 antistites,
875 5050 1013 5105 quos
1034 5035 1400 5091 Constantino
1431 5031 1604 5101 magis
1629 5031 1834 5098 favere,
1937 5039 2127 5094 scopo,
2160 5025 2230 5078 ab
2257 5039 2432 5093 eoque
2461 5020 2727 5093 ﬂagitaret
2767 5027 2826 5073 ut
2865 5017 2931 5072 ad
2970 5033 3158 5089 pacem
3186 5024 3239 5072 et
3260 5032 3514 5071 commu-

283 5128 325 5172 et
349 5138 435 5191 pro
454 5125 547 5180 illo
572 5133 706 5179 vota
747 5125 926 5180 facere
955 5127 1358 5196 suspicabatur.
1386 5123 1493 5179 Sed
1524 5121 1839 5182 Constanti-
1939 5116 2157 5170 nionem
2198 5115 2598 5170 admitteretur.
2636 5111 2719 5166 Ad
2750 5111 2896 5164 hunc
2937 5107 3159 5162 modum
3189 5107 3509 5161 dissidenti-

283 5226 387 5280 nns,
414 5231 669 5288 suscepta
704 5217 968 5276 adversus
994 5219 1262 5275 Licinium
1288 5217 1654 5289 expeditione,
1685 5215 1837 5272 brevi
1940 5210 2044 5264 bus
2076 5209 2221 5262 inter
2254 5222 2314 5263 se
2344 5205 2642 5276 episcopis,
2675 5215 2729 5260 et
2758 5203 2844 5258 his
2885 5199 3205 5262 Alexandri,
3255 5198 3362 5252 illis
3391 5197 3516 5252 Arii

286 5301 412 5358 illu
433 5307 650 5363 duobus
674 5309 885 5378 prmliis
907 5317 1049 5364 terra
1076 5309 1323 5378 marique
1345 5308 1547 5362 victum
1579 5305 1646 5360 ad
1682 5304 1836 5360 dedi-
1938 5308 2123 5373 partes
2153 5299 2486 5362 foventibus,
2526 5295 2805 5353 contentio
2837 5309 3003 5366 supra
3031 5291 3251 5346 modum
3281 5304 3511 5360 exaspe-

283 5393 457 5452 tionem
493 5399 786 5469 compulit.
822 5399 1000 5471 Atque
1039 5401 1114 5454 ita
1140 5399 1472 5455 Christianis
1518 5398 1576 5453 in
1615 5395 1836 5452 Oriente
1938 5403 2056 5448 rata
2086 5401 2190 5449 est.
2237 5391 2336 5446 Cui
2373 5392 2517 5446 malo
2543 5397 2603 5444 ut
2631 5389 2938 5444 mederetur
2967 5385 3384 5447 Constantinus,
3422 5398 3512 5452 ge-

286 5485 576 5557 degentibus
626 5507 734 5562 pax
782 5508 882 5564 per
926 5491 1346 5549 Constantinum
1395 5493 1576 5548 denuo
1623 5491 1836 5548 reddita
1937 5485 2178 5538 neralem
2210 5483 2593 5554 episc0porum
2640 5478 2930 5552 synodum,
2960 5479 3177 5550 qualem
3210 5477 3358 5531 nulla
3405 5491 3510 5528 un-

288 5585 371 5633 εει.
1935 5592 2098 5648 quam
2128 5584 2262 5631 mtas
2296 5576 2524 5637 viderat,
2559 5589 2626 5628 ex
2664 5573 2924 5628 universo
2947 5571 3078 5626 orbe
3097 5569 3347 5625 Romano
3376 5582 3516 5620 con-

347 5667 694 5730 Veruminter
715 5676 862 5745 ipsos
878 5674 1220 5732 Christianos
1239 5675 1396 5747 longe
1410 5673 1628 5744 gravior
1642 5673 1832 5728 eodem
1935 5671 2179 5742 gregavit
2205 5671 2258 5724 in
2287 5668 2420 5723 urbe
2452 5667 2716 5738 Bithyniae
2754 5665 2957 5722 Nicaea.
2989 5663 3165 5734 Hujus
3192 5660 3412 5718 maximi
3443 5674 3512 5714 ac

291 5764 502 5830 mpure
531 5767 805 5823 tumultus
829 5768 1053 5825 exarsit.
1086 5767 1330 5838 Namque
1375 5767 1569 5830 Arius,
1599 5765 1834 5824 Alexan-
1936 5761 2275 5820 celeberrimi
2310 5759 2528 5816 concilii
2583 5775 2691 5816 non
2737 5759 2963 5816 minima
3008 5771 3138 5828 pars
3184 5753 3285 5810 fuit
3330 5749 3510 5808 Ense-
