4070 6392
544 351 612 410 59

545 468 672 525 hius
718 470 928 519 noster.
967 461 1102 516 Nam
1133 467 1186 516 et
1223 459 1282 514 in
1331 455 1525 510 dextro
1558 463 1728 505 cornu
1772 442 2011 515 primum

555 570 683 613 cum
733 552 1004 615 obtinuit,
1056 557 1112 606 et
1151 550 1281 618 imp.
1335 541 1792 600 Constantinum,
1843 533 1939 605 qui
1979 530 2123 585 inter

545 649 688 704 duos
734 642 1138 700 considentium
1180 639 1402 695 ordines
1449 635 1663 692 medius
1699 631 1753 685 in
1798 641 1962 682 aurea
1989 623 2122 679 sella

545 736 844 799 residebat,
879 735 1050 790 totius
1081 732 1274 804 synodi
1305 730 1530 786 nomine
1567 721 1936 794 compellavit,
1979 718 2124 772 sicut

547 831 665 900 ipse
698 836 933 883 testatur
967 828 1023 881 in
1056 826 1282 881 exordio
1310 823 1434 878 libri
1465 839 1482 876 ι
1513 820 1585 874 De
1616 817 1738 873 Vita
1762 811 2120 872 Constantini,

543 930 602 977 ct
636 923 691 976 in
718 922 814 975 lib.
856 936 915 974 ιιι
947 919 1194 988 ejusdem
1220 916 1426 987 operis.
1458 913 1601 967 Idem
1637 911 1803 966 etiam
1834 905 2124 962 conﬁrmat

549 1010 889 1068 Sozomenus
919 1012 975 1065 in
999 1012 1140 1065 libro
1168 1026 1181 1063 l
1211 1006 1467 1063 Historia:
1491 1003 1882 1059 ecclesiastica.
1918 995 2124 1052 Deinde

549 1120 676 1160 cum
710 1105 852 1158 inter
882 1104 1172 1173 episcopos
1205 1101 1441 1155 maxima
1469 1105 1618 1155 esset
1650 1091 2025 1149 controversia
2057 1089 2124 1143 de

551 1199 783 1254 formula
810 1198 955 1261 ﬁdei,
991 1196 1262 1252 Eusebius
1295 1202 1483 1250 noster
1515 1191 1805 1248 formulam
1838 1186 2125 1258 proposuit

550 1291 845 1347 admodum
887 1297 1092 1345 rectam
1139 1296 1194 1344 et
1240 1287 1565 1358 simplicem,
1615 1292 1669 1339 et
1720 1297 1841 1353 qua:
1879 1280 2123 1334 omnium

550 1383 957 1452 episcOporum,
994 1382 1276 1451 ipsiusque
1309 1380 1445 1434 adeo
1476 1375 1822 1447 imperatoris
1849 1385 2124 1428 consensu

552 1475 772 1528 laudata
821 1481 926 1529 est.
978 1471 1085 1529 Sed
1137 1489 1262 1528 cum
1309 1473 1358 1526 ei
1405 1469 1654 1526 formula:
1696 1465 1904 1536 aliquid
1934 1463 2127 1518 deesse

549 1565 834 1619 videretur
863 1565 931 1618 ad
960 1563 1354 1617 confutandam
1394 1561 1522 1615 novi
1567 1557 1840 1628 dogmatis
1873 1556 2129 1625 impieta-

552 1664 682 1718 tem,
713 1653 904 1710 Patres
929 1653 1123 1726 synodi
1151 1653 1384 1709 Niczena:
1413 1653 1511 1707 has
1539 1658 1803 1722 prteterea
1831 1660 1996 1702 voces
2030 1645 2127 1698 ad-

552 1731 762 1799 dendas
792 1760 914 1800 esse
948 1751 1282 1799 censuerunt
1311 1761 1326 1798 :
1353 1745 1520 1796 Deum
1543 1756 1720 1794 verum
1741 1737 1805 1792 de
1832 1737 1940 1793 Deo
1969 1751 2124 1790 vero:

551 1838 785 1906 genitum
815 1853 919 1891 non
951 1837 1176 1906 factum,
1207 1833 1711 1890 consubstantialem
1741 1831 1916 1888 Patri.
1960 1830 2126 1900 Adje-

553 1937 746 1984 cerunt
776 1929 940 1984 etiam
973 1928 1458 1983 anathematismos
1500 1925 1764 1981 adversus
1791 1939 1886 1979 eos
1917 1921 2008 1994 qui
2043 1920 2127 1975 di-

552 2029 741 2075 cerent
771 2017 969 2074 Filium
1003 2018 1100 2074 Dei
1130 2019 1197 2074 de
1222 2034 1332 2074 non
1363 2017 1709 2074 exstantibus
1751 2015 1955 2069 factum
1981 2027 2124 2076 esse,

554 2109 814 2167 etfuisse
843 2119 1059 2182 tempus
1086 2126 1211 2166 cum
1257 2126 1366 2165 non
1406 2117 1572 2166 esset.
1608 2109 1676 2163 Et
1717 2109 1875 2163 initio
1906 2106 2126 2177 quidem

553 2201 824 2257 Eusebius
861 2208 1049 2258 noster
1093 2201 1562 2257 consubstantialis
1603 2215 1794 2256 vocem
1840 2197 2129 2253 admittere

552 2294 862 2350 recusabat.
900 2294 1005 2351 Sed
1045 2306 1233 2365 postea
1265 2294 1492 2350 edoctus
1528 2308 1559 2346 a
1600 2291 1828 2362 reliquis
1857 2291 2127 2362 episcopis

553 2402 803 2456 quaenam
830 2392 975 2442 esset
1007 2385 1173 2454 hujus
1197 2383 1347 2439 verbi
1379 2384 1463 2438 vis
1495 2391 1660 2452 atque
1689 2381 1978 2444 sententia,
2002 2379 2129 2433 huic

555 2479 679 2534 ﬁdei
708 2478 928 2534 tandem
957 2478 1240 2532 consensit
1287 2490 1351 2531 ac
1392 2475 1744 2544 subscripsit,
1775 2470 2130 2544 quemadmo-

553 2571 686 2626 dum
730 2572 846 2641 ipse
874 2569 1043 2624 tradit
1083 2569 1138 2622 in
1176 2568 1408 2638 epistola
1443 2566 1512 2621 ad
1556 2567 1946 2622 Caesarienses.
1983 2564 2130 2618 Non-

555 2663 692 2717 nulli
737 2668 993 2718 asserunt
1044 2659 1340 2716 Eusebium
1388 2660 1719 2714 necessitate
1763 2657 2038 2720 adactum,
2077 2667 2130 2712 et

555 2753 904 2824 imperatoris
933 2759 1077 2806 metu
1109 2751 1290 2820 potius
1314 2764 1478 2820 quam
1501 2764 1565 2803 ex
1591 2747 1761 2802 animi
1790 2747 1876 2802 sui
1909 2756 2130 2802 senten-

554 2847 652 2908 tia,
701 2844 932 2900 Nicaena
976 2844 1100 2898 ﬁdei
1135 2842 1556 2911 subscripsisse.
1586 2839 1700 2910 Ego
1739 2855 1870 2894 vero
1898 2838 1965 2894 de
2006 2839 2130 2893 aliis

554 2937 778 3007 quidem
835 2939 928 3008 qui
975 2933 1341 2990 interfuerunt
1387 2933 1516 2990 huic
1572 2931 1801 3004 synodo,
1864 2931 1919 2986 id
1970 2929 2132 2985 facile

555 3028 907 3083 crediderim.
949 3027 1024 3082 De
1054 3026 1379 3082 Caesariensi
1407 3034 1588 3080 autem
1626 3024 1860 3080 Eusebio
1893 3025 1966 3077 ita
2005 3039 2132 3078 sen-

557 3122 661 3175 tire
692 3135 800 3174 non
830 3135 1074 3190 possum.
1107 3117 1240 3172 Nam
1282 3118 1554 3174 EuSebius
1580 3123 1702 3186 post
1728 3116 1998 3187 synodum
2034 3115 2129 3170 Ni-
2155 3155 2198 3213 α

555 3227 782 3275 orenam,
819 3227 1032 3282 semper
1065 3211 1343 3265 damnavit
1383 3225 1478 3265 eos
1506 3209 1599 3280 qui
1650 3209 1896 3263 dicerent
1926 3207 2122 3263 Filium

556 3301 652 3358 Dei
686 3319 753 3357 ει
798 3303 972 3356 nihilo
1023 3302 1224 3356 factum
1259 3316 1402 3370 esse,
1441 3310 1500 3355 ut
1533 3307 1680 3370 patet
1719 3315 1786 3353 ex
1821 3299 1976 3356 libris
2006 3301 2126 3368 eius

553 3405 742 3448 contra
790 3392 1122 3455 Marcellum,
1168 3402 1222 3446 et
1264 3391 1586 3445 nominatim
1626 3406 1692 3446 ex
1744 3405 1866 3460 cap.
1899 3392 1932 3446 9
1979 3398 2033 3444 et
2063 3390 2128 3444 iO

555 3484 680 3539 libri
714 3501 730 3539 ι
759 3484 836 3538 De
861 3484 1220 3538 ecclesiastica
1261 3481 1540 3552 theologia.
1574 3481 1720 3537 idem
1745 3484 1908 3536 etiam
1942 3482 2010 3537 de
2035 3484 2129 3537 illo

557 3584 790 3632 testatur
833 3577 1188 3630 Athanasius.
1236 3574 1337 3642 Qui
1377 3590 1499 3630 cum
1545 3574 1847 3644 satpissime
1880 3576 2130 3631 retulerit

556 3668 852 3726 Eusebium
903 3668 1298 3725 Caesariensem
1344 3667 1578 3723 Nicaenze
1623 3668 1833 3739 synodo
1885 3669 2129 3725 subscri-

555 3761 754 3831 psisse,
797 3776 1076 3830 nunquam
1124 3767 1305 3814 tamen
1350 3759 1403 3814 id
1435 3761 1501 3814 ab
1541 3760 1634 3814 illo
1681 3760 1936 3816 simulate
1981 3769 2035 3815 et
2071 3760 2129 3815 in

557 3852 795 3921 speciem
827 3850 1092 3904 duntaxat
1117 3849 1319 3904 factum
1344 3867 1469 3906 esse
1502 3851 1700 3921 prodit.
1735 3850 1899 3906 Certe
1936 3852 1980 3907 si
2013 3849 2126 3904 Eu-

557 3942 743 3996 sebius
791 3955 897 3994 non
928 3955 996 3995 ex
1032 3940 1235 4004 animo,
1275 3941 1370 3995 sed
1402 3956 1496 4010 per
1526 3940 1770 3997 fraudem
1811 3957 1876 3996 ac
1910 3942 2130 3996 simula-

556 4033 764 4086 tionem
804 4029 1022 4086 Nicazno
1057 4032 1296 4086 concilio
1338 4033 1690 4102 subscripsit,
1717 4048 1817 4088 cur
1850 4033 1917 4087 ad
1943 4032 2127 4089 Caesa-

554 4129 766 4183 rienses
824 4127 972 4180 illam
1009 4141 1173 4195 quam
1225 4125 1340 4180 dixi
1389 4133 1578 4196 postea
1623 4127 1771 4181 misit
1812 4127 2126 4196 epistolam,

554 4234 663 4289 qua
704 4219 937 4288 ingenue
975 4217 1258 4288 professus
1299 4225 1383 4274 est
1427 4233 1487 4272 se
1537 4217 1696 4272 ﬁdem
1732 4218 1879 4272 illam
1911 4233 2032 4288 quae
2073 4219 2127 4271 in

556 4312 790 4367 concilio
836 4310 1056 4365 Nicaano
1103 4311 1247 4365 edita
1316 4310 1514 4372 fuerat,
1574 4310 1883 4380 amplexum
1934 4309 2136 4366 fuisse?

553 4403 686 4461 Post
727 4405 994 4476 synodum
1044 4401 1342 4468 Nicaenam,
1373 4400 1561 4455 Ariani
1597 4411 1745 4456 metu
1779 4401 2125 4472 imperatoris

553 4498 951 4568 aliquantulum
984 4495 1258 4564 quievere.
1294 4493 1417 4547 Mox
1447 4503 1724 4563 resumpta
1751 4493 1966 4558 fiducia,
1996 4509 2120 4548 cum

554 4587 609 4642 in
641 4588 935 4641 amicitiam
971 4587 1233 4657 principis
1276 4584 1473 4641 callide
1515 4587 1893 4655 irrepsissent,
1940 4587 2126 4643 catho—

553 4678 688 4732 licos
733 4677 1007 4732 antistites
1041 4676 1295 4729 omnibus
1331 4673 1508 4730 modis
1543 4682 1704 4743 atque
1749 4673 1956 4727 artibus
2002 4689 2127 4743 per-

555 4765 710 4837 sequi
740 4766 1113 4820 instituerunt.
1145 4763 1362 4819 Primus
1395 4765 1610 4818 illorum
1647 4765 1882 4833 impetus
1919 4765 1974 4817 in
2017 4764 2125 4816 Eu-

555 4860 814 4916 stathium
865 4858 1132 4920 incubuit,
1184 4857 1540 4910 Antiochense
1588 4856 1741 4911 urbis
1778 4857 2119 4926 episcopum,

555 4953 647 5023 qui
673 4960 726 5007 et
753 4951 1120 5006 confessionis
1155 4949 1326 5019 gloria
1357 4949 1612 5013 illustris,
1640 4955 1693 5004 et
1721 4949 1863 5004 inter
1891 4948 2124 5004 Nicaeus:

555 5043 676 5098 fidei
725 5051 1028 5098 assertores
1069 5042 1376 5112 praecipuus
1419 5041 1738 5096 habebatur.
1767 5040 1923 5095 iiunc
1955 5043 2123 5112 igitur

556 5134 698 5206 apud
735 5135 1117 5204 imperatorem
1160 5139 1420 5187 accusant
1451 5132 1592 5202 quod
1627 5129 1846 5186 Sabellii
1873 5133 2124 5202 impieta-

555 5240 660 5279 tem
691 5230 985 5290 astrueret,
1021 5223 1276 5292 quodque
1306 5232 1536 5276 matrem
1571 5223 1833 5293 principis
1861 5221 2121 5278 Helenam

555 5314 852 5386 Augustam
881 5314 1208 5370 contumelia
1239 5313 1529 5370 affecisset.
1556 5313 1642 5368 Fit
1664 5315 1856 5385 ingens
1884 5329 2122 5370 conven-

556 5418 646 5462 tus
677 5408 1060 5478 episcoporum
1097 5407 1153 5460 in
1192 5406 1326 5462 urbe
1371 5406 1686 5472 Antiochia,
1734 5407 1822 5461 cui
1867 5407 2122 5476 praesedit

556 5501 820 5557 Eusebius
852 5499 1307 5564 Nicomediensis,
1341 5501 1509 5556 tctius
1541 5500 1794 5556 factionis
1825 5511 2018 5556 auctor
2056 5514 2118 5553 ac

559 5594 798 5664 signitu.
838 5593 1089 5648 interfuit
1133 5592 1297 5648 etiam
1340 5592 1467 5647 huic
1512 5593 1722 5664 synodo
1763 5594 2119 5648 Ctesariensis

558 5685 838 5742 Eusebius.
885 5685 1053 5756 igitur
1087 5684 1402 5742 Eustathius
1447 5700 1477 5739 a
1529 5685 1673 5756 Cyro
1719 5683 2117 5740 Berroeensium

560 5777 803 5847 episeopo
855 5788 1140 5833 accusatus
1185 5776 1327 5839 quod
1382 5775 1597 5843 impiam
1648 5773 1868 5827 Sabellii
1920 5775 2118 5828 doctri-

1503 325 1844 389 EUSEBIUS
1879 306 2362 378 CESAPJENSIS
2399 301 2799 362 EPISCOPUS.
3719 292 3788 348 50

2043 437 2124 490 lo-
2151 436 2194 494 Α
2225 442 2352 484 nam
2383 430 2662 490 tueretur;
2697 421 3025 477 concinnato
3051 421 3311 485 praeterea
3342 412 3606 468 adversus
3640 411 3790 466 illum

2225 519 2402 589 stupri
2452 515 2702 580 crimine,
2755 513 2823 569 de
2851 511 2980 569 sede
3021 525 3120 566 sua
3158 506 3472 578 depellitur.
3505 502 3680 570 Quam
3723 502 3791 557 ob

2225 624 2450 668 causam
2478 607 2839 680 gravissimus
2879 601 3181 658 Antiochiae
3209 599 3478 654 tumultus
3521 603 3609 651 est
3645 596 3784 650 exci-

2223 711 2402 768 tatus;
2436 699 2638 771 populo
2672 697 2812 752 duas
2842 696 2897 750 in
2936 702 3122 765 partes
3154 692 3350 751 diviso,
3383 704 3508 742 cum
3552 688 3656 741 alii.
3676 687 3776 742 ϐω·

2223 795 2528 851 sariensem
2560 791 2858 847 Eusebium
2888 789 2943 842 in
2981 785 3251 841 Eustathii
3292 783 3471 837 locum
3509 781 3791 848 substitui,

2225 889 2317 943 alii
2359 885 2704 942 Eustathium
2755 883 2858 938 sibi
2891 881 3208 951 episcopum
3257 876 3413 931 reddi
3465 873 3793 945 flagitarent.

2223 979 2572 1048 Ventumque
2612 982 2760 1032 esset
2792 973 2861 1028 ad
2902 987 3120 1034 manus,
3153 969 3261 1024 nisi
3301 966 3650 1037 imperatoris
3681 981 3795 1019 me-

2225 1079 2318 1127 tus
2355 1078 2410 1126 et
2437 1068 2684 1139 judicum
2735 1063 3035 1120 auctoritas
3069 1074 3167 1114 eos
3199 1057 3556 1112 cohibuisset.
3594 1052 3795 1107 Pacata

2223 1163 2445 1218 tandem
2484 1159 2778 1223 seditione,
2811 1157 3078 1228 pulsoque
3110 1153 3167 1206 in
3193 1150 3447 1206 exsilium
3475 1144 3788 1205 Eustatbio,

2225 1255 2495 1311 Eusebius
2534 1259 2722 1306 noster
2764 1247 2982 1303 tametsi
3013 1253 3067 1300 ct
3100 1259 3131 1298 a
3160 1242 3362 1314 pepulo
3398 1252 3451 1296 et
3479 1239 3547 1293 ab
3573 1237 3792 1308 episco-

2225 1350 2313 1421 pis
2341 1348 2433 1418 qui
2468 1347 2716 1408 aderant,
2744 1348 2971 1414 rogatus
3015 1349 3073 1393 ut
3117 1335 3504 1391 Antiochensis
3535 1330 3797 1387 Ecclesia)
3866 1383 3871 1393 ,

2225 1439 2755 1496 administrationem
2800 1434 3126 1504 susciperet,
3173 1430 3226 1484 id
3274 1427 3455 1483 facere
3499 1424 3794 1480 recusavit.

2225 1531 2470 1600 Cumque
2501 1527 2745 1598 episcopi
2781 1525 3001 1594 scriptis
3024 1524 3090 1578 ad
3122 1519 3545 1577 Constantinum
3575 1515 3794 1580 litteris,

2225 1629 2279 1678 et
2312 1637 2474 1676 suum
2505 1627 2560 1675 et
2593 1617 2780 1690 populi
2813 1618 2982 1672 totius
3010 1613 3326 1685 suffragium
3367 1611 3417 1667 ei
3449 1609 3790 1671 retulissent,

2232 1714 2502 1771 Eusebius
2538 1728 2668 1769 suas
2707 1725 2925 1782 quoque
2961 1709 3173 1764 litteras
3199 1705 3349 1762 dedit
3389 1703 3456 1758 ad
3487 1702 3800 1760 Constantio

2158 1801 2199 1855 Β
2227 1822 2382 1862 ιιιιιιι.
2411 1805 2624 1871 Quibus
2653 1803 2970 1858 rescribens
3012 1800 3144 1870 imp.
3176 1797 3590 1859 Constantinus,
3621 1795 3797 1850 Euse-

2226 1899 2303 1954 bii
2328 1896 2620 1954 consilium
2657 1908 2988 1965 magnopere
3016 1891 3276 1946 laudavit.
3316 1888 3534 1957 Dejecto
3565 1889 3621 1942 in
3651 1887 3800 1942 hunc

2227 1987 2448 2042 modum
2493 1983 2800 2047 Eustathio,
2851 1981 2995 2052 quod
3043 1994 3188 2034 anno
3215 1978 3420 2034 Christi
3451 1978 3556 2032 550
3582 1984 3800 2049 gestum

2226 2096 2350 2137 esse
2383 2083 2438 2134 in
2477 2076 2936 2134 Adnotationibus
2965 2073 3270 2136 observavi,
3314 2071 3501 2127 Ariani
3537 2072 3592 2124 in
3627 2069 3801 2124 Atha—

2226 2171 2444 2227 nasium
2487 2168 2690 2224 furoris
2741 2168 2825 2223 sui
2871 2169 3133 2236 impetum
3190 2170 3432 2220 vertunt.
3491 2162 3569 2216 Ac
3618 2161 3804 2232 primo

2229 2264 2448 2335 quidem
2499 2261 2899 2317 ordinationem
2943 2257 3064 2330 ejus
3111 2263 3371 2312 accusant
3405 2254 3548 2326 apud
3592 2255 3802 2325 princi—

2228 2369 2348 2424 pem
2379 2371 2392 2407 :
2427 2352 2624 2408 deinde
2655 2351 2800 2421 quod
2842 2350 2997 2405 linea:
3025 2347 3192 2403 vestis
3230 2361 3493 2402 canonem
3527 2359 3557 2397 a
3578 2345 3803 2415 provin-

2227 2451 2462 2506 cialibus
2513 2451 2803 2522 exigeret:
2844 2447 2993 2518 quod
3044 2459 3261 2500 sacrum
3314 2443 3540 2499 calicem
3587 2440 3802 2497 confre-

2226 2543 2395 2616 gisset
2419 2563 2434 2599 :
2465 2539 2740 2614 postremo
2769 2541 2913 2611 quod
2938 2538 3227 2594 Arsenium
3265 2537 3554 2607 quemdam
3578 2534 3798 2604 episco-

2228 2650 2355 2705 pum
2375 2634 2762 2688 interemisset.
2781 2631 2965 2702 Itaque
2982 2629 3374 2686 Constantinus
3391 2624 3800 2682 moiestissimis

2227 2741 2418 2782 eorum
2463 2723 2831 2780 delationibus
2873 2723 3152 2793 fatigatus,
3188 2719 3479 2775 concilium
3509 2716 3702 2771 indixit
3741 2715 3798 2769 in

2229 2817 2363 2873 urbe
2383 2815 2550 2889 Tyro,
2573 2831 2747 2886 eoque
2770 2815 3127 2869 Athanasium
3147 2812 3464 2883 episcopum
3484 2809 3550 2864 ad
3575 2822 3798 2864 causam

2227 2909 2514 2964 dicendam
2539 2909 2724 2963 venire
2749 2907 2936 2977 jussit.
2963 2903 3023 2958 in
3047 2920 3110 2960 ea
3137 2901 3524 2976 synodojudex
3551 2899 3691 2956 sedit
3712 2898 3792 2954 in-

2229 3011 2314 3059 ter
2341 3009 2567 3057 eteteros
2595 3000 2864 3056 Eusebius
2886 2998 3265 3062 Caesariensis,
3291 3009 3451 3065 quem
3484 2989 3796 3048 Constanti-

2231 3112 2337 3150 nus
2362 3095 2411 3150 ei
2449 3094 2686 3148 concilio
2713 3093 2979 3146 interesse
2998 3090 3266 3144 voluerat.
3294 3085 3450 3140 Hunc
3475 3085 3530 3139 in
3559 3083 3798 3139 concilio

2231 3187 2507 3242 sedentem
2562 3183 2913 3253 conspicatus
2971 3180 3199 3235 Potamo
3256 3176 3796 3246 Heraclcopolitanus

2228 3278 2543 3346 episcopus,
2580 3275 2674 3346 qui
2717 3289 2839 3330 cum
2870 3272 3175 3329 Athanasio
3221 3269 3478 3340 episcopo
3509 3275 3563 3322 et
3592 3267 3795 3338 aliquot

2229 3368 2448 3439 IEgypti
2505 3366 2883 3424 sacerdotibus
2933 3365 3063 3418 illuc
3101 3363 3417 3426 advenerat,
3478 3361 3568 3414 his
3611 3360 3795 3414 verbis

2228 3460 2586 3531 compeiiasse
2615 3457 2818 3512 dicitur
2845 3476 2857 3510 :
2887 3455 3044 3520 Tene,
3079 3453 3298 3519 Eusebi,
3331 3451 3530 3514 sedere,
3561 3459 3612 3504 et
3643 3452 3783 3504 inno-

2227 3560 2425 3606 centem
2466 3549 2823 3604 Athanasium
2875 3557 3020 3602 stare
3069 3562 3102 3599 a
3139 3555 3186 3598 te
3222 3541 3620 3612 judicandum?
3665 3540 3801 3607 Quis

2229 3647 2339 3700 lucc
2373 3647 2486 3716 pati
2518 3645 2726 3715 possit?
2758 3641 2948 3697 Nonne
2991 3639 3367 3712 persecutionis
3417 3648 3644 3706 tempore
3691 3653 3801 3690 me-

2225 3756 2345 3794 cum
2379 3741 2433 3792 in
2475 3737 2713 3792 custodia
2754 3737 2951 3806 fuisti?
2995 3737 3161 3805 Atque
3196 3750 3288 3805 ego
3334 3731 3544 3804 quidem
3587 3730 3802 3783 oculum

2226 3848 2318 3900 pro
2342 3832 2557 3885 veritate
2580 3827 2819 3898 perdidi;
2857 3840 2913 3881 tu
2948 3828 3095 3882 nulla
3129 3826 3365 3895 corporis
3394 3832 3543 3892 parte
3579 3821 3803 3876 mutila-

2229 3934 2311 3977 tus
2339 3939 2414 3985 es,
2448 3938 2609 3991 neque
2641 3919 2958 3989 martyrium
3006 3917 3235 3982 subiisti,
3270 3915 3360 3970 sed
3386 3916 3530 3968 vivus
3565 3915 3801 3984 integer-

2225 4033 2322 4088 que
2371 4015 2636 4069 consistis.
2681 4014 2927 4080 Quanam
2975 4013 3182 4067 ratione
3221 4027 3249 4065 e
3289 4024 3496 4063 carcere
3538 4007 3810 4064 evasisti..

2224 4109 2329 4165 nisi
2378 4105 2516 4177 quod
2543 4105 2960 4176 persecutoribus
2991 4103 3185 4158 nostris
3215 4099 3543 4170 spopondisti
3587 4108 3635 4152 te
3684 4113 3799 4151 rem

2227 4199 2486 4268 nefariam
2519 4198 2900 4264 admissurum,
2947 4213 3009 4252 ac
3055 4196 3282 4266 fortasse
3310 4193 3471 4246 etiam
3505 4189 3808 4245 admisisti?

2226 4289 2352 4344 Haec
2381 4289 2718 4360 Epiphanius
2742 4291 2816 4343 ita
2839 4294 3026 4342 narrat
3053 4287 3107 4340 in
3131 4285 3324 4340 hatresi
3351 4283 3794 4336 Mcletianorum.

2224 4378 2304 4434 Ex
2337 4380 2538 4450 quibus
2567 4381 2744 4435 obiter
2791 4385 3036 4449 apparet,
3085 4376 3200 4430 falli
3235 4391 3330 4430 eos
3373 4374 3465 4444 qui
3497 4371 3812 4426 Eusebium-

2154 4477 2480 4555 Dnostrum
2536 4469 2697 4524 idolis
2751 4469 3048 4538 aliquando
3102 4466 3447 4522 sacriﬁcasse
3504 4463 3796 4526 scribunt,

2227 4561 2391 4631 idque
2421 4561 2498 4614 illi
2540 4561 2596 4615 in
2637 4562 2848 4632 synodo
2892 4559 3056 4632 Tyria
3088 4559 3262 4630 palam
3294 4557 3566 4626 objectum
3601 4554 3795 4610 fuisse.

2225 4652 2413 4724 Neque
2441 4654 2585 4708 enim
2635 4653 2927 4710 Eusebium
2983 4652 3322 4707 insimulavit
3363 4650 3616 4711 Potamo,
3647 4649 3804 4720 quod.

2227 4746 2391 4800 idolis
2429 4747 2847 4810 immolavisset,
2900 4743 2996 4800 sed
3048 4751 3262 4796 tantum
3306 4740 3452 4812 quod
3509 4740 3694 4795 salvus
3739 4750 3794 4794 et

2226 4838 2437 4908 integer
2466 4853 2532 4892 ex
2563 4851 2784 4893 carcere
2811 4836 3096 4901 dimissus,
3137 4834 3192 4888 id
3220 4833 3294 4918 .de
3323 4836 3443 4905 ipso
3475 4831 3794 4901 suspicandi

2226 4945 2416 4986 ansam
2449 4930 2788 5001 praebuisset.
2809 4926 2951 4984 Fieri
2985 4936 3167 4982 tamen
3201 4932 3404 4996 potest,
3438 4931 3497 4977 ut
3525 4922 3797 4978 Eusebius

2225 5027 2332 5079 alio
2356 5025 2612 5096 qquiam
2644 5023 2807 5077 modo
2833 5021 3097 5077 dimissus
3127 5020 3290 5074 fuerit
3311 5035 3342 5074 e
3362 5034 3605 5085 carcere,
3628 5033 3792 5087 quam

2225 5118 2320 5171 illo
2370 5133 2532 5187 quem
2567 5115 2752 5170 retulit
2783 5113 3031 5168 Potamo.
3065 5113 3335 5168 Caeterum
3383 5127 3450 5166 ex
3502 5108 3794 5181 Epiphanii

2228 5211 2409 5266 verbis
2442 5209 2625 5280 colligi
2655 5207 2892 5271 videtur,
2920 5207 3213 5263 Eusebium
3246 5205 3639 5260 Caesariensem
3665 5201 3792 5255 huic

2226 5302 2437 5373 synodo
2463 5299 2804 5371 praesedisse.
2855 5299 3021 5353 Addit
3058 5297 3204 5352 enim
3236 5294 3529 5349 Eusebium
3574 5292 3660 5346 his
3689 5305 3790 5343 auv

2223 5394 2357 5448 ditis
2385 5393 2624 5463 graviter
2653 5398 3008 5452 commotum,
3061 5387 3339 5443 dimisisse
3368 5384 3681 5440 concilium.
3712 5379 3790 5433 Ex

2224 5490 2347 5542 aliis
2381 5499 2557 5541 tamen
2593 5485 2954 5555 scriptoribus
2988 5492 3326 5552 compertum
3368 5477 3655 5537 habemus,
3679 5486 3790 5526 non

2222 5583 2640 5643 Caesariensem,
2672 5581 2764 5634 sed
2795 5577 3263 5632 Nicomediensem
3296 5570 3592 5627 Eusebium
3615 5563 3791 5638 Tyria:

2222 5676 2430 5747 synodo
2463 5674 2761 5745 praefuisse.

2295 5772 2426 5826 P'st
2472 5769 2767 5823 rouciiium
2818 5764 2941 5831 Tyri
2986 5763 3252 5824 habitum,
3305 5758 3544 5826 episcopi
3599 5767 3796 5810 omnes
