4070 6392
302 351 355 406 6i
1740 351 2045 409 NOTlTlA.
3472 349 3544 405 62

300 473 382 545 qui
411 471 526 526 illic
557 470 945 534 consederant,
990 468 1152 540 jussu
1192 471 1456 542 principis
1488 470 1868 544 Hierosolyma
1899 482 1944 536 Α
1971 492 2093 545 quae
2117 483 2444 547 congregata
2474 481 2558 531 est
2585 474 2878 530 consulatu
2905 469 3217 528 Constantii
3255 479 3308 526 et
3339 469 3541 536 Albini,

303 579 356 621 se
380 563 688 626 contulere,
718 563 786 618 ad
828 563 1154 618 celebranda
1186 563 1428 617 encaenia
1460 579 1669 633 magna;
1723 565 1871 620 illius

299 657 559 719 basilicae,
590 670 756 726 quam
792 655 849 710 in
900 655 1164 710 honorem
1211 654 1420 710 Christi
1468 655 1863 711 Constantinus

299 750 487 806 ibidem
539 755 912 804 erstruxcrat.
968 749 1084 803 Illic
1139 748 1410 804 Eusebius
1461 758 1647 805 noster
1694 751 1861 806 variis

300 841 651 897 concionibus
699 841 758 894 in
791 841 1028 896 ecclesia
1082 841 1282 894 habitis
1320 839 1671 895 festivitatem
1705 841 1870 896 deco-

303 933 514 987 raverit.
573 932 826 1000 Cumque
892 931 1188 1000 imperator
1237 931 1612 986 acerbissimis
1670 931 1870 987 litteris

305 1025 584 1094 episcOpos
612 1023 682 1076 ad
706 1023 1029 1077 comitatum
1063 1037 1224 1076 suum
1261 1029 1566 1087 evocasset,
1596 1030 1652 1075 ut
1678 1037 1869 1076 eorum

304 1131 411 1185 qua:
443 1115 717 1169 adversus
761 1113 1124 1168 Athanasium
1157 1129 1254 1184 per
1293 1113 1540 1167 fraudem
1575 1127 1638 1167 ac
1673 1113 1867 1167 simul-

303 1215 452 1264 tatem
481 1217 801 1278 gesserant,
827 1207 1091 1261 rationem
1127 1221 1313 1261 coram
1335 1207 1657 1272 redderent;
1692 1205 1867 1260 Euse-

305 1301 421 1356 hius.
439 1306 639 1356 noster
669 1316 775 1354 una
807 1315 932 1354 cum
975 1299 1216 1369 quinque
1258 1299 1380 1353 aliis
1410 1298 1558 1352 venit
1588 1298 1858 1352 Constan-

305 1393 599 1462 tinopolim,
646 1391 824 1461 deque
870 1391 1127 1446 omnibus
1167 1392 1334 1462 gestis
1385 1391 1687 1462 principem
1734 1405 1858 1444 cer-

306 1484 480 1538 tiorem
514 1483 676 1539 fecit.
727 1483 886 1538 Tunc
937 1483 1100 1538 etiam
1151 1483 1508 1537 tricennalem
1557 1483 1859 1537 orationem

306 1587 470 1628 coram
499 1574 635 1644 ipso
679 1574 1014 1643 imperatore
1062 1572 1117 1626 in
1149 1572 1354 1642 palatio
1383 1572 1655 1626 recitavit.
1690 1572 1865 1638 Quam

305 1666 498 1735 quidem
529 1667 843 1734 imperator
876 1678 1090 1718 summo
1117 1678 1244 1718 cum
1290 1663 1484 1732 gaudio
1515 1663 1862 1727 auscultavit,

302 1773 392 1812 non
415 1765 521 1810 tam
556 1755 640 1811 ob
675 1771 829 1821 suas,
869 1769 1035 1824 quam
1076 1755 1146 1809 ob
1181 1752 1275 1807 Dei
1309 1753 1520 1815 laudes,
1556 1767 1717 1822 quem
1754 1750 1862 1805 Eu-

1974 581 2119 620 anno
2148 567 2254 622 555
2287 566 2497 622 Natalis
2549 565 2842 620 Dominici.
2894 564 3056 620 Certe
3088 562 3357 618 Eusebius
3385 561 3442 616 in
3472 563 3539 616 li-

1971 654 2074 710 bro
2104 671 2119 709 ι
2155 653 2355 710 Contra
2405 655 2720 710 Marcellum
2767 656 2832 710 de
2860 655 3220 710 ecclesiastica
3257 653 3540 724 theologia,

1973 762 2094 816 cap.
2132 745 2220 810 14,
2267 745 2470 801 diserte
2511 747 2726 811 scribit,
2774 745 3092 801 Marcellum
3128 745 3323 801 merito
3353 744 3420 799 ab
3448 743 3547 799 Ec-

1971 837 2138 891 clesia
2164 837 2482 891 damnatum
2515 835 2706 892 fuisse.
2735 835 3040 890 Damnatus
3089 843 3271 890 autem
3305 841 3389 890 est
3437 836 3544 906 pri-

1969 941 2117 980 mum
2148 925 2435 981 Marcellus
2476 925 2531 978 in
2566 925 2776 996 synodo
2805 924 3437 994 Constantinopolitana,
3474 926 3544 978 ab

1971 1018 2080 1073 illis
2111 1018 2247 1088 ipsis
2271 1018 2544 1087 episcopis
2585 1017 2679 1087 qui
2710 1017 2996 1072 basilicam
3027 1015 3542 1072 Constantinianam

1970 1109 2365 1180 Hierosolymis
2404 1109 2815 1172 dedicaverant,
2871 1109 2976 1163 hoc
3025 1115 3109 1163 est
3149 1124 3293 1162 anno
3339 1107 3542 1164 Christi

1969 1203 2096 1264 5'55,
2129 1203 2212 1257 vel
2242 1210 2389 1255 certe
2416 1200 2539 1266 556,
2599 1208 2657 1253 ut
2698 1200 2934 1255 Baronio
2962 1201 3158 1270 placet.
3193 1199 3260 1252 Et
3293 1198 3546 1255 Socrates

1970 1295 2188 1365 quidem
2218 1301 2329 1348 tres
2352 1300 2564 1346 tantum
2607 1292 2853 1363 agnoscit
2883 1291 3104 1346 Eusebii
3159 1292 3329 1347 libros
3360 1300 3544 1344 contra

1970 1385 2308 1449 Marcellum,
2340 1401 2435 1442 eos
2468 1386 2681 1442 scilicet
2711 1385 2805 1456 qui
2844 1385 2922 1439 De
2951 1385 3313 1439 ecclesiastica
3343 1384 3545 1439 theolo-

1967 1482 2055 1548 gia
2091 1480 2472 1535 inscribuntur
2507 1497 2518 1532 :
2556 1495 2678 1533 cum
2724 1487 2905 1533 tamen
2948 1484 3121 1532 totum
3167 1492 3305 1547 opus
3352 1485 3544 1531 contra

1969 1569 2308 1635 Marcellum,
2347 1571 2590 1641 quinque
2620 1569 2775 1625 libris
2809 1569 2876 1623 ab
2906 1568 3140 1625 Eusebio
3171 1560 3242 1625 sit
3287 1585 3540 1640 compre-

1967 1664 2223 1719 liensum.
2246 1662 2418 1717 Porro
2440 1662 2684 1717 omnium
2711 1661 2931 1716 Eusebii
2962 1661 3249 1726 librorum,
3277 1662 3540 1733 postremi

1968 1756 2226 1810 videntur
2260 1769 2384 1810 esse
2411 1761 2648 1826 quatuor
2680 1753 2760 1806 illi
2816 1751 2896 1806 De
2960 1750 3085 1805 Vita
3125 1753 3251 1821 imp.
3283 1752 3542 1807 Constan-

303 1849 464 1902 sebius
497 1854 625 1901 tota
656 1847 748 1900 illa
786 1819 1033 1900 oraiione
1062 1844 1452 1898 celebraverat.
1494 1819 1647 1896 Hanc
1671 1857 1865 1896 secun-
1897 1819 1941 1879 Β
1971 1849 2089 1903 (ini,
2148 1841 2348 1918 scripti
2400 1819 2527 1903 sunt
2560 1845 2707 1901 enim
2764 1853 2886 1916 post
2937 1852 3170 1900 mortem
3199 1819 3335 1916 imp.
3371 1846 3542 1910 illius,

304 1942 409 1996 dam
435 1942 748 1995 orationem
770 1938 827 1992 in
851 1938 1052 2009 palatio
1076 1951 1106 1990 a
1129 1951 1188 1991 se
1209 1936 1409 1989 dictam
1439 1934 1608 1990 fuisse
1633 1941 1864 1989 testatur

306 2032 554 2088 Eusebius
586 2032 646 2087 in
684 2031 827 2086 libro
879 2028 958 2083 De
988 2029 1096 2083 vita
1120 2026 1480 2082 Constantini.
1515 2021 1633 2080 Iam
1666 2026 1866 2096 quippe

305 2133 444 2178 antea
475 2122 792 2177 orationem
822 2119 892 2175 de
923 2120 1176 2190 sepulcro
1223 2116 1442 2172 Domini
1495 2116 1764 2172 habuerat
1810 2118 1864 2172 in

303 2216 517 2287 palatio;
573 2229 751 2286 quam
786 2212 1009 2284 quidem
1051 2213 1352 2282 imperator
1405 2217 1560 2265 stans
1593 2211 1863 2274 audierat,

303 2323 389 2362 nec
413 2322 688 2378 unquam,
712 2305 841 2361 licet
869 2304 1039 2360 semel
1085 2311 1253 2374 atque
1286 2303 1482 2357 iterum
1514 2302 1583 2356 ab
1630 2301 1865 2357 Eusebio

305 2409 524 2470 rogatus,
559 2399 762 2455 sedere
813 2397 870 2452 in
916 2396 1049 2452 sella
1079 2396 1182 2451 sibi
1218 2395 1465 2464 apposita
1494 2395 1862 2460 sustinuerat;

306 2507 494 2562 equina
522 2507 652 2547 esse
691 2489 904 2554 dicens,
937 2501 1221 2543 sermones
1271 2486 1339 2542 de
1387 2486 1500 2542 Deo
1533 2501 1564 2540 a
1593 2485 1865 2542 stantibus

307 2582 546 2647 exaudiri,
583 2589 648 2637 ut
686 2579 855 2636 refert
883 2578 1151 2635 Eusebius
1181 2577 1239 2632 in
1267 2577 1448 2648 capite
1497 2579 1567 2632 5'5
1613 2578 1861 2648 ejusdem

307 2675 428 2728 libri.
1299 2730 1302 2732 ν

363 2763 517 2820 Porro
547 2777 723 2834 quam
759 2761 962 2816 charus
985 2766 1354 2830 acceptusque
1401 2758 1567 2814 fuerit
1594 2757 1864 2813 Constan-

306 2857 400 2908 tino
424 2863 607 2910 noster
637 2852 940 2916 Eusebius,
978 2859 1091 2904 tum
1114 2866 1181 2906 ex
1207 2851 1296 2906 his
1319 2865 1445 2921 qua:
1473 2849 1607 2912 dixi,
1642 2858 1755 2902 tum
1797 2863 1863 2901 ex

309 2948 469 3002 multis
487 2947 621 3020 aliis
666 2944 798 2999 licet
843 2942 1168 3013 intelligere.
1197 2941 1335 2996 Nam
1363 2951 1420 2997 et
1449 2941 1761 3011 frequentes
1793 2941 1862 2994 ab

308 3052 360 3090 eo
383 3037 581 3106 accepit
614 3035 862 3097 litteras,
897 3049 1018 3104 qua:
1043 3034 1097 3087 in
1132 3032 1466 3104 supradictis
1495 3032 1649 3087 libris
1684 3031 1864 3085 intex-

310 3129 642 3199 Leleguntur.
677 3124 792 3180 Nec
820 3140 946 3180 raro
979 3125 1046 3180 ad
1075 3126 1339 3195 palatium
1384 3123 1594 3178 accitus
1639 3131 1693 3177 et
1737 3137 1864 3176 con-

310 3219 429 3274 vitio
459 3225 751 3288 exceptus,
806 3223 861 3270 et
919 3215 1177 3269 familiari
1227 3214 1508 3285 colloquio
1557 3213 1858 3267 honoratus

309 3322 393 3371 est.
420 3314 558 3380 Quin
614 3313 788 3368 etiam
839 3309 1107 3364 visionem
1162 3308 1310 3362 illam
1365 3307 1548 3361 crucis
1595 3320 1758 3375 quam
1803 3305 1859 3358 iu

311 3407 427 3462 ccelo
481 3405 890 3462 Constantinus
937 3401 1149 3456 viderat
1208 3407 1341 3454 tunc
1403 3413 1528 3453 cum
1595 3396 1859 3452 adversus

311 3499 611 3555 Maxentium
649 3495 1119 3567 proficisceretur,
1148 3492 1386 3548 Eusebio
1436 3497 1632 3547 nostro
1666 3505 1855 3544 narra-

311 3592 403 3658 vit;
428 3599 478 3647 et
498 3590 779 3647 Labarum
808 3587 954 3659 quod
977 3586 1043 3641 ad
1062 3585 1246 3641 crucis
1272 3585 1419 3640 illius
1447 3582 1859 3640 similitudinem

311 3691 642 3753 expresserat,
693 3681 872 3736 cidem
919 3677 1181 3743 ostendit,
1231 3674 1688 3747 quemadmodum
1742 3674 1860 3744 ipse

311 3780 512 3828 testatur
539 3771 838 3827 Eusebius.
865 3767 1113 3837 Cumque
1143 3782 1280 3838 opus
1312 3766 1540 3820 haberet
1573 3763 1858 3818 codicibus

313 3864 458 3919 sacris
489 3865 553 3918 ad
588 3877 758 3917 usum
793 3860 1149 3915 ecclesiarum
1197 3873 1334 3927 quas
1380 3855 1857 3925 Constantinopoli

314 3954 666 4020 ardilicaverat,
692 3967 884 4008 eorum
911 3950 1397 4006 describendorum
1421 3964 1609 4003 curam
1647 3964 1711 4002 ac
1742 3948 1855 4003 sol-

313 4039 619 4097 licitudinem
651 4031 938 4096 mandavit
973 4037 1243 4099 Eusebio;
1293 4039 1494 4109 quippe
1543 4053 1705 4108 quem
1758 4037 1856 4090 ha-

313 4143 409 4185 rum
437 4147 610 4187 rerum
635 4129 1038 4201 peritissimum
1061 4145 1184 4186 esse
1207 4131 1377 4199 probe
1397 4129 1581 4184 sciret.
1610 4126 1856 4198 Denique

315 4235 412 4277 cum
437 4221 710 4280 Eusebius
737 4230 928 4277 noster
955 4221 1154 4276 librum
1184 4220 1261 4276 De
1294 4221 1427 4291 [esto
1457 4221 1698 4292 paschali
1735 4221 1854 4290 ejus

313 4316 486 4369 nomini
513 4320 912 4385 nuncupasset,
950 4314 1086 4368 adeo
1104 4314 1408 4383 jucundum
1447 4313 1500 4367 id
1533 4329 1731 4370 munus
1755 4314 1855 4368 fuit

313 4405 666 4472 Constantino,
714 4415 778 4462 ut
809 4407 1010 4460 librum
1063 4408 1216 4461 illum
1264 4407 1448 4463 statim
1489 4407 1543 4462 in
1597 4406 1851 4461 Latinum

1969 1939 2060 1993 cui
2113 1953 2226 1992 non
2274 1938 2368 1992 diu
2420 1944 2703 2007 superstes
2755 1935 2893 1990 vixit
2948 1934 3240 1991 Eusebius.
3296 1935 3542 1990 Mortuus

1966 2027 2166 2099 quippe
2180 2037 2264 2083 est
2281 2027 2382 2082 sub
2397 2027 2618 2082 exordia
2634 2026 2975 2096 principatus
2991 2025 3298 2080 Constantii
3312 2025 3542 2096 Augusti

1965 2119 2128 2190 paulo
2157 2126 2284 2174 ante
2314 2125 2544 2173 mortem
2571 2117 2920 2173 Constantini
2954 2114 3220 2181 Junioris,
3257 2132 3377 2188 quze
3402 2131 3538 2170 con-

1965 2209 2088 2280 tigit
2116 2209 2402 2280 Acindyno
2429 2216 2484 2264 et
2513 2207 2750 2263 Proculo
2782 2209 3126 2273 consulibus,
3159 2223 3305 2263 anno
3332 2208 3539 2265 Christi

1965 2303 2092 2366 540,
2129 2311 2189 2356 ut
2210 2302 2484 2372 colligitur
2514 2316 2582 2356 ex
2619 2301 2864 2357 Socratis
2895 2303 3037 2357 libro
3084 2303 3349 2358 secundo.
3381 2302 3538 2370 Quod

1965 2402 2146 2449 autem
2176 2391 2418 2464 Scaliger
2463 2393 2520 2448 in
2573 2393 3156 2448 Animadversionibus
3190 2393 3536 2459 Eusebianis,

1963 2486 2220 2542 editionis
2248 2486 2454 2541 ultimae
2501 2500 2626 2556 pag.
2651 2485 2777 2551 250,
2804 2487 2880 2540 ait
2900 2485 3120 2541 Eusebii
3153 2486 3322 2542 libros
3353 2496 3541 2542 contra

1965 2578 2322 2649 Porphyrium
2347 2579 2588 2650 scriptas
2608 2595 2731 2635 esse
2751 2580 2855 2635 sub
2884 2578 3231 2644 Constantio,
3263 2577 3540 2634 Constan-

1962 2672 2062 2724 tini
2121 2669 2302 2742 Magni
2349 2671 2481 2738 lilio,
2541 2687 2665 2726 cum
2725 2671 2932 2728 nullius
2987 2671 3199 2741 antiqui
3246 2673 3538 2742 scriptoris

1963 2763 2278 2818 testimonio
2309 2763 2687 2826 confirmetur,
2736 2779 2766 2818 a
2793 2764 2952 2819 nobis
2983 2773 3095 2818 tam
3130 2764 3289 2819 facile
3321 2763 3538 2818 admitti

1963 2871 2073 2909 non
2104 2862 2302 2926 potest.
2336 2853 2443 2909 Sed
2473 2855 2618 2925 quod
2652 2855 2849 2909 ibidem
2885 2855 3107 2924 subjicit
3137 2853 3400 2926 Scaliger,
3423 2862 3537 2910 tres

1966 2955 2277 3016 postremos
2308 2947 2638 3018 Evangelica:
2683 2948 3151 3002 demonstrationis
3205 2947 3398 3010 libros,
3435 2961 3534 3001 oc-

1967 3043 2150 3091 tavum
2182 3037 2455 3092 decimum
2480 3037 2710 3105 scilicet,
2749 3053 2952 3093 nonum
2993 3038 3267 3094 decimum
3299 3053 3363 3093 ac
3393 3037 3538 3094 vice-

1966 3129 2282 3193 simum,ab
2312 3129 2547 3185 Eusebio
2582 3131 2815 3200 scriptos
2867 3145 2992 3186 esse
3048 3139 3243 3185 contra
3291 3129 3535 3203 Porphy-

1961 3220 2127 3282 rium,
2158 3219 2214 3273 in
2242 3236 2308 3275 eo
2335 3219 2624 3276 manifeste
2656 3221 3047 3276 hallucinatur.
3083 3219 3289 3276 Scribit
3315 3221 3534 3292 quidem

1960 3309 2346 3383 Hieronymus,
2397 3311 2690 3366 Eusebium
2739 3312 2918 3367 tribus
2969 3312 3364 3376 voluminibus,
3426 3311 3533 3367 hoc

1959 3413 2061 3468 est,
2082 3418 2235 3466 xvnt,
2256 3419 2347 3456 χιχ
2367 3411 2419 3457 et
2438 3418 2527 3470 xx,
2551 3401 2902 3472 respondisse
2917 3400 3241 3473 Porphyrio,
3261 3402 3355 3473 qui
3384 3401 3439 3456 in
3468 3402 3537 3456 li-

1960 3495 2060 3550 bro
2083 3507 2158 3546 xu
2183 3499 2238 3547 et
2279 3508 2379 3547 xm
2409 3508 2601 3548 eorum
2632 3507 2770 3563 quos
2821 3502 3015 3547 contra
3046 3489 3392 3554 Christianos
3415 3493 3535 3548 edi-

1960 3585 2060 3648 dit,
2098 3583 2300 3639 librum
2331 3582 2573 3640 Danielis
2605 3583 2886 3654 prophetae
2936 3585 3247 3640 convellere
3282 3593 3532 3641 tentare-

1959 3684 2065 3732 rat.
2101 3675 2204 3730 Sed
2235 3676 2598 3746 Hieronymus
2645 3692 2753 3730 non
2802 3677 2973 3732 libros
3029 3675 3251 3732 Eusebii
3304 3675 3383 3730 De
3441 3675 3531 3730 de-

1960 3769 2342 3824 monstratione
2372 3767 2674 3838 evangelica
2701 3768 2976 3837 intelligit.
3022 3778 3079 3821 ut
3107 3767 3318 3838 putavit
3353 3765 3530 3822 Scali-

1958 3876 2073 3932 ger,
2097 3859 2193 3915 sed
2214 3859 2384 3914 libros
2428 3859 2498 3913 ab
2533 3872 2599 3913 eo
2657 3867 2842 3911 contra
2896 3856 3253 3927 Porphyrium
3287 3858 3533 3912 elabora-

1957 3961 2075 4020 tos;
2109 3952 2201 4022 qui
2240 3951 2525 4020 Ἐλέγχου
2552 3950 2651 4003 καὶ
2695 3951 3034 4020 Ἀπολογίας
3065 3950 3528 4016 inscribebantur,

1957 4044 2036 4098 uti
2075 4043 2332 4112 colligere
2374 4049 2457 4097 est
2501 4056 2568 4096 ex
2622 4041 2955 4096 Bibliotheca
3003 4041 3208 4096 Photii.
3257 4040 3528 4098 Caeterum

1957 4136 2059 4190 bos
2091 4135 2262 4189 libros
2291 4141 2417 4204 post
2451 4132 2893 4187 Ecclesiasticam
2927 4132 3224 4189 Historiam
3256 4135 3326 4190 ab
3361 4134 3530 4190 Euse-

1953 4228 2044 4282 bio
2072 4228 2306 4298 scriptos
2333 4226 2502 4283 fuisse
2531 4228 2748 4297 Opinor.
2813 4225 2978 4298 idque
3029 4244 3096 4284 ex
3143 4243 3210 4283 eo
3265 4230 3526 4299 conjicio,

1955 4320 2100 4392 quod
2132 4320 2403 4376 Eusebius
2437 4328 2625 4375 noster
2647 4321 2702 4374 in
2727 4321 2867 4375 libro
2891 4337 2945 4374 vi
2980 4319 3370 4376 Ecclesiasticw
3399 4321 3530 4376 His-

1956 4414 2125 4480 toriw,
2164 4413 2255 4466 ubi
2285 4412 2553 4481 insignem
2576 4412 2757 4466 locum
2779 4411 2934 4467 alIert
2953 4429 3020 4468 ex
3053 4413 3213 4468 tertio
3238 4411 3527 4485 Porphyrii

315 4511 588 4553 sermonem
623 4497 875 4554 converti
909 4497 1159 4567 jusserit,
1217 4498 1551 4570 scriptisque
1579 4499 1646 4552 ad
1682 4498 1852 4553 Euse-
1883 4529 1927 4584 ι)
1958 4505 2096 4559 libro
2125 4513 2310 4558 contra
2342 4501 2701 4568 Christianos,
2760 4504 2963 4557 nullam
3005 4503 3136 4557 facit
3193 4505 3526 4559 mentionem

313 4588 436 4646 bium
484 4593 682 4649 litteris
713 4607 840 4647 eum
871 4592 1122 4649 hortatus
1152 4593 1244 4654 sit,
1277 4600 1338 4646 ut
1385 4591 1654 4663 ejusmodi
1688 4606 1851 4662 opera

314 4697 412 4750 qua:
431 4685 478 4738 in
506 4685 769 4740 manibus
794 4683 1048 4749 habebat,
1083 4699 1267 4740 rerum
1316 4700 1597 4742 sacrarum
1638 4685 1854 4740 studio-

317 4778 376 4831 sis
392 4781 785 4851 quamprimum
817 4778 1266 4833 communicaret.

371 4868 470 4927 Sub
497 4874 637 4929 idem
674 4873 895 4943 tempus
922 4871 1188 4928 Eusebius
1231 4872 1656 4943 descriptionem
1703 4871 1852 4928 basi-

318 4961 410 5017 lice
434 4963 959 5036 Hierosolymitanae,
988 4973 1040 5019 et
1073 4965 1429 5020 donariorum
1462 4980 1582 5035 quae
1617 4964 1728 5018 illic
1763 4978 1851 5018 sa-

315 5061 439 5108 crata
463 5055 695 5122 fuerant,
729 5055 879 5110 brevi
901 5054 1083 5111 libello
1105 5056 1556 5127 comprehensam
1579 5055 1852 5112 Constan-

317 5143 406 5199 tino
433 5147 657 5217 principi
687 5147 1047 5218 nuncupavit.
1106 5148 1280 5214 Quam
1330 5147 1550 5219 quidem
1583 5164 1690 5203 una
1723 5164 1847 5203 cum

1955 4610 2143 4649 eorum
2180 4594 2450 4648 librorum
2479 4593 2680 4662 quibus
2739 4593 2856 4663 ipse
2898 4591 3200 4664 Porphyrio
3229 4595 3528 4660 responde-

1955 4696 2076 4740 rat:
2114 4701 2237 4739 cum
2265 4693 2446 4739 tamen
2478 4685 2612 4741 satis
2646 4685 2881 4754 diligens
2909 4685 3162 4738 laudator
3184 4701 3308 4741 esse
3353 4686 3529 4742 soleat

1953 4793 2180 4850 Operum
2219 4793 2468 4844 suorum,
2503 4785 2558 4833 et
2594 4780 2661 4832 ad
2694 4793 2885 4834 eorum
2919 4777 3207 4834 lectionem
3253 4779 3529 4836 studiosos

1953 4869 2185 4926 subinde
2219 4871 2451 4940 rejiciat.

2025 4963 2133 5018 Sed
2194 4963 2456 5034 quoniam
2513 4971 2822 5033 opportuna
2882 4977 3002 5018 sese
3062 4962 3218 5019 oﬂ‘ert
3283 4965 3524 5030 occasio,

1950 5072 2124 5129 pauca
2152 5057 2317 5112 etiam
2359 5055 2428 5110 de
2466 5054 2857 5110 Ecclesiastica:
2883 5055 3139 5112 Historia:
3197 5057 3354 5114 libris
3418 5059 3525 5113 hoc

1949 5149 2072 5202 loco
2093 5147 2528 5204 adnotarelibet.
2560 5147 2767 5203 Horum
2798 5149 2944 5204 enim
2977 5149 3325 5220 potissimum
3355 5165 3524 5206 causa

1947 5246 2062 5295 tota
2087 5240 2201 5294 haec
2256 5255 2288 5293 a
2339 5240 2500 5295 nobis
2560 5239 2809 5295 instituta
2845 5247 2930 5294 est
2987 5241 3321 5295 lucubratio.
3355 5241 3524 5300 Multa

1949 5334 2166 5406 quidem
2198 5332 2267 5387 ab
2289 5332 2528 5388 Eusebio
2558 5340 2748 5388 nostro
2780 5333 2982 5401 scripta
3013 5339 3141 5388 sunt
3168 5333 3237 5387 ad
3266 5333 3522 5388 Ecclesiae

1947 5425 2228 5481 catholicae
2251 5425 2559 5490 utilitatem,
2578 5432 2626 5479 et
2660 5424 2726 5478 ad
2749 5424 3176 5481 confirmandam
3193 5424 3523 5483 Christiana»

1948 5518 2072 5574 ﬁdei
2103 5517 2385 5573 veritatem
2414 5557 2428 5580 ,
2481 5518 2677 5586 partim
2730 5516 2993 5573 adversus
3030 5516 3250 5578 Iudaeos
3276 5565 3291 5590 ,
3321 5523 3519 5592 partim

1945 5619 2135 5679 contra
2158 5611 2402 5682 gentiles.
2442 5609 2586 5663 inter
2615 5624 2806 5664 omnes
2835 5617 3018 5666 tamen
3041 5613 3161 5683 ejus
3192 5615 3364 5670 libros
3404 5631 3514 5670 me-

1945 5703 2050 5757 rito
2067 5703 2302 5773 palmam
2328 5700 2433 5757 fert
2451 5699 2828 5756 Ecclesiastica
2847 5702 3110 5758 Historia.
3144 5705 3294 5760 Multi
3317 5706 3517 5777 quippe

1944 5803 2069 5853 ante
2101 5794 2391 5852 Eusebium
2427 5810 2523 5865 pro
2544 5793 2869 5853 Christianae
2932 5798 3056 5855 ﬁdei
3086 5799 3423 5876 defensione
3453 5801 3520 5854 li-

317 5237 520 5292 oratione
572 5239 863 5294 tricennali
913 5237 982 5292 ad
1033 5240 1240 5295 calcem
1299 5240 1563 5294 librorum
1603 5239 1681 5294 De
1737 5243 1846 5296 vita

318 5321 614 5383 Constantini
642 5331 974 5400 subjecerat.
1024 5329 1224 5385 Verum
1259 5331 1348 5385 hic
1382 5331 1520 5387 liber
1543 5332 1708 5388 hodie
1737 5349 1846 5388 non

318 5427 480 5472 exstat.
509 5420 708 5477 Eodem
740 5424 904 5478 etiam
940 5430 1183 5492 tempore
1213 5425 1402 5494 scripti
1456 5433 1585 5480 sunt
1638 5427 1707 5481 ab
1737 5426 1848 5482 Eu-

320 5504 443 5559 scbio
470 5508 588 5563 libri
636 5511 885 5582 quinque
941 5524 1124 5567 contra
1169 5512 1488 5569 Marcellum
1537 5533 1556 5571 :
1609 5533 1844 5588 quorum

323 5605 584 5662 postremos
615 5612 730 5659 tres
779 5604 856 5658 De
904 5606 1258 5661 ecclesiastica
1295 5608 1554 5680 theologia
1587 5609 1846 5666 Flaccillo

321 5683 725 5749 Antiochensium
790 5695 1048 5766 episcopo
1107 5697 1406 5768 inscripsit.
1477 5699 1602 5756 lniit
1662 5711 1842 5758 autem

326 5777 654 5852 episcopatum
695 5784 984 5845 Flaccillus
1013 5790 1174 5857 paulo
1201 5798 1327 5868 ante
1377 5793 1642 5864 synodum
1686 5795 1835 5870 Tyri,
