  <div class='ocr_page' id='page_1' title='image "/cluster/home/n/w/nwhite01/storage/ocr_20150623/19/nnc1.0037127454/041.png"; bbox 0 0 4070 6392; ppageno 0'>
   <div class='ocr_carea' id='block_1_1' title="bbox 533 305 3791 373">
    <p class='ocr_par' dir='ltr' id='par_1_1' title="bbox 533 305 3791 373">
     <span class='ocr_line' id='line_1_1' title="bbox 533 305 3791 373; baseline -0.002 0"><span class='ocrx_word' id='word_1_1' title='bbox 533 317 606 373; x_wconf 76' lang='lat'><strong>63</strong></span> <span class='ocrx_word' id='word_1_2' title='bbox 1493 311 1838 368; x_wconf 84' lang='lat' dir='ltr'><strong>EUSEBIUS</strong></span> <span class='ocrx_word' id='word_1_3' title='bbox 1877 305 2360 368; x_wconf 62' lang='lat' dir='ltr'><strong>CESARIENSIS</strong></span> <span class='ocrx_word' id='word_1_4' title='bbox 2400 305 2802 364; x_wconf 83' lang='lat' dir='ltr'><strong>EPISCOPUS.</strong></span> <span class='ocrx_word' id='word_1_5' title='bbox 3723 312 3791 367; x_wconf 70' lang='grc'><strong>64</strong></span> 
     </span>
    </p>
   </div>
   <div class='ocr_carea' id='block_1_2' title="bbox 534 427 3788 505">
    <p class='ocr_par' dir='ltr' id='par_1_2' title="bbox 534 427 3788 505">
     <span class='ocr_line' id='line_1_2' title="bbox 534 427 3788 505; baseline -0.002 -13"><span class='ocrx_word' id='word_1_6' title='bbox 534 437 666 492; x_wconf 85' lang='lat' dir='ltr'><strong>bros</strong></span> <span class='ocrx_word' id='word_1_7' title='bbox 710 432 1176 505; x_wconf 77' lang='lat' dir='ltr'><strong>conscripserant,</strong></span> <span class='ocrx_word' id='word_1_8' title='bbox 1227 438 1281 487; x_wconf 92' lang='lat' dir='ltr'><strong>et</strong></span> <span class='ocrx_word' id='word_1_9' title='bbox 1337 429 1651 487; x_wconf 82' lang='lat' dir='ltr'><strong>Judaorum</strong></span> <span class='ocrx_word' id='word_1_10' title='bbox 1708 431 2110 486; x_wconf 79' lang='lat' dir='ltr'><strong>contumaciam</strong></span> <span class='ocrx_word' id='word_1_11' title='bbox 2142 437 2188 491; x_wconf 80' lang='grc' dir='ltr'>Α</span> <span class='ocrx_word' id='word_1_12' title='bbox 2214 427 2446 484; x_wconf 84' lang='lat' dir='ltr'><strong>Nicana</strong></span> <span class='ocrx_word' id='word_1_13' title='bbox 2499 428 2952 483; x_wconf 71' lang='lat' dir='ltr'><strong>commemoratio</strong></span> <span class='ocrx_word' id='word_1_14' title='bbox 3002 427 3094 482; x_wconf 90' lang='lat' dir='ltr'><strong>hic</strong></span> <span class='ocrx_word' id='word_1_15' title='bbox 3146 430 3324 487; x_wconf 84' lang='lat' dir='ltr'><strong>alieno</strong></span> <span class='ocrx_word' id='word_1_16' title='bbox 3370 429 3490 485; x_wconf 92' lang='lat' dir='ltr'><strong>loco</strong></span> <span class='ocrx_word' id='word_1_17' title='bbox 3549 431 3788 500; x_wconf 77' lang='lat' dir='ltr'><strong>ponitur,</strong></span> 
     </span>
    </p>
   </div>
   <div class='ocr_carea' id='block_1_3' title="bbox 532 522 2116 596">
    <p class='ocr_par' dir='ltr' id='par_1_3' title="bbox 532 522 2116 596">
     <span class='ocr_line' id='line_1_3' title="bbox 532 522 2116 596; baseline -0.003 -14"><span class='ocrx_word' id='word_1_18' title='bbox 532 540 890 595; x_wconf 83' lang='lat' dir='ltr'><strong>erroremque</strong></span> <span class='ocrx_word' id='word_1_19' title='bbox 919 524 1205 596; x_wconf 70' lang='lat' dir='ltr'><strong>gentilium</strong></span> <span class='ocrx_word' id='word_1_20' title='bbox 1237 523 1594 578; x_wconf 81' lang='lat' dir='ltr'><strong>validissimis</strong></span> <span class='ocrx_word' id='word_1_21' title='bbox 1623 522 1932 580; x_wconf 79' lang='lat' dir='ltr'><strong>rationibus</strong></span> <span class='ocrx_word' id='word_1_22' title='bbox 1983 539 2116 578; x_wconf 90' lang='lat' dir='ltr'><strong>con-</strong></span> 
     </span>
    </p>
   </div>
   <div class='ocr_carea' id='block_1_4' title="bbox 533 614 2114 687">
    <p class='ocr_par' dir='ltr' id='par_1_4' title="bbox 533 614 2114 687">
     <span class='ocr_line' id='line_1_4' title="bbox 533 614 2114 687; baseline 0 -18"><span class='ocrx_word' id='word_1_23' title='bbox 533 617 802 671; x_wconf 65' lang='lat' dir='ltr'><strong>vicerant.</strong></span> <span class='ocrx_word' id='word_1_24' title='bbox 834 614 941 671; x_wconf 86' lang='lat' dir='ltr'><strong>Sed</strong></span> <span class='ocrx_word' id='word_1_25' title='bbox 971 617 1064 687; x_wconf 87' lang='lat' dir='ltr'><strong>qui</strong></span> <span class='ocrx_word' id='word_1_26' title='bbox 1091 631 1276 670; x_wconf 91' lang='lat' dir='ltr'><strong>rerum</strong></span> <span class='ocrx_word' id='word_1_27' title='bbox 1293 614 1792 670; x_wconf 76' lang='lat' dir='ltr'><strong>ecclesiasticarum</strong></span> <span class='ocrx_word' id='word_1_28' title='bbox 1826 615 2114 670; x_wconf 88' lang='lat' dir='ltr'><strong>historiam</strong></span> 
     </span>
    </p>
   </div>
   <div class='ocr_carea' id='block_1_5' title="bbox 533 703 2112 776">
    <p class='ocr_par' dir='ltr' id='par_1_5' title="bbox 533 703 2112 776">
     <span class='ocr_line' id='line_1_5' title="bbox 533 703 2112 776; baseline -0.001 -16"><span class='ocrx_word' id='word_1_29' title='bbox 533 706 775 776; x_wconf 85' lang='lat' dir='ltr'><strong>posteris</strong></span> <span class='ocrx_word' id='word_1_30' title='bbox 797 706 1058 769; x_wconf 91' lang='lat' dir='ltr'><strong>traderet,</strong></span> <span class='ocrx_word' id='word_1_31' title='bbox 1105 719 1267 760; x_wconf 90' lang='lat' dir='ltr'><strong>nemo</strong></span> <span class='ocrx_word' id='word_1_32' title='bbox 1313 709 1441 758; x_wconf 83' lang='lat' dir='ltr'><strong>ante</strong></span> <span class='ocrx_word' id='word_1_33' title='bbox 1471 703 1769 760; x_wconf 86' lang='lat' dir='ltr'><strong>Eusebium</strong></span> <span class='ocrx_word' id='word_1_34' title='bbox 1805 705 2112 761; x_wconf 70' lang='lat' dir='ltr'><strong>exstiterat.</strong></span> 
     </span>
    </p>
   </div>
   <div class='ocr_carea' id='block_1_6' title="bbox 535 793 2117 869">
    <p class='ocr_par' dir='ltr' id='par_1_6' title="bbox 535 793 2117 869">
     <span class='ocr_line' id='line_1_6' title="bbox 535 793 2117 869; baseline -0.002 -18"><span class='ocrx_word' id='word_1_35' title='bbox 535 797 658 864; x_wconf 86' lang='lat' dir='ltr'><strong>Quo</strong></span> <span class='ocrx_word' id='word_1_36' title='bbox 685 798 858 869; x_wconf 84' lang='lat' dir='ltr'><strong>magis</strong></span> <span class='ocrx_word' id='word_1_37' title='bbox 877 795 1196 852; x_wconf 79' lang='lat' dir='ltr'><strong>laudandus</strong></span> <span class='ocrx_word' id='word_1_38' title='bbox 1253 802 1340 851; x_wconf 89' lang='lat' dir='ltr'><strong>est</strong></span> <span class='ocrx_word' id='word_1_39' title='bbox 1378 793 1648 850; x_wconf 83' lang='lat' dir='ltr'><strong>Eusebius</strong></span> <span class='ocrx_word' id='word_1_40' title='bbox 1703 802 1912 860; x_wconf 88' lang='lat' dir='ltr'><strong>noster,</strong></span> <span class='ocrx_word' id='word_1_41' title='bbox 1941 796 2034 866; x_wconf 92' lang='lat' dir='ltr'><strong>qui</strong></span> <span class='ocrx_word' id='word_1_42' title='bbox 2063 802 2117 850; x_wconf 91' lang='lat' dir='ltr'><strong>et</strong></span> 
     </span>
    </p>
   </div>
   <div class='ocr_carea' id='block_1_7' title="bbox 536 888 2117 962">
    <p class='ocr_par' dir='ltr' id='par_1_7' title="bbox 536 888 2117 962">
     <span class='ocr_line' id='line_1_7' title="bbox 536 888 2117 962; baseline 0 -19"><span class='ocrx_word' id='word_1_43' title='bbox 536 891 748 962; x_wconf 89' lang='lat' dir='ltr'><strong>primus</strong></span> <span class='ocrx_word' id='word_1_44' title='bbox 793 891 896 946; x_wconf 88' lang='lat' dir='ltr'><strong>hoc</strong></span> <span class='ocrx_word' id='word_1_45' title='bbox 925 895 1306 960; x_wconf 82' lang='lat' dir='ltr'><strong>argumentum</strong></span> <span class='ocrx_word' id='word_1_46' title='bbox 1355 888 1716 958; x_wconf 78' lang='lat' dir='ltr'><strong>excogitavit;</strong></span> <span class='ocrx_word' id='word_1_47' title='bbox 1752 899 1805 944; x_wconf 90' lang='lat' dir='ltr'><strong>et</strong></span> <span class='ocrx_word' id='word_1_48' title='bbox 1829 903 1954 944; x_wconf 91' lang='lat' dir='ltr'><strong>cum</strong></span> <span class='ocrx_word' id='word_1_49' title='bbox 1983 888 2117 943; x_wconf 89' lang='lat' dir='ltr'><strong>illud</strong></span> 
     </span>
    </p>
   </div>
   <div class='ocr_carea' id='block_1_8' title="bbox 535 981 2117 1053">
    <p class='ocr_par' dir='ltr' id='par_1_8' title="bbox 535 981 2117 1053">
     <span class='ocr_line' id='line_1_8' title="bbox 535 981 2117 1053; baseline 0.001 -17"><span class='ocrx_word' id='word_1_50' title='bbox 535 997 828 1053; x_wconf 77' lang='lat' dir='ltr'><strong>aggressus</strong></span> <span class='ocrx_word' id='word_1_51' title='bbox 853 981 1070 1049; x_wconf 79' lang='lat' dir='ltr'><strong>fuisset,</strong></span> <span class='ocrx_word' id='word_1_52' title='bbox 1097 981 1356 1036; x_wconf 90' lang='lat' dir='ltr'><strong>omnibus</strong></span> <span class='ocrx_word' id='word_1_53' title='bbox 1395 981 1639 1036; x_wconf 88' lang='lat' dir='ltr'><strong>numeris</strong></span> <span class='ocrx_word' id='word_1_54' title='bbox 1670 981 1982 1036; x_wconf 91' lang='lat' dir='ltr'><strong>absolutum</strong></span> <span class='ocrx_word' id='word_1_55' title='bbox 2029 999 2117 1038; x_wconf 84' lang='lat' dir='ltr'><strong>re-</strong></span> 
     </span>
    </p>
   </div>
   <div class='ocr_carea' id='block_1_9' title="bbox 533 1071 2115 1145">
    <p class='ocr_par' dir='ltr' id='par_1_9' title="bbox 533 1071 2115 1145">
     <span class='ocr_line' id='line_1_9' title="bbox 533 1071 2115 1145; baseline 0 -17"><span class='ocrx_word' id='word_1_56' title='bbox 533 1072 717 1144; x_wconf 86' lang='lat' dir='ltr'><strong>liquit.</strong></span> <span class='ocrx_word' id='word_1_57' title='bbox 739 1071 900 1129; x_wconf 87' lang='lat' dir='ltr'><strong>Certe</strong></span> <span class='ocrx_word' id='word_1_58' title='bbox 919 1088 1046 1129; x_wconf 92' lang='lat' dir='ltr'><strong>cum</strong></span> <span class='ocrx_word' id='word_1_59' title='bbox 1077 1073 1233 1128; x_wconf 92' lang='lat' dir='ltr'><strong>multi</strong></span> <span class='ocrx_word' id='word_1_60' title='bbox 1285 1084 1408 1144; x_wconf 88' lang='lat' dir='ltr'><strong>post</strong></span> <span class='ocrx_word' id='word_1_61' title='bbox 1438 1089 1564 1128; x_wconf 91' lang='lat' dir='ltr'><strong>cum</strong></span> <span class='ocrx_word' id='word_1_62' title='bbox 1618 1073 1820 1144; x_wconf 86' lang='lat' dir='ltr'><strong>reperti</strong></span> <span class='ocrx_word' id='word_1_63' title='bbox 1859 1075 1992 1139; x_wconf 91' lang='lat' dir='ltr'><strong>sint,</strong></span> <span class='ocrx_word' id='word_1_64' title='bbox 2024 1075 2115 1145; x_wconf 91' lang='lat' dir='ltr'><strong>qui</strong></span> 
     </span>
    </p>
   </div>
   <div class='ocr_carea' id='block_1_10' title="bbox 536 1164 2118 1237">
    <p class='ocr_par' dir='ltr' id='par_1_10' title="bbox 536 1164 2118 1237">
     <span class='ocr_line' id='line_1_10' title="bbox 536 1164 2118 1237; baseline 0.003 -19"><span class='ocrx_word' id='word_1_65' title='bbox 536 1165 684 1220; x_wconf 90' lang='lat' dir='ltr'><strong>illius</strong></span> <span class='ocrx_word' id='word_1_66' title='bbox 737 1166 986 1237; x_wconf 79' lang='lat' dir='ltr'><strong>exemplo</strong></span> <span class='ocrx_word' id='word_1_67' title='bbox 1052 1164 1262 1220; x_wconf 84' lang='lat' dir='ltr'><strong>incitati</strong></span> <span class='ocrx_word' id='word_1_68' title='bbox 1312 1181 1404 1222; x_wconf 89' lang='lat' dir='ltr'><strong>res</strong></span> <span class='ocrx_word' id='word_1_69' title='bbox 1447 1165 1854 1222; x_wconf 87' lang='lat' dir='ltr'><strong>ecclesiasticas</strong></span> <span class='ocrx_word' id='word_1_70' title='bbox 1898 1166 2118 1235; x_wconf 79' lang='lat' dir='ltr'><strong>scriptis</strong></span> 
     </span>
    </p>
   </div>
   <div class='ocr_carea' id='block_1_11' title="bbox 536 1257 2120 1327">
    <p class='ocr_par' dir='ltr' id='par_1_11' title="bbox 536 1257 2120 1327">
     <span class='ocr_line' id='line_1_11' title="bbox 536 1257 2120 1327; baseline 0.001 -17"><span class='ocrx_word' id='word_1_71' title='bbox 536 1257 768 1327; x_wconf 88' lang='lat' dir='ltr'><strong>prodere</strong></span> <span class='ocrx_word' id='word_1_72' title='bbox 808 1257 1256 1327; x_wconf 78' lang='lat' dir='ltr'><strong>aggrederentur,</strong></span> <span class='ocrx_word' id='word_1_73' title='bbox 1297 1273 1490 1314; x_wconf 92' lang='lat' dir='ltr'><strong>omnes</strong></span> <span class='ocrx_word' id='word_1_74' title='bbox 1535 1266 1717 1313; x_wconf 89' lang='lat' dir='ltr'><strong>tamen</strong></span> <span class='ocrx_word' id='word_1_75' title='bbox 1782 1258 1946 1314; x_wconf 88' lang='lat' dir='ltr'><strong>abiis</strong></span> <span class='ocrx_word' id='word_1_76' title='bbox 1980 1267 2120 1312; x_wconf 85' lang='lat' dir='ltr'><strong>tem-</strong></span> 
     </span>
    </p>
   </div>
   <div class='ocr_carea' id='block_1_12' title="bbox 534 1345 2118 1419">
    <p class='ocr_par' dir='ltr' id='par_1_12' title="bbox 534 1345 2118 1419">
     <span class='ocr_line' id='line_1_12' title="bbox 534 1345 2118 1419; baseline -0.001 -17"><span class='ocrx_word' id='word_1_77' title='bbox 534 1347 764 1419; x_wconf 89' lang='lat' dir='ltr'><strong>poribus</strong></span> <span class='ocrx_word' id='word_1_78' title='bbox 794 1347 1081 1402; x_wconf 87' lang='lat' dir='ltr'><strong>historiam</strong></span> <span class='ocrx_word' id='word_1_79' title='bbox 1104 1363 1263 1404; x_wconf 90' lang='lat' dir='ltr'><strong>suam</strong></span> <span class='ocrx_word' id='word_1_80' title='bbox 1311 1349 1497 1402; x_wconf 90' lang='lat' dir='ltr'><strong>exorsi</strong></span> <span class='ocrx_word' id='word_1_81' title='bbox 1528 1353 1659 1403; x_wconf 90' lang='lat' dir='ltr'><strong>sunt</strong></span> <span class='ocrx_word' id='word_1_82' title='bbox 1693 1348 1746 1402; x_wconf 92' lang='lat' dir='ltr'><strong>in</strong></span> <span class='ocrx_word' id='word_1_83' title='bbox 1779 1347 1980 1418; x_wconf 89' lang='lat' dir='ltr'><strong>quibus</strong></span> <span class='ocrx_word' id='word_1_84' title='bbox 2008 1345 2118 1400; x_wconf 87' lang='lat' dir='ltr'><strong>Eu-</strong></span> 
     </span>
    </p>
   </div>
   <div class='ocr_carea' id='block_1_13' title="bbox 533 1435 2116 1509">
    <p class='ocr_par' dir='ltr' id='par_1_13' title="bbox 533 1435 2116 1509">
     <span class='ocr_line' id='line_1_13' title="bbox 533 1435 2116 1509; baseline -0.001 -17"><span class='ocrx_word' id='word_1_85' title='bbox 533 1435 723 1493; x_wconf 86' lang='lat' dir='ltr'><strong>sebius</strong></span> <span class='ocrx_word' id='word_1_86' title='bbox 752 1446 940 1492; x_wconf 89' lang='lat' dir='ltr'><strong>noster</strong></span> <span class='ocrx_word' id='word_1_87' title='bbox 971 1453 1110 1509; x_wconf 86' lang='lat' dir='ltr'><strong>opus</strong></span> <span class='ocrx_word' id='word_1_88' title='bbox 1133 1453 1294 1494; x_wconf 91' lang='lat' dir='ltr'><strong>suum</strong></span> <span class='ocrx_word' id='word_1_89' title='bbox 1321 1437 1737 1501; x_wconf 87' lang='lat' dir='ltr'><strong>terminaverat;</strong></span> <span class='ocrx_word' id='word_1_90' title='bbox 1769 1436 2116 1507; x_wconf 88' lang='lat' dir='ltr'><strong>superiorum</strong></span> 
     </span>
    </p>
   </div>
   <div class='ocr_carea' id='block_1_14' title="bbox 534 1526 2118 1597">
    <p class='ocr_par' dir='ltr' id='par_1_14' title="bbox 534 1526 2118 1597">
     <span class='ocr_line' id='line_1_14' title="bbox 534 1526 2118 1597; baseline 0.003 -19"><span class='ocrx_word' id='word_1_91' title='bbox 534 1542 665 1582; x_wconf 90' lang='lat' dir='ltr'><strong>vero</strong></span> <span class='ocrx_word' id='word_1_92' title='bbox 696 1536 1004 1597; x_wconf 88' lang='lat' dir='ltr'><strong>temporum</strong></span> <span class='ocrx_word' id='word_1_93' title='bbox 1065 1527 1374 1591; x_wconf 87' lang='lat' dir='ltr'><strong>historiam,</strong></span> <span class='ocrx_word' id='word_1_94' title='bbox 1409 1542 1572 1597; x_wconf 87' lang='lat' dir='ltr'><strong>quam</strong></span> <span class='ocrx_word' id='word_1_95' title='bbox 1607 1527 1697 1581; x_wconf 87' lang='lat' dir='ltr'><strong>ille</strong></span> <span class='ocrx_word' id='word_1_96' title='bbox 1749 1527 1938 1583; x_wconf 90' lang='lat' dir='ltr'><strong>decem</strong></span> <span class='ocrx_word' id='word_1_97' title='bbox 1961 1526 2118 1582; x_wconf 88' lang='lat' dir='ltr'><strong>libris</strong></span> 
     </span>
    </p>
   </div>
   <div class='ocr_carea' id='block_1_15' title="bbox 535 1618 2120 1689">
    <p class='ocr_par' dir='ltr' id='par_1_15' title="bbox 535 1618 2120 1689">
     <span class='ocr_line' id='line_1_15' title="bbox 535 1618 2120 1689; baseline 0 -16"><span class='ocrx_word' id='word_1_98' title='bbox 535 1627 886 1689; x_wconf 79' lang='lat' dir='ltr'><strong>exposuerat,</strong></span> <span class='ocrx_word' id='word_1_99' title='bbox 933 1619 1202 1688; x_wconf 82' lang='lat' dir='ltr'><strong>integram</strong></span> <span class='ocrx_word' id='word_1_100' title='bbox 1243 1618 1295 1672; x_wconf 93' lang='lat' dir='ltr'><strong>ei</strong></span> <span class='ocrx_word' id='word_1_101' title='bbox 1335 1625 1499 1688; x_wconf 87' lang='lat' dir='ltr'><strong>atque</strong></span> <span class='ocrx_word' id='word_1_102' title='bbox 1558 1618 1821 1672; x_wconf 85' lang='lat' dir='ltr'><strong>intactam</strong></span> <span class='ocrx_word' id='word_1_103' title='bbox 1881 1619 2120 1689; x_wconf 86' lang='lat' dir='ltr'><strong>relique-</strong></span> 
     </span>
    </p>
   </div>
   <div class='ocr_carea' id='block_1_16' title="bbox 536 1709 2121 1780">
    <p class='ocr_par' dir='ltr' id='par_1_16' title="bbox 536 1709 2121 1780">
     <span class='ocr_line' id='line_1_16' title="bbox 536 1709 2121 1780; baseline 0.001 -16"><span class='ocrx_word' id='word_1_104' title='bbox 536 1717 688 1764; x_wconf 90' lang='lat' dir='ltr'><strong>runt.</strong></span> <span class='ocrx_word' id='word_1_105' title='bbox 726 1709 1096 1776; x_wconf 85' lang='lat' dir='ltr'><strong>Quamobrem</strong></span> <span class='ocrx_word' id='word_1_106' title='bbox 1125 1710 1171 1766; x_wconf 92' lang='lat' dir='ltr'><strong>si</strong></span> <span class='ocrx_word' id='word_1_107' title='bbox 1193 1709 1319 1780; x_wconf 86' lang='lat' dir='ltr'><strong>quis</strong></span> <span class='ocrx_word' id='word_1_108' title='bbox 1347 1710 1501 1763; x_wconf 90' lang='lat' dir='ltr'><strong>illum</strong></span> <span class='ocrx_word' id='word_1_109' title='bbox 1528 1710 1915 1765; x_wconf 87' lang='lat' dir='ltr'><strong>ecclesiastica</strong></span> <span class='ocrx_word' id='word_1_110' title='bbox 1945 1710 2121 1766; x_wconf 89' lang='lat' dir='ltr'><strong>histo-</strong></span> 
     </span>
    </p>
   </div>
   <div class='ocr_carea' id='block_1_17' title="bbox 537 1789 2201 1872">
    <p class='ocr_par' dir='ltr' id='par_1_17' title="bbox 537 1789 2201 1872">
     <span class='ocr_line' id='line_1_17' title="bbox 537 1789 2201 1872; baseline -0.001 -15"><span class='ocrx_word' id='word_1_111' title='bbox 537 1803 633 1857; x_wconf 86' lang='lat' dir='ltr'><strong>ria</strong></span> <span class='ocrx_word' id='word_1_112' title='bbox 663 1800 878 1858; x_wconf 87' lang='lat' dir='ltr'><strong>Patrem</strong></span> <span class='ocrx_word' id='word_1_113' title='bbox 897 1809 951 1857; x_wconf 92' lang='lat' dir='ltr'><strong>et</strong></span> <span class='ocrx_word' id='word_1_114' title='bbox 981 1801 1320 1857; x_wconf 86' lang='lat' dir='ltr'><strong>conditorem</strong></span> <span class='ocrx_word' id='word_1_115' title='bbox 1343 1802 1620 1872; x_wconf 87' lang='lat' dir='ltr'><strong>appellare</strong></span> <span class='ocrx_word' id='word_1_116' title='bbox 1643 1802 1896 1866; x_wconf 88' lang='lat' dir='ltr'><strong>voluerit,</strong></span> <span class='ocrx_word' id='word_1_117' title='bbox 1923 1802 1970 1858; x_wconf 91' lang='lat' dir='ltr'><strong>is</strong></span> <span class='ocrx_word' id='word_1_118' title='bbox 2000 1817 2127 1872; x_wconf 88' lang='lat' dir='ltr'><strong>pro-</strong></span> <span class='ocrx_word' id='word_1_119' title='bbox 2160 1789 2201 1844; x_wconf 84' lang='grc' dir='ltr'><strong>Β</strong></span> 
     </span>
    </p>
   </div>
   <div class='ocr_carea' id='block_1_18' title="bbox 537 1892 2122 1964">
    <p class='ocr_par' dir='ltr' id='par_1_18' title="bbox 537 1892 2122 1964">
     <span class='ocr_line' id='line_1_18' title="bbox 537 1892 2122 1964; baseline -0.001 -16"><span class='ocrx_word' id='word_1_120' title='bbox 537 1892 685 1948; x_wconf 81' lang='lat' dir='ltr'><strong>fecto</strong></span> <span class='ocrx_word' id='word_1_121' title='bbox 709 1908 820 1946; x_wconf 88' lang='lat' dir='ltr'><strong>non</strong></span> <span class='ocrx_word' id='word_1_122' title='bbox 855 1892 1093 1948; x_wconf 88' lang='lat' dir='ltr'><strong>absurde</strong></span> <span class='ocrx_word' id='word_1_123' title='bbox 1155 1906 1257 1946; x_wconf 91' lang='lat' dir='ltr'><strong>nec</strong></span> <span class='ocrx_word' id='word_1_124' title='bbox 1297 1893 1568 1947; x_wconf 89' lang='lat' dir='ltr'><strong>immerito</strong></span> <span class='ocrx_word' id='word_1_125' title='bbox 1598 1892 1650 1946; x_wconf 90' lang='lat' dir='ltr'><strong>id</strong></span> <span class='ocrx_word' id='word_1_126' title='bbox 1700 1907 2002 1964; x_wconf 86' lang='lat' dir='ltr'><strong>cognomen</strong></span> <span class='ocrx_word' id='word_1_127' title='bbox 2044 1893 2122 1947; x_wconf 91' lang='lat' dir='ltr'><strong>illi</strong></span> 
     </span>
    </p>
   </div>
   <div class='ocr_carea' id='block_1_19' title="bbox 539 1983 2124 2054">
    <p class='ocr_par' dir='ltr' id='par_1_19' title="bbox 539 1983 2124 2054">
     <span class='ocr_line' id='line_1_19' title="bbox 539 1983 2124 2054; baseline 0.002 -17"><span class='ocrx_word' id='word_1_128' title='bbox 539 1984 902 2054; x_wconf 88' lang='lat' dir='ltr'><strong>impositurus</strong></span> <span class='ocrx_word' id='word_1_129' title='bbox 923 1985 1159 2040; x_wconf 89' lang='lat' dir='ltr'><strong>videtur.</strong></span> <span class='ocrx_word' id='word_1_130' title='bbox 1183 1983 1430 2050; x_wconf 84' lang='lat' dir='ltr'><strong>Quanam</strong></span> <span class='ocrx_word' id='word_1_131' title='bbox 1460 1993 1641 2039; x_wconf 91' lang='lat' dir='ltr'><strong>autem</strong></span> <span class='ocrx_word' id='word_1_132' title='bbox 1665 1985 1880 2040; x_wconf 87' lang='lat' dir='ltr'><strong>ratione</strong></span> <span class='ocrx_word' id='word_1_133' title='bbox 1913 1986 1978 2040; x_wconf 91' lang='lat' dir='ltr'><strong>ad</strong></span> <span class='ocrx_word' id='word_1_134' title='bbox 2019 1986 2124 2040; x_wconf 91' lang='lat' dir='ltr'><strong>hoc</strong></span> 
     </span>
    </p>
   </div>
   <div class='ocr_carea' id='block_1_20' title="bbox 539 2074 2126 2149">
    <p class='ocr_par' dir='ltr' id='par_1_20' title="bbox 539 2074 2126 2149">
     <span class='ocr_line' id='line_1_20' title="bbox 539 2074 2126 2149; baseline 0.001 -19"><span class='ocrx_word' id='word_1_135' title='bbox 539 2084 923 2149; x_wconf 76' lang='lat' dir='ltr'><strong>argmnentum</strong></span> <span class='ocrx_word' id='word_1_136' title='bbox 978 2076 1278 2131; x_wconf 84' lang='lat' dir='ltr'><strong>accesserit</strong></span> <span class='ocrx_word' id='word_1_137' title='bbox 1311 2074 1606 2141; x_wconf 87' lang='lat' dir='ltr'><strong>Eusebius,</strong></span> <span class='ocrx_word' id='word_1_138' title='bbox 1641 2092 1748 2131; x_wconf 89' lang='lat' dir='ltr'><strong>non</strong></span> <span class='ocrx_word' id='word_1_139' title='bbox 1781 2076 2002 2133; x_wconf 82' lang='lat' dir='ltr'><strong>dillicile</strong></span> <span class='ocrx_word' id='word_1_140' title='bbox 2038 2087 2126 2134; x_wconf 90' lang='lat' dir='ltr'><strong>est</strong></span> 
     </span>
    </p>
   </div>
   <div class='ocr_carea' id='block_1_21' title="bbox 537 2167 2124 2239">
    <p class='ocr_par' dir='ltr' id='par_1_21' title="bbox 537 2167 2124 2239">
     <span class='ocr_line' id='line_1_21' title="bbox 537 2167 2124 2239; baseline 0.003 -17"><span class='ocrx_word' id='word_1_141' title='bbox 537 2168 831 2237; x_wconf 88' lang='lat' dir='ltr'><strong>conjicere.</strong></span> <span class='ocrx_word' id='word_1_142' title='bbox 855 2167 990 2221; x_wconf 90' lang='lat' dir='ltr'><strong>Nam</strong></span> <span class='ocrx_word' id='word_1_143' title='bbox 1023 2182 1148 2222; x_wconf 90' lang='lat' dir='ltr'><strong>cum</strong></span> <span class='ocrx_word' id='word_1_144' title='bbox 1173 2167 1228 2221; x_wconf 91' lang='lat' dir='ltr'><strong>in</strong></span> <span class='ocrx_word' id='word_1_145' title='bbox 1270 2176 1514 2222; x_wconf 82' lang='lat' dir='ltr'><strong>extrema</strong></span> <span class='ocrx_word' id='word_1_146' title='bbox 1553 2177 1710 2239; x_wconf 88' lang='lat' dir='ltr'><strong>parte</strong></span> <span class='ocrx_word' id='word_1_147' title='bbox 1740 2168 2124 2226; x_wconf 85' lang='lat' dir='ltr'><strong>Chronicorum</strong></span> 
     </span>
    </p>
   </div>
   <div class='ocr_carea' id='block_1_22' title="bbox 538 2257 2124 2329">
    <p class='ocr_par' dir='ltr' id='par_1_22' title="bbox 538 2257 2124 2329">
     <span class='ocr_line' id='line_1_22' title="bbox 538 2257 2124 2329; baseline 0.003 -14"><span class='ocrx_word' id='word_1_148' title='bbox 538 2257 838 2324; x_wconf 86' lang='lat' dir='ltr'><strong>Canonum,</strong></span> <span class='ocrx_word' id='word_1_149' title='bbox 878 2267 1092 2329; x_wconf 89' lang='lat' dir='ltr'><strong>tempus</strong></span> <span class='ocrx_word' id='word_1_150' title='bbox 1131 2259 1398 2316; x_wconf 86' lang='lat' dir='ltr'><strong>adventus</strong></span> <span class='ocrx_word' id='word_1_151' title='bbox 1427 2259 1640 2316; x_wconf 90' lang='lat' dir='ltr'><strong>Domini</strong></span> <span class='ocrx_word' id='word_1_152' title='bbox 1691 2263 1865 2318; x_wconf 90' lang='lat' dir='ltr'><strong>nostri</strong></span> <span class='ocrx_word' id='word_1_153' title='bbox 1897 2270 1953 2318; x_wconf 89' lang='lat' dir='ltr'><strong>et</strong></span> <span class='ocrx_word' id='word_1_154' title='bbox 1989 2261 2124 2319; x_wconf 82' lang='lat' dir='ltr'><strong>Pas-</strong></span> 
     </span>
    </p>
   </div>
   <div class='ocr_carea' id='block_1_23' title="bbox 540 2349 2121 2424">
    <p class='ocr_par' dir='ltr' id='par_1_23' title="bbox 540 2349 2121 2424">
     <span class='ocr_line' id='line_1_23' title="bbox 540 2349 2121 2424; baseline 0.002 -20"><span class='ocrx_word' id='word_1_155' title='bbox 540 2351 714 2404; x_wconf 78' lang='lat' dir='ltr'><strong>sionis</strong></span> <span class='ocrx_word' id='word_1_156' title='bbox 759 2349 881 2418; x_wconf 93' lang='lat' dir='ltr'><strong>ejus</strong></span> <span class='ocrx_word' id='word_1_157' title='bbox 934 2355 1190 2404; x_wconf 86' lang='lat' dir='ltr'><strong>accurate</strong></span> <span class='ocrx_word' id='word_1_158' title='bbox 1223 2357 1489 2414; x_wconf 87' lang='lat' dir='ltr'><strong>notasset,</strong></span> <span class='ocrx_word' id='word_1_159' title='bbox 1546 2352 1770 2406; x_wconf 90' lang='lat' dir='ltr'><strong>nomina</strong></span> <span class='ocrx_word' id='word_1_160' title='bbox 1807 2353 1972 2407; x_wconf 90' lang='lat' dir='ltr'><strong>etiam</strong></span> <span class='ocrx_word' id='word_1_161' title='bbox 2002 2354 2121 2424; x_wconf 85' lang='lat' dir='ltr'><strong>epi—</strong></span> 
     </span>
    </p>
   </div>
   <div class='ocr_carea' id='block_1_24' title="bbox 541 2439 2126 2512">
    <p class='ocr_par' dir='ltr' id='par_1_24' title="bbox 541 2439 2126 2512">
     <span class='ocr_line' id='line_1_24' title="bbox 541 2439 2126 2512; baseline 0.003 -18"><span class='ocrx_word' id='word_1_162' title='bbox 541 2453 834 2508; x_wconf 88' lang='lat' dir='ltr'><strong>scoporum</strong></span> <span class='ocrx_word' id='word_1_163' title='bbox 858 2439 952 2508; x_wconf 91' lang='lat' dir='ltr'><strong>qui</strong></span> <span class='ocrx_word' id='word_1_164' title='bbox 994 2441 1049 2494; x_wconf 90' lang='lat' dir='ltr'><strong>in</strong></span> <span class='ocrx_word' id='word_1_165' title='bbox 1079 2448 1314 2511; x_wconf 88' lang='lat' dir='ltr'><strong>quatuor</strong></span> <span class='ocrx_word' id='word_1_166' title='bbox 1357 2440 1650 2512; x_wconf 79' lang='lat' dir='ltr'><strong>praecipuis</strong></span> <span class='ocrx_word' id='word_1_167' title='bbox 1681 2439 1942 2497; x_wconf 86' lang='lat' dir='ltr'><strong>Ecclesiis</strong></span> <span class='ocrx_word' id='word_1_168' title='bbox 1969 2443 2126 2498; x_wconf 91' lang='lat' dir='ltr'><strong>sede-</strong></span> 
     </span>
    </p>
   </div>
   <div class='ocr_carea' id='block_1_25' title="bbox 541 2529 2126 2602">
    <p class='ocr_par' dir='ltr' id='par_1_25' title="bbox 541 2529 2126 2602">
     <span class='ocr_line' id='line_1_25' title="bbox 541 2529 2126 2602; baseline 0.003 -18"><span class='ocrx_word' id='word_1_169' title='bbox 541 2537 689 2595; x_wconf 86' lang='lat' dir='ltr'><strong>rant,</strong></span> <span class='ocrx_word' id='word_1_170' title='bbox 714 2537 768 2586; x_wconf 92' lang='lat' dir='ltr'><strong>et</strong></span> <span class='ocrx_word' id='word_1_171' title='bbox 814 2529 1110 2586; x_wconf 88' lang='lat' dir='ltr'><strong>illustrium</strong></span> <span class='ocrx_word' id='word_1_172' title='bbox 1157 2531 1404 2588; x_wconf 88' lang='lat' dir='ltr'><strong>virorum</strong></span> <span class='ocrx_word' id='word_1_173' title='bbox 1421 2533 1515 2602; x_wconf 87' lang='lat' dir='ltr'><strong>qui</strong></span> <span class='ocrx_word' id='word_1_174' title='bbox 1571 2532 1624 2588; x_wconf 85' lang='lat' dir='ltr'><strong>in</strong></span> <span class='ocrx_word' id='word_1_175' title='bbox 1657 2531 1901 2588; x_wconf 88' lang='lat' dir='ltr'><strong>Ecclesia</strong></span> <span class='ocrx_word' id='word_1_176' title='bbox 1933 2531 2126 2589; x_wconf 88' lang='lat' dir='ltr'><strong>florue-</strong></span> 
     </span>
    </p>
   </div>
   <div class='ocr_carea' id='block_1_26' title="bbox 541 2622 2124 2697">
    <p class='ocr_par' dir='ltr' id='par_1_26' title="bbox 541 2622 2124 2697">
     <span class='ocr_line' id='line_1_26' title="bbox 541 2622 2124 2697; baseline 0.004 -21"><span class='ocrx_word' id='word_1_177' title='bbox 541 2630 666 2676; x_wconf 89' lang='lat' dir='ltr'><strong>rant</strong></span> <span class='ocrx_word' id='word_1_178' title='bbox 707 2622 988 2680; x_wconf 87' lang='lat' dir='ltr'><strong>:hareses</strong></span> <span class='ocrx_word' id='word_1_179' title='bbox 1037 2623 1274 2695; x_wconf 73' lang='lat' dir='ltr'><strong>denique</strong></span> <span class='ocrx_word' id='word_1_180' title='bbox 1333 2638 1398 2678; x_wconf 91' lang='lat' dir='ltr'><strong>ac</strong></span> <span class='ocrx_word' id='word_1_181' title='bbox 1447 2625 1857 2694; x_wconf 85' lang='lat' dir='ltr'><strong>persecutiones</strong></span> <span class='ocrx_word' id='word_1_182' title='bbox 1921 2627 2124 2697; x_wconf 87' lang='lat' dir='ltr'><strong>quibus</strong></span> 
     </span>
    </p>
   </div>
   <div class='ocr_carea' id='block_1_27' title="bbox 540 2714 2126 2790">
    <p class='ocr_par' dir='ltr' id='par_1_27' title="bbox 540 2714 2126 2790">
     <span class='ocr_line' id='line_1_27' title="bbox 540 2714 2126 2790; baseline 0.006 -22"><span class='ocrx_word' id='word_1_183' title='bbox 540 2722 738 2769; x_wconf 87' lang='lat' dir='ltr'><strong>vexata</strong></span> <span class='ocrx_word' id='word_1_184' title='bbox 771 2715 952 2770; x_wconf 82' lang='lat' dir='ltr'><strong>fuerat</strong></span> <span class='ocrx_word' id='word_1_185' title='bbox 992 2714 1262 2782; x_wconf 89' lang='lat' dir='ltr'><strong>Ecclesia,</strong></span> <span class='ocrx_word' id='word_1_186' title='bbox 1313 2733 1417 2774; x_wconf 89' lang='lat' dir='ltr'><strong>suo</strong></span> <span class='ocrx_word' id='word_1_187' title='bbox 1461 2726 1707 2789; x_wconf 90' lang='lat' dir='ltr'><strong>tempore</strong></span> <span class='ocrx_word' id='word_1_188' title='bbox 1740 2727 1903 2790; x_wconf 89' lang='lat' dir='ltr'><strong>atque</strong></span> <span class='ocrx_word' id='word_1_189' title='bbox 1931 2720 2126 2777; x_wconf 92' lang='lat' dir='ltr'><strong>ordine</strong></span> 
     </span>
    </p>
   </div>
   <div class='ocr_carea' id='block_1_28' title="bbox 540 2805 2124 2878">
    <p class='ocr_par' dir='ltr' id='par_1_28' title="bbox 540 2805 2124 2878">
     <span class='ocr_line' id='line_1_28' title="bbox 540 2805 2124 2878; baseline 0.004 -16"><span class='ocrx_word' id='word_1_190' title='bbox 540 2805 882 2878; x_wconf 87' lang='lat' dir='ltr'><strong>digessisset,</strong></span> <span class='ocrx_word' id='word_1_191' title='bbox 913 2810 1178 2878; x_wconf 89' lang='lat' dir='ltr'><strong>paulatim</strong></span> <span class='ocrx_word' id='word_1_192' title='bbox 1240 2809 1308 2864; x_wconf 90' lang='lat' dir='ltr'><strong>ad</strong></span> <span class='ocrx_word' id='word_1_193' title='bbox 1349 2811 1638 2867; x_wconf 88' lang='lat' dir='ltr'><strong>historiam</strong></span> <span class='ocrx_word' id='word_1_194' title='bbox 1691 2813 2124 2870; x_wconf 88' lang='lat' dir='ltr'><strong>ecclesiasticam</strong></span> 
     </span>
    </p>
   </div>
   <div class='ocr_carea' id='block_1_29' title="bbox 541 2900 2125 2977">
    <p class='ocr_par' dir='ltr' id='par_1_29' title="bbox 541 2900 2125 2977">
     <span class='ocr_line' id='line_1_29' title="bbox 541 2900 2125 2977; baseline 0.006 -24"><span class='ocrx_word' id='word_1_195' title='bbox 541 2900 1022 2968; x_wconf 90' lang='lat' dir='ltr'><strong>conscribendam,</strong></span> <span class='ocrx_word' id='word_1_196' title='bbox 1050 2901 1208 2974; x_wconf 90' lang='lat' dir='ltr'><strong>quasi</strong></span> <span class='ocrx_word' id='word_1_197' title='bbox 1253 2917 1417 2958; x_wconf 88' lang='lat' dir='ltr'><strong>manu</strong></span> <span class='ocrx_word' id='word_1_198' title='bbox 1447 2904 1713 2963; x_wconf 91' lang='lat' dir='ltr'><strong>deductus</strong></span> <span class='ocrx_word' id='word_1_199' title='bbox 1742 2913 1824 2961; x_wconf 89' lang='lat' dir='ltr'><strong>est</strong></span> <span class='ocrx_word' id='word_1_200' title='bbox 1865 2923 1877 2959; x_wconf 94' lang='lat'>:</span> <span class='ocrx_word' id='word_1_201' title='bbox 1915 2916 1976 2961; x_wconf 89' lang='lat' dir='ltr'><strong>ut</strong></span> <span class='ocrx_word' id='word_1_202' title='bbox 2003 2922 2125 2977; x_wconf 86' lang='lat' dir='ltr'><strong>qua</strong></span> 
     </span>
    </p>
   </div>
   <div class='ocr_carea' id='block_1_30' title="bbox 545 2989 2123 3069">
    <p class='ocr_par' dir='ltr' id='par_1_30' title="bbox 545 2989 2123 3069">
     <span class='ocr_line' id='line_1_30' title="bbox 545 2989 2123 3069; baseline 0.004 -23"><span class='ocrx_word' id='word_1_203' title='bbox 545 2991 602 3047; x_wconf 87' lang='lat' dir='ltr'><strong>in</strong></span> <span class='ocrx_word' id='word_1_204' title='bbox 628 2989 904 3046; x_wconf 76' lang='lat' dir='ltr'><strong>Chronicis</strong></span> <span class='ocrx_word' id='word_1_205' title='bbox 943 2991 1252 3048; x_wconf 88' lang='lat' dir='ltr'><strong>Canonibus</strong></span> <span class='ocrx_word' id='word_1_206' title='bbox 1301 2995 1461 3063; x_wconf 90' lang='lat' dir='ltr'><strong>quasi</strong></span> <span class='ocrx_word' id='word_1_207' title='bbox 1508 2995 1834 3065; x_wconf 87' lang='lat' dir='ltr'><strong>compendio</strong></span> <span class='ocrx_word' id='word_1_208' title='bbox 1886 2999 2123 3069; x_wconf 92' lang='lat' dir='ltr'><strong>quodam</strong></span> 
     </span>
    </p>
   </div>
   <div class='ocr_carea' id='block_1_31' title="bbox 543 3083 2124 3160">
    <p class='ocr_par' dir='ltr' id='par_1_31' title="bbox 543 3083 2124 3160">
     <span class='ocr_line' id='line_1_31' title="bbox 543 3083 2124 3160; baseline 0.008 -27"><span class='ocrx_word' id='word_1_209' title='bbox 543 3083 962 3153; x_wconf 79' lang='lat' dir='ltr'><strong>perstrinxerat,</strong></span> <span class='ocrx_word' id='word_1_210' title='bbox 989 3084 1045 3138; x_wconf 93' lang='lat' dir='ltr'><strong>in</strong></span> <span class='ocrx_word' id='word_1_211' title='bbox 1080 3084 1457 3141; x_wconf 87' lang='lat' dir='ltr'><strong>Ecclesiastica</strong></span> <span class='ocrx_word' id='word_1_212' title='bbox 1488 3086 1734 3141; x_wconf 79' lang='lat' dir='ltr'><strong>Historia</strong></span> <span class='ocrx_word' id='word_1_213' title='bbox 1768 3089 1930 3144; x_wconf 92' lang='lat' dir='ltr'><strong>latius</strong></span> <span class='ocrx_word' id='word_1_214' title='bbox 1961 3099 2124 3160; x_wconf 89' lang='lat' dir='ltr'><strong>atque</strong></span> 
     </span>
    </p>
   </div>
   <div class='ocr_carea' id='block_1_32' title="bbox 543 3174 2123 3250">
    <p class='ocr_par' dir='ltr' id='par_1_32' title="bbox 543 3174 2123 3250">
     <span class='ocr_line' id='line_1_32' title="bbox 543 3174 2123 3250; baseline 0.005 -22"><span class='ocrx_word' id='word_1_215' title='bbox 543 3174 771 3230; x_wconf 89' lang='lat' dir='ltr'><strong>uberius</strong></span> <span class='ocrx_word' id='word_1_216' title='bbox 806 3184 1182 3245; x_wconf 78' lang='lat' dir='ltr'><strong>pertractaret.</strong></span> <span class='ocrx_word' id='word_1_217' title='bbox 1223 3178 1342 3250; x_wconf 91' lang='lat' dir='ltr'><strong>Ipse</strong></span> <span class='ocrx_word' id='word_1_218' title='bbox 1372 3186 1518 3234; x_wconf 90' lang='lat' dir='ltr'><strong>certe</strong></span> <span class='ocrx_word' id='word_1_219' title='bbox 1545 3180 1599 3234; x_wconf 93' lang='lat' dir='ltr'><strong>in</strong></span> <span class='ocrx_word' id='word_1_220' title='bbox 1627 3183 1892 3249; x_wconf 69' lang='lat' dir='ltr'><strong>prooemio</strong></span> <span class='ocrx_word' id='word_1_221' title='bbox 1937 3181 2123 3237; x_wconf 88' lang='lat' dir='ltr'><strong>Histo-</strong></span> 
     </span>
    </p>
   </div>
   <div class='ocr_carea' id='block_1_33' title="bbox 553 3264 2123 3344">
    <p class='ocr_par' dir='ltr' id='par_1_33' title="bbox 553 3264 2123 3344">
     <span class='ocr_line' id='line_1_33' title="bbox 553 3264 2123 3344; baseline 0.009 -28"><span class='ocrx_word' id='word_1_222' title='bbox 553 3264 650 3318; x_wconf 75' lang='lat' dir='ltr'><strong>rice</strong></span> <span class='ocrx_word' id='word_1_223' title='bbox 680 3265 1049 3322; x_wconf 64' lang='lat' dir='ltr'><strong>ecclesiasticae</strong></span> <span class='ocrx_word' id='word_1_224' title='bbox 1095 3278 1282 3338; x_wconf 90' lang='lat' dir='ltr'><strong>aperte</strong></span> <span class='ocrx_word' id='word_1_225' title='bbox 1333 3271 1536 3324; x_wconf 88' lang='lat' dir='ltr'><strong>indicat</strong></span> <span class='ocrx_word' id='word_1_226' title='bbox 1581 3272 1636 3328; x_wconf 92' lang='lat' dir='ltr'><strong>id</strong></span> <span class='ocrx_word' id='word_1_227' title='bbox 1675 3275 1820 3344; x_wconf 92' lang='lat' dir='ltr'><strong>quod</strong></span> <span class='ocrx_word' id='word_1_228' title='bbox 1853 3275 1986 3330; x_wconf 86' lang='lat' dir='ltr'><strong>dixi.</strong></span> <span class='ocrx_word' id='word_1_229' title='bbox 2018 3277 2123 3332; x_wconf 86' lang='lat' dir='ltr'><strong>Ubi</strong></span> 
     </span>
    </p>
   </div>
   <div class='ocr_carea' id='block_1_34' title="bbox 543 3357 2121 3437">
    <p class='ocr_par' dir='ltr' id='par_1_34' title="bbox 543 3357 2121 3437">
     <span class='ocr_line' id='line_1_34' title="bbox 543 3357 2121 3437; baseline 0.006 -27"><span class='ocrx_word' id='word_1_230' title='bbox 543 3357 710 3410; x_wconf 90' lang='lat' dir='ltr'><strong>etiam</strong></span> <span class='ocrx_word' id='word_1_231' title='bbox 730 3358 799 3412; x_wconf 89' lang='lat' dir='ltr'><strong>ab</strong></span> <span class='ocrx_word' id='word_1_232' title='bbox 821 3359 991 3427; x_wconf 88' lang='lat' dir='ltr'><strong>aquis</strong></span> <span class='ocrx_word' id='word_1_233' title='bbox 1020 3359 1317 3416; x_wconf 90' lang='lat' dir='ltr'><strong>lectoribus</strong></span> <span class='ocrx_word' id='word_1_234' title='bbox 1350 3362 1562 3416; x_wconf 87' lang='lat' dir='ltr'><strong>veniam</strong></span> <span class='ocrx_word' id='word_1_235' title='bbox 1582 3363 1686 3419; x_wconf 91' lang='lat' dir='ltr'><strong>sibi</strong></span> <span class='ocrx_word' id='word_1_236' title='bbox 1715 3364 1832 3419; x_wconf 91' lang='lat' dir='ltr'><strong>dari</strong></span> <span class='ocrx_word' id='word_1_237' title='bbox 1861 3368 2121 3437; x_wconf 89' lang='lat' dir='ltr'><strong>postulat,</strong></span> 
     </span>
    </p>
   </div>
   <div class='ocr_carea' id='block_1_35' title="bbox 545 3449 2126 3526">
    <p class='ocr_par' dir='ltr' id='par_1_35' title="bbox 545 3449 2126 3526">
     <span class='ocr_line' id='line_1_35' title="bbox 545 3449 2126 3526; baseline 0.007 -22"><span class='ocrx_word' id='word_1_238' title='bbox 545 3449 724 3504; x_wconf 88' lang='lat' dir='ltr'><strong>sicubi</strong></span> <span class='ocrx_word' id='word_1_239' title='bbox 761 3449 997 3506; x_wconf 78' lang='lat' dir='ltr'><strong>fortasse</strong></span> <span class='ocrx_word' id='word_1_240' title='bbox 1051 3452 1162 3506; x_wconf 87' lang='lat' dir='ltr'><strong>hoc</strong></span> <span class='ocrx_word' id='word_1_241' title='bbox 1215 3463 1597 3526; x_wconf 88' lang='lat' dir='ltr'><strong>argumentum</strong></span> <span class='ocrx_word' id='word_1_242' title='bbox 1627 3458 1812 3514; x_wconf 91' lang='lat' dir='ltr'><strong>minus</strong></span> <span class='ocrx_word' id='word_1_243' title='bbox 1849 3461 2126 3517; x_wconf 91' lang='lat' dir='ltr'><strong>cumulate</strong></span> 
     </span>
    </p>
   </div>
   <div class='ocr_carea' id='block_1_36' title="bbox 548 3541 2126 3620">
    <p class='ocr_par' dir='ltr' id='par_1_36' title="bbox 548 3541 2126 3620">
     <span class='ocr_line' id='line_1_36' title="bbox 548 3541 2126 3620; baseline 0.008 -26"><span class='ocrx_word' id='word_1_244' title='bbox 548 3541 712 3596; x_wconf 85' lang='lat' dir='ltr'><strong>fuerit</strong></span> <span class='ocrx_word' id='word_1_245' title='bbox 731 3551 1024 3599; x_wconf 89' lang='lat' dir='ltr'><strong>exsecutus</strong></span> <span class='ocrx_word' id='word_1_246' title='bbox 1060 3563 1073 3598; x_wconf 91' lang='lat'><strong>:</strong></span> <span class='ocrx_word' id='word_1_247' title='bbox 1109 3560 1168 3602; x_wconf 90' lang='lat' dir='ltr'><strong>se</strong></span> <span class='ocrx_word' id='word_1_248' title='bbox 1199 3547 1343 3601; x_wconf 90' lang='lat' dir='ltr'><strong>enim</strong></span> <span class='ocrx_word' id='word_1_249' title='bbox 1372 3549 1616 3603; x_wconf 89' lang='lat' dir='ltr'><strong>omnium</strong></span> <span class='ocrx_word' id='word_1_250' title='bbox 1647 3550 1882 3620; x_wconf 92' lang='lat' dir='ltr'><strong>primum</strong></span> <span class='ocrx_word' id='word_1_251' title='bbox 1915 3551 1982 3606; x_wconf 90' lang='lat' dir='ltr'><strong>ad</strong></span> <span class='ocrx_word' id='word_1_252' title='bbox 2019 3553 2126 3607; x_wconf 91' lang='lat' dir='ltr'><strong>hoc</strong></span> 
     </span>
    </p>
   </div>
   <div class='ocr_carea' id='block_1_37' title="bbox 547 3633 2128 3705">
    <p class='ocr_par' dir='ltr' id='par_1_37' title="bbox 547 3633 2128 3705">
     <span class='ocr_line' id='line_1_37' title="bbox 547 3633 2128 3705; baseline 0.007 -19"><span class='ocrx_word' id='word_1_253' title='bbox 547 3633 826 3690; x_wconf 88' lang='lat' dir='ltr'><strong>scribendi</strong></span> <span class='ocrx_word' id='word_1_254' title='bbox 859 3651 1031 3705; x_wconf 75' lang='lat' dir='ltr'><strong>genus</strong></span> <span class='ocrx_word' id='word_1_255' title='bbox 1063 3637 1345 3702; x_wconf 88' lang='lat' dir='ltr'><strong>accedere,</strong></span> <span class='ocrx_word' id='word_1_256' title='bbox 1381 3647 1436 3694; x_wconf 91' lang='lat' dir='ltr'><strong>et</strong></span> <span class='ocrx_word' id='word_1_257' title='bbox 1463 3639 1568 3695; x_wconf 86' lang='lat' dir='ltr'><strong>iter</strong></span> <span class='ocrx_word' id='word_1_258' title='bbox 1596 3642 1801 3696; x_wconf 89' lang='lat' dir='ltr'><strong>nullius</strong></span> <span class='ocrx_word' id='word_1_259' title='bbox 1834 3649 1991 3697; x_wconf 88' lang='lat' dir='ltr'><strong>antea</strong></span> <span class='ocrx_word' id='word_1_260' title='bbox 2024 3643 2128 3697; x_wconf 88' lang='lat' dir='ltr'><strong>tri-</strong></span> 
     </span>
    </p>
   </div>
   <div class='ocr_carea' id='block_1_38' title="bbox 545 3728 2127 3804">
    <p class='ocr_par' dir='ltr' id='par_1_38' title="bbox 545 3728 2127 3804">
     <span class='ocr_line' id='line_1_38' title="bbox 545 3728 2127 3804; baseline 0.008 -26"><span class='ocrx_word' id='word_1_261' title='bbox 545 3734 662 3780; x_wconf 89' lang='lat' dir='ltr'><strong>tum</strong></span> <span class='ocrx_word' id='word_1_262' title='bbox 695 3728 939 3798; x_wconf 86' lang='lat' dir='ltr'><strong>vestigiis</strong></span> <span class='ocrx_word' id='word_1_263' title='bbox 962 3728 1171 3799; x_wconf 87' lang='lat' dir='ltr'><strong>ingredi</strong></span> <span class='ocrx_word' id='word_1_264' title='bbox 1217 3731 1455 3800; x_wconf 89' lang='lat' dir='ltr'><strong>primum</strong></span> <span class='ocrx_word' id='word_1_265' title='bbox 1493 3733 1748 3804; x_wconf 74' lang='lat' dir='ltr'><strong>capisse.</strong></span> <span class='ocrx_word' id='word_1_266' title='bbox 1780 3731 1981 3789; x_wconf 82' lang='lat' dir='ltr'><strong>Verum</strong></span> <span class='ocrx_word' id='word_1_267' title='bbox 2009 3735 2127 3790; x_wconf 84' lang='lat' dir='ltr'><strong>hac</strong></span> 
     </span>
    </p>
   </div>
   <div class='ocr_carea' id='block_1_39' title="bbox 543 3821 2128 3898">
    <p class='ocr_par' dir='ltr' id='par_1_39' title="bbox 543 3821 2128 3898">
     <span class='ocr_line' id='line_1_39' title="bbox 543 3821 2128 3898; baseline 0.009 -29"><span class='ocrx_word' id='word_1_268' title='bbox 543 3830 657 3870; x_wconf 91' lang='lat' dir='ltr'><strong>non</strong></span> <span class='ocrx_word' id='word_1_269' title='bbox 680 3825 788 3872; x_wconf 90' lang='lat' dir='ltr'><strong>tam</strong></span> <span class='ocrx_word' id='word_1_270' title='bbox 811 3821 1094 3876; x_wconf 81' lang='lat' dir='ltr'><strong>excusatio</strong></span> <span class='ocrx_word' id='word_1_271' title='bbox 1128 3836 1194 3878; x_wconf 90' lang='lat' dir='ltr'><strong>ac</strong></span> <span class='ocrx_word' id='word_1_272' title='bbox 1235 3823 1409 3879; x_wconf 82' lang='lat' dir='ltr'><strong>venia</strong></span> <span class='ocrx_word' id='word_1_273' title='bbox 1451 3824 1784 3895; x_wconf 87' lang='lat' dir='ltr'><strong>deprecatio,</strong></span> <span class='ocrx_word' id='word_1_274' title='bbox 1817 3841 1978 3898; x_wconf 93' lang='lat' dir='ltr'><strong>quam</strong></span> <span class='ocrx_word' id='word_1_275' title='bbox 2007 3829 2128 3883; x_wconf 90' lang='lat' dir='ltr'><strong>lau-</strong></span> 
     </span>
    </p>
   </div>
   <div class='ocr_carea' id='block_1_40' title="bbox 543 3907 2127 3988">
    <p class='ocr_par' dir='ltr' id='par_1_40' title="bbox 543 3907 2127 3988">
     <span class='ocr_line' id='line_1_40' title="bbox 543 3907 2127 3988; baseline 0.009 -24"><span class='ocrx_word' id='word_1_276' title='bbox 543 3907 633 3965; x_wconf 87' lang='lat' dir='ltr'><strong>dis</strong></span> <span class='ocrx_word' id='word_1_277' title='bbox 656 3917 710 3965; x_wconf 92' lang='lat' dir='ltr'><strong>et</strong></span> <span class='ocrx_word' id='word_1_278' title='bbox 729 3910 917 3980; x_wconf 87' lang='lat' dir='ltr'><strong>gloria</strong></span> <span class='ocrx_word' id='word_1_279' title='bbox 937 3914 1181 3982; x_wconf 91' lang='lat' dir='ltr'><strong>captatio</strong></span> <span class='ocrx_word' id='word_1_280' title='bbox 1210 3916 1536 3984; x_wconf 86' lang='lat' dir='ltr'><strong>quihusdam</strong></span> <span class='ocrx_word' id='word_1_281' title='bbox 1549 3918 1720 3973; x_wconf 90' lang='lat' dir='ltr'><strong>videri</strong></span> <span class='ocrx_word' id='word_1_282' title='bbox 1742 3920 1936 3988; x_wconf 90' lang='lat' dir='ltr'><strong>possit.</strong></span> <span class='ocrx_word' id='word_1_283' title='bbox 1954 3919 2127 3978; x_wconf 92' lang='lat' dir='ltr'><strong>Porro</strong></span> 
     </span>
    </p>
   </div>
   <div class='ocr_carea' id='block_1_41' title="bbox 546 4007 2128 4079">
    <p class='ocr_par' dir='ltr' id='par_1_41' title="bbox 546 4007 2128 4079">
     <span class='ocr_line' id='line_1_41' title="bbox 546 4007 2128 4079; baseline 0.008 -23"><span class='ocrx_word' id='word_1_284' title='bbox 546 4019 672 4058; x_wconf 91' lang='lat' dir='ltr'><strong>cum</strong></span> <span class='ocrx_word' id='word_1_285' title='bbox 729 4010 945 4060; x_wconf 89' lang='lat' dir='ltr'><strong>constet</strong></span> <span class='ocrx_word' id='word_1_286' title='bbox 985 4021 1051 4060; x_wconf 85' lang='lat' dir='ltr'><strong>ex</strong></span> <span class='ocrx_word' id='word_1_287' title='bbox 1101 4007 1322 4062; x_wconf 88' lang='lat' dir='ltr'><strong>Eusebii</strong></span> <span class='ocrx_word' id='word_1_288' title='bbox 1378 4009 1552 4079; x_wconf 88' lang='lat' dir='ltr'><strong>ipsius</strong></span> <span class='ocrx_word' id='word_1_289' title='bbox 1580 4011 1916 4076; x_wconf 90' lang='lat' dir='ltr'><strong>testimonio,</strong></span> <span class='ocrx_word' id='word_1_290' title='bbox 1945 4011 2128 4069; x_wconf 85' lang='lat' dir='ltr'><strong>Eccle-</strong></span> 
     </span>
    </p>
   </div>
   <div class='ocr_carea' id='block_1_42' title="bbox 544 4095 2128 4174">
    <p class='ocr_par' dir='ltr' id='par_1_42' title="bbox 544 4095 2128 4174">
     <span class='ocr_line' id='line_1_42' title="bbox 544 4095 2128 4174; baseline 0.008 -25"><span class='ocrx_word' id='word_1_291' title='bbox 544 4096 822 4151; x_wconf 85' lang='lat' dir='ltr'><strong>siasticam</strong></span> <span class='ocrx_word' id='word_1_292' title='bbox 871 4095 1171 4153; x_wconf 78' lang='lat' dir='ltr'><strong>Historiam</strong></span> <span class='ocrx_word' id='word_1_293' title='bbox 1205 4107 1330 4170; x_wconf 82' lang='lat' dir='ltr'><strong>post</strong></span> <span class='ocrx_word' id='word_1_294' title='bbox 1361 4101 1756 4174; x_wconf 80' lang='lat' dir='ltr'><strong>chronologicos</strong></span> <span class='ocrx_word' id='word_1_295' title='bbox 1785 4102 2026 4160; x_wconf 86' lang='lat' dir='ltr'><strong>Canones</strong></span> <span class='ocrx_word' id='word_1_296' title='bbox 2057 4107 2128 4162; x_wconf 88' lang='lat' dir='ltr'><strong>ab</strong></span> 
     </span>
    </p>
   </div>
   <div class='ocr_carea' id='block_1_43' title="bbox 546 4187 2128 4267">
    <p class='ocr_par' dir='ltr' id='par_1_43' title="bbox 546 4187 2128 4267">
     <span class='ocr_line' id='line_1_43' title="bbox 546 4187 2128 4267; baseline 0.008 -27"><span class='ocrx_word' id='word_1_297' title='bbox 546 4200 613 4240; x_wconf 94' lang='lat' dir='ltr'><strong>eo</strong></span> <span class='ocrx_word' id='word_1_298' title='bbox 643 4189 902 4257; x_wconf 90' lang='lat' dir='ltr'><strong>scriptam</strong></span> <span class='ocrx_word' id='word_1_299' title='bbox 959 4187 1150 4254; x_wconf 91' lang='lat' dir='ltr'><strong>fuisse,</strong></span> <span class='ocrx_word' id='word_1_300' title='bbox 1205 4191 1406 4246; x_wconf 91' lang='lat' dir='ltr'><strong>mirum</strong></span> <span class='ocrx_word' id='word_1_301' title='bbox 1461 4199 1642 4248; x_wconf 89' lang='lat' dir='ltr'><strong>tamen</strong></span> <span class='ocrx_word' id='word_1_302' title='bbox 1677 4203 1784 4258; x_wconf 88' lang='lat' dir='ltr'><strong>est,</strong></span> <span class='ocrx_word' id='word_1_303' title='bbox 1837 4203 2128 4267; x_wconf 91' lang='lat' dir='ltr'><strong>utrumque</strong></span> 
     </span>
    </p>
   </div>
   <div class='ocr_carea' id='block_1_44' title="bbox 546 4280 2128 4357">
    <p class='ocr_par' dir='ltr' id='par_1_44' title="bbox 546 4280 2128 4357">
     <span class='ocr_line' id='line_1_44' title="bbox 546 4280 2128 4357; baseline 0.006 -23"><span class='ocrx_word' id='word_1_304' title='bbox 546 4293 685 4350; x_wconf 91' lang='lat' dir='ltr'><strong>opus</strong></span> <span class='ocrx_word' id='word_1_305' title='bbox 738 4280 806 4335; x_wconf 89' lang='lat' dir='ltr'><strong>ad</strong></span> <span class='ocrx_word' id='word_1_306' title='bbox 845 4297 1009 4335; x_wconf 90' lang='lat' dir='ltr'><strong>unam</strong></span> <span class='ocrx_word' id='word_1_307' title='bbox 1057 4283 1410 4355; x_wconf 89' lang='lat' dir='ltr'><strong>eamdemque</strong></span> <span class='ocrx_word' id='word_1_308' title='bbox 1441 4294 1640 4340; x_wconf 88' lang='lat' dir='ltr'><strong>metam</strong></span> <span class='ocrx_word' id='word_1_309' title='bbox 1699 4288 2015 4357; x_wconf 90' lang='lat' dir='ltr'><strong>procedere,</strong></span> <span class='ocrx_word' id='word_1_310' title='bbox 2059 4288 2128 4343; x_wconf 87' lang='lat' dir='ltr'><strong>ad</strong></span> 
     </span>
    </p>
   </div>
   <div class='ocr_carea' id='block_1_45' title="bbox 548 4370 2129 4448">
    <p class='ocr_par' dir='ltr' id='par_1_45' title="bbox 548 4370 2129 4448">
     <span class='ocr_line' id='line_1_45' title="bbox 548 4370 2129 4448; baseline 0.008 -26"><span class='ocrx_word' id='word_1_311' title='bbox 548 4381 752 4423; x_wconf 87' lang='lat' dir='ltr'><strong>annum</strong></span> <span class='ocrx_word' id='word_1_312' title='bbox 782 4370 994 4426; x_wconf 86' lang='lat' dir='ltr'><strong>scilicet</strong></span> <span class='ocrx_word' id='word_1_313' title='bbox 1018 4371 1336 4428; x_wconf 87' lang='lat' dir='ltr'><strong>vicesimum</strong></span> <span class='ocrx_word' id='word_1_314' title='bbox 1356 4374 1724 4439; x_wconf 89' lang='lat' dir='ltr'><strong>Constantini,</strong></span> <span class='ocrx_word' id='word_1_315' title='bbox 1748 4377 1842 4448; x_wconf 93' lang='lat' dir='ltr'><strong>qui</strong></span> <span class='ocrx_word' id='word_1_316' title='bbox 1895 4377 1996 4432; x_wconf 91' lang='lat' dir='ltr'><strong>fuit</strong></span> <span class='ocrx_word' id='word_1_317' title='bbox 2031 4395 2129 4434; x_wconf 87' lang='lat' dir='ltr'><strong>an-</strong></span> 
     </span>
    </p>
   </div>
   <div class='ocr_carea' id='block_1_46' title="bbox 2221 518 3792 592">
    <p class='ocr_par' dir='ltr' id='par_1_46' title="bbox 2221 518 3792 592">
     <span class='ocr_line' id='line_1_46' title="bbox 2221 518 3792 592; baseline 0.004 -18"><span class='ocrx_word' id='word_1_318' title='bbox 2221 520 2347 592; x_wconf 92' lang='lat' dir='ltr'><strong>quis</strong></span> <span class='ocrx_word' id='word_1_319' title='bbox 2375 535 2610 590; x_wconf 86' lang='lat' dir='ltr'><strong>unquam</strong></span> <span class='ocrx_word' id='word_1_320' title='bbox 2640 519 2849 584; x_wconf 90' lang='lat' dir='ltr'><strong>credat,</strong></span> <span class='ocrx_word' id='word_1_321' title='bbox 2885 518 3180 576; x_wconf 87' lang='lat' dir='ltr'><strong>Eusebium</strong></span> <span class='ocrx_word' id='word_1_322' title='bbox 3209 521 3276 578; x_wconf 92' lang='lat' dir='ltr'><strong>de</strong></span> <span class='ocrx_word' id='word_1_323' title='bbox 3303 521 3433 577; x_wconf 81' lang='lat' dir='ltr'><strong>Ario</strong></span> <span class='ocrx_word' id='word_1_324' title='bbox 3452 521 3526 576; x_wconf 89' lang='lat' dir='ltr'><strong>ita</strong></span> <span class='ocrx_word' id='word_1_325' title='bbox 3554 523 3792 581; x_wconf 87' lang='lat' dir='ltr'><strong>locutum</strong></span> 
     </span>
    </p>
   </div>
   <div class='ocr_carea' id='block_1_47' title="bbox 2225 610 3794 676">
    <p class='ocr_par' dir='ltr' id='par_1_47' title="bbox 2225 610 3794 676">
     <span class='ocr_line' id='line_1_47' title="bbox 2225 610 3794 676; baseline 0.002 -9"><span class='ocrx_word' id='word_1_326' title='bbox 2225 612 2415 676; x_wconf 89' lang='lat' dir='ltr'><strong>fuisse,</strong></span> <span class='ocrx_word' id='word_1_327' title='bbox 2451 619 2541 667; x_wconf 86' lang='lat' dir='ltr'><strong>aut</strong></span> <span class='ocrx_word' id='word_1_328' title='bbox 2593 610 2856 668; x_wconf 70' lang='lat' dir='ltr'><strong>Houousu</strong></span> <span class='ocrx_word' id='word_1_329' title='bbox 2901 613 3230 668; x_wconf 81' lang='lat' dir='ltr'><strong>vocabulum</strong></span> <span class='ocrx_word' id='word_1_330' title='bbox 3285 611 3545 668; x_wconf 83' lang='lat' dir='ltr'><strong>Chronico</strong></span> <span class='ocrx_word' id='word_1_331' title='bbox 3575 629 3676 670; x_wconf 92' lang='lat' dir='ltr'><strong>suo</strong></span> <span class='ocrx_word' id='word_1_332' title='bbox 3710 614 3794 670; x_wconf 91' lang='lat' dir='ltr'><strong>in-</strong></span> 
     </span>
    </p>
   </div>
   <div class='ocr_carea' id='block_1_48' title="bbox 2223 701 3798 775">
    <p class='ocr_par' dir='ltr' id='par_1_48' title="bbox 2223 701 3798 775">
     <span class='ocr_line' id='line_1_48' title="bbox 2223 701 3798 775; baseline 0 -17"><span class='ocrx_word' id='word_1_333' title='bbox 2223 704 2464 759; x_wconf 84' lang='lat' dir='ltr'><strong>texuisse</strong></span> <span class='ocrx_word' id='word_1_334' title='bbox 2487 743 2502 768; x_wconf 95' lang='lat'><strong>,</strong></span> <span class='ocrx_word' id='word_1_335' title='bbox 2535 703 2680 772; x_wconf 91' lang='lat' dir='ltr'><strong>quod</strong></span> <span class='ocrx_word' id='word_1_336' title='bbox 2719 717 2934 773; x_wconf 91' lang='lat' dir='ltr'><strong>semper</strong></span> <span class='ocrx_word' id='word_1_337' title='bbox 2978 701 3054 757; x_wconf 92' lang='lat' dir='ltr'><strong>illi</strong></span> <span class='ocrx_word' id='word_1_338' title='bbox 3086 703 3364 774; x_wconf 89' lang='lat' dir='ltr'><strong>displicuit</strong></span> <span class='ocrx_word' id='word_1_339' title='bbox 3408 711 3465 758; x_wconf 93' lang='lat' dir='ltr'><strong>ut</strong></span> <span class='ocrx_word' id='word_1_340' title='bbox 3494 711 3682 775; x_wconf 89' lang='lat' dir='ltr'><strong>postea</strong></span> <span class='ocrx_word' id='word_1_341' title='bbox 3717 705 3798 759; x_wconf 83' lang='lat' dir='ltr'><strong>vi-</strong></span> 
     </span>
    </p>
   </div>
   <div class='ocr_carea' id='block_1_49' title="bbox 2223 795 3800 862">
    <p class='ocr_par' dir='ltr' id='par_1_49' title="bbox 2223 795 3800 862">
     <span class='ocr_line' id='line_1_49' title="bbox 2223 795 3800 862; baseline 0.001 -11"><span class='ocrx_word' id='word_1_342' title='bbox 2223 795 2509 854; x_wconf 87' lang='lat' dir='ltr'><strong>debimus?</strong></span> <span class='ocrx_word' id='word_1_343' title='bbox 2549 795 2832 862; x_wconf 87' lang='lat' dir='ltr'><strong>Quomodo</strong></span> <span class='ocrx_word' id='word_1_344' title='bbox 2895 795 3164 854; x_wconf 89' lang='lat' dir='ltr'><strong>Eusebius</strong></span> <span class='ocrx_word' id='word_1_345' title='bbox 3220 797 3358 852; x_wconf 85' lang='lat' dir='ltr'><strong>dixit</strong></span> <span class='ocrx_word' id='word_1_346' title='bbox 3409 804 3682 852; x_wconf 89' lang='lat' dir='ltr'><strong>trecentos</strong></span> <span class='ocrx_word' id='word_1_347' title='bbox 3745 805 3800 852; x_wconf 90' lang='lat' dir='ltr'><strong>et</strong></span> 
     </span>
    </p>
   </div>
   <div class='ocr_carea' id='block_1_50' title="bbox 2224 886 3788 958">
    <p class='ocr_par' dir='ltr' id='par_1_50' title="bbox 2224 886 3788 958">
     <span class='ocr_line' id='line_1_50' title="bbox 2224 886 3788 958; baseline 0.001 -16"><span class='ocrx_word' id='word_1_348' title='bbox 2224 886 2526 942; x_wconf 90' lang='lat' dir='ltr'><strong>octodecim</strong></span> <span class='ocrx_word' id='word_1_349' title='bbox 2563 886 2853 957; x_wconf 89' lang='lat' dir='ltr'><strong>episcopos</strong></span> <span class='ocrx_word' id='word_1_350' title='bbox 2900 886 3133 942; x_wconf 86' lang='lat' dir='ltr'><strong>Nicana</strong></span> <span class='ocrx_word' id='word_1_351' title='bbox 3182 886 3390 958; x_wconf 89' lang='lat' dir='ltr'><strong>synodo</strong></span> <span class='ocrx_word' id='word_1_352' title='bbox 3441 887 3788 951; x_wconf 85' lang='lat' dir='ltr'><strong>interfuisse,</strong></span> 
     </span>
    </p>
   </div>
   <div class='ocr_carea' id='block_1_51' title="bbox 2224 975 3798 1036">
    <p class='ocr_par' dir='ltr' id='par_1_51' title="bbox 2224 975 3798 1036">
     <span class='ocr_line' id='line_1_51' title="bbox 2224 975 3798 1036; baseline 0 -2"><span class='ocrx_word' id='word_1_353' title='bbox 2224 993 2346 1034; x_wconf 91' lang='lat' dir='ltr'><strong>cum</strong></span> <span class='ocrx_word' id='word_1_354' title='bbox 2379 979 2434 1032; x_wconf 93' lang='lat' dir='ltr'><strong>in</strong></span> <span class='ocrx_word' id='word_1_355' title='bbox 2463 977 2624 1032; x_wconf 90' lang='lat' dir='ltr'><strong>tertio</strong></span> <span class='ocrx_word' id='word_1_356' title='bbox 2654 977 2794 1033; x_wconf 89' lang='lat' dir='ltr'><strong>libro</strong></span> <span class='ocrx_word' id='word_1_357' title='bbox 2841 977 2916 1032; x_wconf 84' lang='lat' dir='ltr'><strong>De</strong></span> <span class='ocrx_word' id='word_1_358' title='bbox 2941 979 3048 1032; x_wconf 80' lang='lat' dir='ltr'><strong>vita</strong></span> <span class='ocrx_word' id='word_1_359' title='bbox 3069 975 3408 1035; x_wconf 79' lang='lat' dir='ltr'><strong>Constantini</strong></span> <span class='ocrx_word' id='word_1_360' title='bbox 3435 980 3798 1036; x_wconf 84' lang='lat' dir='ltr'><strong>disertissime</strong></span> 
     </span>
    </p>
   </div>
   <div class='ocr_carea' id='block_1_52' title="bbox 2225 1068 3799 1142">
    <p class='ocr_par' dir='ltr' id='par_1_52' title="bbox 2225 1068 3799 1142">
     <span class='ocr_line' id='line_1_52' title="bbox 2225 1068 3799 1142; baseline -0.001 -17"><span class='ocrx_word' id='word_1_361' title='bbox 2225 1069 2448 1134; x_wconf 89' lang='lat' dir='ltr'><strong>scribat,</strong></span> <span class='ocrx_word' id='word_1_362' title='bbox 2475 1069 2638 1139; x_wconf 90' lang='lat' dir='ltr'><strong>paulo</strong></span> <span class='ocrx_word' id='word_1_363' title='bbox 2663 1068 2784 1138; x_wconf 89' lang='lat' dir='ltr'><strong>plus</strong></span> <span class='ocrx_word' id='word_1_364' title='bbox 2813 1084 2978 1139; x_wconf 90' lang='lat' dir='ltr'><strong>quam</strong></span> <span class='ocrx_word' id='word_1_365' title='bbox 3034 1068 3298 1127; x_wconf 82' lang='lat' dir='ltr'><strong>ducentos</strong></span> <span class='ocrx_word' id='word_1_366' title='bbox 3329 1077 3382 1126; x_wconf 89' lang='lat' dir='ltr'><strong>et</strong></span> <span class='ocrx_word' id='word_1_367' title='bbox 3403 1070 3799 1142; x_wconf 88' lang='lat' dir='ltr'><strong>quinquaginta</strong></span> 
     </span>
    </p>
   </div>
   <div class='ocr_carea' id='block_1_53' title="bbox 2226 1159 3801 1234">
    <p class='ocr_par' dir='ltr' id='par_1_53' title="bbox 2226 1159 3801 1234">
     <span class='ocr_line' id='line_1_53' title="bbox 2226 1159 3801 1234; baseline 0 -18"><span class='ocrx_word' id='word_1_368' title='bbox 2226 1161 2279 1216; x_wconf 86' lang='lat' dir='ltr'><strong>in</strong></span> <span class='ocrx_word' id='word_1_369' title='bbox 2310 1177 2372 1218; x_wconf 89' lang='lat' dir='ltr'><strong>ea</strong></span> <span class='ocrx_word' id='word_1_370' title='bbox 2403 1163 2754 1217; x_wconf 87' lang='lat' dir='ltr'><strong>consedisse?</strong></span> <span class='ocrx_word' id='word_1_371' title='bbox 2788 1159 2907 1215; x_wconf 88' lang='lat' dir='ltr'><strong>Non</strong></span> <span class='ocrx_word' id='word_1_372' title='bbox 2959 1160 3151 1216; x_wconf 90' lang='lat' dir='ltr'><strong>dubito</strong></span> <span class='ocrx_word' id='word_1_373' title='bbox 3191 1171 3373 1216; x_wconf 91' lang='lat' dir='ltr'><strong>tamen</strong></span> <span class='ocrx_word' id='word_1_374' title='bbox 3427 1163 3561 1234; x_wconf 87' lang='lat' dir='ltr'><strong>quin</strong></span> <span class='ocrx_word' id='word_1_375' title='bbox 3614 1161 3801 1217; x_wconf 87' lang='lat' dir='ltr'><strong>Eccle-</strong></span> 
     </span>
    </p>
   </div>
   <div class='ocr_carea' id='block_1_54' title="bbox 2225 1251 3801 1323">
    <p class='ocr_par' dir='ltr' id='par_1_54' title="bbox 2225 1251 3801 1323">
     <span class='ocr_line' id='line_1_54' title="bbox 2225 1251 3801 1323; baseline 0.001 -17"><span class='ocrx_word' id='word_1_376' title='bbox 2225 1253 2446 1306; x_wconf 82' lang='lat' dir='ltr'><strong>siastica</strong></span> <span class='ocrx_word' id='word_1_377' title='bbox 2478 1251 2724 1306; x_wconf 82' lang='lat' dir='ltr'><strong>Historia</strong></span> <span class='ocrx_word' id='word_1_378' title='bbox 2757 1252 2827 1308; x_wconf 88' lang='lat' dir='ltr'><strong>ab</strong></span> <span class='ocrx_word' id='word_1_379' title='bbox 2871 1251 3109 1309; x_wconf 88' lang='lat' dir='ltr'><strong>Eusebio</strong></span> <span class='ocrx_word' id='word_1_380' title='bbox 3174 1253 3426 1309; x_wconf 82' lang='lat' dir='ltr'><strong>absoluta</strong></span> <span class='ocrx_word' id='word_1_381' title='bbox 3468 1253 3540 1309; x_wconf 89' lang='lat' dir='ltr'><strong>sit</strong></span> <span class='ocrx_word' id='word_1_382' title='bbox 3593 1253 3801 1323; x_wconf 89' lang='lat' dir='ltr'><strong>aliquot</strong></span> 
     </span>
    </p>
   </div>
   <div class='ocr_carea' id='block_1_55' title="bbox 2225 1342 3802 1415">
    <p class='ocr_par' dir='ltr' id='par_1_55' title="bbox 2225 1342 3802 1415">
     <span class='ocr_line' id='line_1_55' title="bbox 2225 1342 3802 1415; baseline 0.004 -18"><span class='ocrx_word' id='word_1_383' title='bbox 2225 1344 2385 1398; x_wconf 90' lang='lat' dir='ltr'><strong>annis</strong></span> <span class='ocrx_word' id='word_1_384' title='bbox 2417 1353 2540 1415; x_wconf 93' lang='lat' dir='ltr'><strong>post</strong></span> <span class='ocrx_word' id='word_1_385' title='bbox 2575 1343 2842 1415; x_wconf 90' lang='lat' dir='ltr'><strong>synodum</strong></span> <span class='ocrx_word' id='word_1_386' title='bbox 2888 1342 3182 1401; x_wconf 80' lang='lat' dir='ltr'><strong>Nicanam.</strong></span> <span class='ocrx_word' id='word_1_387' title='bbox 3217 1344 3325 1400; x_wconf 89' lang='lat' dir='ltr'><strong>Sed</strong></span> <span class='ocrx_word' id='word_1_388' title='bbox 3374 1361 3496 1400; x_wconf 88' lang='lat' dir='ltr'><strong>cum</strong></span> <span class='ocrx_word' id='word_1_389' title='bbox 3533 1345 3802 1403; x_wconf 87' lang='lat' dir='ltr'><strong>Eusebius</strong></span> 
     </span>
    </p>
   </div>
   <div class='ocr_carea' id='block_1_56' title="bbox 2225 1437 3802 1515">
    <p class='ocr_par' dir='ltr' id='par_1_56' title="bbox 2225 1437 3802 1515">
     <span class='ocr_line' id='line_1_56' title="bbox 2225 1437 3802 1515; baseline 0.003 -25"><span class='ocrx_word' id='word_1_390' title='bbox 2225 1451 2358 1508; x_wconf 88' lang='lat' dir='ltr'><strong>pace</strong></span> <span class='ocrx_word' id='word_1_391' title='bbox 2390 1437 2483 1492; x_wconf 90' lang='lat' dir='ltr'><strong>illa</strong></span> <span class='ocrx_word' id='word_1_392' title='bbox 2510 1453 2633 1508; x_wconf 88' lang='lat' dir='ltr'><strong>qua</strong></span> <span class='ocrx_word' id='word_1_393' title='bbox 2661 1445 2786 1508; x_wconf 92' lang='lat' dir='ltr'><strong>post</strong></span> <span class='ocrx_word' id='word_1_394' title='bbox 2818 1439 3252 1507; x_wconf 90' lang='lat' dir='ltr'><strong>persecutionem</strong></span> <span class='ocrx_word' id='word_1_395' title='bbox 3305 1437 3624 1515; x_wconf 82' lang='lat' dir='ltr'><strong>Diocletiani</strong></span> <span class='ocrx_word' id='word_1_396' title='bbox 3646 1441 3802 1495; x_wconf 73' lang='lat' dir='ltr'><strong>cali-</strong></span> 
     </span>
    </p>
   </div>
   <div class='ocr_carea' id='block_1_57' title="bbox 2224 1529 3802 1595">
    <p class='ocr_par' dir='ltr' id='par_1_57' title="bbox 2224 1529 3802 1595">
     <span class='ocr_line' id='line_1_57' title="bbox 2224 1529 3802 1595; baseline 0 -9"><span class='ocrx_word' id='word_1_397' title='bbox 2224 1539 2313 1587; x_wconf 91' lang='lat' dir='ltr'><strong>tus</strong></span> <span class='ocrx_word' id='word_1_398' title='bbox 2341 1530 2546 1586; x_wconf 85' lang='lat' dir='ltr'><strong>affulsit</strong></span> <span class='ocrx_word' id='word_1_399' title='bbox 2571 1530 2850 1595; x_wconf 88' lang='lat' dir='ltr'><strong>Ecclesia,</strong></span> <span class='ocrx_word' id='word_1_400' title='bbox 2885 1529 3184 1585; x_wconf 83' lang='lat' dir='ltr'><strong>Historiam</strong></span> <span class='ocrx_word' id='word_1_401' title='bbox 3224 1545 3378 1586; x_wconf 91' lang='lat' dir='ltr'><strong>suam</strong></span> <span class='ocrx_word' id='word_1_402' title='bbox 3403 1532 3658 1586; x_wconf 85' lang='lat' dir='ltr'><strong>claudere</strong></span> <span class='ocrx_word' id='word_1_403' title='bbox 3698 1531 3802 1587; x_wconf 80' lang='lat' dir='ltr'><strong>de-</strong></span> 
     </span>
    </p>
   </div>
   <div class='ocr_carea' id='block_1_58' title="bbox 2223 1623 3804 1695">
    <p class='ocr_par' dir='ltr' id='par_1_58' title="bbox 2223 1623 3804 1695">
     <span class='ocr_line' id='line_1_58' title="bbox 2223 1623 3804 1695; baseline -0.002 -15"><span class='ocrx_word' id='word_1_404' title='bbox 2223 1625 2520 1689; x_wconf 89' lang='lat' dir='ltr'><strong>crevisset,</strong></span> <span class='ocrx_word' id='word_1_405' title='bbox 2556 1625 3014 1695; x_wconf 89' lang='lat' dir='ltr'><strong>quemadmodum</strong></span> <span class='ocrx_word' id='word_1_406' title='bbox 3059 1624 3174 1694; x_wconf 92' lang='lat' dir='ltr'><strong>ipse</strong></span> <span class='ocrx_word' id='word_1_407' title='bbox 3207 1630 3442 1679; x_wconf 91' lang='lat' dir='ltr'><strong>testatur</strong></span> <span class='ocrx_word' id='word_1_408' title='bbox 3472 1623 3528 1678; x_wconf 91' lang='lat' dir='ltr'><strong>in</strong></span> <span class='ocrx_word' id='word_1_409' title='bbox 3573 1623 3804 1678; x_wconf 89' lang='lat' dir='ltr'><strong>exordio</strong></span> 
     </span>
    </p>
   </div>
   <div class='ocr_carea' id='block_1_59' title="bbox 2223 1715 3804 1789">
    <p class='ocr_par' dir='ltr' id='par_1_59' title="bbox 2223 1715 3804 1789">
     <span class='ocr_line' id='line_1_59' title="bbox 2223 1715 3804 1789; baseline -0.001 -17"><span class='ocrx_word' id='word_1_410' title='bbox 2223 1717 2408 1789; x_wconf 90' lang='lat' dir='ltr'><strong>operis</strong></span> <span class='ocrx_word' id='word_1_411' title='bbox 2436 1717 2544 1779; x_wconf 91' lang='lat' dir='ltr'><strong>sui,</strong></span> <span class='ocrx_word' id='word_1_412' title='bbox 2587 1716 2821 1774; x_wconf 84' lang='lat' dir='ltr'><strong>Nicana</strong></span> <span class='ocrx_word' id='word_1_413' title='bbox 2867 1718 3060 1789; x_wconf 89' lang='lat' dir='ltr'><strong>synodi</strong></span> <span class='ocrx_word' id='word_1_414' title='bbox 3117 1715 3688 1772; x_wconf 86' lang='lat' dir='ltr'><strong>commemorationem</strong></span> <span class='ocrx_word' id='word_1_415' title='bbox 3731 1715 3804 1771; x_wconf 90' lang='lat' dir='ltr'><strong>de</strong></span> 
     </span>
    </p>
   </div>
   <div class='ocr_carea' id='block_1_60' title="bbox 2227 1809 3800 1878">
    <p class='ocr_par' dir='ltr' id='par_1_60' title="bbox 2227 1809 3800 1878">
     <span class='ocr_line' id='line_1_60' title="bbox 2227 1809 3800 1878; baseline -0.001 -14"><span class='ocrx_word' id='word_1_416' title='bbox 2227 1810 2500 1866; x_wconf 90' lang='lat' dir='ltr'><strong>industria</strong></span> <span class='ocrx_word' id='word_1_417' title='bbox 2537 1811 2749 1876; x_wconf 89' lang='lat' dir='ltr'><strong>vitavit,</strong></span> <span class='ocrx_word' id='word_1_418' title='bbox 2785 1827 2854 1867; x_wconf 90' lang='lat' dir='ltr'><strong>ne</strong></span> <span class='ocrx_word' id='word_1_419' title='bbox 2877 1809 3176 1866; x_wconf 89' lang='lat' dir='ltr'><strong>seditiones</strong></span> <span class='ocrx_word' id='word_1_420' title='bbox 3201 1825 3264 1864; x_wconf 90' lang='lat' dir='ltr'><strong>ac</strong></span> <span class='ocrx_word' id='word_1_421' title='bbox 3291 1809 3559 1864; x_wconf 91' lang='lat' dir='ltr'><strong>tumultus</strong></span> <span class='ocrx_word' id='word_1_422' title='bbox 3581 1809 3800 1878; x_wconf 87' lang='lat' dir='ltr'><strong>episco-</strong></span> 
     </span>
    </p>
   </div>
   <div class='ocr_carea' id='block_1_61' title="bbox 2225 1902 3799 1974">
    <p class='ocr_par' dir='ltr' id='par_1_61' title="bbox 2225 1902 3799 1974">
     <span class='ocr_line' id='line_1_61' title="bbox 2225 1902 3799 1974; baseline -0.003 -17"><span class='ocrx_word' id='word_1_423' title='bbox 2225 1919 2420 1974; x_wconf 91' lang='lat' dir='ltr'><strong>porum</strong></span> <span class='ocrx_word' id='word_1_424' title='bbox 2479 1904 2622 1960; x_wconf 89' lang='lat' dir='ltr'><strong>inter</strong></span> <span class='ocrx_word' id='word_1_425' title='bbox 2685 1919 2746 1960; x_wconf 91' lang='lat' dir='ltr'><strong>se</strong></span> <span class='ocrx_word' id='word_1_426' title='bbox 2809 1902 3107 1958; x_wconf 80' lang='lat' dir='ltr'><strong>rixantium</strong></span> <span class='ocrx_word' id='word_1_427' title='bbox 3167 1917 3440 1974; x_wconf 77' lang='lat' dir='ltr'><strong>exponere</strong></span> <span class='ocrx_word' id='word_1_428' title='bbox 3490 1908 3799 1974; x_wconf 83' lang='lat' dir='ltr'><strong>cogeretur.</strong></span> 
     </span>
    </p>
   </div>
   <div class='ocr_carea' id='block_1_62' title="bbox 2225 1991 3804 2064">
    <p class='ocr_par' dir='ltr' id='par_1_62' title="bbox 2225 1991 3804 2064">
     <span class='ocr_line' id='line_1_62' title="bbox 2225 1991 3804 2064; baseline 0.001 -19"><span class='ocrx_word' id='word_1_429' title='bbox 2225 1991 2440 2062; x_wconf 84' lang='lat' dir='ltr'><strong>Quippe</strong></span> <span class='ocrx_word' id='word_1_430' title='bbox 2470 1991 2826 2047; x_wconf 88' lang='lat' dir='ltr'><strong>historiarum</strong></span> <span class='ocrx_word' id='word_1_431' title='bbox 2869 1993 3167 2063; x_wconf 89' lang='lat' dir='ltr'><strong>scriptores</strong></span> <span class='ocrx_word' id='word_1_432' title='bbox 3199 1992 3251 2046; x_wconf 92' lang='lat' dir='ltr'><strong>id</strong></span> <span class='ocrx_word' id='word_1_433' title='bbox 3283 1993 3554 2064; x_wconf 83' lang='lat' dir='ltr'><strong>pracipue</strong></span> <span class='ocrx_word' id='word_1_434' title='bbox 3607 2007 3804 2048; x_wconf 90' lang='lat' dir='ltr'><strong>curare</strong></span> 
     </span>
    </p>
   </div>
   <div class='ocr_carea' id='block_1_63' title="bbox 2226 2084 3800 2156">
    <p class='ocr_par' dir='ltr' id='par_1_63' title="bbox 2226 2084 3800 2156">
     <span class='ocr_line' id='line_1_63' title="bbox 2226 2084 3800 2156; baseline 0.001 -19"><span class='ocrx_word' id='word_1_435' title='bbox 2226 2099 2291 2139; x_wconf 90' lang='lat' dir='ltr'><strong>ac</strong></span> <span class='ocrx_word' id='word_1_436' title='bbox 2317 2084 2600 2154; x_wconf 87' lang='lat' dir='ltr'><strong>providere</strong></span> <span class='ocrx_word' id='word_1_437' title='bbox 2619 2085 2837 2148; x_wconf 90' lang='lat' dir='ltr'><strong>debent,</strong></span> <span class='ocrx_word' id='word_1_438' title='bbox 2875 2095 2936 2142; x_wconf 90' lang='lat' dir='ltr'><strong>ut</strong></span> <span class='ocrx_word' id='word_1_439' title='bbox 2983 2101 3123 2156; x_wconf 89' lang='lat' dir='ltr'><strong>opus</strong></span> <span class='ocrx_word' id='word_1_440' title='bbox 3163 2101 3322 2142; x_wconf 90' lang='lat' dir='ltr'><strong>suum</strong></span> <span class='ocrx_word' id='word_1_441' title='bbox 3365 2085 3568 2141; x_wconf 87' lang='lat' dir='ltr'><strong>illustri</strong></span> <span class='ocrx_word' id='word_1_442' title='bbox 3595 2092 3650 2140; x_wconf 92' lang='lat' dir='ltr'><strong>et</strong></span> <span class='ocrx_word' id='word_1_443' title='bbox 3680 2085 3800 2156; x_wconf 88' lang='lat' dir='ltr'><strong>glo-</strong></span> 
     </span>
    </p>
   </div>
   <div class='ocr_carea' id='block_1_64' title="bbox 2224 2178 3804 2250">
    <p class='ocr_par' dir='ltr' id='par_1_64' title="bbox 2224 2178 3804 2250">
     <span class='ocr_line' id='line_1_64' title="bbox 2224 2178 3804 2250; baseline -0.001 -17"><span class='ocrx_word' id='word_1_444' title='bbox 2224 2178 2375 2234; x_wconf 92' lang='lat' dir='ltr'><strong>rioso</strong></span> <span class='ocrx_word' id='word_1_445' title='bbox 2420 2179 2566 2234; x_wconf 83' lang='lat' dir='ltr'><strong>exitu</strong></span> <span class='ocrx_word' id='word_1_446' title='bbox 2621 2180 2972 2244; x_wconf 88' lang='lat' dir='ltr'><strong>concludant,</strong></span> <span class='ocrx_word' id='word_1_447' title='bbox 3031 2180 3173 2235; x_wconf 93' lang='lat' dir='ltr'><strong>sicut</strong></span> <span class='ocrx_word' id='word_1_448' title='bbox 3207 2179 3535 2250; x_wconf 78' lang='lat' dir='ltr'><strong>jampridem</strong></span> <span class='ocrx_word' id='word_1_449' title='bbox 3585 2180 3804 2235; x_wconf 91' lang='lat' dir='ltr'><strong>monuit</strong></span> 
     </span>
    </p>
   </div>
   <div class='ocr_carea' id='block_1_65' title="bbox 2227 2268 3802 2343">
    <p class='ocr_par' dir='ltr' id='par_1_65' title="bbox 2227 2268 3802 2343">
     <span class='ocr_line' id='line_1_65' title="bbox 2227 2268 3802 2343; baseline 0 -19"><span class='ocrx_word' id='word_1_450' title='bbox 2227 2268 2519 2342; x_wconf 85' lang='lat' dir='ltr'><strong>Dionysius</strong></span> <span class='ocrx_word' id='word_1_451' title='bbox 2549 2270 3052 2328; x_wconf 84' lang='lat' dir='ltr'><strong>Halicarnassensis</strong></span> <span class='ocrx_word' id='word_1_452' title='bbox 3086 2271 3143 2324; x_wconf 91' lang='lat' dir='ltr'><strong>in</strong></span> <span class='ocrx_word' id='word_1_453' title='bbox 3185 2271 3592 2343; x_wconf 87' lang='lat' dir='ltr'><strong>comparatione</strong></span> <span class='ocrx_word' id='word_1_454' title='bbox 3623 2268 3802 2324; x_wconf 80' lang='lat' dir='ltr'><strong>Hero-</strong></span> 
     </span>
    </p>
   </div>
   <div class='ocr_carea' id='block_1_66' title="bbox 2225 2359 3804 2433">
    <p class='ocr_par' dir='ltr' id='par_1_66' title="bbox 2225 2359 3804 2433">
     <span class='ocr_line' id='line_1_66' title="bbox 2225 2359 3804 2433; baseline 0 -16"><span class='ocrx_word' id='word_1_455' title='bbox 2225 2362 2340 2418; x_wconf 91' lang='lat' dir='ltr'><strong>doti</strong></span> <span class='ocrx_word' id='word_1_456' title='bbox 2380 2377 2445 2417; x_wconf 90' lang='lat' dir='ltr'><strong>ac</strong></span> <span class='ocrx_word' id='word_1_457' title='bbox 2477 2359 2838 2433; x_wconf 82' lang='lat' dir='ltr'><strong>Thucydidis.</strong></span> <span class='ocrx_word' id='word_1_458' title='bbox 2885 2361 3024 2429; x_wconf 83' lang='lat' dir='ltr'><strong>Quis</strong></span> <span class='ocrx_word' id='word_1_459' title='bbox 3056 2377 3222 2432; x_wconf 93' lang='lat' dir='ltr'><strong>porro</strong></span> <span class='ocrx_word' id='word_1_460' title='bbox 3271 2367 3502 2417; x_wconf 84' lang='lat' dir='ltr'><strong>eventus</strong></span> <span class='ocrx_word' id='word_1_461' title='bbox 3532 2361 3804 2417; x_wconf 90' lang='lat' dir='ltr'><strong>illustrior</strong></span> 
     </span>
    </p>
   </div>
   <div class='ocr_carea' id='block_1_67' title="bbox 2226 2451 3802 2524">
    <p class='ocr_par' dir='ltr' id='par_1_67' title="bbox 2226 2451 3802 2524">
     <span class='ocr_line' id='line_1_67' title="bbox 2226 2451 3802 2524; baseline 0.002 -18"><span class='ocrx_word' id='word_1_462' title='bbox 2226 2453 2294 2508; x_wconf 91' lang='lat' dir='ltr'><strong>ab</strong></span> <span class='ocrx_word' id='word_1_463' title='bbox 2327 2451 2564 2509; x_wconf 91' lang='lat' dir='ltr'><strong>Eusebio</strong></span> <span class='ocrx_word' id='word_1_464' title='bbox 2613 2453 2790 2523; x_wconf 91' lang='lat' dir='ltr'><strong>potuit</strong></span> <span class='ocrx_word' id='word_1_465' title='bbox 2819 2455 3018 2524; x_wconf 88' lang='lat' dir='ltr'><strong>optari,</strong></span> <span class='ocrx_word' id='word_1_466' title='bbox 3054 2466 3217 2524; x_wconf 90' lang='lat' dir='ltr'><strong>quam</strong></span> <span class='ocrx_word' id='word_1_467' title='bbox 3250 2467 3356 2524; x_wconf 25' lang='lat' dir='ltr'><strong>pax.</strong></span> <span class='ocrx_word' id='word_1_468' title='bbox 3400 2452 3492 2506; x_wconf 91' lang='lat' dir='ltr'><strong>illa</strong></span> <span class='ocrx_word' id='word_1_469' title='bbox 3523 2467 3643 2522; x_wconf 85' lang='lat' dir='ltr'><strong>qua</strong></span> <span class='ocrx_word' id='word_1_470' title='bbox 3674 2461 3802 2524; x_wconf 88' lang='lat' dir='ltr'><strong>post</strong></span> 
     </span>
    </p>
   </div>
   <div class='ocr_carea' id='block_1_68' title="bbox 2225 2541 3799 2612">
    <p class='ocr_par' dir='ltr' id='par_1_68' title="bbox 2225 2541 3799 2612">
     <span class='ocr_line' id='line_1_68' title="bbox 2225 2541 3799 2612; baseline 0.001 -16"><span class='ocrx_word' id='word_1_471' title='bbox 2225 2541 2665 2599; x_wconf 84' lang='lat' dir='ltr'><strong>cruentissimam</strong></span> <span class='ocrx_word' id='word_1_472' title='bbox 2725 2543 3158 2612; x_wconf 83' lang='lat' dir='ltr'><strong>persecutionem</strong></span> <span class='ocrx_word' id='word_1_473' title='bbox 3209 2557 3241 2597; x_wconf 90' lang='lat' dir='ltr'><strong>a</strong></span> <span class='ocrx_word' id='word_1_474' title='bbox 3288 2541 3649 2599; x_wconf 82' lang='lat' dir='ltr'><strong>Constantino</strong></span> <span class='ocrx_word' id='word_1_475' title='bbox 3673 2545 3799 2599; x_wconf 85' lang='lat' dir='ltr'><strong>red-</strong></span> 
     </span>
    </p>
   </div>
   <div class='ocr_carea' id='block_1_69' title="bbox 2225 2633 3802 2706">
    <p class='ocr_par' dir='ltr' id='par_1_69' title="bbox 2225 2633 3802 2706">
     <span class='ocr_line' id='line_1_69' title="bbox 2225 2633 3802 2706; baseline -0.001 -17"><span class='ocrx_word' id='word_1_476' title='bbox 2225 2633 2338 2690; x_wconf 91' lang='lat' dir='ltr'><strong>dita</strong></span> <span class='ocrx_word' id='word_1_477' title='bbox 2369 2634 2546 2690; x_wconf 85' lang='lat' dir='ltr'><strong>fuerat</strong></span> <span class='ocrx_word' id='word_1_478' title='bbox 2575 2634 2928 2698; x_wconf 90' lang='lat' dir='ltr'><strong>Christianis,</strong></span> <span class='ocrx_word' id='word_1_479' title='bbox 2970 2649 3098 2690; x_wconf 89' lang='lat' dir='ltr'><strong>cum</strong></span> <span class='ocrx_word' id='word_1_480' title='bbox 3123 2635 3412 2691; x_wconf 91' lang='lat' dir='ltr'><strong>exstinctis</strong></span> <span class='ocrx_word' id='word_1_481' title='bbox 3443 2635 3643 2705; x_wconf 72' lang='lat' dir='ltr'><strong>ubique</strong></span> <span class='ocrx_word' id='word_1_482' title='bbox 3673 2651 3802 2706; x_wconf 88' lang='lat' dir='ltr'><strong>per-</strong></span> 
     </span>
    </p>
   </div>
   <div class='ocr_carea' id='block_1_70' title="bbox 2225 2725 3798 2797">
    <p class='ocr_par' dir='ltr' id='par_1_70' title="bbox 2225 2725 3798 2797">
     <span class='ocr_line' id='line_1_70' title="bbox 2225 2725 3798 2797; baseline -0.001 -14"><span class='ocrx_word' id='word_1_483' title='bbox 2225 2727 2592 2791; x_wconf 87' lang='lat' dir='ltr'><strong>secutoribus,</strong></span> <span class='ocrx_word' id='word_1_484' title='bbox 2645 2742 2708 2782; x_wconf 91' lang='lat' dir='ltr'><strong>ac</strong></span> <span class='ocrx_word' id='word_1_485' title='bbox 2737 2734 3014 2797; x_wconf 88' lang='lat' dir='ltr'><strong>postremo</strong></span> <span class='ocrx_word' id='word_1_486' title='bbox 3045 2727 3288 2782; x_wconf 92' lang='lat' dir='ltr'><strong>omnium</strong></span> <span class='ocrx_word' id='word_1_487' title='bbox 3320 2725 3530 2782; x_wconf 87' lang='lat' dir='ltr'><strong>Licinio</strong></span> <span class='ocrx_word' id='word_1_488' title='bbox 3557 2727 3798 2793; x_wconf 87' lang='lat' dir='ltr'><strong>sublato,</strong></span> 
     </span>
    </p>
   </div>
   <div class='ocr_carea' id='block_1_71' title="bbox 2225 2817 3797 2888">
    <p class='ocr_par' dir='ltr' id='par_1_71' title="bbox 2225 2817 3797 2888">
     <span class='ocr_line' id='line_1_71' title="bbox 2225 2817 3797 2888; baseline 0.001 -16"><span class='ocrx_word' id='word_1_489' title='bbox 2225 2817 2412 2874; x_wconf 89' lang='lat' dir='ltr'><strong>nullus</strong></span> <span class='ocrx_word' id='word_1_490' title='bbox 2421 2818 2534 2886; x_wconf 85' lang='lat' dir='ltr'><strong>jam</strong></span> <span class='ocrx_word' id='word_1_491' title='bbox 2558 2817 2955 2888; x_wconf 66' lang='lat' dir='ltr'><strong>praeteritorum</strong></span> <span class='ocrx_word' id='word_1_492' title='bbox 2973 2817 3238 2874; x_wconf 90' lang='lat' dir='ltr'><strong>malorum</strong></span> <span class='ocrx_word' id='word_1_493' title='bbox 3264 2824 3574 2888; x_wconf 86' lang='lat' dir='ltr'><strong>superesset</strong></span> <span class='ocrx_word' id='word_1_494' title='bbox 3594 2827 3797 2874; x_wconf 89' lang='lat' dir='ltr'><strong>metus.</strong></span> 
     </span>
    </p>
   </div>
   <div class='ocr_carea' id='block_1_72' title="bbox 2225 2909 3802 2982">
    <p class='ocr_par' dir='ltr' id='par_1_72' title="bbox 2225 2909 3802 2982">
     <span class='ocr_line' id='line_1_72' title="bbox 2225 2909 3802 2982; baseline 0.001 -18"><span class='ocrx_word' id='word_1_495' title='bbox 2225 2909 2342 2964; x_wconf 87' lang='lat' dir='ltr'><strong>Hac</strong></span> <span class='ocrx_word' id='word_1_496' title='bbox 2384 2910 2550 2982; x_wconf 87' lang='lat' dir='ltr'><strong>igitur</strong></span> <span class='ocrx_word' id='word_1_497' title='bbox 2582 2926 2718 2982; x_wconf 90' lang='lat' dir='ltr'><strong>pace</strong></span> <span class='ocrx_word' id='word_1_498' title='bbox 2750 2911 3036 2967; x_wconf 90' lang='lat' dir='ltr'><strong>historiam</strong></span> <span class='ocrx_word' id='word_1_499' title='bbox 3077 2926 3232 2967; x_wconf 92' lang='lat' dir='ltr'><strong>suam</strong></span> <span class='ocrx_word' id='word_1_500' title='bbox 3274 2911 3569 2966; x_wconf 88' lang='lat' dir='ltr'><strong>terminare</strong></span> <span class='ocrx_word' id='word_1_501' title='bbox 3605 2913 3802 2966; x_wconf 90' lang='lat' dir='ltr'><strong>maluit</strong></span> 
     </span>
    </p>
   </div>
   <div class='ocr_carea' id='block_1_73' title="bbox 2226 2998 3798 3072">
    <p class='ocr_par' dir='ltr' id='par_1_73' title="bbox 2226 2998 3798 3072">
     <span class='ocr_line' id='line_1_73' title="bbox 2226 2998 3798 3072; baseline 0.001 -18"><span class='ocrx_word' id='word_1_502' title='bbox 2226 2998 2519 3066; x_wconf 88' lang='lat' dir='ltr'><strong>Eusebius,</strong></span> <span class='ocrx_word' id='word_1_503' title='bbox 2550 3016 2715 3072; x_wconf 90' lang='lat' dir='ltr'><strong>quam</strong></span> <span class='ocrx_word' id='word_1_504' title='bbox 2747 2999 2980 3056; x_wconf 83' lang='lat' dir='ltr'><strong>Nicana</strong></span> <span class='ocrx_word' id='word_1_505' title='bbox 3011 3000 3205 3072; x_wconf 90' lang='lat' dir='ltr'><strong>synodi</strong></span> <span class='ocrx_word' id='word_1_506' title='bbox 3257 3001 3798 3056; x_wconf 89' lang='lat' dir='ltr'><strong>commemoratione.</strong></span> 
     </span>
    </p>
   </div>
   <div class='ocr_carea' id='block_1_74' title="bbox 2227 3086 3803 3161">
    <p class='ocr_par' dir='ltr' id='par_1_74' title="bbox 2227 3086 3803 3161">
     <span class='ocr_line' id='line_1_74' title="bbox 2227 3086 3803 3161; baseline 0.003 -21"><span class='ocrx_word' id='word_1_507' title='bbox 2227 3086 2301 3141; x_wconf 88' lang='lat' dir='ltr'><strong>Ea</strong></span> <span class='ocrx_word' id='word_1_508' title='bbox 2337 3088 2538 3159; x_wconf 89' lang='lat' dir='ltr'><strong>quippe</strong></span> <span class='ocrx_word' id='word_1_509' title='bbox 2591 3088 2802 3160; x_wconf 86' lang='lat' dir='ltr'><strong>synodo</strong></span> <span class='ocrx_word' id='word_1_510' title='bbox 2834 3105 2945 3144; x_wconf 88' lang='lat' dir='ltr'><strong>non</strong></span> <span class='ocrx_word' id='word_1_511' title='bbox 2987 3100 3098 3145; x_wconf 91' lang='lat' dir='ltr'><strong>tam</strong></span> <span class='ocrx_word' id='word_1_512' title='bbox 3144 3089 3320 3161; x_wconf 89' lang='lat' dir='ltr'><strong>sopita</strong></span> <span class='ocrx_word' id='word_1_513' title='bbox 3348 3087 3599 3153; x_wconf 88' lang='lat' dir='ltr'><strong>discidia,</strong></span> <span class='ocrx_word' id='word_1_514' title='bbox 3635 3107 3803 3160; x_wconf 89' lang='lat' dir='ltr'><strong>quam</strong></span> 
     </span>
    </p>
   </div>
   <div class='ocr_carea' id='block_1_75' title="bbox 2227 3178 3801 3250">
    <p class='ocr_par' dir='ltr' id='par_1_75' title="bbox 2227 3178 3801 3250">
     <span class='ocr_line' id='line_1_75' title="bbox 2227 3178 3801 3250; baseline 0.003 -18"><span class='ocrx_word' id='word_1_515' title='bbox 2227 3186 2484 3236; x_wconf 89' lang='lat' dir='ltr'><strong>renovata</strong></span> <span class='ocrx_word' id='word_1_516' title='bbox 2500 3193 2623 3236; x_wconf 86' lang='lat' dir='ltr'><strong>esse</strong></span> <span class='ocrx_word' id='word_1_517' title='bbox 2648 3179 2990 3234; x_wconf 86' lang='lat' dir='ltr'><strong>videbantur.</strong></span> <span class='ocrx_word' id='word_1_518' title='bbox 3040 3178 3208 3250; x_wconf 86' lang='lat' dir='ltr'><strong>quue</strong></span> <span class='ocrx_word' id='word_1_519' title='bbox 3245 3195 3355 3235; x_wconf 89' lang='lat' dir='ltr'><strong>non</strong></span> <span class='ocrx_word' id='word_1_520' title='bbox 3396 3179 3801 3250; x_wconf 46' lang='lat' dir='ltr'><strong>synodi‘ipsius</strong></span> 
     </span>
    </p>
   </div>
   <div class='ocr_carea' id='block_1_76' title="bbox 2225 3270 3806 3342">
    <p class='ocr_par' dir='ltr' id='par_1_76' title="bbox 2225 3270 3806 3342">
     <span class='ocr_line' id='line_1_76' title="bbox 2225 3270 3806 3342; baseline 0.001 -18"><span class='ocrx_word' id='word_1_521' title='bbox 2225 3271 2423 3342; x_wconf 87' lang='lat' dir='ltr'><strong>culpa;</strong></span> <span class='ocrx_word' id='word_1_522' title='bbox 2460 3270 2554 3326; x_wconf 91' lang='lat' dir='ltr'><strong>sed</strong></span> <span class='ocrx_word' id='word_1_523' title='bbox 2586 3271 2852 3341; x_wconf 89' lang='lat' dir='ltr'><strong>pertinaci</strong></span> <span class='ocrx_word' id='word_1_524' title='bbox 2885 3271 3252 3327; x_wconf 88' lang='lat' dir='ltr'><strong>obstinatione</strong></span> <span class='ocrx_word' id='word_1_525' title='bbox 3291 3285 3482 3325; x_wconf 91' lang='lat' dir='ltr'><strong>eorum</strong></span> <span class='ocrx_word' id='word_1_526' title='bbox 3529 3270 3621 3342; x_wconf 88' lang='lat' dir='ltr'><strong>qui</strong></span> <span class='ocrx_word' id='word_1_527' title='bbox 3653 3273 3806 3326; x_wconf 83' lang='lat' dir='ltr'><strong>salu—</strong></span> 
     </span>
    </p>
   </div>
   <div class='ocr_carea' id='block_1_77' title="bbox 2224 3361 3806 3434">
    <p class='ocr_par' dir='ltr' id='par_1_77' title="bbox 2224 3361 3806 3434">
     <span class='ocr_line' id='line_1_77' title="bbox 2224 3361 3806 3434; baseline 0.001 -16"><span class='ocrx_word' id='word_1_528' title='bbox 2224 3361 2478 3418; x_wconf 87' lang='lat' dir='ltr'><strong>berrimis</strong></span> <span class='ocrx_word' id='word_1_529' title='bbox 2532 3363 2870 3418; x_wconf 88' lang='lat' dir='ltr'><strong>sacrosancti</strong></span> <span class='ocrx_word' id='word_1_530' title='bbox 2914 3363 3131 3419; x_wconf 90' lang='lat' dir='ltr'><strong>concilii</strong></span> <span class='ocrx_word' id='word_1_531' title='bbox 3175 3362 3412 3418; x_wconf 90' lang='lat' dir='ltr'><strong>decretis</strong></span> <span class='ocrx_word' id='word_1_532' title='bbox 3451 3363 3806 3434; x_wconf 88' lang='lat' dir='ltr'><strong>acquiescere</strong></span> 
     </span>
    </p>
   </div>
   <div class='ocr_carea' id='block_1_78' title="bbox 2224 3446 3800 3524">
    <p class='ocr_par' dir='ltr' id='par_1_78' title="bbox 2224 3446 3800 3524">
     <span class='ocr_line' id='line_1_78' title="bbox 2224 3446 3800 3524; baseline 0.002 -17"><span class='ocrx_word' id='word_1_533' title='bbox 2224 3453 2574 3509; x_wconf 88' lang='lat' dir='ltr'><strong>recusabant.</strong></span> <span class='ocrx_word' id='word_1_534' title='bbox 2605 3453 2782 3524; x_wconf 86' lang='lat' dir='ltr'><strong>Atque</strong></span> <span class='ocrx_word' id='word_1_535' title='bbox 2820 3454 2934 3508; x_wconf 87' lang='lat' dir='ltr'><strong>hac</strong></span> <span class='ocrx_word' id='word_1_536' title='bbox 2964 3453 3031 3508; x_wconf 94' lang='lat' dir='ltr'><strong>de</strong></span> <span class='ocrx_word' id='word_1_537' title='bbox 3066 3455 3178 3509; x_wconf 91' lang='lat' dir='ltr'><strong>vita</strong></span> <span class='ocrx_word' id='word_1_538' title='bbox 3210 3446 3540 3524; x_wconf 88' lang='lat' dir='ltr'><strong>scriptisque</strong></span> <span class='ocrx_word' id='word_1_539' title='bbox 3575 3453 3800 3510; x_wconf 91' lang='lat' dir='ltr'><strong>Eusebii</strong></span> 
     </span>
    </p>
   </div>
   <div class='ocr_carea' id='block_1_79' title="bbox 2227 3544 3804 3618">
    <p class='ocr_par' dir='ltr' id='par_1_79' title="bbox 2227 3544 3804 3618">
     <span class='ocr_line' id='line_1_79' title="bbox 2227 3544 3804 3618; baseline 0.001 -18"><span class='ocrx_word' id='word_1_540' title='bbox 2227 3559 2258 3600; x_wconf 92' lang='lat' dir='ltr'><strong>a</strong></span> <span class='ocrx_word' id='word_1_541' title='bbox 2290 3544 2449 3603; x_wconf 90' lang='lat' dir='ltr'><strong>nobis</strong></span> <span class='ocrx_word' id='word_1_542' title='bbox 2471 3545 2616 3601; x_wconf 91' lang='lat' dir='ltr'><strong>dicta</strong></span> <span class='ocrx_word' id='word_1_543' title='bbox 2651 3544 2937 3601; x_wconf 84' lang='lat' dir='ltr'><strong>suiliciant.</strong></span> <span class='ocrx_word' id='word_1_544' title='bbox 2977 3544 3236 3616; x_wconf 89' lang='lat' dir='ltr'><strong>Superest</strong></span> <span class='ocrx_word' id='word_1_545' title='bbox 3271 3553 3331 3600; x_wconf 92' lang='lat' dir='ltr'><strong>ut</strong></span> <span class='ocrx_word' id='word_1_546' title='bbox 3379 3545 3448 3602; x_wconf 92' lang='lat' dir='ltr'><strong>de</strong></span> <span class='ocrx_word' id='word_1_547' title='bbox 3475 3544 3596 3618; x_wconf 87' lang='lat' dir='ltr'><strong>ejus</strong></span> <span class='ocrx_word' id='word_1_548' title='bbox 3620 3545 3725 3602; x_wconf 88' lang='lat' dir='ltr'><strong>fide</strong></span> <span class='ocrx_word' id='word_1_549' title='bbox 3744 3553 3804 3604; x_wconf 90' lang='lat' dir='ltr'><strong>et</strong></span> 
     </span>
    </p>
   </div>
   <div class='ocr_carea' id='block_1_80' title="bbox 2229 3637 3804 3711">
    <p class='ocr_par' dir='ltr' id='par_1_80' title="bbox 2229 3637 3804 3711">
     <span class='ocr_line' id='line_1_80' title="bbox 2229 3637 3804 3711; baseline 0 -17"><span class='ocrx_word' id='word_1_550' title='bbox 2229 3637 2505 3711; x_wconf 81' lang='grc' dir='ltr'>ὁρθοδοξίᾳ</span> <span class='ocrx_word' id='word_1_551' title='bbox 2531 3653 2701 3709; x_wconf 88' lang='lat' dir='ltr'><strong>pauca</strong></span> <span class='ocrx_word' id='word_1_552' title='bbox 2731 3639 3001 3694; x_wconf 90' lang='lat' dir='ltr'><strong>dicamus.</strong></span> <span class='ocrx_word' id='word_1_553' title='bbox 3031 3638 3110 3694; x_wconf 80' lang='lat' dir='ltr'><strong>Ac</strong></span> <span class='ocrx_word' id='word_1_554' title='bbox 3152 3640 3386 3709; x_wconf 92' lang='lat' dir='ltr'><strong>primum</strong></span> <span class='ocrx_word' id='word_1_555' title='bbox 3419 3638 3652 3693; x_wconf 80' lang='lat' dir='ltr'><strong>lectores</strong></span> <span class='ocrx_word' id='word_1_556' title='bbox 3682 3655 3804 3694; x_wconf 80' lang='lat' dir='ltr'><strong>Ino-</strong></span> 
     </span>
    </p>
   </div>
   <div class='ocr_carea' id='block_1_81' title="bbox 2226 3729 3800 3798">
    <p class='ocr_par' dir='ltr' id='par_1_81' title="bbox 2226 3729 3800 3798">
     <span class='ocr_line' id='line_1_81' title="bbox 2226 3729 3800 3798; baseline 0.001 -14"><span class='ocrx_word' id='word_1_557' title='bbox 2226 3732 2374 3787; x_wconf 87' lang='lat' dir='ltr'><strong>nitos</strong></span> <span class='ocrx_word' id='word_1_558' title='bbox 2406 3732 2588 3798; x_wconf 89' lang='lat' dir='ltr'><strong>velim,</strong></span> <span class='ocrx_word' id='word_1_559' title='bbox 2641 3747 2711 3788; x_wconf 91' lang='lat' dir='ltr'><strong>ne</strong></span> <span class='ocrx_word' id='word_1_560' title='bbox 2757 3731 2899 3786; x_wconf 90' lang='lat' dir='ltr'><strong>hica</strong></span> <span class='ocrx_word' id='word_1_561' title='bbox 2948 3731 3108 3786; x_wconf 89' lang='lat' dir='ltr'><strong>nobis</strong></span> <span class='ocrx_word' id='word_1_562' title='bbox 3160 3729 3380 3789; x_wconf 83' lang='lat' dir='ltr'><strong>Eusebii</strong></span> <span class='ocrx_word' id='word_1_563' title='bbox 3425 3729 3800 3786; x_wconf 84' lang='lat' dir='ltr'><strong>defensionem</strong></span> 
     </span>
    </p>
   </div>
   <div class='ocr_carea' id='block_1_82' title="bbox 2226 3821 3803 3894">
    <p class='ocr_par' dir='ltr' id='par_1_82' title="bbox 2226 3821 3803 3894">
     <span class='ocr_line' id='line_1_82' title="bbox 2226 3821 3803 3894; baseline 0.002 -17"><span class='ocrx_word' id='word_1_564' title='bbox 2226 3829 2561 3894; x_wconf 88' lang='lat' dir='ltr'><strong>exspectent.</strong></span> <span class='ocrx_word' id='word_1_565' title='bbox 2590 3821 2777 3893; x_wconf 86' lang='lat' dir='ltr'><strong>Neque</strong></span> <span class='ocrx_word' id='word_1_566' title='bbox 2817 3823 2962 3877; x_wconf 90' lang='lat' dir='ltr'><strong>enim</strong></span> <span class='ocrx_word' id='word_1_567' title='bbox 2996 3829 3242 3878; x_wconf 88' lang='lat' dir='ltr'><strong>nostrum</strong></span> <span class='ocrx_word' id='word_1_568' title='bbox 3277 3831 3362 3878; x_wconf 92' lang='lat' dir='ltr'><strong>est</strong></span> <span class='ocrx_word' id='word_1_569' title='bbox 3393 3823 3461 3877; x_wconf 92' lang='lat' dir='ltr'><strong>de</strong></span> <span class='ocrx_word' id='word_1_570' title='bbox 3483 3822 3803 3892; x_wconf 89' lang='lat' dir='ltr'><strong>hujusmodi</strong></span> 
     </span>
    </p>
   </div>
   <div class='ocr_carea' id='block_1_83' title="bbox 2227 3913 3804 3986">
    <p class='ocr_par' dir='ltr' id='par_1_83' title="bbox 2227 3913 3804 3986">
     <span class='ocr_line' id='line_1_83' title="bbox 2227 3913 3804 3986; baseline 0.002 -17"><span class='ocrx_word' id='word_1_571' title='bbox 2227 3913 2392 3969; x_wconf 87' lang='lat' dir='ltr'><strong>rebus</strong></span> <span class='ocrx_word' id='word_1_572' title='bbox 2415 3915 2790 3984; x_wconf 91' lang='lat' dir='ltr'><strong>pronuntiare,</strong></span> <span class='ocrx_word' id='word_1_573' title='bbox 2810 3927 2938 3970; x_wconf 93' lang='lat' dir='ltr'><strong>cum</strong></span> <span class='ocrx_word' id='word_1_574' title='bbox 2967 3913 3227 3971; x_wconf 88' lang='lat' dir='ltr'><strong>Ecclesia</strong></span> <span class='ocrx_word' id='word_1_575' title='bbox 3275 3915 3544 3986; x_wconf 87' lang='lat' dir='ltr'><strong>judicium</strong></span> <span class='ocrx_word' id='word_1_576' title='bbox 3570 3923 3624 3970; x_wconf 92' lang='lat' dir='ltr'><strong>et</strong></span> <span class='ocrx_word' id='word_1_577' title='bbox 3659 3917 3804 3972; x_wconf 88' lang='lat' dir='ltr'><strong>anti-</strong></span> 
     </span>
    </p>
   </div>
   <div class='ocr_carea' id='block_1_84' title="bbox 2227 4005 3801 4077">
    <p class='ocr_par' dir='ltr' id='par_1_84' title="bbox 2227 4005 3801 4077">
     <span class='ocr_line' id='line_1_84' title="bbox 2227 4005 3801 4077; baseline 0.003 -17"><span class='ocrx_word' id='word_1_578' title='bbox 2227 4020 2460 4076; x_wconf 87' lang='lat' dir='ltr'><strong>quorum</strong></span> <span class='ocrx_word' id='word_1_579' title='bbox 2484 4005 2706 4060; x_wconf 89' lang='lat' dir='ltr'><strong>Patrum</strong></span> <span class='ocrx_word' id='word_1_580' title='bbox 2747 4005 3073 4063; x_wconf 88' lang='lat' dir='ltr'><strong>sententiam</strong></span> <span class='ocrx_word' id='word_1_581' title='bbox 3104 4005 3161 4060; x_wconf 91' lang='lat' dir='ltr'><strong>in</strong></span> <span class='ocrx_word' id='word_1_582' title='bbox 3209 4005 3278 4062; x_wconf 91' lang='lat' dir='ltr'><strong>iis</strong></span> <span class='ocrx_word' id='word_1_583' title='bbox 3306 4005 3487 4075; x_wconf 90' lang='lat' dir='ltr'><strong>potius</strong></span> <span class='ocrx_word' id='word_1_584' title='bbox 3513 4006 3668 4077; x_wconf 89' lang='lat' dir='ltr'><strong>sequi</strong></span> <span class='ocrx_word' id='word_1_585' title='bbox 3699 4007 3801 4064; x_wconf 90' lang='lat' dir='ltr'><strong>de-</strong></span> 
     </span>
    </p>
   </div>
   <div class='ocr_carea' id='block_1_85' title="bbox 2227 4095 3803 4167">
    <p class='ocr_par' dir='ltr' id='par_1_85' title="bbox 2227 4095 3803 4167">
     <span class='ocr_line' id='line_1_85' title="bbox 2227 4095 3803 4167; baseline 0.001 -15"><span class='ocrx_word' id='word_1_586' title='bbox 2227 4098 2475 4152; x_wconf 90' lang='lat' dir='ltr'><strong>beamus.</strong></span> <span class='ocrx_word' id='word_1_587' title='bbox 2511 4095 2745 4152; x_wconf 90' lang='lat' dir='ltr'><strong>Proinde</strong></span> <span class='ocrx_word' id='word_1_588' title='bbox 2763 4097 3008 4167; x_wconf 85' lang='lat' dir='ltr'><strong>quadam</strong></span> <span class='ocrx_word' id='word_1_589' title='bbox 3039 4096 3493 4167; x_wconf 89' lang='lat' dir='ltr'><strong>duntaxatcapita</strong></span> <span class='ocrx_word' id='word_1_590' title='bbox 3516 4097 3606 4153; x_wconf 93' lang='lat' dir='ltr'><strong>hic</strong></span> <span class='ocrx_word' id='word_1_591' title='bbox 3625 4098 3803 4153; x_wconf 88' lang='lat' dir='ltr'><strong>adno-</strong></span> 
     </span>
    </p>
   </div>
   <div class='ocr_carea' id='block_1_86' title="bbox 2227 4186 3804 4260">
    <p class='ocr_par' dir='ltr' id='par_1_86' title="bbox 2227 4186 3804 4260">
     <span class='ocr_line' id='line_1_86' title="bbox 2227 4186 3804 4260; baseline 0.004 -18"><span class='ocrx_word' id='word_1_592' title='bbox 2227 4189 2484 4253; x_wconf 80' lang='lat' dir='ltr'><strong>tabimus,</strong></span> <span class='ocrx_word' id='word_1_593' title='bbox 2509 4188 2710 4259; x_wconf 89' lang='lat' dir='ltr'><strong>quibus</strong></span> <span class='ocrx_word' id='word_1_594' title='bbox 2733 4188 2892 4260; x_wconf 90' lang='lat' dir='ltr'><strong>quasi</strong></span> <span class='ocrx_word' id='word_1_595' title='bbox 2917 4186 3288 4242; x_wconf 88' lang='lat' dir='ltr'><strong>fundamentis</strong></span> <span class='ocrx_word' id='word_1_596' title='bbox 3311 4187 3506 4256; x_wconf 86' lang='lat' dir='ltr'><strong>innixi,</strong></span> <span class='ocrx_word' id='word_1_597' title='bbox 3534 4187 3602 4245; x_wconf 88' lang='lat' dir='ltr'><strong>de</strong></span> <span class='ocrx_word' id='word_1_598' title='bbox 3627 4187 3804 4248; x_wconf 81' lang='lat' dir='ltr'><strong>Euse-</strong></span> 
     </span>
    </p>
   </div>
   <div class='ocr_carea' id='block_1_87' title="bbox 2227 4278 3242 4349">
    <p class='ocr_par' dir='ltr' id='par_1_87' title="bbox 2227 4278 3242 4349">
     <span class='ocr_line' id='line_1_87' title="bbox 2227 4278 3242 4349; baseline -0.002 -15"><span class='ocrx_word' id='word_1_599' title='bbox 2227 4279 2304 4334; x_wconf 89' lang='lat' dir='ltr'><strong>bii</strong></span> <span class='ocrx_word' id='word_1_600' title='bbox 2325 4278 2430 4334; x_wconf 89' lang='lat' dir='ltr'><strong>fide</strong></span> <span class='ocrx_word' id='word_1_601' title='bbox 2458 4280 2660 4335; x_wconf 89' lang='lat' dir='ltr'><strong>certius</strong></span> <span class='ocrx_word' id='word_1_602' title='bbox 2680 4286 2920 4336; x_wconf 90' lang='lat' dir='ltr'><strong>statuere</strong></span> <span class='ocrx_word' id='word_1_603' title='bbox 2946 4279 3242 4349; x_wconf 89' lang='lat' dir='ltr'><strong>possimus.</strong></span> 
     </span>
    </p>
   </div>
   <div class='ocr_carea' id='block_1_88' title="bbox 2297 4370 3801 4443">
    <p class='ocr_par' dir='ltr' id='par_1_88' title="bbox 2297 4370 3801 4443">
     <span class='ocr_line' id='line_1_88' title="bbox 2297 4370 3801 4443; baseline 0 -16"><span class='ocrx_word' id='word_1_604' title='bbox 2297 4370 2436 4427; x_wconf 91' lang='lat' dir='ltr'><strong>Cum</strong></span> <span class='ocrx_word' id='word_1_605' title='bbox 2467 4371 2634 4443; x_wconf 86' lang='lat' dir='ltr'><strong>igitur</strong></span> <span class='ocrx_word' id='word_1_606' title='bbox 2664 4371 2734 4428; x_wconf 92' lang='lat' dir='ltr'><strong>de</strong></span> <span class='ocrx_word' id='word_1_607' title='bbox 2784 4370 3021 4427; x_wconf 89' lang='lat' dir='ltr'><strong>Eusebio</strong></span> <span class='ocrx_word' id='word_1_608' title='bbox 3065 4378 3258 4426; x_wconf 87' lang='lat' dir='ltr'><strong>nostro</strong></span> <span class='ocrx_word' id='word_1_609' title='bbox 3290 4370 3456 4426; x_wconf 86' lang='lat' dir='ltr'><strong>varia</strong></span> <span class='ocrx_word' id='word_1_610' title='bbox 3507 4371 3620 4427; x_wconf 90' lang='lat' dir='ltr'><strong>sint</strong></span> <span class='ocrx_word' id='word_1_611' title='bbox 3656 4373 3801 4427; x_wconf 63' lang='lat' dir='ltr'><strong>antio</strong></span> 
     </span>
    </p>
   </div>
   <div class='ocr_carea' id='block_1_89' title="bbox 545 4459 3801 4540">
    <p class='ocr_par' dir='ltr' id='par_1_89' title="bbox 545 4459 3801 4540">
     <span class='ocr_line' id='line_1_89' title="bbox 545 4459 3801 4540; baseline 0.004 -28"><span class='ocrx_word' id='word_1_612' title='bbox 545 4473 653 4514; x_wconf 90' lang='lat' dir='ltr'><strong>nus</strong></span> <span class='ocrx_word' id='word_1_613' title='bbox 688 4459 889 4515; x_wconf 87' lang='lat' dir='ltr'><strong>Christi</strong></span> <span class='ocrx_word' id='word_1_614' title='bbox 920 4462 1046 4519; x_wconf 76' lang='lat'><strong>525.</strong></span> <span class='ocrx_word' id='word_1_615' title='bbox 1083 4461 1217 4518; x_wconf 87' lang='lat' dir='ltr'><strong>illud</strong></span> <span class='ocrx_word' id='word_1_616' title='bbox 1265 4473 1524 4535; x_wconf 79' lang='lat' dir='ltr'><strong>praterea</strong></span> <span class='ocrx_word' id='word_1_617' title='bbox 1553 4467 1740 4521; x_wconf 90' lang='lat' dir='ltr'><strong>mirari</strong></span> <span class='ocrx_word' id='word_1_618' title='bbox 1780 4468 1946 4531; x_wconf 90' lang='lat' dir='ltr'><strong>subit,</strong></span> <span class='ocrx_word' id='word_1_619' title='bbox 1979 4469 2122 4540; x_wconf 90' lang='lat' dir='ltr'><strong>quod</strong></span> <span class='ocrx_word' id='word_1_620' title='bbox 2156 4469 2202 4529; x_wconf 94' lang='lat' dir='ltr'><strong>D</strong></span> <span class='ocrx_word' id='word_1_621' title='bbox 2229 4479 2461 4538; x_wconf 80' lang='lat' dir='ltr'><strong>quorum</strong></span> <span class='ocrx_word' id='word_1_622' title='bbox 2484 4464 2798 4531; x_wconf 61' lang='lat' dir='ltr'><strong>sententiae,</strong></span> <span class='ocrx_word' id='word_1_623' title='bbox 2821 4470 2875 4518; x_wconf 78' lang='grc' dir='ltr'><strong>ει</strong></span> <span class='ocrx_word' id='word_1_624' title='bbox 2906 4461 3128 4533; x_wconf 83' lang='lat' dir='ltr'><strong>quidam</strong></span> <span class='ocrx_word' id='word_1_625' title='bbox 3153 4477 3277 4518; x_wconf 81' lang='lat' dir='ltr'><strong>eum</strong></span> <span class='ocrx_word' id='word_1_626' title='bbox 3311 4462 3673 4528; x_wconf 77' lang='lat' dir='ltr'><strong>Catholicum.</strong></span> <span class='ocrx_word' id='word_1_627' title='bbox 3707 4463 3801 4518; x_wconf 75' lang='lat' dir='ltr'><strong>alii</strong></span> 
     </span>
    </p>
   </div>
   <div class='ocr_carea' id='block_1_90' title="bbox 547 4551 2125 4625">
    <p class='ocr_par' dir='ltr' id='par_1_90' title="bbox 547 4551 2125 4625">
     <span class='ocr_line' id='line_1_90' title="bbox 547 4551 2125 4625; baseline 0.008 -22"><span class='ocrx_word' id='word_1_628' title='bbox 547 4565 670 4604; x_wconf 91' lang='lat' dir='ltr'><strong>cum</strong></span> <span class='ocrx_word' id='word_1_629' title='bbox 713 4551 926 4607; x_wconf 82' lang='lat' dir='ltr'><strong>Nicana</strong></span> <span class='ocrx_word' id='word_1_630' title='bbox 988 4557 1229 4625; x_wconf 84' lang='lat' dir='ltr'><strong>synodus</strong></span> <span class='ocrx_word' id='word_1_631' title='bbox 1283 4557 1554 4611; x_wconf 85' lang='lat' dir='ltr'><strong>celebrata</strong></span> <span class='ocrx_word' id='word_1_632' title='bbox 1617 4558 1690 4612; x_wconf 90' lang='lat' dir='ltr'><strong>sit</strong></span> <span class='ocrx_word' id='word_1_633' title='bbox 1748 4559 2125 4617; x_wconf 87' lang='lat' dir='ltr'><strong>vicennalibus</strong></span> 
     </span>
    </p>
   </div>
   <div class='ocr_carea' id='block_1_91' title="bbox 547 4642 2126 4717">
    <p class='ocr_par' dir='ltr' id='par_1_91' title="bbox 547 4642 2126 4717">
     <span class='ocr_line' id='line_1_91' title="bbox 547 4642 2126 4717; baseline 0.008 -22"><span class='ocrx_word' id='word_1_634' title='bbox 547 4642 916 4708; x_wconf 88' lang='lat' dir='ltr'><strong>Constantini,</strong></span> <span class='ocrx_word' id='word_1_635' title='bbox 951 4647 1100 4701; x_wconf 93' lang='lat' dir='ltr'><strong>nulla</strong></span> <span class='ocrx_word' id='word_1_636' title='bbox 1150 4655 1330 4702; x_wconf 89' lang='lat' dir='ltr'><strong>tamen</strong></span> <span class='ocrx_word' id='word_1_637' title='bbox 1355 4647 1473 4717; x_wconf 88' lang='lat' dir='ltr'><strong>ejus</strong></span> <span class='ocrx_word' id='word_1_638' title='bbox 1517 4649 1609 4703; x_wconf 82' lang='lat' dir='ltr'><strong>fiat</strong></span> <span class='ocrx_word' id='word_1_639' title='bbox 1663 4651 1889 4716; x_wconf 90' lang='lat' dir='ltr'><strong>mentio,</strong></span> <span class='ocrx_word' id='word_1_640' title='bbox 1941 4667 2044 4708; x_wconf 88' lang='lat' dir='ltr'><strong>nec</strong></span> <span class='ocrx_word' id='word_1_641' title='bbox 2071 4654 2126 4707; x_wconf 90' lang='lat' dir='ltr'><strong>in</strong></span> 
     </span>
    </p>
   </div>
   <div class='ocr_carea' id='block_1_92' title="bbox 550 4732 2127 4814">
    <p class='ocr_par' dir='ltr' id='par_1_92' title="bbox 550 4732 2127 4814">
     <span class='ocr_line' id='line_1_92' title="bbox 550 4732 2127 4814; baseline 0.007 -26"><span class='ocrx_word' id='word_1_642' title='bbox 550 4732 830 4800; x_wconf 84' lang='lat' dir='ltr'><strong>Chronico,</strong></span> <span class='ocrx_word' id='word_1_643' title='bbox 861 4753 961 4792; x_wconf 91' lang='lat' dir='ltr'><strong>nec</strong></span> <span class='ocrx_word' id='word_1_644' title='bbox 998 4739 1052 4792; x_wconf 90' lang='lat' dir='ltr'><strong>in</strong></span> <span class='ocrx_word' id='word_1_645' title='bbox 1095 4737 1473 4795; x_wconf 84' lang='lat' dir='ltr'><strong>Ecclesiastica</strong></span> <span class='ocrx_word' id='word_1_646' title='bbox 1519 4740 1781 4798; x_wconf 87' lang='lat' dir='ltr'><strong>Historia.</strong></span> <span class='ocrx_word' id='word_1_647' title='bbox 1813 4742 1948 4798; x_wconf 88' lang='lat' dir='ltr'><strong>Nam</strong></span> <span class='ocrx_word' id='word_1_648' title='bbox 1981 4745 2127 4814; x_wconf 90' lang='lat' dir='ltr'><strong>quod</strong></span> 
     </span>
    </p>
   </div>
   <div class='ocr_carea' id='block_1_93' title="bbox 551 4824 2128 4907">
    <p class='ocr_par' dir='ltr' id='par_1_93' title="bbox 551 4824 2128 4907">
     <span class='ocr_line' id='line_1_93' title="bbox 551 4824 2128 4907; baseline 0.007 -27"><span class='ocrx_word' id='word_1_649' title='bbox 551 4824 607 4880; x_wconf 92' lang='lat' dir='ltr'><strong>in</strong></span> <span class='ocrx_word' id='word_1_650' title='bbox 635 4825 825 4881; x_wconf 80' lang='lat' dir='ltr'><strong>Latino</strong></span> <span class='ocrx_word' id='word_1_651' title='bbox 844 4828 964 4897; x_wconf 89' lang='lat' dir='ltr'><strong>ejus</strong></span> <span class='ocrx_word' id='word_1_652' title='bbox 992 4829 1250 4886; x_wconf 84' lang='lat' dir='ltr'><strong>Chronico</strong></span> <span class='ocrx_word' id='word_1_653' title='bbox 1272 4832 1339 4887; x_wconf 90' lang='lat' dir='ltr'><strong>ad</strong></span> <span class='ocrx_word' id='word_1_654' title='bbox 1354 4849 1555 4888; x_wconf 88' lang='lat' dir='ltr'><strong>annum</strong></span> <span class='ocrx_word' id='word_1_655' title='bbox 1585 4835 1931 4891; x_wconf 88' lang='lat' dir='ltr'><strong>Constantini</strong></span> <span class='ocrx_word' id='word_1_656' title='bbox 1963 4839 2128 4907; x_wconf 87' lang='lat' dir='ltr'><strong>quiu-</strong></span> 
     </span>
    </p>
   </div>
   <div class='ocr_carea' id='block_1_94' title="bbox 547 4919 2125 4995">
    <p class='ocr_par' dir='ltr' id='par_1_94' title="bbox 547 4919 2125 4995">
     <span class='ocr_line' id='line_1_94' title="bbox 547 4919 2125 4995; baseline 0.008 -23"><span class='ocrx_word' id='word_1_657' title='bbox 547 4924 662 4972; x_wconf 91' lang='lat' dir='ltr'><strong>tum</strong></span> <span class='ocrx_word' id='word_1_658' title='bbox 689 4919 961 4974; x_wconf 87' lang='lat' dir='ltr'><strong>decimum</strong></span> <span class='ocrx_word' id='word_1_659' title='bbox 991 4922 1104 4977; x_wconf 83' lang='lat' dir='ltr'><strong>haec</strong></span> <span class='ocrx_word' id='word_1_660' title='bbox 1131 4923 1404 4995; x_wconf 86' lang='lat' dir='ltr'><strong>leguntur,</strong></span> <span class='ocrx_word' id='word_1_661' title='bbox 1431 4926 1808 4982; x_wconf 73' lang='lat' dir='ltr'><strong>Alexandrina:</strong></span> <span class='ocrx_word' id='word_1_662' title='bbox 1873 4927 2125 4985; x_wconf 67' lang='lat' dir='ltr'><strong>Ecclesia:</strong></span> 
     </span>
    </p>
   </div>
   <div class='ocr_carea' id='block_1_95' title="bbox 547 5011 2128 5090">
    <p class='ocr_par' dir='ltr' id='par_1_95' title="bbox 547 5011 2128 5090">
     <span class='ocr_line' id='line_1_95' title="bbox 547 5011 2128 5090; baseline 0.006 -24"><span class='ocrx_word' id='word_1_663' title='bbox 547 5011 716 5067; x_wconf 73' lang='grc' dir='ltr'><strong>ΧΙΧυε</strong></span> <span class='ocrx_word' id='word_1_664' title='bbox 738 5015 1016 5068; x_wconf 85' lang='lat' dir='ltr'><strong>ordinatur</strong></span> <span class='ocrx_word' id='word_1_665' title='bbox 1035 5017 1303 5086; x_wconf 82' lang='lat' dir='ltr'><strong>episcopus</strong></span> <span class='ocrx_word' id='word_1_666' title='bbox 1321 5018 1640 5083; x_wconf 70' lang='lat' dir='ltr'><strong>Alexander,</strong></span> <span class='ocrx_word' id='word_1_667' title='bbox 1660 5037 1693 5072; x_wconf 92' lang='lat' dir='ltr'><strong>a</strong></span> <span class='ocrx_word' id='word_1_668' title='bbox 1717 5034 1817 5090; x_wconf 79' lang='lat' dir='ltr'><strong>quo</strong></span> <span class='ocrx_word' id='word_1_669' title='bbox 1839 5020 1996 5074; x_wconf 86' lang='lat' dir='ltr'><strong>Arius</strong></span> <span class='ocrx_word' id='word_1_670' title='bbox 2013 5037 2128 5090; x_wconf 82' lang='lat' dir='ltr'><strong>pre-</strong></span> 
     </span>
    </p>
   </div>
   <div class='ocr_carea' id='block_1_96' title="bbox 547 5103 2125 5179">
    <p class='ocr_par' dir='ltr' id='par_1_96' title="bbox 547 5103 2125 5179">
     <span class='ocr_line' id='line_1_96' title="bbox 547 5103 2125 5179; baseline 0.005 -21"><span class='ocrx_word' id='word_1_671' title='bbox 547 5103 722 5174; x_wconf 80' lang='lat' dir='ltr'><strong>sbyter</strong></span> <span class='ocrx_word' id='word_1_672' title='bbox 750 5104 815 5158; x_wconf 85' lang='lat' dir='ltr'><strong>de</strong></span> <span class='ocrx_word' id='word_1_673' title='bbox 850 5105 1086 5160; x_wconf 84' lang='lat' dir='ltr'><strong>Ecclesia</strong></span> <span class='ocrx_word' id='word_1_674' title='bbox 1121 5108 1335 5176; x_wconf 85' lang='lat' dir='ltr'><strong>ejectus,</strong></span> <span class='ocrx_word' id='word_1_675' title='bbox 1363 5109 1554 5163; x_wconf 87' lang='lat' dir='ltr'><strong>multos</strong></span> <span class='ocrx_word' id='word_1_676' title='bbox 1599 5126 1710 5163; x_wconf 76' lang='lat' dir='ltr'><strong>sua</strong></span> <span class='ocrx_word' id='word_1_677' title='bbox 1754 5111 2010 5179; x_wconf 85' lang='lat' dir='ltr'><strong>impietati</strong></span> <span class='ocrx_word' id='word_1_678' title='bbox 2036 5129 2125 5167; x_wconf 87' lang='lat' dir='ltr'><strong>so-</strong></span> 
     </span>
    </p>
   </div>
   <div class='ocr_carea' id='block_1_97' title="bbox 547 5195 2125 5272">
    <p class='ocr_par' dir='ltr' id='par_1_97' title="bbox 547 5195 2125 5272">
     <span class='ocr_line' id='line_1_97' title="bbox 547 5195 2125 5272; baseline 0.006 -25"><span class='ocrx_word' id='word_1_679' title='bbox 547 5195 674 5248; x_wconf 81' lang='lat' dir='ltr'><strong>ciat.</strong></span> <span class='ocrx_word' id='word_1_680' title='bbox 721 5195 806 5248; x_wconf 83' lang='lat' dir='ltr'><strong>Ad</strong></span> <span class='ocrx_word' id='word_1_681' title='bbox 832 5213 1056 5266; x_wconf 88' lang='lat' dir='ltr'><strong>quorum</strong></span> <span class='ocrx_word' id='word_1_682' title='bbox 1100 5198 1380 5266; x_wconf 76' lang='lat' dir='ltr'><strong>perfidiam</strong></span> <span class='ocrx_word' id='word_1_683' title='bbox 1428 5199 1837 5270; x_wconf 85' lang='lat' dir='ltr'><strong>coarguendam,</strong></span> <span class='ocrx_word' id='word_1_684' title='bbox 1892 5201 2125 5272; x_wconf 80' lang='lat' dir='ltr'><strong>synodus</strong></span> 
     </span>
    </p>
   </div>
   <div class='ocr_carea' id='block_1_98' title="bbox 546 5290 2127 5366">
    <p class='ocr_par' dir='ltr' id='par_1_98' title="bbox 546 5290 2127 5366">
     <span class='ocr_line' id='line_1_98' title="bbox 546 5290 2127 5366; baseline 0.006 -26"><span class='ocrx_word' id='word_1_685' title='bbox 546 5298 781 5341; x_wconf 78' lang='lat' dir='ltr'><strong>cccxvm</strong></span> <span class='ocrx_word' id='word_1_686' title='bbox 825 5291 1186 5357; x_wconf 87' lang='lat' dir='ltr'><strong>episcoporum</strong></span> <span class='ocrx_word' id='word_1_687' title='bbox 1233 5292 1286 5344; x_wconf 90' lang='lat' dir='ltr'><strong>in</strong></span> <span class='ocrx_word' id='word_1_688' title='bbox 1341 5290 1584 5346; x_wconf 63' lang='lat' dir='ltr'><strong>Nicaeam</strong></span> <span class='ocrx_word' id='word_1_689' title='bbox 1628 5292 1810 5346; x_wconf 84' lang='lat' dir='ltr'><strong>urbem</strong></span> <span class='ocrx_word' id='word_1_690' title='bbox 1860 5294 2127 5366; x_wconf 71' lang='lat' dir='ltr'><strong>Bithynia</strong></span> 
     </span>
    </p>
   </div>
   <div class='ocr_carea' id='block_1_99' title="bbox 549 5385 2127 5448">
    <p class='ocr_par' dir='ltr' id='par_1_99' title="bbox 549 5385 2127 5448">
     <span class='ocr_line' id='line_1_99' title="bbox 549 5385 2127 5448; baseline 0.009 -19"><span class='ocrx_word' id='word_1_691' title='bbox 549 5390 865 5448; x_wconf 84' lang='lat' dir='ltr'><strong>congregata</strong></span> <span class='ocrx_word' id='word_1_692' title='bbox 887 5420 902 5443; x_wconf 93' lang='lat'><strong>,</strong></span> <span class='ocrx_word' id='word_1_693' title='bbox 940 5397 1115 5436; x_wconf 86' lang='lat' dir='ltr'><strong>omnes</strong></span> <span class='ocrx_word' id='word_1_694' title='bbox 1149 5385 1514 5438; x_wconf 67' lang='lat' dir='ltr'><strong>haereticorum</strong></span> <span class='ocrx_word' id='word_1_695' title='bbox 1554 5385 1824 5440; x_wconf 84' lang='lat' dir='ltr'><strong>machinas</strong></span> <span class='ocrx_word' id='word_1_696' title='bbox 1860 5385 2127 5443; x_wconf 75' lang='lat' dir='ltr'><strong>Houousu</strong></span> 
     </span>
    </p>
   </div>
   <div class='ocr_carea' id='block_1_100' title="bbox 551 5471 2128 5546">
    <p class='ocr_par' dir='ltr' id='par_1_100' title="bbox 551 5471 2128 5546">
     <span class='ocr_line' id='line_1_100' title="bbox 551 5471 2128 5546; baseline 0.009 -25"><span class='ocrx_word' id='word_1_697' title='bbox 551 5471 878 5538; x_wconf 83' lang='lat' dir='ltr'><strong>oppositione</strong></span> <span class='ocrx_word' id='word_1_698' title='bbox 898 5472 1103 5528; x_wconf 84' lang='lat' dir='ltr'><strong>delevit.</strong></span> <span class='ocrx_word' id='word_1_699' title='bbox 1137 5472 1283 5530; x_wconf 85' lang='lat' dir='ltr'><strong>Satis</strong></span> <span class='ocrx_word' id='word_1_700' title='bbox 1335 5478 1685 5546; x_wconf 91' lang='lat' dir='ltr'><strong>perspicuum</strong></span> <span class='ocrx_word' id='word_1_701' title='bbox 1717 5485 1821 5542; x_wconf 91' lang='lat' dir='ltr'><strong>est,</strong></span> <span class='ocrx_word' id='word_1_702' title='bbox 1877 5478 1984 5533; x_wconf 93' lang='lat' dir='ltr'><strong>ista</strong></span> <span class='ocrx_word' id='word_1_703' title='bbox 2016 5496 2128 5535; x_wconf 89' lang='lat' dir='ltr'><strong>non</strong></span> 
     </span>
    </p>
   </div>
   <div class='ocr_carea' id='block_1_101' title="bbox 551 5561 2126 5638">
    <p class='ocr_par' dir='ltr' id='par_1_101' title="bbox 551 5561 2126 5638">
     <span class='ocr_line' id='line_1_101' title="bbox 551 5561 2126 5638; baseline 0.008 -23"><span class='ocrx_word' id='word_1_704' title='bbox 551 5562 620 5615; x_wconf 88' lang='lat' dir='ltr'><strong>ab</strong></span> <span class='ocrx_word' id='word_1_705' title='bbox 649 5561 881 5620; x_wconf 86' lang='lat' dir='ltr'><strong>Eusebio</strong></span> <span class='ocrx_word' id='word_1_706' title='bbox 909 5567 1134 5636; x_wconf 86' lang='lat' dir='ltr'><strong>scripta,</strong></span> <span class='ocrx_word' id='word_1_707' title='bbox 1165 5567 1260 5624; x_wconf 90' lang='lat' dir='ltr'><strong>sed</strong></span> <span class='ocrx_word' id='word_1_708' title='bbox 1281 5569 1350 5622; x_wconf 92' lang='lat' dir='ltr'><strong>ab</strong></span> <span class='ocrx_word' id='word_1_709' title='bbox 1374 5567 1705 5637; x_wconf 81' lang='lat' dir='ltr'><strong>Hieronymo</strong></span> <span class='ocrx_word' id='word_1_710' title='bbox 1729 5569 1914 5624; x_wconf 91' lang='lat' dir='ltr'><strong>addita</strong></span> <span class='ocrx_word' id='word_1_711' title='bbox 1934 5570 2126 5638; x_wconf 87' lang='lat' dir='ltr'><strong>fuisse,</strong></span> 
     </span>
    </p>
   </div>
   <div class='ocr_carea' id='block_1_102' title="bbox 552 5652 2128 5729">
    <p class='ocr_par' dir='ltr' id='par_1_102' title="bbox 552 5652 2128 5729">
     <span class='ocr_line' id='line_1_102' title="bbox 552 5652 2128 5729; baseline 0.008 -23"><span class='ocrx_word' id='word_1_712' title='bbox 552 5655 645 5723; x_wconf 91' lang='lat' dir='ltr'><strong>qui</strong></span> <span class='ocrx_word' id='word_1_713' title='bbox 679 5652 1048 5712; x_wconf 86' lang='lat' dir='ltr'><strong>Eusebianum</strong></span> <span class='ocrx_word' id='word_1_714' title='bbox 1086 5659 1405 5714; x_wconf 82' lang='lat' dir='ltr'><strong>Chronicum</strong></span> <span class='ocrx_word' id='word_1_715' title='bbox 1449 5661 1637 5716; x_wconf 90' lang='lat' dir='ltr'><strong>multis</strong></span> <span class='ocrx_word' id='word_1_716' title='bbox 1665 5660 1733 5716; x_wconf 91' lang='lat' dir='ltr'><strong>de</strong></span> <span class='ocrx_word' id='word_1_717' title='bbox 1770 5676 1870 5717; x_wconf 91' lang='lat' dir='ltr'><strong>suo</strong></span> <span class='ocrx_word' id='word_1_718' title='bbox 1897 5661 2128 5729; x_wconf 88' lang='lat' dir='ltr'><strong>adjectis</strong></span> 
     </span>
    </p>
   </div>
   <div class='ocr_carea' id='block_1_103' title="bbox 556 5743 2125 5823">
    <p class='ocr_par' dir='ltr' id='par_1_103' title="bbox 556 5743 2125 5823">
     <span class='ocr_line' id='line_1_103' title="bbox 556 5743 2125 5823; baseline 0.003 -25"><span class='ocrx_word' id='word_1_719' title='bbox 556 5743 927 5817; x_wconf 85' lang='lat' dir='ltr'><strong>interpolavit.</strong></span> <span class='ocrx_word' id='word_1_720' title='bbox 963 5746 1032 5802; x_wconf 82' lang='lat' dir='ltr'><strong>Ut</strong></span> <span class='ocrx_word' id='word_1_721' title='bbox 1063 5749 1206 5804; x_wconf 73' lang='lat' dir='ltr'><strong>enim</strong></span> <span class='ocrx_word' id='word_1_722' title='bbox 1257 5748 1391 5803; x_wconf 85' lang='lat' dir='ltr'><strong>illud</strong></span> <span class='ocrx_word' id='word_1_723' title='bbox 1443 5751 1712 5814; x_wconf 91' lang='lat' dir='ltr'><strong>omittam,</strong></span> <span class='ocrx_word' id='word_1_724' title='bbox 1756 5750 1899 5820; x_wconf 89' lang='lat' dir='ltr'><strong>quod</strong></span> <span class='ocrx_word' id='word_1_725' title='bbox 1934 5752 2125 5823; x_wconf 82' lang='lat' dir='ltr'><strong>synodi</strong></span> 
     </span>
    </p>
   </div>
   <div class='ocr_carea' id='block_1_104' title="bbox 2227 4553 3802 4626">
    <p class='ocr_par' dir='ltr' id='par_1_104' title="bbox 2227 4553 3802 4626">
     <span class='ocr_line' id='line_1_104' title="bbox 2227 4553 3802 4626; baseline 0.001 -17"><span class='ocrx_word' id='word_1_726' title='bbox 2227 4555 2573 4622; x_wconf 77' lang='lat' dir='ltr'><strong>hareticum;</strong></span> <span class='ocrx_word' id='word_1_727' title='bbox 2596 4554 2841 4609; x_wconf 90' lang='lat' dir='ltr'><strong>nonnulli</strong></span> <span class='ocrx_word' id='word_1_728' title='bbox 2867 4553 3182 4625; x_wconf 85' lang='grc' dir='ltr'><strong>δίγλωττον,</strong></span> <span class='ocrx_word' id='word_1_729' title='bbox 3205 4554 3262 4609; x_wconf 92' lang='lat' dir='ltr'><strong>id</strong></span> <span class='ocrx_word' id='word_1_730' title='bbox 3291 4562 3406 4621; x_wconf 91' lang='lat' dir='ltr'><strong>est,</strong></span> <span class='ocrx_word' id='word_1_731' title='bbox 3431 4555 3609 4612; x_wconf 87' lang='lat' dir='ltr'><strong>dubia</strong></span> <span class='ocrx_word' id='word_1_732' title='bbox 3637 4563 3802 4626; x_wconf 86' lang='lat' dir='ltr'><strong>atque</strong></span> 
     </span>
    </p>
   </div>
   <div class='ocr_carea' id='block_1_105' title="bbox 2229 4645 3802 4718">
    <p class='ocr_par' dir='ltr' id='par_1_105' title="bbox 2229 4645 3802 4718">
     <span class='ocr_line' id='line_1_105' title="bbox 2229 4645 3802 4718; baseline 0.001 -18"><span class='ocrx_word' id='word_1_733' title='bbox 2229 4646 2486 4718; x_wconf 89' lang='lat' dir='ltr'><strong>ancipitis</strong></span> <span class='ocrx_word' id='word_1_734' title='bbox 2512 4646 2637 4703; x_wconf 86' lang='lat' dir='ltr'><strong>fidei</strong></span> <span class='ocrx_word' id='word_1_735' title='bbox 2667 4645 2837 4702; x_wconf 88' lang='lat' dir='ltr'><strong>fuisse</strong></span> <span class='ocrx_word' id='word_1_736' title='bbox 2862 4646 3197 4710; x_wconf 89' lang='lat' dir='ltr'><strong>censuerint,</strong></span> <span class='ocrx_word' id='word_1_737' title='bbox 3222 4646 3605 4715; x_wconf 90' lang='lat' dir='ltr'><strong>inquirendum</strong></span> <span class='ocrx_word' id='word_1_738' title='bbox 3637 4662 3668 4700; x_wconf 92' lang='lat' dir='ltr'><strong>a</strong></span> <span class='ocrx_word' id='word_1_739' title='bbox 3698 4663 3802 4702; x_wconf 82' lang='lat' dir='ltr'><strong>no-</strong></span> 
     </span>
    </p>
   </div>
   <div class='ocr_carea' id='block_1_106' title="bbox 2228 4724 3802 4808">
    <p class='ocr_par' dir='ltr' id='par_1_106' title="bbox 2228 4724 3802 4808">
     <span class='ocr_line' id='line_1_106' title="bbox 2228 4724 3802 4808; baseline 0.001 -15"><span class='ocrx_word' id='word_1_740' title='bbox 2228 4738 2313 4794; x_wconf 88' lang='lat' dir='ltr'><strong>bis</strong></span> <span class='ocrx_word' id='word_1_741' title='bbox 2359 4745 2444 4794; x_wconf 91' lang='lat' dir='ltr'><strong>est</strong></span> <span class='ocrx_word' id='word_1_742' title='bbox 2476 4739 2565 4792; x_wconf 90' lang='lat' dir='ltr'><strong>cui</strong></span> <span class='ocrx_word' id='word_1_743' title='bbox 2592 4738 2936 4808; x_wconf 90' lang='lat' dir='ltr'><strong>potissimum</strong></span> <span class='ocrx_word' id='word_1_744' title='bbox 2974 4724 3255 4793; x_wconf 80' lang='lat' dir='ltr'><strong>sententia</strong></span> <span class='ocrx_word' id='word_1_745' title='bbox 3299 4739 3596 4794; x_wconf 88' lang='lat' dir='ltr'><strong>debeamus</strong></span> <span class='ocrx_word' id='word_1_746' title='bbox 3642 4754 3802 4795; x_wconf 89' lang='lat' dir='ltr'><strong>acce-</strong></span> 
     </span>
    </p>
   </div>
   <div class='ocr_carea' id='block_1_107' title="bbox 2229 4827 3800 4901">
    <p class='ocr_par' dir='ltr' id='par_1_107' title="bbox 2229 4827 3800 4901">
     <span class='ocr_line' id='line_1_107' title="bbox 2229 4827 3800 4901; baseline 0.001 -18"><span class='ocrx_word' id='word_1_747' title='bbox 2229 4829 2376 4884; x_wconf 91' lang='lat' dir='ltr'><strong>dere.</strong></span> <span class='ocrx_word' id='word_1_748' title='bbox 2398 4827 2668 4885; x_wconf 90' lang='lat' dir='ltr'><strong>Constans</strong></span> <span class='ocrx_word' id='word_1_749' title='bbox 2693 4828 2835 4898; x_wconf 91' lang='lat' dir='ltr'><strong>juris</strong></span> <span class='ocrx_word' id='word_1_750' title='bbox 2858 4828 3041 4898; x_wconf 86' lang='lat' dir='ltr'><strong>regula</strong></span> <span class='ocrx_word' id='word_1_751' title='bbox 3069 4839 3173 4893; x_wconf 92' lang='lat' dir='ltr'><strong>est,</strong></span> <span class='ocrx_word' id='word_1_752' title='bbox 3205 4829 3260 4883; x_wconf 92' lang='lat' dir='ltr'><strong>in</strong></span> <span class='ocrx_word' id='word_1_753' title='bbox 3303 4830 3483 4885; x_wconf 87' lang='lat' dir='ltr'><strong>dubiis</strong></span> <span class='ocrx_word' id='word_1_754' title='bbox 3501 4829 3800 4901; x_wconf 83' lang='lat' dir='ltr'><strong>aquiorem</strong></span> 
     </span>
    </p>
   </div>
   <div class='ocr_carea' id='block_1_108' title="bbox 2227 4921 3795 4994">
    <p class='ocr_par' dir='ltr' id='par_1_108' title="bbox 2227 4921 3795 4994">
     <span class='ocr_line' id='line_1_108' title="bbox 2227 4921 3795 4994; baseline 0.003 -20"><span class='ocrx_word' id='word_1_755' title='bbox 2227 4921 2412 4989; x_wconf 90' lang='lat' dir='ltr'><strong>potius</strong></span> <span class='ocrx_word' id='word_1_756' title='bbox 2462 4935 2526 4975; x_wconf 89' lang='lat' dir='ltr'><strong>ac</strong></span> <span class='ocrx_word' id='word_1_757' title='bbox 2550 4921 2820 4975; x_wconf 88' lang='lat' dir='ltr'><strong>mitiorem</strong></span> <span class='ocrx_word' id='word_1_758' title='bbox 2865 4921 3191 4976; x_wconf 87' lang='lat' dir='ltr'><strong>sententiam</strong></span> <span class='ocrx_word' id='word_1_759' title='bbox 3241 4923 3495 4994; x_wconf 88' lang='lat' dir='ltr'><strong>amplecti</strong></span> <span class='ocrx_word' id='word_1_760' title='bbox 3521 4933 3795 4993; x_wconf 87' lang='lat' dir='ltr'><strong>oportere.</strong></span> 
     </span>
    </p>
   </div>
   <div class='ocr_carea' id='block_1_109' title="bbox 2229 5011 3801 5088">
    <p class='ocr_par' dir='ltr' id='par_1_109' title="bbox 2229 5011 3801 5088">
     <span class='ocr_line' id='line_1_109' title="bbox 2229 5011 3801 5088; baseline 0.005 -23"><span class='ocrx_word' id='word_1_761' title='bbox 2229 5011 2432 5068; x_wconf 89' lang='lat' dir='ltr'><strong>Deinde</strong></span> <span class='ocrx_word' id='word_1_762' title='bbox 2460 5029 2584 5069; x_wconf 88' lang='lat' dir='ltr'><strong>cum</strong></span> <span class='ocrx_word' id='word_1_763' title='bbox 2631 5012 3007 5070; x_wconf 89' lang='lat' dir='ltr'><strong>Occidentales</strong></span> <span class='ocrx_word' id='word_1_764' title='bbox 3047 5029 3376 5080; x_wconf 89' lang='lat' dir='ltr'><strong>omnes,uno</strong></span> <span class='ocrx_word' id='word_1_765' title='bbox 3409 5015 3521 5072; x_wconf 91' lang='lat' dir='ltr'><strong>fere</strong></span> <span class='ocrx_word' id='word_1_766' title='bbox 3569 5024 3801 5088; x_wconf 78' lang='lat' dir='ltr'><strong>excepto</strong></span> 
     </span>
    </p>
   </div>
   <div class='ocr_carea' id='block_1_110' title="bbox 2228 5106 3799 5177">
    <p class='ocr_par' dir='ltr' id='par_1_110' title="bbox 2228 5106 3799 5177">
     <span class='ocr_line' id='line_1_110' title="bbox 2228 5106 3799 5177; baseline 0.004 -17"><span class='ocrx_word' id='word_1_767' title='bbox 2228 5106 2584 5177; x_wconf 82' lang='lat' dir='ltr'><strong>Hieronymo.</strong></span> <span class='ocrx_word' id='word_1_768' title='bbox 2634 5107 2702 5162; x_wconf 89' lang='lat' dir='ltr'><strong>de</strong></span> <span class='ocrx_word' id='word_1_769' title='bbox 2746 5106 2981 5162; x_wconf 92' lang='lat' dir='ltr'><strong>Eusebio</strong></span> <span class='ocrx_word' id='word_1_770' title='bbox 3025 5115 3218 5163; x_wconf 90' lang='lat' dir='ltr'><strong>nostro</strong></span> <span class='ocrx_word' id='word_1_771' title='bbox 3271 5109 3570 5165; x_wconf 84' lang='lat' dir='ltr'><strong>honorifice</strong></span> <span class='ocrx_word' id='word_1_772' title='bbox 3611 5127 3799 5167; x_wconf 83' lang='lat' dir='ltr'><strong>sense-</strong></span> 
     </span>
    </p>
   </div>
   <div class='ocr_carea' id='block_1_111' title="bbox 2228 5195 3800 5266">
    <p class='ocr_par' dir='ltr' id='par_1_111' title="bbox 2228 5195 3800 5266">
     <span class='ocr_line' id='line_1_111' title="bbox 2228 5195 3800 5266; baseline 0.004 -15"><span class='ocrx_word' id='word_1_773' title='bbox 2228 5199 2371 5260; x_wconf 84' lang='lat' dir='ltr'><strong>rint,</strong></span> <span class='ocrx_word' id='word_1_774' title='bbox 2399 5211 2633 5266; x_wconf 91' lang='lat' dir='ltr'><strong>cumque</strong></span> <span class='ocrx_word' id='word_1_775' title='bbox 2659 5195 3190 5254; x_wconf 88' lang='lat' dir='ltr'><strong>EcclesiaGallicana</strong></span> <span class='ocrx_word' id='word_1_776' title='bbox 3219 5208 3536 5255; x_wconf 89' lang='lat' dir='ltr'><strong>sanctorum</strong></span> <span class='ocrx_word' id='word_1_777' title='bbox 3568 5218 3800 5259; x_wconf 91' lang='lat' dir='ltr'><strong>numero</strong></span> 
     </span>
    </p>
   </div>
   <div class='ocr_carea' id='block_1_112' title="bbox 2229 5287 3796 5360">
    <p class='ocr_par' dir='ltr' id='par_1_112' title="bbox 2229 5287 3796 5360">
     <span class='ocr_line' id='line_1_112' title="bbox 2229 5287 3796 5360; baseline 0.004 -18"><span class='ocrx_word' id='word_1_778' title='bbox 2229 5301 2352 5342; x_wconf 90' lang='lat' dir='ltr'><strong>eum</strong></span> <span class='ocrx_word' id='word_1_779' title='bbox 2376 5287 2713 5356; x_wconf 88' lang='lat' dir='ltr'><strong>ascripserit,</strong></span> <span class='ocrx_word' id='word_1_780' title='bbox 2746 5295 2805 5342; x_wconf 94' lang='lat' dir='ltr'><strong>ut</strong></span> <span class='ocrx_word' id='word_1_781' title='bbox 2839 5304 2904 5344; x_wconf 89' lang='lat' dir='ltr'><strong>ex</strong></span> <span class='ocrx_word' id='word_1_782' title='bbox 2924 5287 3169 5345; x_wconf 83' lang='lat' dir='ltr'><strong>Victorio</strong></span> <span class='ocrx_word' id='word_1_783' title='bbox 3188 5289 3484 5360; x_wconf 85' lang='lat' dir='ltr'><strong>Aquitano,</strong></span> <span class='ocrx_word' id='word_1_784' title='bbox 3519 5289 3796 5357; x_wconf 86' lang='lat' dir='ltr'><strong>Usuardo,</strong></span> 
     </span>
    </p>
   </div>
   <div class='ocr_carea' id='block_1_113' title="bbox 2230 5378 3794 5449">
    <p class='ocr_par' dir='ltr' id='par_1_113' title="bbox 2230 5378 3794 5449">
     <span class='ocr_line' id='line_1_113' title="bbox 2230 5378 3794 5449; baseline 0.003 -16"><span class='ocrx_word' id='word_1_785' title='bbox 2230 5380 2460 5449; x_wconf 90' lang='lat' dir='ltr'><strong>aliisque</strong></span> <span class='ocrx_word' id='word_1_786' title='bbox 2486 5378 2778 5448; x_wconf 86' lang='lat' dir='ltr'><strong>colligitur,</strong></span> <span class='ocrx_word' id='word_1_787' title='bbox 2802 5380 2973 5434; x_wconf 90' lang='lat' dir='ltr'><strong>satius</strong></span> <span class='ocrx_word' id='word_1_788' title='bbox 3004 5379 3124 5434; x_wconf 90' lang='lat' dir='ltr'><strong>sine</strong></span> <span class='ocrx_word' id='word_1_789' title='bbox 3145 5380 3313 5435; x_wconf 91' lang='lat' dir='ltr'><strong>dubio</strong></span> <span class='ocrx_word' id='word_1_790' title='bbox 3347 5391 3449 5446; x_wconf 86' lang='lat' dir='ltr'><strong>est,</strong></span> <span class='ocrx_word' id='word_1_791' title='bbox 3484 5391 3543 5437; x_wconf 93' lang='lat' dir='ltr'><strong>ut</strong></span> <span class='ocrx_word' id='word_1_792' title='bbox 3571 5382 3794 5438; x_wconf 87' lang='lat' dir='ltr'><strong>Patrum</strong></span> 
     </span>
    </p>
   </div>
   <div class='ocr_carea' id='block_1_114' title="bbox 2229 5470 3794 5550">
    <p class='ocr_par' dir='ltr' id='par_1_114' title="bbox 2229 5470 3794 5550">
     <span class='ocr_line' id='line_1_114' title="bbox 2229 5470 3794 5550; baseline 0.003 -24"><span class='ocrx_word' id='word_1_793' title='bbox 2229 5479 2564 5550; x_wconf 85' lang='lat' dir='ltr'><strong>nostrorum,</strong></span> <span class='ocrx_word' id='word_1_794' title='bbox 2624 5487 2786 5542; x_wconf 87' lang='lat' dir='ltr'><strong>quam</strong></span> <span class='ocrx_word' id='word_1_795' title='bbox 2821 5477 2878 5526; x_wconf 92' lang='lat' dir='ltr'><strong>ut</strong></span> <span class='ocrx_word' id='word_1_796' title='bbox 2913 5470 3272 5528; x_wconf 88' lang='lat' dir='ltr'><strong>Orientalium</strong></span> <span class='ocrx_word' id='word_1_797' title='bbox 3314 5474 3794 5532; x_wconf 86' lang='lat' dir='ltr'><strong>schismaticorum</strong></span> 
     </span>
    </p>
   </div>
   <div class='ocr_carea' id='block_1_115' title="bbox 2226 5562 3798 5635">
    <p class='ocr_par' dir='ltr' id='par_1_115' title="bbox 2226 5562 3798 5635">
     <span class='ocr_line' id='line_1_115' title="bbox 2226 5562 3798 5635; baseline 0.003 -16"><span class='ocrx_word' id='word_1_798' title='bbox 2226 5563 2434 5634; x_wconf 89' lang='lat' dir='ltr'><strong>judicio</strong></span> <span class='ocrx_word' id='word_1_799' title='bbox 2485 5563 2916 5622; x_wconf 83' lang='lat' dir='ltr'><strong>snbscribamus.</strong></span> <span class='ocrx_word' id='word_1_800' title='bbox 2949 5562 3191 5634; x_wconf 91' lang='lat' dir='ltr'><strong>Denique</strong></span> <span class='ocrx_word' id='word_1_801' title='bbox 3237 5580 3466 5635; x_wconf 92' lang='lat' dir='ltr'><strong>quorum</strong></span> <span class='ocrx_word' id='word_1_802' title='bbox 3496 5569 3798 5625; x_wconf 84' lang='lat' dir='ltr'><strong>auctoritas</strong></span> 
     </span>
    </p>
   </div>
   <div class='ocr_carea' id='block_1_116' title="bbox 2230 5655 3797 5726">
    <p class='ocr_par' dir='ltr' id='par_1_116' title="bbox 2230 5655 3797 5726">
     <span class='ocr_line' id='line_1_116' title="bbox 2230 5655 3797 5726; baseline 0.003 -15"><span class='ocrx_word' id='word_1_803' title='bbox 2230 5655 2334 5713; x_wconf 87' lang='lat' dir='ltr'><strong>hac</strong></span> <span class='ocrx_word' id='word_1_804' title='bbox 2363 5656 2419 5710; x_wconf 93' lang='lat' dir='ltr'><strong>in</strong></span> <span class='ocrx_word' id='word_1_805' title='bbox 2452 5671 2510 5711; x_wconf 94' lang='lat' dir='ltr'><strong>re</strong></span> <span class='ocrx_word' id='word_1_806' title='bbox 2538 5655 2713 5726; x_wconf 90' lang='lat' dir='ltr'><strong>major</strong></span> <span class='ocrx_word' id='word_1_807' title='bbox 2733 5671 2857 5711; x_wconf 89' lang='lat' dir='ltr'><strong>esse</strong></span> <span class='ocrx_word' id='word_1_808' title='bbox 2877 5655 3033 5711; x_wconf 89' lang='lat' dir='ltr'><strong>debet</strong></span> <span class='ocrx_word' id='word_1_809' title='bbox 3055 5671 3217 5726; x_wconf 86' lang='lat' dir='ltr'><strong>quam</strong></span> <span class='ocrx_word' id='word_1_810' title='bbox 3248 5657 3564 5726; x_wconf 90' lang='lat' dir='ltr'><strong>pontificum</strong></span> <span class='ocrx_word' id='word_1_811' title='bbox 3595 5657 3797 5714; x_wconf 78' lang='lat' dir='ltr'><strong>Roma-</strong></span> 
     </span>
    </p>
   </div>
   <div class='ocr_carea' id='block_1_117' title="bbox 2233 5747 3792 5818">
    <p class='ocr_par' dir='ltr' id='par_1_117' title="bbox 2233 5747 3792 5818">
     <span class='ocr_line' id='line_1_117' title="bbox 2233 5747 3792 5818; baseline 0.002 -16"><span class='ocrx_word' id='word_1_812' title='bbox 2233 5763 2516 5803; x_wconf 88' lang='lat' dir='ltr'><strong>manorum</strong></span> <span class='ocrx_word' id='word_1_813' title='bbox 2540 5751 2561 5802; x_wconf 88' lang='lat'><strong>?</strong></span> <span class='ocrx_word' id='word_1_814' title='bbox 2593 5747 2755 5818; x_wconf 84' lang='lat' dir='ltr'><strong>Atqui</strong></span> <span class='ocrx_word' id='word_1_815' title='bbox 2775 5748 3023 5804; x_wconf 84' lang='lat' dir='ltr'><strong>Gelasius</strong></span> <span class='ocrx_word' id='word_1_816' title='bbox 3053 5749 3107 5804; x_wconf 90' lang='lat' dir='ltr'><strong>in</strong></span> <span class='ocrx_word' id='word_1_817' title='bbox 3128 5749 3276 5806; x_wconf 69' lang='lat' dir='ltr'><strong>libro</strong></span> <span class='ocrx_word' id='word_1_818' title='bbox 3299 5748 3374 5805; x_wconf 74' lang='lat' dir='ltr'><strong>De</strong></span> <span class='ocrx_word' id='word_1_819' title='bbox 3400 5749 3603 5806; x_wconf 80' lang='lat' dir='ltr'><strong>duabus</strong></span> <span class='ocrx_word' id='word_1_820' title='bbox 3637 5763 3792 5807; x_wconf 84' lang='lat' dir='ltr'><strong>natu-</strong></span> 
     </span>
    </p>
   </div>
  </div>
