  <div class='ocr_page' id='page_1' title='image "/cluster/home/n/w/nwhite01/storage/ocr_20150623/19/nnc1.0037127454/042.png"; bbox 0 0 4070 6392; ppageno 0'>
   <div class='ocr_carea' id='block_1_1' title="bbox 236 369 3457 446">
    <p class='ocr_par' dir='ltr' id='par_1_1' title="bbox 236 369 3457 446">
     <span class='ocr_line' id='line_1_1' title="bbox 236 369 3457 446; baseline -0.007 0"><span class='ocrx_word' id='word_1_1' title='bbox 236 392 290 446; x_wconf 65' lang='grc' dir='ltr'><strong>ετ.</strong></span> <span class='ocrx_word' id='word_1_2' title='bbox 1649 373 1954 433; x_wconf 76' lang='lat' dir='ltr'><strong>NOTITIA.</strong></span> <span class='ocrx_word' id='word_1_3' title='bbox 3387 369 3457 423; x_wconf 79' lang='lat'><strong>66</strong></span> 
     </span>
    </p>
   </div>
   <div class='ocr_carea' id='block_1_2' title="bbox 239 487 3454 577">
    <p class='ocr_par' dir='ltr' id='par_1_2' title="bbox 239 487 3454 577">
     <span class='ocr_line' id='line_1_2' title="bbox 239 487 3454 577; baseline -0.005 -16"><span class='ocrx_word' id='word_1_4' title='bbox 239 517 311 577; x_wconf 56' lang='lat' dir='ltr'><strong>in,</strong></span> <span class='ocrx_word' id='word_1_5' title='bbox 346 507 629 566; x_wconf 74' lang='lat' dir='ltr'><strong>Eusebium</strong></span> <span class='ocrx_word' id='word_1_6' title='bbox 671 510 926 561; x_wconf 85' lang='lat' dir='ltr'><strong>nostrum</strong></span> <span class='ocrx_word' id='word_1_7' title='bbox 969 502 1113 557; x_wconf 83' lang='lat' dir='ltr'><strong>inter</strong></span> <span class='ocrx_word' id='word_1_8' title='bbox 1141 497 1451 556; x_wconf 78' lang='lat' dir='ltr'><strong>catholicos</strong></span> <span class='ocrx_word' id='word_1_9' title='bbox 1477 495 1776 566; x_wconf 85' lang='lat' dir='ltr'><strong>scriptores</strong></span> <span class='ocrx_word' id='word_1_10' title='bbox 1804 500 1850 556; x_wconf 75' lang='grc' dir='ltr'>Α</span> <span class='ocrx_word' id='word_1_11' title='bbox 1881 491 1997 553; x_wconf 88' lang='lat' dir='ltr'><strong>bat,</strong></span> <span class='ocrx_word' id='word_1_12' title='bbox 2029 488 2139 544; x_wconf 88' lang='lat' dir='ltr'><strong>imo</strong></span> <span class='ocrx_word' id='word_1_13' title='bbox 2166 489 2261 559; x_wconf 92' lang='lat' dir='ltr'><strong>qui</strong></span> <span class='ocrx_word' id='word_1_14' title='bbox 2286 506 2354 546; x_wconf 87' lang='lat' dir='ltr'><strong>ex</strong></span> <span class='ocrx_word' id='word_1_15' title='bbox 2385 490 2532 547; x_wconf 88' lang='lat' dir='ltr'><strong>illius</strong></span> <span class='ocrx_word' id='word_1_16' title='bbox 2561 487 2786 560; x_wconf 75' lang='lat' dir='ltr'><strong>scriptis</strong></span> <span class='ocrx_word' id='word_1_17' title='bbox 2815 494 3102 560; x_wconf 73' lang='lat' dir='ltr'><strong>tantopere</strong></span> <span class='ocrx_word' id='word_1_18' title='bbox 3123 491 3454 560; x_wconf 80' lang='lat' dir='ltr'><strong>profecerat;</strong></span> 
     </span>
    </p>
   </div>
   <div class='ocr_carea' id='block_1_3' title="bbox 239 585 1773 666">
    <p class='ocr_par' dir='ltr' id='par_1_3' title="bbox 239 585 1773 666">
     <span class='ocr_line' id='line_1_3' title="bbox 239 585 1773 666; baseline -0.011 -10"><span class='ocrx_word' id='word_1_19' title='bbox 239 601 406 664; x_wconf 86' lang='lat' dir='ltr'><strong>retulit,</strong></span> <span class='ocrx_word' id='word_1_20' title='bbox 435 599 650 666; x_wconf 90' lang='lat' dir='ltr'><strong>duoque</strong></span> <span class='ocrx_word' id='word_1_21' title='bbox 693 610 762 650; x_wconf 89' lang='lat' dir='ltr'><strong>ex</strong></span> <span class='ocrx_word' id='word_1_22' title='bbox 803 593 925 661; x_wconf 86' lang='lat' dir='ltr'><strong>ejus</strong></span> <span class='ocrx_word' id='word_1_23' title='bbox 957 590 1112 646; x_wconf 80' lang='lat' dir='ltr'><strong>libris</strong></span> <span class='ocrx_word' id='word_1_24' title='bbox 1164 586 1477 645; x_wconf 89' lang='lat' dir='ltr'><strong>testimonia</strong></span> <span class='ocrx_word' id='word_1_25' title='bbox 1503 585 1773 640; x_wconf 83' lang='lat' dir='ltr'><strong>recitavit.</strong></span> 
     </span>
    </p>
   </div>
   <div class='ocr_carea' id='block_1_4' title="bbox 239 676 1762 758">
    <p class='ocr_par' dir='ltr' id='par_1_4' title="bbox 239 676 1762 758">
     <span class='ocr_line' id='line_1_4' title="bbox 239 676 1762 758; baseline -0.012 -11"><span class='ocrx_word' id='word_1_26' title='bbox 239 693 318 747; x_wconf 88' lang='lat' dir='ltr'><strong>Sed</strong></span> <span class='ocrx_word' id='word_1_27' title='bbox 347 697 397 746; x_wconf 90' lang='lat' dir='ltr'><strong>et</strong></span> <span class='ocrx_word' id='word_1_28' title='bbox 439 687 695 758; x_wconf 86' lang='lat' dir='ltr'><strong>Pelagius</strong></span> <span class='ocrx_word' id='word_1_29' title='bbox 749 683 858 741; x_wconf 85' lang='lat' dir='ltr'><strong>PP.</strong></span> <span class='ocrx_word' id='word_1_30' title='bbox 892 697 1019 740; x_wconf 84' lang='lat' dir='ltr'><strong>eum</strong></span> <span class='ocrx_word' id='word_1_31' title='bbox 1069 683 1213 736; x_wconf 87' lang='lat' dir='ltr'><strong>inter</strong></span> <span class='ocrx_word' id='word_1_32' title='bbox 1266 677 1563 734; x_wconf 85' lang='lat' dir='ltr'><strong>historicos</strong></span> <span class='ocrx_word' id='word_1_33' title='bbox 1594 676 1762 730; x_wconf 87' lang='lat' dir='ltr'><strong>hono-</strong></span> 
     </span>
    </p>
   </div>
   <div class='ocr_carea' id='block_1_5' title="bbox 236 769 1776 841">
    <p class='ocr_par' dir='ltr' id='par_1_5' title="bbox 236 769 1776 841">
     <span class='ocr_line' id='line_1_5' title="bbox 236 769 1776 841; baseline -0.01 -4"><span class='ocrx_word' id='word_1_34' title='bbox 236 783 534 837; x_wconf 81' lang='lat' dir='ltr'><strong>ratissimum</strong></span> <span class='ocrx_word' id='word_1_35' title='bbox 555 777 826 841; x_wconf 84' lang='lat' dir='ltr'><strong>nominat,</strong></span> <span class='ocrx_word' id='word_1_36' title='bbox 867 781 922 831; x_wconf 91' lang='lat' dir='ltr'><strong>et</strong></span> <span class='ocrx_word' id='word_1_37' title='bbox 949 775 1018 830; x_wconf 88' lang='lat' dir='ltr'><strong>ah</strong></span> <span class='ocrx_word' id='word_1_38' title='bbox 1051 772 1201 828; x_wconf 88' lang='lat' dir='ltr'><strong>omni</strong></span> <span class='ocrx_word' id='word_1_39' title='bbox 1233 771 1505 826; x_wconf 66' lang='lat' dir='ltr'><strong>haereseos</strong></span> <span class='ocrx_word' id='word_1_40' title='bbox 1529 769 1650 824; x_wconf 86' lang='lat' dir='ltr'><strong>labe</strong></span> <span class='ocrx_word' id='word_1_41' title='bbox 1672 769 1776 823; x_wconf 88' lang='lat' dir='ltr'><strong>im-</strong></span> 
     </span>
    </p>
   </div>
   <div class='ocr_carea' id='block_1_6' title="bbox 237 859 1779 940">
    <p class='ocr_par' dir='ltr' id='par_1_6' title="bbox 237 859 1779 940">
     <span class='ocr_line' id='line_1_6' title="bbox 237 859 1779 940; baseline -0.01 -13"><span class='ocrx_word' id='word_1_42' title='bbox 237 889 419 929; x_wconf 77' lang='lat' dir='ltr'><strong>munem</strong></span> <span class='ocrx_word' id='word_1_43' title='bbox 445 886 568 927; x_wconf 87' lang='lat' dir='ltr'><strong>esse</strong></span> <span class='ocrx_word' id='word_1_44' title='bbox 595 867 940 940; x_wconf 85' lang='lat' dir='ltr'><strong>pronuntiat,</strong></span> <span class='ocrx_word' id='word_1_45' title='bbox 990 863 1210 920; x_wconf 82' lang='lat' dir='ltr'><strong>tametsi</strong></span> <span class='ocrx_word' id='word_1_46' title='bbox 1238 862 1530 934; x_wconf 89' lang='lat' dir='ltr'><strong>Origenem</strong></span> <span class='ocrx_word' id='word_1_47' title='bbox 1566 859 1779 915; x_wconf 75' lang='lat' dir='ltr'><strong>haereti-</strong></span> 
     </span>
    </p>
   </div>
   <div class='ocr_carea' id='block_1_7' title="bbox 238 951 1775 1021">
    <p class='ocr_par' dir='ltr' id='par_1_7' title="bbox 238 951 1775 1021">
     <span class='ocr_line' id='line_1_7' title="bbox 238 951 1775 1021; baseline -0.007 -4"><span class='ocrx_word' id='word_1_48' title='bbox 238 981 334 1018; x_wconf 81' lang='lat' dir='ltr'><strong>cum</strong></span> <span class='ocrx_word' id='word_1_49' title='bbox 357 963 576 1019; x_wconf 87' lang='lat' dir='ltr'><strong>summis</strong></span> <span class='ocrx_word' id='word_1_50' title='bbox 619 959 876 1015; x_wconf 85' lang='lat' dir='ltr'><strong>laudibus</strong></span> <span class='ocrx_word' id='word_1_51' title='bbox 933 956 1240 1012; x_wconf 81' lang='lat' dir='ltr'><strong>extulisset.</strong></span> <span class='ocrx_word' id='word_1_52' title='bbox 1268 953 1340 1007; x_wconf 88' lang='lat' dir='ltr'><strong>At</strong></span> <span class='ocrx_word' id='word_1_53' title='bbox 1385 953 1532 1008; x_wconf 88' lang='lat' dir='ltr'><strong>dicet</strong></span> <span class='ocrx_word' id='word_1_54' title='bbox 1577 951 1775 1021; x_wconf 77' lang='lat' dir='ltr'><strong>aliquis</strong></span> 
     </span>
    </p>
   </div>
   <div class='ocr_carea' id='block_1_8' title="bbox 237 1047 1772 1126">
    <p class='ocr_par' dir='ltr' id='par_1_8' title="bbox 237 1047 1772 1126">
     <span class='ocr_line' id='line_1_8' title="bbox 237 1047 1772 1126; baseline -0.009 -11"><span class='ocrx_word' id='word_1_55' title='bbox 237 1057 552 1115; x_wconf 76' lang='lat' dir='ltr'><strong>Orientalium</strong></span> <span class='ocrx_word' id='word_1_56' title='bbox 630 1053 814 1126; x_wconf 77' lang='lat' dir='ltr'><strong>potius</strong></span> <span class='ocrx_word' id='word_1_57' title='bbox 875 1051 1212 1122; x_wconf 86' lang='lat' dir='ltr'><strong>sequendum</strong></span> <span class='ocrx_word' id='word_1_58' title='bbox 1275 1063 1400 1105; x_wconf 89' lang='lat' dir='ltr'><strong>esse</strong></span> <span class='ocrx_word' id='word_1_59' title='bbox 1467 1047 1772 1118; x_wconf 85' lang='lat' dir='ltr'><strong>judicium,</strong></span> 
     </span>
    </p>
   </div>
   <div class='ocr_carea' id='block_1_9' title="bbox 238 1139 1776 1214">
    <p class='ocr_par' dir='ltr' id='par_1_9' title="bbox 238 1139 1776 1214">
     <span class='ocr_line' id='line_1_9' title="bbox 238 1139 1776 1214; baseline -0.008 -8"><span class='ocrx_word' id='word_1_60' title='bbox 238 1165 334 1206; x_wconf 84' lang='lat' dir='ltr'><strong>cum</strong></span> <span class='ocrx_word' id='word_1_61' title='bbox 358 1148 656 1206; x_wconf 86' lang='lat' dir='ltr'><strong>Orientales</strong></span> <span class='ocrx_word' id='word_1_62' title='bbox 684 1143 1005 1205; x_wconf 86' lang='lat' dir='ltr'><strong>Eusebium,</strong></span> <span class='ocrx_word' id='word_1_63' title='bbox 1027 1150 1216 1214; x_wconf 89' lang='lat' dir='ltr'><strong>utpote</strong></span> <span class='ocrx_word' id='word_1_64' title='bbox 1255 1141 1532 1198; x_wconf 84' lang='lat' dir='ltr'><strong>hominem</strong></span> <span class='ocrx_word' id='word_1_65' title='bbox 1577 1139 1776 1210; x_wconf 83' lang='lat' dir='ltr'><strong>linguae</strong></span> 
     </span>
    </p>
   </div>
   <div class='ocr_carea' id='block_1_10' title="bbox 240 1233 1775 1309">
    <p class='ocr_par' dir='ltr' id='par_1_10' title="bbox 240 1233 1775 1309">
     <span class='ocr_line' id='line_1_10' title="bbox 240 1233 1775 1309; baseline -0.009 -10"><span class='ocrx_word' id='word_1_66' title='bbox 240 1259 341 1308; x_wconf 64' lang='lat' dir='ltr'><strong>sum,</strong></span> <span class='ocrx_word' id='word_1_67' title='bbox 369 1243 557 1298; x_wconf 87' lang='lat' dir='ltr'><strong>melius</strong></span> <span class='ocrx_word' id='word_1_68' title='bbox 615 1255 780 1296; x_wconf 90' lang='lat' dir='ltr'><strong>nosse</strong></span> <span class='ocrx_word' id='word_1_69' title='bbox 807 1237 1105 1309; x_wconf 90' lang='lat' dir='ltr'><strong>potuerint.</strong></span> <span class='ocrx_word' id='word_1_70' title='bbox 1169 1234 1276 1290; x_wconf 87' lang='lat' dir='ltr'><strong>Sed</strong></span> <span class='ocrx_word' id='word_1_71' title='bbox 1325 1233 1647 1305; x_wconf 87' lang='lat' dir='ltr'><strong>responderi</strong></span> <span class='ocrx_word' id='word_1_72' title='bbox 1675 1247 1775 1304; x_wconf 91' lang='lat' dir='ltr'><strong>po-</strong></span> 
     </span>
    </p>
   </div>
   <div class='ocr_carea' id='block_1_11' title="bbox 238 1324 1777 1401">
    <p class='ocr_par' dir='ltr' id='par_1_11' title="bbox 238 1324 1777 1401">
     <span class='ocr_line' id='line_1_11' title="bbox 238 1324 1777 1401; baseline -0.007 -9"><span class='ocrx_word' id='word_1_73' title='bbox 238 1345 334 1400; x_wconf 82' lang='lat' dir='ltr'><strong>test,</strong></span> <span class='ocrx_word' id='word_1_74' title='bbox 361 1351 462 1389; x_wconf 91' lang='lat' dir='ltr'><strong>non</strong></span> <span class='ocrx_word' id='word_1_75' title='bbox 491 1334 692 1389; x_wconf 84' lang='lat' dir='ltr'><strong>deesse</strong></span> <span class='ocrx_word' id='word_1_76' title='bbox 754 1329 1022 1401; x_wconf 88' lang='lat' dir='ltr'><strong>quosdam</strong></span> <span class='ocrx_word' id='word_1_77' title='bbox 1067 1343 1135 1382; x_wconf 88' lang='lat' dir='ltr'><strong>ex</strong></span> <span class='ocrx_word' id='word_1_78' title='bbox 1164 1324 1558 1390; x_wconf 84' lang='lat' dir='ltr'><strong>Orientalibus,</strong></span> <span class='ocrx_word' id='word_1_79' title='bbox 1585 1326 1678 1396; x_wconf 89' lang='lat' dir='ltr'><strong>qui</strong></span> <span class='ocrx_word' id='word_1_80' title='bbox 1708 1325 1777 1381; x_wconf 90' lang='lat' dir='ltr'><strong>de</strong></span> 
     </span>
    </p>
   </div>
   <div class='ocr_carea' id='block_1_12' title="bbox 241 1415 1777 1489">
    <p class='ocr_par' dir='ltr' id='par_1_12' title="bbox 241 1415 1777 1489">
     <span class='ocr_line' id='line_1_12' title="bbox 241 1415 1777 1489; baseline -0.007 -9"><span class='ocrx_word' id='word_1_81' title='bbox 241 1427 430 1483; x_wconf 83' lang='lat' dir='ltr'><strong>Eusebio</strong></span> <span class='ocrx_word' id='word_1_82' title='bbox 457 1433 656 1481; x_wconf 90' lang='lat' dir='ltr'><strong>nostro</strong></span> <span class='ocrx_word' id='word_1_83' title='bbox 685 1423 824 1478; x_wconf 88' lang='lat' dir='ltr'><strong>bene</strong></span> <span class='ocrx_word' id='word_1_84' title='bbox 853 1420 1148 1477; x_wconf 88' lang='lat' dir='ltr'><strong>senserint.</strong></span> <span class='ocrx_word' id='word_1_85' title='bbox 1216 1417 1362 1474; x_wconf 91' lang='lat' dir='ltr'><strong>lnter</strong></span> <span class='ocrx_word' id='word_1_86' title='bbox 1389 1433 1529 1489; x_wconf 90' lang='lat' dir='ltr'><strong>quos</strong></span> <span class='ocrx_word' id='word_1_87' title='bbox 1556 1425 1642 1474; x_wconf 90' lang='lat' dir='ltr'><strong>est</strong></span> <span class='ocrx_word' id='word_1_88' title='bbox 1671 1415 1777 1471; x_wconf 88' lang='lat' dir='ltr'><strong>So-</strong></span> 
     </span>
    </p>
   </div>
   <div class='ocr_carea' id='block_1_13' title="bbox 240 1510 1777 1587">
    <p class='ocr_par' dir='ltr' id='par_1_13' title="bbox 240 1510 1777 1587">
     <span class='ocr_line' id='line_1_13' title="bbox 240 1510 1777 1587; baseline -0.006 -13"><span class='ocrx_word' id='word_1_89' title='bbox 240 1528 376 1575; x_wconf 79' lang='lat' dir='ltr'><strong>crates</strong></span> <span class='ocrx_word' id='word_1_90' title='bbox 398 1525 448 1574; x_wconf 89' lang='lat' dir='ltr'><strong>et</strong></span> <span class='ocrx_word' id='word_1_91' title='bbox 483 1517 742 1574; x_wconf 86' lang='lat' dir='ltr'><strong>Gelasius</strong></span> <span class='ocrx_word' id='word_1_92' title='bbox 766 1514 1090 1587; x_wconf 86' lang='lat' dir='ltr'><strong>Cyzicenus.</strong></span> <span class='ocrx_word' id='word_1_93' title='bbox 1121 1511 1276 1580; x_wconf 87' lang='lat' dir='ltr'><strong>Quod</strong></span> <span class='ocrx_word' id='word_1_94' title='bbox 1332 1510 1378 1567; x_wconf 87' lang='lat' dir='ltr'><strong>si</strong></span> <span class='ocrx_word' id='word_1_95' title='bbox 1411 1510 1655 1580; x_wconf 65' lang='lat' dir='ltr'><strong>septimae</strong></span> <span class='ocrx_word' id='word_1_96' title='bbox 1694 1525 1777 1581; x_wconf 87' lang='lat' dir='ltr'><strong>sy-</strong></span> 
     </span>
    </p>
   </div>
   <div class='ocr_carea' id='block_1_14' title="bbox 241 1601 1776 1679">
    <p class='ocr_par' dir='ltr' id='par_1_14' title="bbox 241 1601 1776 1679">
     <span class='ocr_line' id='line_1_14' title="bbox 241 1601 1776 1679; baseline -0.008 -13"><span class='ocrx_word' id='word_1_97' title='bbox 241 1612 708 1667; x_wconf 74' lang='lat' dir='ltr'><strong>nodimcumenicae</strong></span> <span class='ocrx_word' id='word_1_98' title='bbox 766 1608 1037 1679; x_wconf 83' lang='lat' dir='ltr'><strong>judicium</strong></span> <span class='ocrx_word' id='word_1_99' title='bbox 1108 1605 1266 1661; x_wconf 88' lang='lat' dir='ltr'><strong>nobis</strong></span> <span class='ocrx_word' id='word_1_100' title='bbox 1330 1611 1658 1674; x_wconf 89' lang='lat' dir='ltr'><strong>opponatur,</strong></span> <span class='ocrx_word' id='word_1_101' title='bbox 1717 1601 1776 1655; x_wconf 92' lang='lat' dir='ltr'><strong>in</strong></span> 
     </span>
    </p>
   </div>
   <div class='ocr_carea' id='block_1_15' title="bbox 240 1691 1778 1772">
    <p class='ocr_par' dir='ltr' id='par_1_15' title="bbox 240 1691 1778 1772">
     <span class='ocr_line' id='line_1_15' title="bbox 240 1691 1778 1772; baseline -0.006 -15"><span class='ocrx_word' id='word_1_102' title='bbox 240 1712 444 1772; x_wconf 83' lang='lat' dir='ltr'><strong>promptu</strong></span> <span class='ocrx_word' id='word_1_103' title='bbox 471 1708 557 1757; x_wconf 88' lang='lat' dir='ltr'><strong>est</strong></span> <span class='ocrx_word' id='word_1_104' title='bbox 587 1699 900 1771; x_wconf 90' lang='lat' dir='ltr'><strong>responsio.</strong></span> <span class='ocrx_word' id='word_1_105' title='bbox 930 1696 1118 1768; x_wconf 87' lang='lat' dir='ltr'><strong>Neque</strong></span> <span class='ocrx_word' id='word_1_106' title='bbox 1149 1697 1295 1751; x_wconf 91' lang='lat' dir='ltr'><strong>enim</strong></span> <span class='ocrx_word' id='word_1_107' title='bbox 1328 1693 1396 1750; x_wconf 89' lang='lat' dir='ltr'><strong>de</strong></span> <span class='ocrx_word' id='word_1_108' title='bbox 1427 1693 1647 1750; x_wconf 87' lang='lat' dir='ltr'><strong>Eusebii</strong></span> <span class='ocrx_word' id='word_1_109' title='bbox 1673 1691 1778 1748; x_wconf 86' lang='lat' dir='ltr'><strong>fide</strong></span> 
     </span>
    </p>
   </div>
   <div class='ocr_carea' id='block_1_16' title="bbox 236 1779 1776 1862">
    <p class='ocr_par' dir='ltr' id='par_1_16' title="bbox 236 1779 1776 1862">
     <span class='ocr_line' id='line_1_16' title="bbox 236 1779 1776 1862; baseline -0.006 -19"><span class='ocrx_word' id='word_1_110' title='bbox 236 1792 450 1862; x_wconf 66' lang='lat' dir='ltr'><strong>agebatur</strong></span> <span class='ocrx_word' id='word_1_111' title='bbox 475 1791 530 1845; x_wconf 93' lang='lat' dir='ltr'><strong>in</strong></span> <span class='ocrx_word' id='word_1_112' title='bbox 558 1790 658 1844; x_wconf 92' lang='lat' dir='ltr'><strong>illa</strong></span> <span class='ocrx_word' id='word_1_113' title='bbox 689 1787 919 1860; x_wconf 84' lang='lat' dir='ltr'><strong>synodo,</strong></span> <span class='ocrx_word' id='word_1_114' title='bbox 953 1785 1048 1842; x_wconf 89' lang='lat' dir='ltr'><strong>sed</strong></span> <span class='ocrx_word' id='word_1_115' title='bbox 1077 1785 1144 1840; x_wconf 92' lang='lat' dir='ltr'><strong>de</strong></span> <span class='ocrx_word' id='word_1_116' title='bbox 1167 1784 1464 1854; x_wconf 78' lang='lat' dir='ltr'><strong>imaginum</strong></span> <span class='ocrx_word' id='word_1_117' title='bbox 1492 1782 1663 1836; x_wconf 87' lang='lat' dir='ltr'><strong>cultu.</strong></span> <span class='ocrx_word' id='word_1_118' title='bbox 1691 1779 1776 1834; x_wconf 89' lang='lat' dir='ltr'><strong>Ad</strong></span> 
     </span>
    </p>
   </div>
   <div class='ocr_carea' id='block_1_17' title="bbox 1876 579 3459 650">
    <p class='ocr_par' dir='ltr' id='par_1_17' title="bbox 1876 579 3459 650">
     <span class='ocr_line' id='line_1_17' title="bbox 1876 579 3459 650; baseline 0.001 -16"><span class='ocrx_word' id='word_1_119' title='bbox 1876 582 1969 650; x_wconf 91' lang='lat' dir='ltr'><strong>qui</strong></span> <span class='ocrx_word' id='word_1_120' title='bbox 1997 579 2313 636; x_wconf 85' lang='lat' dir='ltr'><strong>Chronicum</strong></span> <span class='ocrx_word' id='word_1_121' title='bbox 2339 581 2459 650; x_wconf 87' lang='lat' dir='ltr'><strong>ejus</strong></span> <span class='ocrx_word' id='word_1_122' title='bbox 2479 598 2732 636; x_wconf 89' lang='lat' dir='ltr'><strong>canonem</strong></span> <span class='ocrx_word' id='word_1_123' title='bbox 2761 591 2815 637; x_wconf 86' lang='lat' dir='ltr'><strong>et</strong></span> <span class='ocrx_word' id='word_1_124' title='bbox 2842 582 3040 636; x_wconf 90' lang='lat' dir='ltr'><strong>librum</strong></span> <span class='ocrx_word' id='word_1_125' title='bbox 3073 581 3150 636; x_wconf 88' lang='lat' dir='ltr'><strong>De</strong></span> <span class='ocrx_word' id='word_1_126' title='bbox 3177 583 3306 637; x_wconf 81' lang='lat' dir='ltr'><strong>locis</strong></span> <span class='ocrx_word' id='word_1_127' title='bbox 3342 582 3459 636; x_wconf 81' lang='lat' dir='ltr'><strong>ﬂe-</strong></span> 
     </span>
    </p>
   </div>
   <div class='ocr_carea' id='block_1_18' title="bbox 1876 671 3462 738">
    <p class='ocr_par' dir='ltr' id='par_1_18' title="bbox 1876 671 3462 738">
     <span class='ocr_line' id='line_1_18' title="bbox 1876 671 3462 738; baseline 0.001 -12"><span class='ocrx_word' id='word_1_128' title='bbox 1876 674 2071 728; x_wconf 83' lang='lat' dir='ltr'><strong>braicis</strong></span> <span class='ocrx_word' id='word_1_129' title='bbox 2096 675 2150 728; x_wconf 92' lang='lat' dir='ltr'><strong>in</strong></span> <span class='ocrx_word' id='word_1_130' title='bbox 2184 671 2438 728; x_wconf 85' lang='lat' dir='ltr'><strong>Latinum</strong></span> <span class='ocrx_word' id='word_1_131' title='bbox 2462 689 2774 731; x_wconf 83' lang='lat' dir='ltr'><strong>sermonem</strong></span> <span class='ocrx_word' id='word_1_132' title='bbox 2801 681 3169 738; x_wconf 78' lang='lat' dir='ltr'><strong>converterat,</strong></span> <span class='ocrx_word' id='word_1_133' title='bbox 3214 674 3318 729; x_wconf 89' lang='lat' dir='ltr'><strong>hoc</strong></span> <span class='ocrx_word' id='word_1_134' title='bbox 3350 673 3462 728; x_wconf 91' lang='lat' dir='ltr'><strong>Eu-</strong></span> 
     </span>
    </p>
   </div>
   <div class='ocr_carea' id='block_1_19' title="bbox 1874 764 3459 836">
    <p class='ocr_par' dir='ltr' id='par_1_19' title="bbox 1874 764 3459 836">
     <span class='ocr_line' id='line_1_19' title="bbox 1874 764 3459 836; baseline 0 -16"><span class='ocrx_word' id='word_1_135' title='bbox 1874 766 2088 821; x_wconf 90' lang='lat' dir='ltr'><strong>sebium</strong></span> <span class='ocrx_word' id='word_1_136' title='bbox 2115 765 2346 820; x_wconf 80' lang='lat' dir='ltr'><strong>infamat</strong></span> <span class='ocrx_word' id='word_1_137' title='bbox 2385 765 2586 836; x_wconf 85' lang='lat' dir='ltr'><strong>elogio,</strong></span> <span class='ocrx_word' id='word_1_138' title='bbox 2637 764 2784 835; x_wconf 90' lang='lat' dir='ltr'><strong>quod</strong></span> <span class='ocrx_word' id='word_1_139' title='bbox 2813 780 2882 820; x_wconf 89' lang='lat' dir='ltr'><strong>ne</strong></span> <span class='ocrx_word' id='word_1_140' title='bbox 2932 765 3292 821; x_wconf 87' lang='lat' dir='ltr'><strong>infensissimi</strong></span> <span class='ocrx_word' id='word_1_141' title='bbox 3330 766 3459 836; x_wconf 80' lang='lat' dir='ltr'><strong>qui-</strong></span> 
     </span>
    </p>
   </div>
   <div class='ocr_carea' id='block_1_20' title="bbox 1874 858 3460 928">
    <p class='ocr_par' dir='ltr' id='par_1_20' title="bbox 1874 858 3460 928">
     <span class='ocr_line' id='line_1_20' title="bbox 1874 858 3460 928; baseline -0.002 -14"><span class='ocrx_word' id='word_1_142' title='bbox 1874 858 1997 914; x_wconf 88' lang='lat' dir='ltr'><strong>dem</strong></span> <span class='ocrx_word' id='word_1_143' title='bbox 2027 858 2212 915; x_wconf 86' lang='lat' dir='ltr'><strong>hostes</strong></span> <span class='ocrx_word' id='word_1_144' title='bbox 2247 872 2489 928; x_wconf 91' lang='lat' dir='ltr'><strong>unquam</strong></span> <span class='ocrx_word' id='word_1_145' title='bbox 2530 859 2606 912; x_wconf 88' lang='lat' dir='ltr'><strong>illi</strong></span> <span class='ocrx_word' id='word_1_146' title='bbox 2639 858 2972 913; x_wconf 90' lang='lat' dir='ltr'><strong>tribuerunt.</strong></span> <span class='ocrx_word' id='word_1_147' title='bbox 3007 858 3178 926; x_wconf 86' lang='lat' dir='ltr'><strong>Cujus</strong></span> <span class='ocrx_word' id='word_1_148' title='bbox 3209 859 3286 914; x_wconf 87' lang='lat' dir='ltr'><strong>rei</strong></span> <span class='ocrx_word' id='word_1_149' title='bbox 3324 873 3460 913; x_wconf 80' lang='lat' dir='ltr'><strong>cau-</strong></span> 
     </span>
    </p>
   </div>
   <div class='ocr_carea' id='block_1_21' title="bbox 1874 949 3460 1022">
    <p class='ocr_par' dir='ltr' id='par_1_21' title="bbox 1874 949 3460 1022">
     <span class='ocr_line' id='line_1_21' title="bbox 1874 949 3460 1022; baseline 0 -17"><span class='ocrx_word' id='word_1_150' title='bbox 1874 966 1990 1005; x_wconf 89' lang='lat' dir='ltr'><strong>sam</strong></span> <span class='ocrx_word' id='word_1_151' title='bbox 2018 951 2266 1007; x_wconf 89' lang='lat' dir='ltr'><strong>invenire</strong></span> <span class='ocrx_word' id='word_1_152' title='bbox 2316 965 2427 1004; x_wconf 90' lang='lat' dir='ltr'><strong>non</strong></span> <span class='ocrx_word' id='word_1_153' title='bbox 2477 966 2726 1021; x_wconf 88' lang='lat' dir='ltr'><strong>possum,</strong></span> <span class='ocrx_word' id='word_1_154' title='bbox 2754 952 2859 1006; x_wconf 91' lang='lat' dir='ltr'><strong>nisi</strong></span> <span class='ocrx_word' id='word_1_155' title='bbox 2889 951 3037 1020; x_wconf 91' lang='lat' dir='ltr'><strong>quod</strong></span> <span class='ocrx_word' id='word_1_156' title='bbox 3089 949 3460 1022; x_wconf 83' lang='lat' dir='ltr'><strong>Hieronymus</strong></span> 
     </span>
    </p>
   </div>
   <div class='ocr_carea' id='block_1_22' title="bbox 1874 1043 3460 1116">
    <p class='ocr_par' dir='ltr' id='par_1_22' title="bbox 1874 1043 3460 1116">
     <span class='ocr_line' id='line_1_22' title="bbox 1874 1043 3460 1116; baseline 0.001 -15"><span class='ocrx_word' id='word_1_157' title='bbox 1874 1053 2136 1116; x_wconf 83' lang='lat' dir='ltr'><strong>suscepto</strong></span> <span class='ocrx_word' id='word_1_158' title='bbox 2190 1045 2457 1102; x_wconf 88' lang='lat' dir='ltr'><strong>adversus</strong></span> <span class='ocrx_word' id='word_1_159' title='bbox 2510 1043 2800 1116; x_wconf 85' lang='lat' dir='ltr'><strong>Origenem</strong></span> <span class='ocrx_word' id='word_1_160' title='bbox 2860 1045 3010 1108; x_wconf 87' lang='lat' dir='ltr'><strong>odio,</strong></span> <span class='ocrx_word' id='word_1_161' title='bbox 3057 1053 3287 1101; x_wconf 84' lang='lat' dir='ltr'><strong>cunctos</strong></span> <span class='ocrx_word' id='word_1_162' title='bbox 3337 1045 3460 1115; x_wconf 85' lang='lat' dir='ltr'><strong>ejus</strong></span> 
     </span>
    </p>
   </div>
   <div class='ocr_carea' id='block_1_23' title="bbox 1874 1135 3458 1208">
    <p class='ocr_par' dir='ltr' id='par_1_23' title="bbox 1874 1135 3458 1208">
     <span class='ocr_line' id='line_1_23' title="bbox 1874 1135 3458 1208; baseline 0.003 -19"><span class='ocrx_word' id='word_1_163' title='bbox 1874 1135 2193 1206; x_wconf 90' lang='lat' dir='ltr'><strong>dogmatum</strong></span> <span class='ocrx_word' id='word_1_164' title='bbox 2224 1135 2567 1201; x_wconf 88' lang='lat' dir='ltr'><strong>defensores,</strong></span> <span class='ocrx_word' id='word_1_165' title='bbox 2621 1151 2685 1192; x_wconf 91' lang='lat' dir='ltr'><strong>ac</strong></span> <span class='ocrx_word' id='word_1_166' title='bbox 2719 1137 2991 1208; x_wconf 72' lang='lat' dir='ltr'><strong>praecipue</strong></span> <span class='ocrx_word' id='word_1_167' title='bbox 3025 1136 3324 1192; x_wconf 82' lang='lat' dir='ltr'><strong>Eusebium</strong></span> <span class='ocrx_word' id='word_1_168' title='bbox 3353 1153 3458 1194; x_wconf 81' lang='lat' dir='ltr'><strong>no-</strong></span> 
     </span>
    </p>
   </div>
   <div class='ocr_carea' id='block_1_24' title="bbox 1874 1227 3453 1300">
    <p class='ocr_par' dir='ltr' id='par_1_24' title="bbox 1874 1227 3453 1300">
     <span class='ocr_line' id='line_1_24' title="bbox 1874 1227 3453 1300; baseline -0.002 -15"><span class='ocrx_word' id='word_1_169' title='bbox 1874 1240 2049 1285; x_wconf 88' lang='lat' dir='ltr'><strong>strum</strong></span> <span class='ocrx_word' id='word_1_170' title='bbox 2080 1230 2371 1285; x_wconf 90' lang='lat' dir='ltr'><strong>immodice</strong></span> <span class='ocrx_word' id='word_1_171' title='bbox 2393 1237 2479 1285; x_wconf 91' lang='lat' dir='ltr'><strong>est</strong></span> <span class='ocrx_word' id='word_1_172' title='bbox 2501 1236 2843 1300; x_wconf 90' lang='lat' dir='ltr'><strong>persecutus.</strong></span> <span class='ocrx_word' id='word_1_173' title='bbox 2877 1227 3179 1283; x_wconf 86' lang='lat' dir='ltr'><strong>Fatendum</strong></span> <span class='ocrx_word' id='word_1_174' title='bbox 3228 1229 3453 1300; x_wconf 85' lang='lat' dir='ltr'><strong>quidem</strong></span> 
     </span>
    </p>
   </div>
   <div class='ocr_carea' id='block_1_25' title="bbox 1874 1319 3454 1390">
    <p class='ocr_par' dir='ltr' id='par_1_25' title="bbox 1874 1319 3454 1390">
     <span class='ocr_line' id='line_1_25' title="bbox 1874 1319 3454 1390; baseline -0.001 -14"><span class='ocrx_word' id='word_1_175' title='bbox 1874 1330 1976 1385; x_wconf 91' lang='lat' dir='ltr'><strong>est,</strong></span> <span class='ocrx_word' id='word_1_176' title='bbox 2011 1319 2307 1376; x_wconf 87' lang='lat' dir='ltr'><strong>Eusebium</strong></span> <span class='ocrx_word' id='word_1_177' title='bbox 2358 1327 2634 1386; x_wconf 90' lang='lat' dir='ltr'><strong>nostrum,</strong></span> <span class='ocrx_word' id='word_1_178' title='bbox 2686 1321 2790 1376; x_wconf 92' lang='lat' dir='ltr'><strong>etsi</strong></span> <span class='ocrx_word' id='word_1_179' title='bbox 2834 1319 3161 1376; x_wconf 82' lang='lat' dir='ltr'><strong>Arianorum</strong></span> <span class='ocrx_word' id='word_1_180' title='bbox 3222 1319 3454 1390; x_wconf 80' lang='lat' dir='ltr'><strong>signifer</strong></span> 
     </span>
    </p>
   </div>
   <div class='ocr_carea' id='block_1_26' title="bbox 1887 1410 3460 1485">
    <p class='ocr_par' dir='ltr' id='par_1_26' title="bbox 1887 1410 3460 1485">
     <span class='ocr_line' id='line_1_26' title="bbox 1887 1410 3460 1485; baseline 0 -19"><span class='ocrx_word' id='word_1_181' title='bbox 1887 1413 2216 1468; x_wconf 81' lang='lat' dir='ltr'><strong>meritO&#39;dici</strong></span> <span class='ocrx_word' id='word_1_182' title='bbox 2250 1428 2358 1468; x_wconf 93' lang='lat' dir='ltr'><strong>non</strong></span> <span class='ocrx_word' id='word_1_183' title='bbox 2390 1413 2584 1485; x_wconf 89' lang='lat' dir='ltr'><strong>possit,</strong></span> <span class='ocrx_word' id='word_1_184' title='bbox 2621 1419 2802 1466; x_wconf 91' lang='lat' dir='ltr'><strong>tamen</strong></span> <span class='ocrx_word' id='word_1_185' title='bbox 2846 1426 2970 1466; x_wconf 92' lang='lat' dir='ltr'><strong>cum</strong></span> <span class='ocrx_word' id='word_1_186' title='bbox 3021 1410 3349 1465; x_wconf 84' lang='lat' dir='ltr'><strong>Arianorum</strong></span> <span class='ocrx_word' id='word_1_187' title='bbox 3383 1412 3460 1466; x_wconf 80' lang='lat' dir='ltr'><strong>si-</strong></span> 
     </span>
    </p>
   </div>
   <div class='ocr_carea' id='block_1_27' title="bbox 1875 1502 3458 1576">
    <p class='ocr_par' dir='ltr' id='par_1_27' title="bbox 1875 1502 3458 1576">
     <span class='ocr_line' id='line_1_27' title="bbox 1875 1502 3458 1576; baseline -0.001 -19"><span class='ocrx_word' id='word_1_188' title='bbox 1875 1503 2102 1576; x_wconf 85' lang='lat' dir='ltr'><strong>gniferis</strong></span> <span class='ocrx_word' id='word_1_189' title='bbox 2131 1513 2254 1575; x_wconf 88' lang='lat' dir='ltr'><strong>post</strong></span> <span class='ocrx_word' id='word_1_190' title='bbox 2280 1504 2554 1559; x_wconf 85' lang='lat' dir='ltr'><strong>Nieaenam</strong></span> <span class='ocrx_word' id='word_1_191' title='bbox 2599 1502 2865 1575; x_wconf 87' lang='lat' dir='ltr'><strong>synodum</strong></span> <span class='ocrx_word' id='word_1_192' title='bbox 2894 1510 3157 1573; x_wconf 91' lang='lat' dir='ltr'><strong>perpetuo</strong></span> <span class='ocrx_word' id='word_1_193' title='bbox 3178 1509 3458 1556; x_wconf 89' lang='lat' dir='ltr'><strong>versatum</strong></span> 
     </span>
    </p>
   </div>
   <div class='ocr_carea' id='block_1_28' title="bbox 1877 1592 3461 1666">
    <p class='ocr_par' dir='ltr' id='par_1_28' title="bbox 1877 1592 3461 1666">
     <span class='ocr_line' id='line_1_28' title="bbox 1877 1592 3461 1666; baseline -0.003 -16"><span class='ocrx_word' id='word_1_194' title='bbox 1877 1599 2068 1662; x_wconf 89' lang='lat' dir='ltr'><strong>luisse,</strong></span> <span class='ocrx_word' id='word_1_195' title='bbox 2095 1603 2149 1652; x_wconf 91' lang='lat' dir='ltr'><strong>et</strong></span> <span class='ocrx_word' id='word_1_196' title='bbox 2174 1613 2282 1652; x_wconf 90' lang='lat' dir='ltr'><strong>una</strong></span> <span class='ocrx_word' id='word_1_197' title='bbox 2311 1613 2434 1652; x_wconf 91' lang='lat' dir='ltr'><strong>cum</strong></span> <span class='ocrx_word' id='word_1_198' title='bbox 2465 1597 2571 1651; x_wconf 90' lang='lat' dir='ltr'><strong>illis</strong></span> <span class='ocrx_word' id='word_1_199' title='bbox 2633 1596 2985 1666; x_wconf 87' lang='lat' dir='ltr'><strong>impugnasse</strong></span> <span class='ocrx_word' id='word_1_200' title='bbox 3019 1594 3319 1648; x_wconf 87' lang='lat' dir='ltr'><strong>catholicos</strong></span> <span class='ocrx_word' id='word_1_201' title='bbox 3343 1592 3461 1663; x_wconf 82' lang='lat' dir='ltr'><strong>epi-</strong></span> 
     </span>
    </p>
   </div>
   <div class='ocr_carea' id='block_1_29' title="bbox 1878 1683 3462 1760">
    <p class='ocr_par' dir='ltr' id='par_1_29' title="bbox 1878 1683 3462 1760">
     <span class='ocr_line' id='line_1_29' title="bbox 1878 1683 3462 1760; baseline -0.004 -16"><span class='ocrx_word' id='word_1_202' title='bbox 1878 1703 2096 1760; x_wconf 89' lang='lat' dir='ltr'><strong>scopos,</strong></span> <span class='ocrx_word' id='word_1_203' title='bbox 2134 1688 2481 1745; x_wconf 89' lang='lat' dir='ltr'><strong>Eustathium</strong></span> <span class='ocrx_word' id='word_1_204' title='bbox 2510 1688 2720 1744; x_wconf 82' lang='lat' dir='ltr'><strong>scilicet</strong></span> <span class='ocrx_word' id='word_1_205' title='bbox 2753 1694 2808 1742; x_wconf 92' lang='lat' dir='ltr'><strong>et</strong></span> <span class='ocrx_word' id='word_1_206' title='bbox 2847 1686 3230 1746; x_wconf 85' lang='lat' dir='ltr'><strong>Athanasium,</strong></span> <span class='ocrx_word' id='word_1_207' title='bbox 3265 1683 3462 1754; x_wconf 74' lang='lat' dir='ltr'><strong>praeci-</strong></span> 
     </span>
    </p>
   </div>
   <div class='ocr_carea' id='block_1_30' title="bbox 1878 1775 3460 1852">
    <p class='ocr_par' dir='ltr' id='par_1_30' title="bbox 1878 1775 3460 1852">
     <span class='ocr_line' id='line_1_30' title="bbox 1878 1775 3460 1852; baseline -0.003 -18"><span class='ocrx_word' id='word_1_208' title='bbox 1878 1797 2018 1852; x_wconf 89' lang='lat' dir='ltr'><strong>puos</strong></span> <span class='ocrx_word' id='word_1_209' title='bbox 2053 1780 2318 1836; x_wconf 75' lang='lat' dir='ltr'><strong>Houousu</strong></span> <span class='ocrx_word' id='word_1_210' title='bbox 2365 1778 2706 1835; x_wconf 82' lang='lat' dir='ltr'><strong>defensores.</strong></span> <span class='ocrx_word' id='word_1_211' title='bbox 2745 1775 2881 1832; x_wconf 84' lang='lat' dir='ltr'><strong>Illud</strong></span> <span class='ocrx_word' id='word_1_212' title='bbox 2921 1792 3142 1847; x_wconf 84' lang='lat' dir='ltr'><strong>quoque</strong></span> <span class='ocrx_word' id='word_1_213' title='bbox 3197 1777 3252 1830; x_wconf 90' lang='lat' dir='ltr'><strong>in</strong></span> <span class='ocrx_word' id='word_1_214' title='bbox 3286 1776 3460 1833; x_wconf 80' lang='lat' dir='ltr'><strong>Euse—</strong></span> 
     </span>
    </p>
   </div>
   <div class='ocr_carea' id='block_1_31' title="bbox 239 1863 3458 1953">
    <p class='ocr_par' dir='ltr' id='par_1_31' title="bbox 239 1863 3458 1953">
     <span class='ocr_line' id='line_1_31' title="bbox 239 1863 3458 1953; baseline -0.005 -17"><span class='ocrx_word' id='word_1_215' title='bbox 239 1899 362 1953; x_wconf 84' lang='lat' dir='ltr'><strong>quem</strong></span> <span class='ocrx_word' id='word_1_216' title='bbox 388 1880 823 1938; x_wconf 84' lang='lat' dir='ltr'><strong>subvertendum</strong></span> <span class='ocrx_word' id='word_1_217' title='bbox 855 1893 981 1934; x_wconf 89' lang='lat' dir='ltr'><strong>cum</strong></span> <span class='ocrx_word' id='word_1_218' title='bbox 1034 1875 1336 1932; x_wconf 85' lang='lat' dir='ltr'><strong>adversarii</strong></span> <span class='ocrx_word' id='word_1_219' title='bbox 1363 1874 1526 1944; x_wconf 89' lang='lat' dir='ltr'><strong>paulo</strong></span> <span class='ocrx_word' id='word_1_220' title='bbox 1570 1879 1698 1927; x_wconf 90' lang='lat' dir='ltr'><strong>ante</strong></span> <span class='ocrx_word' id='word_1_221' title='bbox 1718 1871 1774 1925; x_wconf 92' lang='lat' dir='ltr'><strong>in</strong></span> <span class='ocrx_word' id='word_1_222' title='bbox 1804 1863 1847 1918; x_wconf 87' lang='grc' dir='ltr'><strong>Β</strong></span> <span class='ocrx_word' id='word_1_223' title='bbox 1877 1875 1968 1929; x_wconf 91' lang='lat' dir='ltr'><strong>hio</strong></span> <span class='ocrx_word' id='word_1_224' title='bbox 1995 1872 2504 1944; x_wconf 88' lang='lat' dir='ltr'><strong>reprehendendum</strong></span> <span class='ocrx_word' id='word_1_225' title='bbox 2525 1872 2762 1936; x_wconf 87' lang='lat' dir='ltr'><strong>videtur,</strong></span> <span class='ocrx_word' id='word_1_226' title='bbox 2782 1869 2928 1939; x_wconf 92' lang='lat' dir='ltr'><strong>quod</strong></span> <span class='ocrx_word' id='word_1_227' title='bbox 2957 1869 3084 1923; x_wconf 89' lang='lat' dir='ltr'><strong>licet</strong></span> <span class='ocrx_word' id='word_1_228' title='bbox 3099 1868 3458 1923; x_wconf 60' lang='lat' dir='ltr'><strong>aeternitatem</strong></span> 
     </span>
    </p>
   </div>
   <div class='ocr_carea' id='block_1_32' title="bbox 238 1962 1773 2046">
    <p class='ocr_par' dir='ltr' id='par_1_32' title="bbox 238 1962 1773 2046">
     <span class='ocr_line' id='line_1_32' title="bbox 238 1962 1773 2046; baseline -0.007 -17"><span class='ocrx_word' id='word_1_229' title='bbox 238 1975 341 2030; x_wconf 86' lang='lat' dir='ltr'><strong>urbe</strong></span> <span class='ocrx_word' id='word_1_230' title='bbox 361 1973 516 2046; x_wconf 80' lang='lat' dir='ltr'><strong>Regia</strong></span> <span class='ocrx_word' id='word_1_231' title='bbox 541 1972 889 2044; x_wconf 74' lang='lat' dir='ltr'><strong>congregati,</strong></span> <span class='ocrx_word' id='word_1_232' title='bbox 919 1968 1295 2026; x_wconf 88' lang='lat' dir='ltr'><strong>testimonium</strong></span> <span class='ocrx_word' id='word_1_233' title='bbox 1331 1980 1399 2021; x_wconf 79' lang='lat' dir='ltr'><strong>ex</strong></span> <span class='ocrx_word' id='word_1_234' title='bbox 1428 1963 1650 2020; x_wconf 83' lang='lat' dir='ltr'><strong>Eusebii</strong></span> <span class='ocrx_word' id='word_1_235' title='bbox 1703 1962 1773 2018; x_wconf 88' lang='lat' dir='ltr'><strong>ad</strong></span> 
     </span>
    </p>
   </div>
   <div class='ocr_carea' id='block_1_33' title="bbox 237 2051 1776 2133">
    <p class='ocr_par' dir='ltr' id='par_1_33' title="bbox 237 2051 1776 2133">
     <span class='ocr_line' id='line_1_33' title="bbox 237 2051 1776 2133; baseline -0.008 -14"><span class='ocrx_word' id='word_1_236' title='bbox 237 2064 570 2121; x_wconf 84' lang='lat' dir='ltr'><strong>Constantiam</strong></span> <span class='ocrx_word' id='word_1_237' title='bbox 603 2063 846 2133; x_wconf 83' lang='lat' dir='ltr'><strong>epistola</strong></span> <span class='ocrx_word' id='word_1_238' title='bbox 876 2059 1255 2131; x_wconf 89' lang='lat' dir='ltr'><strong>protulissent,</strong></span> <span class='ocrx_word' id='word_1_239' title='bbox 1309 2069 1486 2125; x_wconf 91' lang='lat' dir='ltr'><strong>eoque</strong></span> <span class='ocrx_word' id='word_1_240' title='bbox 1538 2051 1776 2107; x_wconf 85' lang='lat' dir='ltr'><strong>maxime</strong></span> 
     </span>
    </p>
   </div>
   <div class='ocr_carea' id='block_1_34' title="bbox 239 2145 1774 2225">
    <p class='ocr_par' dir='ltr' id='par_1_34' title="bbox 239 2145 1774 2225">
     <span class='ocr_line' id='line_1_34' title="bbox 239 2145 1774 2225; baseline -0.01 -13"><span class='ocrx_word' id='word_1_241' title='bbox 239 2160 531 2224; x_wconf 77' lang='lat' dir='ltr'><strong>niterentur;</strong></span> <span class='ocrx_word' id='word_1_242' title='bbox 569 2155 772 2212; x_wconf 85' lang='lat' dir='ltr'><strong>Patres</strong></span> <span class='ocrx_word' id='word_1_243' title='bbox 825 2154 1071 2225; x_wconf 75' lang='lat' dir='ltr'><strong>septimae</strong></span> <span class='ocrx_word' id='word_1_244' title='bbox 1121 2149 1316 2222; x_wconf 89' lang='lat' dir='ltr'><strong>synodi</strong></span> <span class='ocrx_word' id='word_1_245' title='bbox 1365 2147 1432 2200; x_wconf 92' lang='lat' dir='ltr'><strong>ad</strong></span> <span class='ocrx_word' id='word_1_246' title='bbox 1457 2145 1774 2201; x_wconf 78' lang='lat' dir='ltr'><strong>elevandum</strong></span> 
     </span>
    </p>
   </div>
   <div class='ocr_carea' id='block_1_35' title="bbox 238 2236 1776 2320">
    <p class='ocr_par' dir='ltr' id='par_1_35' title="bbox 238 2236 1776 2320">
     <span class='ocr_line' id='line_1_35' title="bbox 238 2236 1776 2320; baseline -0.01 -17"><span class='ocrx_word' id='word_1_247' title='bbox 238 2251 368 2320; x_wconf 84' lang='lat' dir='ltr'><strong>hujus</strong></span> <span class='ocrx_word' id='word_1_248' title='bbox 390 2249 693 2306; x_wconf 85' lang='lat' dir='ltr'><strong>testimonii</strong></span> <span class='ocrx_word' id='word_1_249' title='bbox 736 2247 1120 2302; x_wconf 81' lang='lat' dir='ltr'><strong>auctoritatem</strong></span> <span class='ocrx_word' id='word_1_250' title='bbox 1177 2242 1573 2302; x_wconf 83' lang='lat' dir='ltr'><strong>acclamarunt,</strong></span> <span class='ocrx_word' id='word_1_251' title='bbox 1603 2236 1776 2291; x_wconf 85' lang='lat' dir='ltr'><strong>Euse-</strong></span> 
     </span>
    </p>
   </div>
   <div class='ocr_carea' id='block_1_36' title="bbox 244 2334 1776 2399">
    <p class='ocr_par' dir='ltr' id='par_1_36' title="bbox 244 2334 1776 2399">
     <span class='ocr_line' id='line_1_36' title="bbox 244 2334 1776 2399; baseline -0.009 -1"><span class='ocrx_word' id='word_1_252' title='bbox 244 2344 357 2398; x_wconf 83' lang='lat' dir='ltr'><strong>bium</strong></span> <span class='ocrx_word' id='word_1_253' title='bbox 380 2344 645 2399; x_wconf 84' lang='lat' dir='ltr'><strong>Arianum</strong></span> <span class='ocrx_word' id='word_1_254' title='bbox 676 2341 869 2396; x_wconf 89' lang='lat' dir='ltr'><strong>fuisse.</strong></span> <span class='ocrx_word' id='word_1_255' title='bbox 901 2336 1101 2392; x_wconf 76' lang='lat' dir='ltr'><strong>Verum</strong></span> <span class='ocrx_word' id='word_1_256' title='bbox 1138 2335 1190 2392; x_wconf 88' lang='lat' dir='ltr'><strong>id</strong></span> <span class='ocrx_word' id='word_1_257' title='bbox 1230 2334 1408 2390; x_wconf 91' lang='lat' dir='ltr'><strong>obiter</strong></span> <span class='ocrx_word' id='word_1_258' title='bbox 1443 2339 1678 2395; x_wconf 89' lang='lat' dir='ltr'><strong>tantum,</strong></span> <span class='ocrx_word' id='word_1_259' title='bbox 1707 2345 1776 2386; x_wconf 90' lang='lat' dir='ltr'><strong>ex</strong></span> 
     </span>
    </p>
   </div>
   <div class='ocr_carea' id='block_1_37' title="bbox 241 2426 1772 2500">
    <p class='ocr_par' dir='ltr' id='par_1_37' title="bbox 241 2426 1772 2500">
     <span class='ocr_line' id='line_1_37' title="bbox 241 2426 1772 2500; baseline -0.009 -10"><span class='ocrx_word' id='word_1_260' title='bbox 241 2436 486 2491; x_wconf 75' lang='lat' dir='ltr'><strong>occasione</strong></span> <span class='ocrx_word' id='word_1_261' title='bbox 513 2443 572 2491; x_wconf 90' lang='lat' dir='ltr'><strong>et</strong></span> <span class='ocrx_word' id='word_1_262' title='bbox 605 2433 742 2489; x_wconf 87' lang='lat' dir='ltr'><strong>odio</strong></span> <span class='ocrx_word' id='word_1_263' title='bbox 779 2431 930 2487; x_wconf 89' lang='lat' dir='ltr'><strong>illius</strong></span> <span class='ocrx_word' id='word_1_264' title='bbox 967 2429 1211 2500; x_wconf 86' lang='lat' dir='ltr'><strong>epistolae</strong></span> <span class='ocrx_word' id='word_1_265' title='bbox 1238 2428 1307 2482; x_wconf 90' lang='lat' dir='ltr'><strong>ab</strong></span> <span class='ocrx_word' id='word_1_266' title='bbox 1323 2429 1404 2483; x_wconf 91' lang='lat' dir='ltr'><strong>eis</strong></span> <span class='ocrx_word' id='word_1_267' title='bbox 1432 2426 1638 2480; x_wconf 90' lang='lat' dir='ltr'><strong>factum</strong></span> <span class='ocrx_word' id='word_1_268' title='bbox 1665 2431 1772 2490; x_wconf 90' lang='lat' dir='ltr'><strong>est,</strong></span> 
     </span>
    </p>
   </div>
   <div class='ocr_carea' id='block_1_38' title="bbox 240 2507 1778 2595">
    <p class='ocr_par' dir='ltr' id='par_1_38' title="bbox 240 2507 1778 2595">
     <span class='ocr_line' id='line_1_38' title="bbox 240 2507 1778 2595; baseline -0.008 -12"><span class='ocrx_word' id='word_1_269' title='bbox 240 2543 321 2584; x_wconf 80' lang='lat' dir='ltr'><strong>non</strong></span> <span class='ocrx_word' id='word_1_270' title='bbox 356 2537 526 2584; x_wconf 87' lang='lat' dir='ltr'><strong>autem</strong></span> <span class='ocrx_word' id='word_1_271' title='bbox 584 2528 721 2583; x_wconf 90' lang='lat' dir='ltr'><strong>data</strong></span> <span class='ocrx_word' id='word_1_272' title='bbox 771 2538 972 2595; x_wconf 88' lang='lat' dir='ltr'><strong>opera,</strong></span> <span class='ocrx_word' id='word_1_273' title='bbox 1026 2529 1119 2577; x_wconf 90' lang='lat' dir='ltr'><strong>aut</strong></span> <span class='ocrx_word' id='word_1_274' title='bbox 1164 2536 1330 2578; x_wconf 90' lang='lat' dir='ltr'><strong>causa</strong></span> <span class='ocrx_word' id='word_1_275' title='bbox 1377 2507 1530 2592; x_wconf 81' lang='lat' dir='ltr'><strong>prius</strong></span> <span class='ocrx_word' id='word_1_276' title='bbox 1587 2519 1778 2589; x_wconf 82' lang='lat' dir='ltr'><strong>cogni-</strong></span> 
     </span>
    </p>
   </div>
   <div class='ocr_carea' id='block_1_39' title="bbox 246 2610 1774 2688">
    <p class='ocr_par' dir='ltr' id='par_1_39' title="bbox 246 2610 1774 2688">
     <span class='ocr_line' id='line_1_39' title="bbox 246 2610 1774 2688; baseline -0.004 -16"><span class='ocrx_word' id='word_1_277' title='bbox 246 2629 301 2673; x_wconf 85' lang='lat' dir='ltr'><strong>ta.</strong></span> <span class='ocrx_word' id='word_1_278' title='bbox 336 2617 616 2675; x_wconf 88' lang='lat' dir='ltr'><strong>Proferunt</strong></span> <span class='ocrx_word' id='word_1_279' title='bbox 664 2617 884 2688; x_wconf 87' lang='lat' dir='ltr'><strong>quidem</strong></span> <span class='ocrx_word' id='word_1_280' title='bbox 929 2615 1049 2669; x_wconf 87' lang='lat' dir='ltr'><strong>loca</strong></span> <span class='ocrx_word' id='word_1_281' title='bbox 1107 2613 1355 2684; x_wconf 75' lang='lat' dir='ltr'><strong>quaedam</strong></span> <span class='ocrx_word' id='word_1_282' title='bbox 1409 2627 1478 2668; x_wconf 88' lang='lat' dir='ltr'><strong>ex</strong></span> <span class='ocrx_word' id='word_1_283' title='bbox 1513 2610 1774 2675; x_wconf 90' lang='lat' dir='ltr'><strong>Eusebio,</strong></span> 
     </span>
    </p>
   </div>
   <div class='ocr_carea' id='block_1_40' title="bbox 243 2700 1773 2778">
    <p class='ocr_par' dir='ltr' id='par_1_40' title="bbox 243 2700 1773 2778">
     <span class='ocr_line' id='line_1_40' title="bbox 243 2700 1773 2778; baseline -0.003 -20"><span class='ocrx_word' id='word_1_284' title='bbox 243 2706 402 2774; x_wconf 80' lang='lat' dir='ltr'><strong>quibus</strong></span> <span class='ocrx_word' id='word_1_285' title='bbox 436 2705 748 2778; x_wconf 86' lang='lat' dir='ltr'><strong>approbent</strong></span> <span class='ocrx_word' id='word_1_286' title='bbox 782 2703 935 2758; x_wconf 81' lang='lat' dir='ltr'><strong>illuni</strong></span> <span class='ocrx_word' id='word_1_287' title='bbox 956 2700 1162 2756; x_wconf 90' lang='lat' dir='ltr'><strong>Ariano</strong></span> <span class='ocrx_word' id='word_1_288' title='bbox 1186 2700 1426 2773; x_wconf 84' lang='lat' dir='ltr'><strong>dogmati</strong></span> <span class='ocrx_word' id='word_1_289' title='bbox 1454 2700 1773 2756; x_wconf 77' lang='lat' dir='ltr'><strong>adhaesisse.</strong></span> 
     </span>
    </p>
   </div>
   <div class='ocr_carea' id='block_1_41' title="bbox 242 2793 1779 2854">
    <p class='ocr_par' dir='ltr' id='par_1_41' title="bbox 242 2793 1779 2854">
     <span class='ocr_line' id='line_1_41' title="bbox 242 2793 1779 2854; baseline -0.003 -2"><span class='ocrx_word' id='word_1_290' title='bbox 242 2795 534 2854; x_wconf 87' lang='lat' dir='ltr'><strong>Sednullum</strong></span> <span class='ocrx_word' id='word_1_291' title='bbox 593 2797 902 2853; x_wconf 89' lang='lat' dir='ltr'><strong>discrimen</strong></span> <span class='ocrx_word' id='word_1_292' title='bbox 962 2793 1225 2850; x_wconf 89' lang='lat' dir='ltr'><strong>adhibent</strong></span> <span class='ocrx_word' id='word_1_293' title='bbox 1273 2794 1416 2848; x_wconf 91' lang='lat' dir='ltr'><strong>inter</strong></span> <span class='ocrx_word' id='word_1_294' title='bbox 1454 2794 1624 2849; x_wconf 90' lang='lat' dir='ltr'><strong>libros</strong></span> <span class='ocrx_word' id='word_1_295' title='bbox 1654 2804 1779 2848; x_wconf 91' lang='lat' dir='ltr'><strong>ante</strong></span> 
     </span>
    </p>
   </div>
   <div class='ocr_carea' id='block_1_42' title="bbox 240 2887 1781 2960">
    <p class='ocr_par' dir='ltr' id='par_1_42' title="bbox 240 2887 1781 2960">
     <span class='ocr_line' id='line_1_42' title="bbox 240 2887 1781 2960; baseline -0.003 -13"><span class='ocrx_word' id='word_1_296' title='bbox 240 2895 482 2948; x_wconf 79' lang='lat' dir='ltr'><strong>concilium</strong></span> <span class='ocrx_word' id='word_1_297' title='bbox 506 2893 824 2956; x_wconf 59' lang='lat' dir='ltr'><strong>Nicaeum,</strong></span> <span class='ocrx_word' id='word_1_298' title='bbox 857 2899 914 2946; x_wconf 91' lang='lat' dir='ltr'><strong>et</strong></span> <span class='ocrx_word' id='word_1_299' title='bbox 942 2891 1084 2945; x_wconf 90' lang='lat' dir='ltr'><strong>inter</strong></span> <span class='ocrx_word' id='word_1_300' title='bbox 1096 2903 1193 2945; x_wconf 91' lang='lat' dir='ltr'><strong>eos</strong></span> <span class='ocrx_word' id='word_1_301' title='bbox 1212 2888 1304 2960; x_wconf 88' lang='lat' dir='ltr'><strong>qui</strong></span> <span class='ocrx_word' id='word_1_302' title='bbox 1330 2893 1455 2959; x_wconf 90' lang='lat' dir='ltr'><strong>post</strong></span> <span class='ocrx_word' id='word_1_303' title='bbox 1482 2887 1616 2943; x_wconf 90' lang='lat' dir='ltr'><strong>illud</strong></span> <span class='ocrx_word' id='word_1_304' title='bbox 1647 2903 1781 2944; x_wconf 93' lang='lat' dir='ltr'><strong>con-</strong></span> 
     </span>
    </p>
   </div>
   <div class='ocr_carea' id='block_1_43' title="bbox 241 2977 1778 3050">
    <p class='ocr_par' dir='ltr' id='par_1_43' title="bbox 241 2977 1778 3050">
     <span class='ocr_line' id='line_1_43' title="bbox 241 2977 1778 3050; baseline -0.003 -14"><span class='ocrx_word' id='word_1_305' title='bbox 241 2984 385 3040; x_wconf 73' lang='lat' dir='ltr'><strong>cilium</strong></span> <span class='ocrx_word' id='word_1_306' title='bbox 413 2986 481 3042; x_wconf 91' lang='lat' dir='ltr'><strong>ab</strong></span> <span class='ocrx_word' id='word_1_307' title='bbox 506 2985 758 3041; x_wconf 90' lang='lat' dir='ltr'><strong>Eusebio</strong></span> <span class='ocrx_word' id='word_1_308' title='bbox 785 2990 914 3038; x_wconf 91' lang='lat' dir='ltr'><strong>sunt</strong></span> <span class='ocrx_word' id='word_1_309' title='bbox 938 2981 1230 3047; x_wconf 86' lang='lat' dir='ltr'><strong>elaborati,</strong></span> <span class='ocrx_word' id='word_1_310' title='bbox 1285 2979 1428 3050; x_wconf 87' lang='lat' dir='ltr'><strong>quod</strong></span> <span class='ocrx_word' id='word_1_311' title='bbox 1456 2986 1638 3033; x_wconf 78' lang='lat' dir='ltr'><strong>tamen</strong></span> <span class='ocrx_word' id='word_1_312' title='bbox 1663 2977 1778 3033; x_wconf 86' lang='lat' dir='ltr'><strong>fieri</strong></span> 
     </span>
    </p>
   </div>
   <div class='ocr_carea' id='block_1_44' title="bbox 240 3072 1781 3142">
    <p class='ocr_par' dir='ltr' id='par_1_44' title="bbox 240 3072 1781 3142">
     <span class='ocr_line' id='line_1_44' title="bbox 240 3072 1781 3142; baseline -0.003 -11"><span class='ocrx_word' id='word_1_313' title='bbox 240 3081 419 3137; x_wconf 85' lang='lat' dir='ltr'><strong>omnino</strong></span> <span class='ocrx_word' id='word_1_314' title='bbox 445 3080 739 3142; x_wconf 86' lang='lat' dir='ltr'><strong>debuerat,</strong></span> <span class='ocrx_word' id='word_1_315' title='bbox 772 3084 833 3132; x_wconf 94' lang='lat' dir='ltr'><strong>ut</strong></span> <span class='ocrx_word' id='word_1_316' title='bbox 859 3075 926 3131; x_wconf 90' lang='lat' dir='ltr'><strong>de</strong></span> <span class='ocrx_word' id='word_1_317' title='bbox 958 3074 1177 3131; x_wconf 89' lang='lat' dir='ltr'><strong>Eusebii</strong></span> <span class='ocrx_word' id='word_1_318' title='bbox 1227 3073 1332 3128; x_wconf 87' lang='lat' dir='ltr'><strong>fide</strong></span> <span class='ocrx_word' id='word_1_319' title='bbox 1365 3079 1574 3128; x_wconf 89' lang='lat' dir='ltr'><strong>certum</strong></span> <span class='ocrx_word' id='word_1_320' title='bbox 1599 3086 1664 3127; x_wconf 90' lang='lat' dir='ltr'><strong>ac</strong></span> <span class='ocrx_word' id='word_1_321' title='bbox 1702 3072 1781 3127; x_wconf 84' lang='lat' dir='ltr'><strong>le-</strong></span> 
     </span>
    </p>
   </div>
   <div class='ocr_carea' id='block_1_45' title="bbox 240 3163 1778 3242">
    <p class='ocr_par' dir='ltr' id='par_1_45' title="bbox 240 3163 1778 3242">
     <span class='ocr_line' id='line_1_45' title="bbox 240 3163 1778 3242; baseline -0.003 -20"><span class='ocrx_word' id='word_1_322' title='bbox 240 3171 440 3240; x_wconf 73' lang='lat' dir='ltr'><strong>gitimum</strong></span> <span class='ocrx_word' id='word_1_323' title='bbox 488 3171 773 3242; x_wconf 87' lang='lat' dir='ltr'><strong>judicium</strong></span> <span class='ocrx_word' id='word_1_324' title='bbox 821 3174 1184 3238; x_wconf 81' lang='lat' dir='ltr'><strong>promeretur.</strong></span> <span class='ocrx_word' id='word_1_325' title='bbox 1237 3164 1590 3234; x_wconf 79' lang='lat' dir='ltr'><strong>Quaecunque</strong></span> <span class='ocrx_word' id='word_1_326' title='bbox 1633 3163 1778 3220; x_wconf 89' lang='lat' dir='ltr'><strong>enim</strong></span> 
     </span>
    </p>
   </div>
   <div class='ocr_carea' id='block_1_46' title="bbox 241 3256 1781 3336">
    <p class='ocr_par' dir='ltr' id='par_1_46' title="bbox 241 3256 1781 3336">
     <span class='ocr_line' id='line_1_46' title="bbox 241 3256 1781 3336; baseline -0.004 -18"><span class='ocrx_word' id='word_1_327' title='bbox 241 3271 336 3320; x_wconf 81' lang='lat' dir='ltr'><strong>ante</strong></span> <span class='ocrx_word' id='word_1_328' title='bbox 354 3264 619 3322; x_wconf 63' lang='lat' dir='ltr'><strong>Nicenam</strong></span> <span class='ocrx_word' id='word_1_329' title='bbox 658 3261 932 3336; x_wconf 83' lang='lat' dir='ltr'><strong>synodum</strong></span> <span class='ocrx_word' id='word_1_330' title='bbox 965 3261 1169 3330; x_wconf 86' lang='lat' dir='ltr'><strong>scripta</strong></span> <span class='ocrx_word' id='word_1_331' title='bbox 1223 3265 1370 3325; x_wconf 89' lang='lat' dir='ltr'><strong>sunt,</strong></span> <span class='ocrx_word' id='word_1_332' title='bbox 1407 3256 1645 3314; x_wconf 88' lang='lat' dir='ltr'><strong>Eusebio</strong></span> <span class='ocrx_word' id='word_1_333' title='bbox 1679 3257 1781 3313; x_wconf 83' lang='lat' dir='ltr'><strong>ob-</strong></span> 
     </span>
    </p>
   </div>
   <div class='ocr_carea' id='block_1_47' title="bbox 239 3352 1778 3432">
    <p class='ocr_par' dir='ltr' id='par_1_47' title="bbox 239 3352 1778 3432">
     <span class='ocr_line' id='line_1_47' title="bbox 239 3352 1778 3432; baseline -0.003 -22"><span class='ocrx_word' id='word_1_334' title='bbox 239 3354 310 3424; x_wconf 87' lang='lat' dir='ltr'><strong>jici</strong></span> <span class='ocrx_word' id='word_1_335' title='bbox 324 3367 369 3413; x_wconf 90' lang='lat' dir='ltr'><strong>et</strong></span> <span class='ocrx_word' id='word_1_336' title='bbox 389 3359 648 3432; x_wconf 89' lang='lat' dir='ltr'><strong>imputari</strong></span> <span class='ocrx_word' id='word_1_337' title='bbox 675 3371 790 3412; x_wconf 90' lang='lat' dir='ltr'><strong>non</strong></span> <span class='ocrx_word' id='word_1_338' title='bbox 817 3355 1037 3412; x_wconf 86' lang='lat' dir='ltr'><strong>debent.</strong></span> <span class='ocrx_word' id='word_1_339' title='bbox 1069 3353 1242 3409; x_wconf 92' lang='lat' dir='ltr'><strong>Porro</strong></span> <span class='ocrx_word' id='word_1_340' title='bbox 1287 3353 1508 3408; x_wconf 91' lang='lat' dir='ltr'><strong>Eusebii</strong></span> <span class='ocrx_word' id='word_1_341' title='bbox 1549 3352 1778 3422; x_wconf 90' lang='lat' dir='ltr'><strong>epistola</strong></span> 
     </span>
    </p>
   </div>
   <div class='ocr_carea' id='block_1_48' title="bbox 241 3445 1778 3520">
    <p class='ocr_par' dir='ltr' id='par_1_48' title="bbox 241 3445 1778 3520">
     <span class='ocr_line' id='line_1_48' title="bbox 241 3445 1778 3520; baseline -0.006 -15"><span class='ocrx_word' id='word_1_342' title='bbox 241 3450 706 3515; x_wconf 78' lang='lat' dir='ltr'><strong>adAlexandrum,</strong></span> <span class='ocrx_word' id='word_1_343' title='bbox 761 3463 872 3520; x_wconf 90' lang='lat' dir='ltr'><strong>qua</strong></span> <span class='ocrx_word' id='word_1_344' title='bbox 922 3463 1024 3518; x_wconf 93' lang='lat' dir='ltr'><strong>pro</strong></span> <span class='ocrx_word' id='word_1_345' title='bbox 1080 3447 1212 3502; x_wconf 89' lang='lat' dir='ltr'><strong>Ario</strong></span> <span class='ocrx_word' id='word_1_346' title='bbox 1262 3446 1414 3500; x_wconf 91' lang='lat' dir='ltr'><strong>illum</strong></span> <span class='ocrx_word' id='word_1_347' title='bbox 1447 3445 1778 3514; x_wconf 88' lang='lat' dir='ltr'><strong>interpellat,</strong></span> 
     </span>
    </p>
   </div>
   <div class='ocr_carea' id='block_1_49' title="bbox 240 3535 1778 3616">
    <p class='ocr_par' dir='ltr' id='par_1_49' title="bbox 240 3535 1778 3616">
     <span class='ocr_line' id='line_1_49' title="bbox 240 3535 1778 3616; baseline -0.005 -21"><span class='ocrx_word' id='word_1_348' title='bbox 240 3544 402 3614; x_wconf 80' lang='lat' dir='ltr'><strong>scripta</strong></span> <span class='ocrx_word' id='word_1_349' title='bbox 432 3555 514 3601; x_wconf 91' lang='lat' dir='ltr'><strong>est</strong></span> <span class='ocrx_word' id='word_1_350' title='bbox 565 3541 769 3616; x_wconf 90' lang='lat' dir='ltr'><strong>procul</strong></span> <span class='ocrx_word' id='word_1_351' title='bbox 794 3540 962 3596; x_wconf 90' lang='lat' dir='ltr'><strong>dubio</strong></span> <span class='ocrx_word' id='word_1_352' title='bbox 1014 3546 1140 3594; x_wconf 90' lang='lat' dir='ltr'><strong>ante</strong></span> <span class='ocrx_word' id='word_1_353' title='bbox 1170 3537 1439 3605; x_wconf 84' lang='lat' dir='ltr'><strong>synodum</strong></span> <span class='ocrx_word' id='word_1_354' title='bbox 1480 3535 1778 3591; x_wconf 82' lang='lat' dir='ltr'><strong>Nicaenam.</strong></span> 
     </span>
    </p>
   </div>
   <div class='ocr_carea' id='block_1_50' title="bbox 239 3625 1779 3700">
    <p class='ocr_par' dir='ltr' id='par_1_50' title="bbox 239 3625 1779 3700">
     <span class='ocr_line' id='line_1_50' title="bbox 239 3625 1779 3700; baseline -0.006 -12"><span class='ocrx_word' id='word_1_355' title='bbox 239 3629 430 3692; x_wconf 85' lang='lat' dir='ltr'><strong>Proinde</strong></span> <span class='ocrx_word' id='word_1_356' title='bbox 451 3635 838 3693; x_wconf 84' lang='lat' dir='ltr'><strong>testimonium</strong></span> <span class='ocrx_word' id='word_1_357' title='bbox 872 3633 1004 3688; x_wconf 90' lang='lat' dir='ltr'><strong>illud</strong></span> <span class='ocrx_word' id='word_1_358' title='bbox 1033 3631 1260 3686; x_wconf 90' lang='lat' dir='ltr'><strong>Patrum</strong></span> <span class='ocrx_word' id='word_1_359' title='bbox 1307 3631 1554 3700; x_wconf 78' lang='lat' dir='ltr'><strong>septimae</strong></span> <span class='ocrx_word' id='word_1_360' title='bbox 1583 3625 1779 3699; x_wconf 87' lang='lat' dir='ltr'><strong>synodi</strong></span> 
     </span>
    </p>
   </div>
   <div class='ocr_carea' id='block_1_51' title="bbox 241 3717 1780 3787">
    <p class='ocr_par' dir='ltr' id='par_1_51' title="bbox 241 3717 1780 3787">
     <span class='ocr_line' id='line_1_51' title="bbox 241 3717 1780 3787; baseline -0.008 -5"><span class='ocrx_word' id='word_1_361' title='bbox 241 3725 455 3782; x_wconf 60' lang='lat' dir='ltr'><strong>adversm</strong></span> <span class='ocrx_word' id='word_1_362' title='bbox 481 3726 812 3787; x_wconf 85' lang='lat' dir='ltr'><strong>Eusebium,</strong></span> <span class='ocrx_word' id='word_1_363' title='bbox 843 3722 1254 3780; x_wconf 88' lang='lat' dir='ltr'><strong>etsimaximam</strong></span> <span class='ocrx_word' id='word_1_364' title='bbox 1284 3720 1448 3775; x_wconf 85' lang='lat' dir='ltr'><strong>habet</strong></span> <span class='ocrx_word' id='word_1_365' title='bbox 1477 3717 1780 3774; x_wconf 83' lang='lat' dir='ltr'><strong>auctorita-</strong></span> 
     </span>
    </p>
   </div>
   <div class='ocr_carea' id='block_1_52' title="bbox 241 3809 1781 3889">
    <p class='ocr_par' dir='ltr' id='par_1_52' title="bbox 241 3809 1781 3889">
     <span class='ocr_line' id='line_1_52' title="bbox 241 3809 1781 3889; baseline -0.005 -20"><span class='ocrx_word' id='word_1_366' title='bbox 241 3822 341 3880; x_wconf 72' lang='lat' dir='ltr'><strong>tem,</strong></span> <span class='ocrx_word' id='word_1_367' title='bbox 373 3825 546 3874; x_wconf 87' lang='lat' dir='ltr'><strong>tamen</strong></span> <span class='ocrx_word' id='word_1_368' title='bbox 571 3815 964 3889; x_wconf 68' lang='lat' dir='ltr'><strong>praejudicium</strong></span> <span class='ocrx_word' id='word_1_369' title='bbox 999 3813 1183 3884; x_wconf 90' lang='lat' dir='ltr'><strong>potius</strong></span> <span class='ocrx_word' id='word_1_370' title='bbox 1207 3826 1371 3882; x_wconf 90' lang='lat' dir='ltr'><strong>quam</strong></span> <span class='ocrx_word' id='word_1_371' title='bbox 1403 3809 1664 3882; x_wconf 87' lang='lat' dir='ltr'><strong>synodale</strong></span> <span class='ocrx_word' id='word_1_372' title='bbox 1688 3809 1781 3878; x_wconf 90' lang='lat' dir='ltr'><strong>ju-</strong></span> 
     </span>
    </p>
   </div>
   <div class='ocr_carea' id='block_1_53' title="bbox 240 3900 1783 3966">
    <p class='ocr_par' dir='ltr' id='par_1_53' title="bbox 240 3900 1783 3966">
     <span class='ocr_line' id='line_1_53' title="bbox 240 3900 1783 3966; baseline -0.001 -9"><span class='ocrx_word' id='word_1_373' title='bbox 240 3905 401 3962; x_wconf 83' lang='lat' dir='ltr'><strong>dicium</strong></span> <span class='ocrx_word' id='word_1_374' title='bbox 428 3910 585 3966; x_wconf 87' lang='lat' dir='ltr'><strong>nobis</strong></span> <span class='ocrx_word' id='word_1_375' title='bbox 611 3907 857 3964; x_wconf 90' lang='lat' dir='ltr'><strong>videtur.</strong></span> <span class='ocrx_word' id='word_1_376' title='bbox 893 3905 998 3961; x_wconf 90' lang='lat' dir='ltr'><strong>Sed</strong></span> <span class='ocrx_word' id='word_1_377' title='bbox 1028 3904 1233 3960; x_wconf 64' lang='lat' dir='ltr'><strong>Graecis</strong></span> <span class='ocrx_word' id='word_1_378' title='bbox 1261 3905 1421 3958; x_wconf 90' lang='lat' dir='ltr'><strong>liceat</strong></span> <span class='ocrx_word' id='word_1_379' title='bbox 1447 3903 1515 3957; x_wconf 91' lang='lat' dir='ltr'><strong>de</strong></span> <span class='ocrx_word' id='word_1_380' title='bbox 1543 3900 1783 3956; x_wconf 90' lang='lat' dir='ltr'><strong>Eusebio</strong></span> 
     </span>
    </p>
   </div>
   <div class='ocr_carea' id='block_1_54' title="bbox 242 3993 1782 4070">
    <p class='ocr_par' dir='ltr' id='par_1_54' title="bbox 242 3993 1782 4070">
     <span class='ocr_line' id='line_1_54' title="bbox 242 3993 1782 4070; baseline -0.004 -14"><span class='ocrx_word' id='word_1_381' title='bbox 242 4007 391 4058; x_wconf 77' lang='lat' dir='ltr'><strong>nostro</strong></span> <span class='ocrx_word' id='word_1_382' title='bbox 420 4003 492 4058; x_wconf 86' lang='lat' dir='ltr'><strong>ita</strong></span> <span class='ocrx_word' id='word_1_383' title='bbox 536 4002 777 4066; x_wconf 83' lang='lat' dir='ltr'><strong>sentire,</strong></span> <span class='ocrx_word' id='word_1_384' title='bbox 812 4014 1049 4070; x_wconf 88' lang='lat' dir='ltr'><strong>eumque</strong></span> <span class='ocrx_word' id='word_1_385' title='bbox 1084 3996 1301 4053; x_wconf 84' lang='lat' dir='ltr'><strong>allinem</strong></span> <span class='ocrx_word' id='word_1_386' title='bbox 1348 3995 1565 4050; x_wconf 80' lang='lat' dir='ltr'><strong>Arianae</strong></span> <span class='ocrx_word' id='word_1_387' title='bbox 1608 3993 1782 4050; x_wconf 65' lang='lat' dir='ltr'><strong>haere-</strong></span> 
     </span>
    </p>
   </div>
   <div class='ocr_carea' id='block_1_55' title="bbox 242 4087 1784 4160">
    <p class='ocr_par' dir='ltr' id='par_1_55' title="bbox 242 4087 1784 4160">
     <span class='ocr_line' id='line_1_55' title="bbox 242 4087 1784 4160; baseline -0.002 -16"><span class='ocrx_word' id='word_1_388' title='bbox 242 4091 294 4153; x_wconf 80' lang='lat' dir='ltr'><strong>si.</strong></span> <span class='ocrx_word' id='word_1_389' title='bbox 323 4097 588 4151; x_wconf 88' lang='lat' dir='ltr'><strong>autetiam</strong></span> <span class='ocrx_word' id='word_1_390' title='bbox 644 4093 917 4148; x_wconf 86' lang='lat' dir='ltr'><strong>Arianum</strong></span> <span class='ocrx_word' id='word_1_391' title='bbox 972 4104 1194 4146; x_wconf 83' lang='lat' dir='ltr'><strong>vocare.</strong></span> <span class='ocrx_word' id='word_1_392' title='bbox 1231 4087 1622 4160; x_wconf 84' lang='lat' dir='ltr'><strong>Hieronymum</strong></span> <span class='ocrx_word' id='word_1_393' title='bbox 1650 4100 1784 4143; x_wconf 88' lang='lat' dir='ltr'><strong>vero</strong></span> 
     </span>
    </p>
   </div>
   <div class='ocr_carea' id='block_1_56' title="bbox 243 4179 1782 4255">
    <p class='ocr_par' dir='ltr' id='par_1_56' title="bbox 243 4179 1782 4255">
     <span class='ocr_line' id='line_1_56' title="bbox 243 4179 1782 4255; baseline -0.002 -18"><span class='ocrx_word' id='word_1_394' title='bbox 243 4181 336 4250; x_wconf 78' lang='lat' dir='ltr'><strong>quis</strong></span> <span class='ocrx_word' id='word_1_395' title='bbox 364 4189 625 4255; x_wconf 81' lang='lat' dir='ltr'><strong>patienter</strong></span> <span class='ocrx_word' id='word_1_396' title='bbox 657 4187 820 4251; x_wconf 90' lang='lat' dir='ltr'><strong>ferat,</strong></span> <span class='ocrx_word' id='word_1_397' title='bbox 848 4183 942 4254; x_wconf 90' lang='lat' dir='ltr'><strong>qui</strong></span> <span class='ocrx_word' id='word_1_398' title='bbox 979 4197 1091 4238; x_wconf 89' lang='lat' dir='ltr'><strong>non</strong></span> <span class='ocrx_word' id='word_1_399' title='bbox 1123 4189 1415 4238; x_wconf 88' lang='lat' dir='ltr'><strong>contentus</strong></span> <span class='ocrx_word' id='word_1_400' title='bbox 1465 4179 1782 4235; x_wconf 69' lang='lat' dir='ltr'><strong>hmreticum</strong></span> 
     </span>
    </p>
   </div>
   <div class='ocr_carea' id='block_1_57' title="bbox 243 4271 1782 4344">
    <p class='ocr_par' dir='ltr' id='par_1_57' title="bbox 243 4271 1782 4344">
     <span class='ocr_line' id='line_1_57' title="bbox 243 4271 1782 4344; baseline -0.005 -13"><span class='ocrx_word' id='word_1_401' title='bbox 243 4272 360 4331; x_wconf 81' lang='lat' dir='ltr'><strong>illum</strong></span> <span class='ocrx_word' id='word_1_402' title='bbox 379 4286 428 4333; x_wconf 88' lang='lat' dir='ltr'><strong>et</strong></span> <span class='ocrx_word' id='word_1_403' title='bbox 452 4281 727 4335; x_wconf 81' lang='lat' dir='ltr'><strong>Arianum</strong></span> <span class='ocrx_word' id='word_1_404' title='bbox 759 4277 962 4340; x_wconf 90' lang='lat' dir='ltr'><strong>dicere,</strong></span> <span class='ocrx_word' id='word_1_405' title='bbox 984 4275 1313 4329; x_wconf 81' lang='lat' dir='ltr'><strong>Arianorum</strong></span> <span class='ocrx_word' id='word_1_406' title='bbox 1333 4271 1656 4344; x_wconf 80' lang='lat' dir='ltr'><strong>signiferum</strong></span> <span class='ocrx_word' id='word_1_407' title='bbox 1675 4285 1782 4325; x_wconf 92' lang='lat' dir='ltr'><strong>non</strong></span> 
     </span>
    </p>
   </div>
   <div class='ocr_carea' id='block_1_58' title="bbox 245 4363 1785 4435">
    <p class='ocr_par' dir='ltr' id='par_1_58' title="bbox 245 4363 1785 4435">
     <span class='ocr_line' id='line_1_58' title="bbox 245 4363 1785 4435; baseline -0.003 -13"><span class='ocrx_word' id='word_1_408' title='bbox 245 4369 375 4423; x_wconf 70' lang='lat' dir='ltr'><strong>semel</strong></span> <span class='ocrx_word' id='word_1_409' title='bbox 405 4370 703 4426; x_wconf 85' lang='lat' dir='ltr'><strong>nominat?</strong></span> <span class='ocrx_word' id='word_1_410' title='bbox 734 4367 993 4425; x_wconf 84' lang='lat' dir='ltr'><strong>Potestne</strong></span> <span class='ocrx_word' id='word_1_411' title='bbox 1044 4366 1376 4420; x_wconf 88' lang='lat' dir='ltr'><strong>Arianorum</strong></span> <span class='ocrx_word' id='word_1_412' title='bbox 1419 4363 1647 4435; x_wconf 86' lang='lat' dir='ltr'><strong>signifer</strong></span> <span class='ocrx_word' id='word_1_413' title='bbox 1678 4377 1785 4417; x_wconf 87' lang='lat' dir='ltr'><strong>me-</strong></span> 
     </span>
    </p>
   </div>
   <div class='ocr_carea' id='block_1_59' title="bbox 247 4454 1785 4533">
    <p class='ocr_par' dir='ltr' id='par_1_59' title="bbox 247 4454 1785 4533">
     <span class='ocr_line' id='line_1_59' title="bbox 247 4454 1785 4533; baseline -0.003 -21"><span class='ocrx_word' id='word_1_414' title='bbox 247 4456 324 4512; x_wconf 83' lang='lat' dir='ltr'><strong>rito</strong></span> <span class='ocrx_word' id='word_1_415' title='bbox 344 4459 459 4526; x_wconf 91' lang='lat' dir='ltr'><strong>dici,</strong></span> <span class='ocrx_word' id='word_1_416' title='bbox 487 4464 535 4518; x_wconf 91' lang='lat' dir='ltr'><strong>is</strong></span> <span class='ocrx_word' id='word_1_417' title='bbox 565 4463 669 4533; x_wconf 86' lang='lat' dir='ltr'><strong>qui</strong></span> <span class='ocrx_word' id='word_1_418' title='bbox 700 4461 1032 4515; x_wconf 86' lang='lat' dir='ltr'><strong>Arianorum</strong></span> <span class='ocrx_word' id='word_1_419' title='bbox 1075 4458 1271 4528; x_wconf 87' lang='lat' dir='ltr'><strong>dogma</strong></span> <span class='ocrx_word' id='word_1_420' title='bbox 1328 4464 1454 4528; x_wconf 89' lang='lat' dir='ltr'><strong>post</strong></span> <span class='ocrx_word' id='word_1_421' title='bbox 1506 4454 1785 4510; x_wconf 77' lang='lat' dir='ltr'><strong>Nicamam</strong></span> 
     </span>
    </p>
   </div>
   <div class='ocr_carea' id='block_1_60' title="bbox 1876 1957 3461 2031">
    <p class='ocr_par' dir='ltr' id='par_1_60' title="bbox 1876 1957 3461 2031">
     <span class='ocr_line' id='line_1_60' title="bbox 1876 1957 3461 2031; baseline -0.006 -11"><span class='ocrx_word' id='word_1_422' title='bbox 1876 1963 2000 2020; x_wconf 87' lang='lat' dir='ltr'><strong>Filii</strong></span> <span class='ocrx_word' id='word_1_423' title='bbox 2042 1963 2138 2020; x_wconf 90' lang='lat' dir='ltr'><strong>Dei</strong></span> <span class='ocrx_word' id='word_1_424' title='bbox 2163 1963 2428 2020; x_wconf 88' lang='lat' dir='ltr'><strong>adversus</strong></span> <span class='ocrx_word' id='word_1_425' title='bbox 2448 1962 2685 2018; x_wconf 86' lang='lat' dir='ltr'><strong>Arianos</strong></span> <span class='ocrx_word' id='word_1_426' title='bbox 2718 1975 2934 2031; x_wconf 89' lang='lat' dir='ltr'><strong>semper</strong></span> <span class='ocrx_word' id='word_1_427' title='bbox 2991 1959 3311 2019; x_wconf 86' lang='lat' dir='ltr'><strong>asseruerit.</strong></span> <span class='ocrx_word' id='word_1_428' title='bbox 3347 1957 3461 2011; x_wconf 81' lang='lat' dir='ltr'><strong>Ho-</strong></span> 
     </span>
    </p>
   </div>
   <div class='ocr_carea' id='block_1_61' title="bbox 1874 2049 3454 2120">
    <p class='ocr_par' dir='ltr' id='par_1_61' title="bbox 1874 2049 3454 2120">
     <span class='ocr_line' id='line_1_61' title="bbox 1874 2049 3454 2120; baseline -0.003 -14"><span class='ocrx_word' id='word_1_429' title='bbox 1874 2065 2057 2106; x_wconf 78' lang='lat' dir='ltr'><strong>IOUSH</strong></span> <span class='ocrx_word' id='word_1_430' title='bbox 2085 2057 2268 2105; x_wconf 87' lang='lat' dir='ltr'><strong>tamen</strong></span> <span class='ocrx_word' id='word_1_431' title='bbox 2319 2065 2506 2106; x_wconf 90' lang='lat' dir='ltr'><strong>vocem</strong></span> <span class='ocrx_word' id='word_1_432' title='bbox 2539 2065 2818 2120; x_wconf 85' lang='lat' dir='ltr'><strong>nunquam</strong></span> <span class='ocrx_word' id='word_1_433' title='bbox 2855 2064 2922 2104; x_wconf 87' lang='lat' dir='ltr'><strong>ex</strong></span> <span class='ocrx_word' id='word_1_434' title='bbox 2955 2049 3140 2103; x_wconf 91' lang='lat' dir='ltr'><strong>animo</strong></span> <span class='ocrx_word' id='word_1_435' title='bbox 3181 2049 3454 2119; x_wconf 84' lang='lat' dir='ltr'><strong>probavit.</strong></span> 
     </span>
    </p>
   </div>
   <div class='ocr_carea' id='block_1_62' title="bbox 1874 2136 3460 2200">
    <p class='ocr_par' dir='ltr' id='par_1_62' title="bbox 1874 2136 3460 2200">
     <span class='ocr_line' id='line_1_62' title="bbox 1874 2136 3460 2200; baseline -0.003 -4"><span class='ocrx_word' id='word_1_436' title='bbox 1874 2139 2036 2196; x_wconf 89' lang='lat' dir='ltr'><strong>Certe</strong></span> <span class='ocrx_word' id='word_1_437' title='bbox 2066 2155 2169 2195; x_wconf 90' lang='lat' dir='ltr'><strong>nec</strong></span> <span class='ocrx_word' id='word_1_438' title='bbox 2194 2139 2251 2194; x_wconf 92' lang='lat' dir='ltr'><strong>in</strong></span> <span class='ocrx_word' id='word_1_439' title='bbox 2280 2139 2438 2194; x_wconf 89' lang='lat' dir='ltr'><strong>libris</strong></span> <span class='ocrx_word' id='word_1_440' title='bbox 2474 2148 2659 2191; x_wconf 82' lang='lat' dir='ltr'><strong>contra</strong></span> <span class='ocrx_word' id='word_1_441' title='bbox 2692 2136 3150 2200; x_wconf 84' lang='lat' dir='ltr'><strong>Marcellum,nec</strong></span> <span class='ocrx_word' id='word_1_442' title='bbox 3172 2137 3226 2191; x_wconf 92' lang='lat' dir='ltr'><strong>in</strong></span> <span class='ocrx_word' id='word_1_443' title='bbox 3251 2137 3460 2192; x_wconf 88' lang='lat' dir='ltr'><strong>oratio-</strong></span> 
     </span>
    </p>
   </div>
   <div class='ocr_carea' id='block_1_63' title="bbox 1876 2228 3458 2302">
    <p class='ocr_par' dir='ltr' id='par_1_63' title="bbox 1876 2228 3458 2302">
     <span class='ocr_line' id='line_1_63' title="bbox 1876 2228 3458 2302; baseline -0.004 -14"><span class='ocrx_word' id='word_1_444' title='bbox 1876 2233 2040 2288; x_wconf 90' lang='lat' dir='ltr'><strong>nibus</strong></span> <span class='ocrx_word' id='word_1_445' title='bbox 2068 2231 2133 2286; x_wconf 86' lang='lat' dir='ltr'><strong>de</strong></span> <span class='ocrx_word' id='word_1_446' title='bbox 2161 2231 2264 2302; x_wconf 77' lang='lat' dir='ltr'><strong>ﬁde</strong></span> <span class='ocrx_word' id='word_1_447' title='bbox 2303 2231 2554 2285; x_wconf 80' lang='lat' dir='ltr'><strong>adversus</strong></span> <span class='ocrx_word' id='word_1_448' title='bbox 2600 2228 2915 2295; x_wconf 85' lang='lat' dir='ltr'><strong>Sabellium,</strong></span> <span class='ocrx_word' id='word_1_449' title='bbox 2953 2243 3018 2283; x_wconf 90' lang='lat' dir='ltr'><strong>ea</strong></span> <span class='ocrx_word' id='word_1_450' title='bbox 3048 2242 3181 2282; x_wconf 91' lang='lat' dir='ltr'><strong>voce</strong></span> <span class='ocrx_word' id='word_1_451' title='bbox 3217 2243 3458 2299; x_wconf 88' lang='lat' dir='ltr'><strong>unquam</strong></span> 
     </span>
    </p>
   </div>
   <div class='ocr_carea' id='block_1_64' title="bbox 1879 2318 3458 2381">
    <p class='ocr_par' dir='ltr' id='par_1_64' title="bbox 1879 2318 3458 2381">
     <span class='ocr_line' id='line_1_64' title="bbox 1879 2318 3458 2381; baseline -0.004 -3"><span class='ocrx_word' id='word_1_452' title='bbox 1879 2339 2013 2381; x_wconf 82' lang='lat' dir='ltr'><strong>usus</strong></span> <span class='ocrx_word' id='word_1_453' title='bbox 2041 2333 2147 2379; x_wconf 90' lang='lat' dir='ltr'><strong>est.</strong></span> <span class='ocrx_word' id='word_1_454' title='bbox 2172 2321 2286 2379; x_wconf 81' lang='lat' dir='ltr'><strong>lino</strong></span> <span class='ocrx_word' id='word_1_455' title='bbox 2333 2337 2464 2377; x_wconf 88' lang='lat' dir='ltr'><strong>vero</strong></span> <span class='ocrx_word' id='word_1_456' title='bbox 2492 2321 2549 2375; x_wconf 90' lang='lat' dir='ltr'><strong>in</strong></span> <span class='ocrx_word' id='word_1_457' title='bbox 2608 2320 2748 2376; x_wconf 91' lang='lat' dir='ltr'><strong>libro</strong></span> <span class='ocrx_word' id='word_1_458' title='bbox 2792 2319 3035 2376; x_wconf 89' lang='lat' dir='ltr'><strong>secundo</strong></span> <span class='ocrx_word' id='word_1_459' title='bbox 3073 2318 3322 2373; x_wconf 80' lang='lat' dir='ltr'><strong>adversus</strong></span> <span class='ocrx_word' id='word_1_460' title='bbox 3351 2318 3458 2375; x_wconf 57' lang='lat' dir='ltr'><strong>Sa-</strong></span> 
     </span>
    </p>
   </div>
   <div class='ocr_carea' id='block_1_65' title="bbox 1879 2411 3460 2482">
    <p class='ocr_par' dir='ltr' id='par_1_65' title="bbox 1879 2411 3460 2482">
     <span class='ocr_line' id='line_1_65' title="bbox 1879 2411 3460 2482; baseline -0.004 -12"><span class='ocrx_word' id='word_1_461' title='bbox 1879 2416 2117 2482; x_wconf 78' lang='lat' dir='ltr'><strong>bellium,</strong></span> <span class='ocrx_word' id='word_1_462' title='bbox 2143 2431 2255 2470; x_wconf 91' lang='lat' dir='ltr'><strong>non</strong></span> <span class='ocrx_word' id='word_1_463' title='bbox 2286 2415 2524 2470; x_wconf 90' lang='lat' dir='ltr'><strong>obscure</strong></span> <span class='ocrx_word' id='word_1_464' title='bbox 2554 2411 2827 2482; x_wconf 83' lang='lat' dir='ltr'><strong>signiﬁcat</strong></span> <span class='ocrx_word' id='word_1_465' title='bbox 2863 2427 2984 2466; x_wconf 89' lang='lat' dir='ltr'><strong>eam</strong></span> <span class='ocrx_word' id='word_1_466' title='bbox 3017 2427 3227 2475; x_wconf 86' lang='lat' dir='ltr'><strong>vocem,</strong></span> <span class='ocrx_word' id='word_1_467' title='bbox 3271 2418 3460 2481; x_wconf 83' lang='lat' dir='ltr'><strong>utpote</strong></span> 
     </span>
    </p>
   </div>
   <div class='ocr_carea' id='block_1_66' title="bbox 1879 2502 3461 2580">
    <p class='ocr_par' dir='ltr' id='par_1_66' title="bbox 1879 2502 3461 2580">
     <span class='ocr_line' id='line_1_66' title="bbox 1879 2502 3461 2580; baseline -0.004 -16"><span class='ocrx_word' id='word_1_468' title='bbox 1879 2524 2001 2580; x_wconf 74' lang='lat' dir='ltr'><strong>qua:</strong></span> <span class='ocrx_word' id='word_1_469' title='bbox 2032 2509 2089 2563; x_wconf 90' lang='lat' dir='ltr'><strong>in</strong></span> <span class='ocrx_word' id='word_1_470' title='bbox 2122 2506 2424 2578; x_wconf 90' lang='lat' dir='ltr'><strong>Scripturis</strong></span> <span class='ocrx_word' id='word_1_471' title='bbox 2462 2522 2572 2562; x_wconf 92' lang='lat' dir='ltr'><strong>non</strong></span> <span class='ocrx_word' id='word_1_472' title='bbox 2607 2506 2841 2577; x_wconf 86' lang='lat' dir='ltr'><strong>legatur,</strong></span> <span class='ocrx_word' id='word_1_473' title='bbox 2872 2504 2976 2559; x_wconf 89' lang='lat' dir='ltr'><strong>sibi</strong></span> <span class='ocrx_word' id='word_1_474' title='bbox 3020 2503 3332 2574; x_wconf 77' lang='lat' dir='ltr'><strong>displicere.</strong></span> <span class='ocrx_word' id='word_1_475' title='bbox 3368 2502 3461 2557; x_wconf 85' lang='lat' dir='ltr'><strong>Sic</strong></span> 
     </span>
    </p>
   </div>
   <div class='ocr_carea' id='block_1_67' title="bbox 1878 2595 3459 2668">
    <p class='ocr_par' dir='ltr' id='par_1_67' title="bbox 1878 2595 3459 2668">
     <span class='ocr_line' id='line_1_67' title="bbox 1878 2595 3459 2668; baseline -0.005 -12"><span class='ocrx_word' id='word_1_476' title='bbox 1878 2599 2023 2656; x_wconf 86' lang='lat' dir='ltr'><strong>enim</strong></span> <span class='ocrx_word' id='word_1_477' title='bbox 2051 2599 2128 2653; x_wconf 85' lang='lat' dir='ltr'><strong>ait</strong></span> <span class='ocrx_word' id='word_1_478' title='bbox 2156 2617 2171 2656; x_wconf 90' lang='lat'><strong>:</strong></span> <span class='ocrx_word' id='word_1_479' title='bbox 2211 2596 2358 2653; x_wconf 81' lang='lat' dir='ltr'><strong>Sicut</strong></span> <span class='ocrx_word' id='word_1_480' title='bbox 2386 2613 2507 2668; x_wconf 88' lang='lat' dir='ltr'><strong>ergo</strong></span> <span class='ocrx_word' id='word_1_481' title='bbox 2539 2596 2603 2651; x_wconf 89' lang='lat' dir='ltr'><strong>de</strong></span> <span class='ocrx_word' id='word_1_482' title='bbox 2622 2596 2703 2650; x_wconf 84' lang='lat' dir='ltr'><strong>his</strong></span> <span class='ocrx_word' id='word_1_483' title='bbox 2736 2611 2852 2666; x_wconf 81' lang='lat' dir='ltr'><strong>qua:</strong></span> <span class='ocrx_word' id='word_1_484' title='bbox 2870 2602 3088 2664; x_wconf 84' lang='lat' dir='ltr'><strong>possunt</strong></span> <span class='ocrx_word' id='word_1_485' title='bbox 3118 2595 3285 2664; x_wconf 62' lang='lat' dir='ltr'><strong>qua’ri</strong></span> <span class='ocrx_word' id='word_1_486' title='bbox 3314 2596 3459 2649; x_wconf 80' lang='lat' dir='ltr'><strong>iner-</strong></span> 
     </span>
    </p>
   </div>
   <div class='ocr_carea' id='block_1_68' title="bbox 1881 2685 3462 2760">
    <p class='ocr_par' dir='ltr' id='par_1_68' title="bbox 1881 2685 3462 2760">
     <span class='ocr_line' id='line_1_68' title="bbox 1881 2685 3462 2760; baseline -0.004 -17"><span class='ocrx_word' id='word_1_487' title='bbox 1881 2690 2012 2743; x_wconf 87' lang='lat' dir='ltr'><strong>tium</strong></span> <span class='ocrx_word' id='word_1_488' title='bbox 2033 2701 2111 2745; x_wconf 84' lang='lat' dir='ltr'><strong>est</strong></span> <span class='ocrx_word' id='word_1_489' title='bbox 2139 2705 2242 2742; x_wconf 89' lang='lat' dir='ltr'><strong>non</strong></span> <span class='ocrx_word' id='word_1_490' title='bbox 2263 2704 2494 2760; x_wconf 62' lang='lat' dir='ltr'><strong>quaerere</strong></span> <span class='ocrx_word' id='word_1_491' title='bbox 2519 2704 2538 2742; x_wconf 89' lang='lat'><strong><em>:</em></strong></span> <span class='ocrx_word' id='word_1_492' title='bbox 2568 2689 2647 2740; x_wconf 88' lang='lat' dir='ltr'><strong>ita</strong></span> <span class='ocrx_word' id='word_1_493' title='bbox 2675 2685 2739 2740; x_wconf 88' lang='lat' dir='ltr'><strong>de</strong></span> <span class='ocrx_word' id='word_1_494' title='bbox 2766 2686 2846 2740; x_wconf 82' lang='lat' dir='ltr'><strong>his</strong></span> <span class='ocrx_word' id='word_1_495' title='bbox 2875 2701 2993 2757; x_wconf 75' lang='lat' dir='ltr'><strong>qua:</strong></span> <span class='ocrx_word' id='word_1_496' title='bbox 3015 2701 3119 2739; x_wconf 87' lang='lat' dir='ltr'><strong>non</strong></span> <span class='ocrx_word' id='word_1_497' title='bbox 3158 2701 3361 2739; x_wconf 75' lang='lat' dir='ltr'><strong>necesse</strong></span> <span class='ocrx_word' id='word_1_498' title='bbox 3381 2692 3462 2739; x_wconf 83' lang='lat' dir='ltr'><strong>cst</strong></span> 
     </span>
    </p>
   </div>
   <div class='ocr_carea' id='block_1_69' title="bbox 1878 2778 3459 2853">
    <p class='ocr_par' dir='ltr' id='par_1_69' title="bbox 1878 2778 3459 2853">
     <span class='ocr_line' id='line_1_69' title="bbox 1878 2778 3459 2853; baseline -0.004 -17"><span class='ocrx_word' id='word_1_499' title='bbox 1878 2783 2066 2853; x_wconf 71' lang='lat' dir='ltr'><strong>quaeri,</strong></span> <span class='ocrx_word' id='word_1_500' title='bbox 2097 2781 2328 2836; x_wconf 84' lang='lat' dir='ltr'><strong>audacia</strong></span> <span class='ocrx_word' id='word_1_501' title='bbox 2357 2791 2434 2835; x_wconf 85' lang='lat' dir='ltr'><strong>est</strong></span> <span class='ocrx_word' id='word_1_502' title='bbox 2455 2779 2742 2851; x_wconf 81' lang='lat' dir='ltr'><strong>quwrendi.</strong></span> <span class='ocrx_word' id='word_1_503' title='bbox 2778 2779 2910 2843; x_wconf 70' lang='lat' dir='ltr'><strong>Quae</strong></span> <span class='ocrx_word' id='word_1_504' title='bbox 2937 2793 3062 2848; x_wconf 90' lang='lat' dir='ltr'><strong>ergo</strong></span> <span class='ocrx_word' id='word_1_505' title='bbox 3101 2778 3287 2831; x_wconf 79' lang='lat' dir='ltr'><strong>debent</strong></span> <span class='ocrx_word' id='word_1_506' title='bbox 3311 2793 3459 2847; x_wconf 75' lang='lat' dir='ltr'><strong>qua:-</strong></span> 
     </span>
    </p>
   </div>
   <div class='ocr_carea' id='block_1_70' title="bbox 1880 2869 3459 2939">
    <p class='ocr_par' dir='ltr' id='par_1_70' title="bbox 1880 2869 3459 2939">
     <span class='ocr_line' id='line_1_70' title="bbox 1880 2869 3459 2939; baseline -0.002 -14"><span class='ocrx_word' id='word_1_507' title='bbox 1880 2872 2118 2938; x_wconf 67' lang='lat' dir='ltr'><strong>ri?Quas</strong></span> <span class='ocrx_word' id='word_1_508' title='bbox 2148 2873 2439 2928; x_wconf 84' lang='lat' dir='ltr'><strong>invenimus</strong></span> <span class='ocrx_word' id='word_1_509' title='bbox 2460 2873 2515 2925; x_wconf 85' lang='lat' dir='ltr'><strong>in</strong></span> <span class='ocrx_word' id='word_1_510' title='bbox 2573 2870 2862 2939; x_wconf 85' lang='lat' dir='ltr'><strong>Scripturis</strong></span> <span class='ocrx_word' id='word_1_511' title='bbox 2903 2869 3096 2936; x_wconf 85' lang='lat' dir='ltr'><strong>posita.</strong></span> <span class='ocrx_word' id='word_1_512' title='bbox 3134 2869 3266 2936; x_wconf 65' lang='lat' dir='ltr'><strong>Quae</strong></span> <span class='ocrx_word' id='word_1_513' title='bbox 3281 2879 3459 2925; x_wconf 79' lang='lat' dir='ltr'><strong>autem</strong></span> 
     </span>
    </p>
   </div>
   <div class='ocr_carea' id='block_1_71' title="bbox 1880 2961 3458 3035">
    <p class='ocr_par' dir='ltr' id='par_1_71' title="bbox 1880 2961 3458 3035">
     <span class='ocr_line' id='line_1_71' title="bbox 1880 2961 3458 3035; baseline -0.003 -15"><span class='ocrx_word' id='word_1_514' title='bbox 1880 2966 1937 3020; x_wconf 84' lang='lat' dir='ltr'><strong>in</strong></span> <span class='ocrx_word' id='word_1_515' title='bbox 1965 2965 2254 3035; x_wconf 85' lang='lat' dir='ltr'><strong>Scripturis</strong></span> <span class='ocrx_word' id='word_1_516' title='bbox 2280 2981 2383 3018; x_wconf 90' lang='lat' dir='ltr'><strong>non</strong></span> <span class='ocrx_word' id='word_1_517' title='bbox 2415 2964 2726 3029; x_wconf 84' lang='lat' dir='ltr'><strong>invenimus,</strong></span> <span class='ocrx_word' id='word_1_518' title='bbox 2759 2980 2862 3017; x_wconf 90' lang='lat' dir='ltr'><strong>non</strong></span> <span class='ocrx_word' id='word_1_519' title='bbox 2882 2978 3202 3031; x_wconf 72' lang='lat' dir='ltr'><strong>quaeramus.</strong></span> <span class='ocrx_word' id='word_1_520' title='bbox 3240 2961 3300 3019; x_wconf 84' lang='lat' dir='ltr'><strong>Si</strong></span> <span class='ocrx_word' id='word_1_521' title='bbox 3321 2963 3458 3016; x_wconf 84' lang='lat' dir='ltr'><strong>enim</strong></span> 
     </span>
    </p>
   </div>
   <div class='ocr_carea' id='block_1_72' title="bbox 1884 3053 3460 3128">
    <p class='ocr_par' dir='ltr' id='par_1_72' title="bbox 1884 3053 3460 3128">
     <span class='ocr_line' id='line_1_72' title="bbox 1884 3053 3460 3128; baseline -0.003 -15"><span class='ocrx_word' id='word_1_522' title='bbox 1884 3068 2144 3128; x_wconf 83' lang='lat' dir='ltr'><strong>oporteret</strong></span> <span class='ocrx_word' id='word_1_523' title='bbox 2175 3058 2324 3113; x_wconf 82' lang='lat' dir='ltr'><strong>nobis</strong></span> <span class='ocrx_word' id='word_1_524' title='bbox 2351 3075 2464 3112; x_wconf 86' lang='lat' dir='ltr'><strong>esse</strong></span> <span class='ocrx_word' id='word_1_525' title='bbox 2489 3059 2722 3128; x_wconf 87' lang='lat' dir='ltr'><strong>cognita,</strong></span> <span class='ocrx_word' id='word_1_526' title='bbox 2753 3057 2932 3126; x_wconf 78' lang='lat' dir='ltr'><strong>utique</strong></span> <span class='ocrx_word' id='word_1_527' title='bbox 2958 3053 3190 3124; x_wconf 80' lang='lat' dir='ltr'><strong>Spiritus</strong></span> <span class='ocrx_word' id='word_1_528' title='bbox 3245 3063 3460 3108; x_wconf 80' lang='lat' dir='ltr'><strong>sanctus</strong></span> 
     </span>
    </p>
   </div>
   <div class='ocr_carea' id='block_1_73' title="bbox 1881 3146 3462 3220">
    <p class='ocr_par' dir='ltr' id='par_1_73' title="bbox 1881 3146 3462 3220">
     <span class='ocr_line' id='line_1_73' title="bbox 1881 3146 3462 3220; baseline -0.005 -15"><span class='ocrx_word' id='word_1_529' title='bbox 1881 3152 2138 3220; x_wconf 79' lang='lat' dir='ltr'><strong>posuisset</strong></span> <span class='ocrx_word' id='word_1_530' title='bbox 2161 3152 2218 3206; x_wconf 82' lang='lat' dir='ltr'><strong>in</strong></span> <span class='ocrx_word' id='word_1_531' title='bbox 2266 3149 2579 3219; x_wconf 83' lang='lat' dir='ltr'><strong>Scripturis.</strong></span> <span class='ocrx_word' id='word_1_532' title='bbox 2620 3147 2686 3202; x_wconf 87' lang='lat' dir='ltr'><strong>Et</strong></span> <span class='ocrx_word' id='word_1_533' title='bbox 2731 3147 3026 3218; x_wconf 87' lang='lat' dir='ltr'><strong>aliquando</strong></span> <span class='ocrx_word' id='word_1_534' title='bbox 3067 3154 3193 3216; x_wconf 88' lang='lat' dir='ltr'><strong>post</strong></span> <span class='ocrx_word' id='word_1_535' title='bbox 3224 3146 3338 3200; x_wconf 63' lang='lat' dir='ltr'><strong>hare</strong></span> <span class='ocrx_word' id='word_1_536' title='bbox 3364 3147 3462 3199; x_wconf 85' lang='lat' dir='ltr'><strong>ha-</strong></span> 
     </span>
    </p>
   </div>
   <div class='ocr_carea' id='block_1_74' title="bbox 1883 3235 3463 3311">
    <p class='ocr_par' dir='ltr' id='par_1_74' title="bbox 1883 3235 3463 3311">
     <span class='ocr_line' id='line_1_74' title="bbox 1883 3235 3463 3311; baseline -0.006 -11"><span class='ocrx_word' id='word_1_537' title='bbox 1883 3245 1975 3300; x_wconf 86' lang='lat' dir='ltr'><strong>bet</strong></span> <span class='ocrx_word' id='word_1_538' title='bbox 2009 3263 2021 3298; x_wconf 92' lang='lat'><strong>:</strong></span> <span class='ocrx_word' id='word_1_539' title='bbox 2062 3243 2186 3298; x_wconf 76' lang='lat' dir='ltr'><strong>Non</strong></span> <span class='ocrx_word' id='word_1_540' title='bbox 2227 3243 2305 3296; x_wconf 89' lang='lat' dir='ltr'><strong>ita</strong></span> <span class='ocrx_word' id='word_1_541' title='bbox 2357 3241 2733 3311; x_wconf 77' lang='lat' dir='ltr'><strong>periclitemur,</strong></span> <span class='ocrx_word' id='word_1_542' title='bbox 2777 3239 2868 3294; x_wconf 86' lang='lat' dir='ltr'><strong>sed</strong></span> <span class='ocrx_word' id='word_1_543' title='bbox 2921 3249 3029 3293; x_wconf 85' lang='lat' dir='ltr'><strong>tute</strong></span> <span class='ocrx_word' id='word_1_544' title='bbox 3070 3239 3368 3307; x_wconf 81' lang='lat' dir='ltr'><strong>loquamur.</strong></span> <span class='ocrx_word' id='word_1_545' title='bbox 3400 3235 3463 3292; x_wconf 80' lang='lat' dir='ltr'><strong>Si</strong></span> 
     </span>
    </p>
   </div>
   <div class='ocr_carea' id='block_1_75' title="bbox 1881 3329 3460 3407">
    <p class='ocr_par' dir='ltr' id='par_1_75' title="bbox 1881 3329 3460 3407">
     <span class='ocr_line' id='line_1_75' title="bbox 1881 3329 3460 3407; baseline -0.003 -18"><span class='ocrx_word' id='word_1_546' title='bbox 1881 3335 2006 3407; x_wconf 85' lang='lat' dir='ltr'><strong>quid</strong></span> <span class='ocrx_word' id='word_1_547' title='bbox 2028 3344 2205 3388; x_wconf 88' lang='lat' dir='ltr'><strong>autem</strong></span> <span class='ocrx_word' id='word_1_548' title='bbox 2234 3334 2490 3402; x_wconf 86' lang='lat' dir='ltr'><strong>scriptum</strong></span> <span class='ocrx_word' id='word_1_549' title='bbox 2516 3340 2616 3397; x_wconf 79' lang='lat' dir='ltr'><strong>est,</strong></span> <span class='ocrx_word' id='word_1_550' title='bbox 2653 3347 2716 3386; x_wconf 87' lang='lat' dir='ltr'><strong>ne</strong></span> <span class='ocrx_word' id='word_1_551' title='bbox 2738 3329 2996 3384; x_wconf 79' lang='lat' dir='ltr'><strong>deleatur.</strong></span> <span class='ocrx_word' id='word_1_552' title='bbox 3041 3331 3099 3384; x_wconf 90' lang='lat' dir='ltr'><strong>In</strong></span> <span class='ocrx_word' id='word_1_553' title='bbox 3144 3331 3250 3386; x_wconf 88' lang='lat' dir='ltr'><strong>line</strong></span> <span class='ocrx_word' id='word_1_554' title='bbox 3278 3337 3460 3385; x_wconf 87' lang='lat' dir='ltr'><strong>autem</strong></span> 
     </span>
    </p>
   </div>
   <div class='ocr_carea' id='block_1_76' title="bbox 1883 3420 3461 3494">
    <p class='ocr_par' dir='ltr' id='par_1_76' title="bbox 1883 3420 3461 3494">
     <span class='ocr_line' id='line_1_76' title="bbox 1883 3420 3461 3494; baseline -0.006 -12"><span class='ocrx_word' id='word_1_555' title='bbox 1883 3427 2152 3482; x_wconf 89' lang='lat' dir='ltr'><strong>orationis</strong></span> <span class='ocrx_word' id='word_1_556' title='bbox 2199 3425 2276 3480; x_wconf 91' lang='lat' dir='ltr'><strong>ita</strong></span> <span class='ocrx_word' id='word_1_557' title='bbox 2323 3424 2605 3494; x_wconf 92' lang='lat' dir='ltr'><strong>loquitur:</strong></span> <span class='ocrx_word' id='word_1_558' title='bbox 2645 3421 2778 3488; x_wconf 63' lang='lat' dir='ltr'><strong>Quae</strong></span> <span class='ocrx_word' id='word_1_559' title='bbox 2817 3421 3012 3490; x_wconf 83' lang='lat' dir='ltr'><strong>scripta</strong></span> <span class='ocrx_word' id='word_1_560' title='bbox 3039 3431 3161 3474; x_wconf 81' lang='lat' dir='ltr'><strong>sunt</strong></span> <span class='ocrx_word' id='word_1_561' title='bbox 3204 3420 3384 3483; x_wconf 84' lang='lat' dir='ltr'><strong>dicito,</strong></span> <span class='ocrx_word' id='word_1_562' title='bbox 3409 3427 3461 3473; x_wconf 85' lang='lat' dir='ltr'><strong>et</strong></span> 
     </span>
    </p>
   </div>
   <div class='ocr_carea' id='block_1_77' title="bbox 1882 3510 3460 3588">
    <p class='ocr_par' dir='ltr' id='par_1_77' title="bbox 1882 3510 3460 3588">
     <span class='ocr_line' id='line_1_77' title="bbox 1882 3510 3460 3588; baseline -0.004 -17"><span class='ocrx_word' id='word_1_563' title='bbox 1882 3518 2271 3588; x_wconf 81' lang='lat' dir='ltr'><strong>derelinquetur</strong></span> <span class='ocrx_word' id='word_1_564' title='bbox 2301 3516 2385 3570; x_wconf 76' lang='grc' dir='ltr'><strong>ιίδ.</strong></span> <span class='ocrx_word' id='word_1_565' title='bbox 2415 3513 2626 3582; x_wconf 87' lang='lat' dir='ltr'><strong>Quibus</strong></span> <span class='ocrx_word' id='word_1_566' title='bbox 2659 3513 2842 3568; x_wconf 82' lang='lat' dir='ltr'><strong>verbis</strong></span> <span class='ocrx_word' id='word_1_567' title='bbox 2867 3510 3182 3584; x_wconf 74' lang='lat' dir='ltr'><strong>Houousmu</strong></span> <span class='ocrx_word' id='word_1_568' title='bbox 3212 3513 3331 3568; x_wconf 89' lang='lat' dir='ltr'><strong>sine</strong></span> <span class='ocrx_word' id='word_1_569' title='bbox 3353 3511 3460 3566; x_wconf 87' lang='lat' dir='ltr'><strong>du-</strong></span> 
     </span>
    </p>
   </div>
   <div class='ocr_carea' id='block_1_78' title="bbox 1883 3603 3462 3680">
    <p class='ocr_par' dir='ltr' id='par_1_78' title="bbox 1883 3603 3462 3680">
     <span class='ocr_line' id='line_1_78' title="bbox 1883 3603 3462 3680; baseline -0.006 -16"><span class='ocrx_word' id='word_1_570' title='bbox 1883 3611 1974 3666; x_wconf 90' lang='lat' dir='ltr'><strong>bio</strong></span> <span class='ocrx_word' id='word_1_571' title='bbox 2001 3608 2325 3680; x_wconf 85' lang='lat' dir='ltr'><strong>perstringit</strong></span> <span class='ocrx_word' id='word_1_572' title='bbox 2359 3607 2650 3664; x_wconf 86' lang='lat' dir='ltr'><strong>Eusebius.</strong></span> <span class='ocrx_word' id='word_1_573' title='bbox 2669 3604 2797 3661; x_wconf 85' lang='lat' dir='ltr'><strong>Sed</strong></span> <span class='ocrx_word' id='word_1_574' title='bbox 2848 3619 3022 3672; x_wconf 86' lang='lat' dir='ltr'><strong>nunc,</strong></span> <span class='ocrx_word' id='word_1_575' title='bbox 3052 3603 3100 3659; x_wconf 91' lang='lat' dir='ltr'><strong>si</strong></span> <span class='ocrx_word' id='word_1_576' title='bbox 3145 3604 3343 3674; x_wconf 86' lang='lat' dir='ltr'><strong>placet,</strong></span> <span class='ocrx_word' id='word_1_577' title='bbox 3368 3618 3462 3656; x_wconf 88' lang='lat' dir='ltr'><strong>ve-</strong></span> 
     </span>
    </p>
   </div>
   <div class='ocr_carea' id='block_1_79' title="bbox 1882 3693 3461 3766">
    <p class='ocr_par' dir='ltr' id='par_1_79' title="bbox 1882 3693 3461 3766">
     <span class='ocr_line' id='line_1_79' title="bbox 1882 3693 3461 3766; baseline -0.008 -6"><span class='ocrx_word' id='word_1_578' title='bbox 1882 3713 2062 3761; x_wconf 91' lang='lat' dir='ltr'><strong>terum</strong></span> <span class='ocrx_word' id='word_1_579' title='bbox 2095 3703 2164 3760; x_wconf 91' lang='lat' dir='ltr'><strong>de</strong></span> <span class='ocrx_word' id='word_1_580' title='bbox 2195 3701 2433 3758; x_wconf 86' lang='lat' dir='ltr'><strong>Eusebio</strong></span> <span class='ocrx_word' id='word_1_581' title='bbox 2463 3699 2780 3757; x_wconf 89' lang='lat' dir='ltr'><strong>testimonia</strong></span> <span class='ocrx_word' id='word_1_582' title='bbox 2831 3697 3140 3753; x_wconf 90' lang='lat' dir='ltr'><strong>audiamus.</strong></span> <span class='ocrx_word' id='word_1_583' title='bbox 3169 3695 3232 3751; x_wconf 85' lang='lat' dir='ltr'><strong>In</strong></span> <span class='ocrx_word' id='word_1_584' title='bbox 3260 3693 3461 3766; x_wconf 82' lang='lat' dir='ltr'><strong>quibus</strong></span> 
     </span>
    </p>
   </div>
   <div class='ocr_carea' id='block_1_80' title="bbox 1885 3789 3463 3857">
    <p class='ocr_par' dir='ltr' id='par_1_80' title="bbox 1885 3789 3463 3857">
     <span class='ocr_line' id='line_1_80' title="bbox 1885 3789 3463 3857; baseline -0.008 -2"><span class='ocrx_word' id='word_1_585' title='bbox 1885 3797 2020 3856; x_wconf 89' lang='lat' dir='ltr'><strong>illud</strong></span> <span class='ocrx_word' id='word_1_586' title='bbox 2044 3797 2284 3853; x_wconf 80' lang='lat' dir='ltr'><strong>maxime</strong></span> <span class='ocrx_word' id='word_1_587' title='bbox 2313 3793 2716 3852; x_wconf 86' lang='lat' dir='ltr'><strong>observandum</strong></span> <span class='ocrx_word' id='word_1_588' title='bbox 2750 3800 2853 3857; x_wconf 90' lang='lat' dir='ltr'><strong>est,</strong></span> <span class='ocrx_word' id='word_1_589' title='bbox 2904 3791 3008 3846; x_wconf 91' lang='lat' dir='ltr'><strong>etsi</strong></span> <span class='ocrx_word' id='word_1_590' title='bbox 3044 3790 3194 3846; x_wconf 86' lang='lat' dir='ltr'><strong>varia</strong></span> <span class='ocrx_word' id='word_1_591' title='bbox 3242 3789 3463 3845; x_wconf 87' lang='lat' dir='ltr'><strong>fuerunt</strong></span> 
     </span>
    </p>
   </div>
   <div class='ocr_carea' id='block_1_81' title="bbox 1883 3879 3462 3955">
    <p class='ocr_par' dir='ltr' id='par_1_81' title="bbox 1883 3879 3462 3955">
     <span class='ocr_line' id='line_1_81' title="bbox 1883 3879 3462 3955; baseline -0.008 -8"><span class='ocrx_word' id='word_1_592' title='bbox 1883 3891 2168 3948; x_wconf 89' lang='lat' dir='ltr'><strong>hominum</strong></span> <span class='ocrx_word' id='word_1_593' title='bbox 2197 3887 2267 3944; x_wconf 89' lang='lat' dir='ltr'><strong>de</strong></span> <span class='ocrx_word' id='word_1_594' title='bbox 2297 3887 2536 3943; x_wconf 89' lang='lat' dir='ltr'><strong>Eusebio</strong></span> <span class='ocrx_word' id='word_1_595' title='bbox 2561 3893 2754 3941; x_wconf 91' lang='lat' dir='ltr'><strong>nostro</strong></span> <span class='ocrx_word' id='word_1_596' title='bbox 2794 3884 3019 3955; x_wconf 90' lang='lat' dir='ltr'><strong>judicia,</strong></span> <span class='ocrx_word' id='word_1_597' title='bbox 3068 3879 3213 3952; x_wconf 91' lang='lat' dir='ltr'><strong>quod</strong></span> <span class='ocrx_word' id='word_1_598' title='bbox 3239 3880 3462 3952; x_wconf 86' lang='lat' dir='ltr'><strong>quidem</strong></span> 
     </span>
    </p>
   </div>
   <div class='ocr_carea' id='block_1_82' title="bbox 1884 3970 3461 4055">
    <p class='ocr_par' dir='ltr' id='par_1_82' title="bbox 1884 3970 3461 4055">
     <span class='ocr_line' id='line_1_82' title="bbox 1884 3970 3461 4055; baseline -0.01 -16"><span class='ocrx_word' id='word_1_599' title='bbox 1884 3990 2096 4055; x_wconf 89' lang='lat' dir='ltr'><strong>spectat</strong></span> <span class='ocrx_word' id='word_1_600' title='bbox 2140 3981 2208 4038; x_wconf 87' lang='lat' dir='ltr'><strong>ad</strong></span> <span class='ocrx_word' id='word_1_601' title='bbox 2259 3979 2758 4036; x_wconf 87' lang='lat' dir='ltr'><strong>ecclesiasticorum</strong></span> <span class='ocrx_word' id='word_1_602' title='bbox 2797 3973 3114 4046; x_wconf 86' lang='lat' dir='ltr'><strong>dogmatum</strong></span> <span class='ocrx_word' id='word_1_603' title='bbox 3145 3970 3461 4042; x_wconf 89' lang='lat' dir='ltr'><strong>puritatem,</strong></span> 
     </span>
    </p>
   </div>
   <div class='ocr_carea' id='block_1_83' title="bbox 1885 4065 3469 4134">
    <p class='ocr_par' dir='ltr' id='par_1_83' title="bbox 1885 4065 3469 4134">
     <span class='ocr_line' id='line_1_83' title="bbox 1885 4065 3469 4134; baseline -0.011 0"><span class='ocrx_word' id='word_1_604' title='bbox 1885 4092 2078 4134; x_wconf 90' lang='lat' dir='ltr'><strong>omnes</strong></span> <span class='ocrx_word' id='word_1_605' title='bbox 2109 4087 2292 4132; x_wconf 90' lang='lat' dir='ltr'><strong>tamen</strong></span> <span class='ocrx_word' id='word_1_606' title='bbox 2331 4085 2562 4128; x_wconf 60' lang='lat' dir='ltr'><strong>summa;</strong></span> <span class='ocrx_word' id='word_1_607' title='bbox 2595 4068 2917 4125; x_wconf 85' lang='lat' dir='ltr'><strong>eruditionis</strong></span> <span class='ocrx_word' id='word_1_608' title='bbox 2951 4065 3164 4121; x_wconf 89' lang='lat' dir='ltr'><strong>laudem</strong></span> <span class='ocrx_word' id='word_1_609' title='bbox 3191 4079 3302 4120; x_wconf 93' lang='lat' dir='ltr'><strong>uno</strong></span> <span class='ocrx_word' id='word_1_610' title='bbox 3330 4077 3469 4117; x_wconf 56' lang='lat' dir='ltr'><strong>con-</strong></span> 
     </span>
    </p>
   </div>
   <div class='ocr_carea' id='block_1_84' title="bbox 1887 4155 3465 4226">
    <p class='ocr_par' dir='ltr' id='par_1_84' title="bbox 1887 4155 3465 4226">
     <span class='ocr_line' id='line_1_84' title="bbox 1887 4155 3465 4226; baseline -0.013 0"><span class='ocrx_word' id='word_1_611' title='bbox 1887 4185 2052 4226; x_wconf 89' lang='lat' dir='ltr'><strong>sensu</strong></span> <span class='ocrx_word' id='word_1_612' title='bbox 2087 4169 2138 4224; x_wconf 93' lang='lat' dir='ltr'><strong>ei</strong></span> <span class='ocrx_word' id='word_1_613' title='bbox 2187 4166 2465 4222; x_wconf 90' lang='lat' dir='ltr'><strong>tribuisse.</strong></span> <span class='ocrx_word' id='word_1_614' title='bbox 2496 4161 2651 4217; x_wconf 91' lang='lat' dir='ltr'><strong>Unus</strong></span> <span class='ocrx_word' id='word_1_615' title='bbox 2696 4159 2922 4215; x_wconf 88' lang='lat' dir='ltr'><strong>Patrum</strong></span> <span class='ocrx_word' id='word_1_616' title='bbox 2957 4157 3220 4213; x_wconf 89' lang='lat' dir='ltr'><strong>memoria</strong></span> <span class='ocrx_word' id='word_1_617' title='bbox 3253 4155 3465 4211; x_wconf 81' lang='lat' dir='ltr'><strong>exstitit</strong></span> 
     </span>
    </p>
   </div>
   <div class='ocr_carea' id='block_1_85' title="bbox 1884 4246 3464 4333">
    <p class='ocr_par' dir='ltr' id='par_1_85' title="bbox 1884 4246 3464 4333">
     <span class='ocr_line' id='line_1_85' title="bbox 1884 4246 3464 4333; baseline -0.012 -16"><span class='ocrx_word' id='word_1_618' title='bbox 1884 4261 2157 4333; x_wconf 86' lang='lat' dir='ltr'><strong>Josephus</strong></span> <span class='ocrx_word' id='word_1_619' title='bbox 2206 4257 2472 4328; x_wconf 89' lang='lat' dir='ltr'><strong>Scaliger,</strong></span> <span class='ocrx_word' id='word_1_620' title='bbox 2503 4256 2597 4325; x_wconf 91' lang='lat' dir='ltr'><strong>qui</strong></span> <span class='ocrx_word' id='word_1_621' title='bbox 2653 4251 2922 4323; x_wconf 84' lang='lat' dir='ltr'><strong>praecipiti</strong></span> <span class='ocrx_word' id='word_1_622' title='bbox 2952 4249 3188 4321; x_wconf 90' lang='lat' dir='ltr'><strong>quadam</strong></span> <span class='ocrx_word' id='word_1_623' title='bbox 3233 4246 3464 4302; x_wconf 86' lang='lat' dir='ltr'><strong>audacia</strong></span> 
     </span>
    </p>
   </div>
   <div class='ocr_carea' id='block_1_86' title="bbox 1887 4339 3467 4414">
    <p class='ocr_par' dir='ltr' id='par_1_86' title="bbox 1887 4339 3467 4414">
     <span class='ocr_line' id='line_1_86' title="bbox 1887 4339 3467 4414; baseline -0.011 -3"><span class='ocrx_word' id='word_1_624' title='bbox 1887 4371 1953 4412; x_wconf 92' lang='lat' dir='ltr'><strong>ac</strong></span> <span class='ocrx_word' id='word_1_625' title='bbox 1993 4351 2354 4411; x_wconf 88' lang='lat' dir='ltr'><strong>maledicendi</strong></span> <span class='ocrx_word' id='word_1_626' title='bbox 2394 4348 2620 4404; x_wconf 85' lang='lat' dir='ltr'><strong>libidine</strong></span> <span class='ocrx_word' id='word_1_627' title='bbox 2669 4347 2949 4414; x_wconf 89' lang='lat' dir='ltr'><strong>abreptus,</strong></span> <span class='ocrx_word' id='word_1_628' title='bbox 3012 4343 3152 4396; x_wconf 90' lang='lat' dir='ltr'><strong>hanc</strong></span> <span class='ocrx_word' id='word_1_629' title='bbox 3203 4339 3467 4395; x_wconf 78' lang='lat' dir='ltr'><strong>doctrinae</strong></span> 
     </span>
    </p>
   </div>
   <div class='ocr_carea' id='block_1_87' title="bbox 1888 4428 3468 4522">
    <p class='ocr_par' dir='ltr' id='par_1_87' title="bbox 1888 4428 3468 4522">
     <span class='ocr_line' id='line_1_87' title="bbox 1888 4428 3468 4522; baseline -0.015 -18"><span class='ocrx_word' id='word_1_630' title='bbox 1888 4450 2139 4522; x_wconf 85' lang='lat' dir='ltr'><strong>gloriam,</strong></span> <span class='ocrx_word' id='word_1_631' title='bbox 2155 4458 2320 4516; x_wconf 90' lang='lat' dir='ltr'><strong>quam</strong></span> <span class='ocrx_word' id='word_1_632' title='bbox 2339 4456 2440 4496; x_wconf 87' lang='lat' dir='ltr'><strong>nec</strong></span> <span class='ocrx_word' id='word_1_633' title='bbox 2450 4435 2994 4495; x_wconf 85' lang='lat' dir='ltr'><strong>adversariiEusebio</strong></span> <span class='ocrx_word' id='word_1_634' title='bbox 3009 4445 3244 4503; x_wconf 89' lang='lat' dir='ltr'><strong>unquam</strong></span> <span class='ocrx_word' id='word_1_635' title='bbox 3259 4428 3468 4484; x_wconf 62' lang='lat' dir='ltr'><strong>invide-</strong></span> 
     </span>
    </p>
   </div>
   <div class='ocr_carea' id='block_1_88' title="bbox 247 4521 3468 4628">
    <p class='ocr_par' dir='ltr' id='par_1_88' title="bbox 247 4521 3468 4628">
     <span class='ocr_line' id='line_1_88' title="bbox 247 4521 3468 4628; baseline -0.011 -20"><span class='ocrx_word' id='word_1_636' title='bbox 247 4521 465 4620; x_wconf 72' lang='lat' dir='ltr'><strong>synodum</strong></span> <span class='ocrx_word' id='word_1_637' title='bbox 489 4521 764 4628; x_wconf 69' lang='lat' dir='ltr'><strong>perpetuo</strong></span> <span class='ocrx_word' id='word_1_638' title='bbox 793 4551 1104 4608; x_wconf 80' lang='lat' dir='ltr'><strong>damnavit?</strong></span> <span class='ocrx_word' id='word_1_639' title='bbox 1148 4521 1437 4622; x_wconf 48' lang='lat' dir='ltr'><strong>&#39;Legan-tur</strong></span> <span class='ocrx_word' id='word_1_640' title='bbox 1485 4548 1608 4619; x_wconf 92' lang='lat' dir='ltr'><strong>ejus</strong></span> <span class='ocrx_word' id='word_1_641' title='bbox 1657 4545 1782 4602; x_wconf 86' lang='lat' dir='ltr'><strong>libri</strong></span> <span class='ocrx_word' id='word_1_642' title='bbox 1812 4561 1864 4620; x_wconf 79' lang='grc' dir='ltr'><strong>ι)</strong></span> <span class='ocrx_word' id='word_1_643' title='bbox 1888 4521 2036 4605; x_wconf 87' lang='lat' dir='ltr'><strong>runt,</strong></span> <span class='ocrx_word' id='word_1_644' title='bbox 2064 4539 2113 4594; x_wconf 90' lang='lat' dir='ltr'><strong>ei</strong></span> <span class='ocrx_word' id='word_1_645' title='bbox 2139 4537 2380 4592; x_wconf 87' lang='lat' dir='ltr'><strong>adimere</strong></span> <span class='ocrx_word' id='word_1_646' title='bbox 2405 4538 2636 4588; x_wconf 86' lang='lat' dir='ltr'><strong>conatus</strong></span> <span class='ocrx_word' id='word_1_647' title='bbox 2665 4536 2770 4586; x_wconf 85' lang='lat' dir='ltr'><strong>est.</strong></span> <span class='ocrx_word' id='word_1_648' title='bbox 2797 4527 2929 4599; x_wconf 90' lang='lat' dir='ltr'><strong>Ejus</strong></span> <span class='ocrx_word' id='word_1_649' title='bbox 2950 4526 3113 4580; x_wconf 83' lang='lat' dir='ltr'><strong>verba</strong></span> <span class='ocrx_word' id='word_1_650' title='bbox 3143 4528 3192 4578; x_wconf 90' lang='lat' dir='ltr'><strong>si</strong></span> <span class='ocrx_word' id='word_1_651' title='bbox 3219 4521 3344 4628; x_wconf 73' lang='lat' dir='ltr'><strong>quis</strong></span> <span class='ocrx_word' id='word_1_652' title='bbox 3369 4535 3468 4624; x_wconf 78' lang='lat' dir='ltr'><strong>cu-</strong></span> 
     </span>
    </p>
   </div>
   <div class='ocr_carea' id='block_1_89' title="bbox 247 4614 3468 4718">
    <p class='ocr_par' dir='ltr' id='par_1_89' title="bbox 247 4614 3468 4718">
     <span class='ocr_line' id='line_1_89' title="bbox 247 4614 3468 4718; baseline -0.011 -19"><span class='ocrx_word' id='word_1_653' title='bbox 247 4614 654 4706; x_wconf 61' lang='lat' dir='ltr'><strong>Deuclesiastica</strong></span> <span class='ocrx_word' id='word_1_654' title='bbox 696 4647 977 4718; x_wconf 83' lang='lat' dir='ltr'><strong>theologia,</strong></span> <span class='ocrx_word' id='word_1_655' title='bbox 1024 4661 1162 4717; x_wconf 90' lang='lat' dir='ltr'><strong>quos</strong></span> <span class='ocrx_word' id='word_1_656' title='bbox 1225 4652 1416 4701; x_wconf 91' lang='lat' dir='ltr'><strong>contra</strong></span> <span class='ocrx_word' id='word_1_657' title='bbox 1462 4642 1778 4697; x_wconf 87' lang='lat' dir='ltr'><strong>Marcellum</strong></span> <span class='ocrx_word' id='word_1_658' title='bbox 1812 4614 1852 4620; x_wconf 46' lang='grc'><strong>⁷</strong></span> <span class='ocrx_word' id='word_1_659' title='bbox 1888 4635 1969 4707; x_wconf 88' lang='lat' dir='ltr'><strong>pit</strong></span> <span class='ocrx_word' id='word_1_660' title='bbox 2007 4645 2356 4704; x_wconf 88' lang='lat' dir='ltr'><strong>cognoscere,</strong></span> <span class='ocrx_word' id='word_1_661' title='bbox 2392 4629 2534 4683; x_wconf 86' lang='lat' dir='ltr'><strong>inter</strong></span> <span class='ocrx_word' id='word_1_662' title='bbox 2552 4623 2866 4682; x_wconf 90' lang='lat' dir='ltr'><strong>testimonia</strong></span> <span class='ocrx_word' id='word_1_663' title='bbox 2906 4629 3151 4677; x_wconf 86' lang='lat' dir='ltr'><strong>veterum</strong></span> <span class='ocrx_word' id='word_1_664' title='bbox 3183 4614 3468 4716; x_wconf 71' lang='lat' dir='ltr'><strong>collocavi-</strong></span> 
     </span>
    </p>
   </div>
   <div class='ocr_carea' id='block_1_90' title="bbox 247 4735 1785 4814">
    <p class='ocr_par' dir='ltr' id='par_1_90' title="bbox 247 4735 1785 4814">
     <span class='ocr_line' id='line_1_90' title="bbox 247 4735 1785 4814; baseline -0.003 -22"><span class='ocrx_word' id='word_1_665' title='bbox 247 4740 423 4809; x_wconf 78' lang='lat' dir='ltr'><strong>Icripsit</strong></span> <span class='ocrx_word' id='word_1_666' title='bbox 447 4744 542 4798; x_wconf 87' lang='lat' dir='ltr'><strong>diu</strong></span> <span class='ocrx_word' id='word_1_667' title='bbox 594 4749 730 4814; x_wconf 87' lang='lat' dir='ltr'><strong>post</strong></span> <span class='ocrx_word' id='word_1_668' title='bbox 757 4740 1054 4796; x_wconf 91' lang='lat' dir='ltr'><strong>concilium</strong></span> <span class='ocrx_word' id='word_1_669' title='bbox 1091 4737 1395 4814; x_wconf 78' lang='lat' dir='ltr'><strong>Nicaenum.</strong></span> <span class='ocrx_word' id='word_1_670' title='bbox 1434 4735 1785 4791; x_wconf 86' lang='lat' dir='ltr'><strong>Inveniemus</strong></span> 
     </span>
    </p>
   </div>
   <div class='ocr_carea' id='block_1_91' title="bbox 249 4811 1787 4902">
    <p class='ocr_par' dir='ltr' id='par_1_91' title="bbox 249 4811 1787 4902">
     <span class='ocr_line' id='line_1_91' title="bbox 249 4811 1787 4902; baseline -0.005 -15"><span class='ocrx_word' id='word_1_671' title='bbox 249 4826 286 4882; x_wconf 71' lang='lat' dir='ltr'><strong>id</strong></span> <span class='ocrx_word' id='word_1_672' title='bbox 309 4833 431 4902; x_wconf 87' lang='lat' dir='ltr'><strong>quod</strong></span> <span class='ocrx_word' id='word_1_673' title='bbox 458 4811 925 4898; x_wconf 40' lang='lat' dir='ltr'><strong>dixi,‘damnatos</strong></span> <span class='ocrx_word' id='word_1_674' title='bbox 959 4827 1028 4885; x_wconf 90' lang='lat' dir='ltr'><strong>ab</strong></span> <span class='ocrx_word' id='word_1_675' title='bbox 1070 4846 1136 4886; x_wconf 89' lang='lat' dir='ltr'><strong>eo</strong></span> <span class='ocrx_word' id='word_1_676' title='bbox 1177 4811 1350 4884; x_wconf 84' lang='lat' dir='ltr'><strong>fuisse</strong></span> <span class='ocrx_word' id='word_1_677' title='bbox 1398 4829 1488 4898; x_wconf 92' lang='lat' dir='ltr'><strong>qui</strong></span> <span class='ocrx_word' id='word_1_678' title='bbox 1539 4827 1787 4882; x_wconf 90' lang='lat' dir='ltr'><strong>dicerent</strong></span> 
     </span>
    </p>
   </div>
   <div class='ocr_carea' id='block_1_92' title="bbox 250 4917 1787 4982">
    <p class='ocr_par' dir='ltr' id='par_1_92' title="bbox 250 4917 1787 4982">
     <span class='ocr_line' id='line_1_92' title="bbox 250 4917 1787 4982; baseline 0.001 -10"><span class='ocrx_word' id='word_1_679' title='bbox 250 4917 402 4978; x_wconf 73' lang='lat' dir='ltr'><strong>Filium</strong></span> <span class='ocrx_word' id='word_1_680' title='bbox 425 4925 518 4982; x_wconf 85' lang='lat' dir='ltr'><strong>Dei</strong></span> <span class='ocrx_word' id='word_1_681' title='bbox 546 4927 621 4982; x_wconf 91' lang='lat' dir='ltr'><strong>de</strong></span> <span class='ocrx_word' id='word_1_682' title='bbox 651 4939 768 4979; x_wconf 88' lang='lat' dir='ltr'><strong>non</strong></span> <span class='ocrx_word' id='word_1_683' title='bbox 795 4922 1140 4979; x_wconf 86' lang='lat' dir='ltr'><strong>exstantibus</strong></span> <span class='ocrx_word' id='word_1_684' title='bbox 1174 4936 1300 4978; x_wconf 88' lang='lat' dir='ltr'><strong>esse</strong></span> <span class='ocrx_word' id='word_1_685' title='bbox 1321 4920 1548 4981; x_wconf 88' lang='lat' dir='ltr'><strong>factum,</strong></span> <span class='ocrx_word' id='word_1_686' title='bbox 1571 4926 1625 4974; x_wconf 90' lang='lat' dir='ltr'><strong>et</strong></span> <span class='ocrx_word' id='word_1_687' title='bbox 1648 4917 1787 4974; x_wconf 85' lang='lat' dir='ltr'><strong>fuis-</strong></span> 
     </span>
    </p>
   </div>
   <div class='ocr_carea' id='block_1_93' title="bbox 250 5009 1786 5086">
    <p class='ocr_par' dir='ltr' id='par_1_93' title="bbox 250 5009 1786 5086">
     <span class='ocr_line' id='line_1_93' title="bbox 250 5009 1786 5086; baseline -0.002 -18"><span class='ocrx_word' id='word_1_688' title='bbox 250 5021 498 5086; x_wconf 76' lang='lat' dir='ltr'><strong>setempus</strong></span> <span class='ocrx_word' id='word_1_689' title='bbox 535 5029 672 5072; x_wconf 73' lang='lat' dir='ltr'><strong>cum</strong></span> <span class='ocrx_word' id='word_1_690' title='bbox 702 5030 814 5071; x_wconf 86' lang='lat' dir='ltr'><strong>non</strong></span> <span class='ocrx_word' id='word_1_691' title='bbox 852 5019 1020 5070; x_wconf 81' lang='lat' dir='ltr'><strong>esset.</strong></span> <span class='ocrx_word' id='word_1_692' title='bbox 1053 5011 1201 5068; x_wconf 87' lang='lat' dir='ltr'><strong>Idem</strong></span> <span class='ocrx_word' id='word_1_693' title='bbox 1248 5011 1414 5067; x_wconf 87' lang='lat' dir='ltr'><strong>etiam</strong></span> <span class='ocrx_word' id='word_1_694' title='bbox 1454 5011 1523 5066; x_wconf 92' lang='lat' dir='ltr'><strong>de</strong></span> <span class='ocrx_word' id='word_1_695' title='bbox 1548 5009 1786 5066; x_wconf 89' lang='lat' dir='ltr'><strong>Eusebio</strong></span> 
     </span>
    </p>
   </div>
   <div class='ocr_carea' id='block_1_94' title="bbox 252 5101 1788 5176">
    <p class='ocr_par' dir='ltr' id='par_1_94' title="bbox 252 5101 1788 5176">
     <span class='ocr_line' id='line_1_94' title="bbox 252 5101 1788 5176; baseline -0.001 -18"><span class='ocrx_word' id='word_1_696' title='bbox 252 5110 439 5163; x_wconf 76' lang='lat' dir='ltr'><strong>testatur</strong></span> <span class='ocrx_word' id='word_1_697' title='bbox 469 5109 814 5165; x_wconf 75' lang='lat' dir='ltr'><strong>Athanasius</strong></span> <span class='ocrx_word' id='word_1_698' title='bbox 873 5106 931 5161; x_wconf 92' lang='lat' dir='ltr'><strong>in</strong></span> <span class='ocrx_word' id='word_1_699' title='bbox 961 5104 1206 5176; x_wconf 90' lang='lat' dir='ltr'><strong>Epistola</strong></span> <span class='ocrx_word' id='word_1_700' title='bbox 1248 5103 1313 5158; x_wconf 82' lang='lat' dir='ltr'><strong>de</strong></span> <span class='ocrx_word' id='word_1_701' title='bbox 1337 5102 1560 5157; x_wconf 86' lang='lat' dir='ltr'><strong>decretis</strong></span> <span class='ocrx_word' id='word_1_702' title='bbox 1598 5101 1788 5173; x_wconf 78' lang='lat' dir='ltr'><strong>synodi</strong></span> 
     </span>
    </p>
   </div>
   <div class='ocr_carea' id='block_1_95' title="bbox 255 5192 1785 5269">
    <p class='ocr_par' dir='ltr' id='par_1_95' title="bbox 255 5192 1785 5269">
     <span class='ocr_line' id='line_1_95' title="bbox 255 5192 1785 5269; baseline -0.005 -12"><span class='ocrx_word' id='word_1_703' title='bbox 255 5192 444 5257; x_wconf 65' lang='lat' dir='ltr'><strong>Nicena</strong></span> <span class='ocrx_word' id='word_1_704' title='bbox 467 5203 556 5259; x_wconf 88' lang='lat' dir='ltr'><strong>his</strong></span> <span class='ocrx_word' id='word_1_705' title='bbox 609 5201 835 5257; x_wconf 85' lang='lat' dir='ltr'><strong>verbis:</strong></span> <span class='ocrx_word' id='word_1_706' title='bbox 877 5199 946 5253; x_wconf 88' lang='lat' dir='ltr'><strong>Et</strong></span> <span class='ocrx_word' id='word_1_707' title='bbox 974 5198 1208 5269; x_wconf 76' lang='lat' dir='ltr'><strong>profecto</strong></span> <span class='ocrx_word' id='word_1_708' title='bbox 1238 5197 1425 5266; x_wconf 71' lang='lat' dir='ltr'><strong>infelix</strong></span> <span class='ocrx_word' id='word_1_709' title='bbox 1471 5196 1526 5249; x_wconf 86' lang='lat' dir='ltr'><strong>in</strong></span> <span class='ocrx_word' id='word_1_710' title='bbox 1571 5211 1632 5249; x_wconf 84' lang='lat' dir='ltr'><strong>eo</strong></span> <span class='ocrx_word' id='word_1_711' title='bbox 1662 5195 1785 5264; x_wconf 78' lang='lat' dir='ltr'><strong>fuit.</strong></span> 
     </span>
    </p>
   </div>
   <div class='ocr_carea' id='block_1_96' title="bbox 258 5281 1788 5363">
    <p class='ocr_par' dir='ltr' id='par_1_96' title="bbox 258 5281 1788 5363">
     <span class='ocr_line' id='line_1_96' title="bbox 258 5281 1788 5363; baseline -0.005 -20"><span class='ocrx_word' id='word_1_712' title='bbox 258 5281 308 5338; x_wconf 72' lang='grc' dir='ltr'><strong>δι</strong></span> <span class='ocrx_word' id='word_1_713' title='bbox 325 5292 444 5344; x_wconf 82' lang='lat' dir='ltr'><strong>enim</strong></span> <span class='ocrx_word' id='word_1_714' title='bbox 470 5294 704 5363; x_wconf 76' lang='lat' dir='ltr'><strong>seipsttm</strong></span> <span class='ocrx_word' id='word_1_715' title='bbox 734 5297 1006 5361; x_wconf 79' lang='lat' dir='ltr'><strong>purgaret.</strong></span> <span class='ocrx_word' id='word_1_716' title='bbox 1037 5288 1304 5342; x_wconf 84' lang='lat' dir='ltr'><strong>accusavit</strong></span> <span class='ocrx_word' id='word_1_717' title='bbox 1334 5285 1572 5354; x_wconf 86' lang='lat' dir='ltr'><strong>deinceps</strong></span> <span class='ocrx_word' id='word_1_718' title='bbox 1626 5283 1788 5336; x_wconf 81' lang='lat' dir='ltr'><strong>Aria-</strong></span> 
     </span>
    </p>
   </div>
   <div class='ocr_carea' id='block_1_97' title="bbox 256 5377 1792 5454">
    <p class='ocr_par' dir='ltr' id='par_1_97' title="bbox 256 5377 1792 5454">
     <span class='ocr_line' id='line_1_97' title="bbox 256 5377 1792 5454; baseline -0.003 -20"><span class='ocrx_word' id='word_1_719' title='bbox 256 5385 489 5454; x_wconf 47' lang='lat' dir='ltr'><strong>nequod</strong></span> <span class='ocrx_word' id='word_1_720' title='bbox 516 5403 641 5440; x_wconf 85' lang='lat' dir='ltr'><strong>cum</strong></span> <span class='ocrx_word' id='word_1_721' title='bbox 678 5384 916 5439; x_wconf 85' lang='lat' dir='ltr'><strong>dicerent</strong></span> <span class='ocrx_word' id='word_1_722' title='bbox 960 5379 1161 5435; x_wconf 86' lang='lat' dir='ltr'><strong>Filium</strong></span> <span class='ocrx_word' id='word_1_723' title='bbox 1214 5378 1313 5434; x_wconf 90' lang='lat' dir='ltr'><strong>Dei</strong></span> <span class='ocrx_word' id='word_1_724' title='bbox 1372 5395 1478 5433; x_wconf 87' lang='lat' dir='ltr'><strong>non</strong></span> <span class='ocrx_word' id='word_1_725' title='bbox 1525 5377 1792 5432; x_wconf 79' lang='lat' dir='ltr'><strong>exstitisse</strong></span> 
     </span>
    </p>
   </div>
   <div class='ocr_carea' id='block_1_98' title="bbox 259 5469 1792 5548">
    <p class='ocr_par' dir='ltr' id='par_1_98' title="bbox 259 5469 1792 5548">
     <span class='ocr_line' id='line_1_98' title="bbox 259 5469 1792 5548; baseline -0.005 -21"><span class='ocrx_word' id='word_1_726' title='bbox 259 5480 487 5543; x_wconf 60' lang='lat' dir='ltr'><strong>antequam</strong></span> <span class='ocrx_word' id='word_1_727' title='bbox 525 5476 856 5548; x_wconf 83' lang='lat' dir='ltr'><strong>gigneretur,</strong></span> <span class='ocrx_word' id='word_1_728' title='bbox 881 5473 978 5525; x_wconf 91' lang='lat' dir='ltr'><strong>hoc</strong></span> <span class='ocrx_word' id='word_1_729' title='bbox 1003 5479 1156 5542; x_wconf 82' lang='lat' dir='ltr'><strong>pacto</strong></span> <span class='ocrx_word' id='word_1_730' title='bbox 1185 5478 1433 5541; x_wconf 82' lang='lat' dir='ltr'><strong>negarent</strong></span> <span class='ocrx_word' id='word_1_731' title='bbox 1461 5485 1578 5524; x_wconf 87' lang='lat' dir='ltr'><strong>eum</strong></span> <span class='ocrx_word' id='word_1_732' title='bbox 1627 5469 1792 5522; x_wconf 76' lang='lat' dir='ltr'><strong>exsti-</strong></span> 
     </span>
    </p>
   </div>
   <div class='ocr_carea' id='block_1_99' title="bbox 261 5559 1789 5630">
    <p class='ocr_par' dir='ltr' id='par_1_99' title="bbox 261 5559 1789 5630">
     <span class='ocr_line' id='line_1_99' title="bbox 261 5559 1789 5630; baseline -0.005 -12"><span class='ocrx_word' id='word_1_733' title='bbox 261 5562 354 5618; x_wconf 65' lang='lat' dir='ltr'><strong>tisse</strong></span> <span class='ocrx_word' id='word_1_734' title='bbox 400 5579 513 5624; x_wconf 79' lang='lat' dir='ltr'><strong>ante</strong></span> <span class='ocrx_word' id='word_1_735' title='bbox 549 5567 1002 5623; x_wconf 82' lang='lat' dir='ltr'><strong>incarnationem.</strong></span> <span class='ocrx_word' id='word_1_736' title='bbox 1060 5562 1128 5617; x_wconf 88' lang='lat' dir='ltr'><strong>Et</strong></span> <span class='ocrx_word' id='word_1_737' title='bbox 1166 5563 1512 5624; x_wconf 76' lang='lat' dir='ltr'><strong>Athanasius</strong></span> <span class='ocrx_word' id='word_1_738' title='bbox 1546 5559 1789 5630; x_wconf 87' lang='lat' dir='ltr'><strong>quidem,</strong></span> 
     </span>
    </p>
   </div>
   <div class='ocr_carea' id='block_1_100' title="bbox 263 5651 1793 5726">
    <p class='ocr_par' dir='ltr' id='par_1_100' title="bbox 263 5651 1793 5726">
     <span class='ocr_line' id='line_1_100' title="bbox 263 5651 1793 5726; baseline -0.01 -6"><span class='ocrx_word' id='word_1_739' title='bbox 263 5653 329 5720; x_wconf 59' lang='lat' dir='ltr'><strong>lini</strong></span> <span class='ocrx_word' id='word_1_740' title='bbox 366 5659 593 5726; x_wconf 80' lang='lat' dir='ltr'><strong>privatas</strong></span> <span class='ocrx_word' id='word_1_741' title='bbox 644 5657 969 5714; x_wconf 90' lang='lat' dir='ltr'><strong>inimicitias</strong></span> <span class='ocrx_word' id='word_1_742' title='bbox 1011 5671 1135 5710; x_wconf 90' lang='lat' dir='ltr'><strong>cum</strong></span> <span class='ocrx_word' id='word_1_743' title='bbox 1164 5653 1402 5709; x_wconf 90' lang='lat' dir='ltr'><strong>Eusebio</strong></span> <span class='ocrx_word' id='word_1_744' title='bbox 1458 5653 1650 5723; x_wconf 86' lang='lat' dir='ltr'><strong>gessit,</strong></span> <span class='ocrx_word' id='word_1_745' title='bbox 1687 5651 1793 5706; x_wconf 90' lang='lat' dir='ltr'><strong>hoc</strong></span> 
     </span>
    </p>
   </div>
   <div class='ocr_carea' id='block_1_101' title="bbox 266 5739 1793 5821">
    <p class='ocr_par' dir='ltr' id='par_1_101' title="bbox 266 5739 1793 5821">
     <span class='ocr_line' id='line_1_101' title="bbox 266 5739 1793 5821; baseline -0.005 -20"><span class='ocrx_word' id='word_1_746' title='bbox 266 5739 453 5803; x_wconf 63' lang='lat' dir='ltr'><strong>Eusebio</strong></span> <span class='ocrx_word' id='word_1_747' title='bbox 502 5750 759 5821; x_wconf 85' lang='lat' dir='ltr'><strong>perhibet</strong></span> <span class='ocrx_word' id='word_1_748' title='bbox 801 5746 1193 5802; x_wconf 91' lang='lat' dir='ltr'><strong>testimonium.</strong></span> <span class='ocrx_word' id='word_1_749' title='bbox 1251 5743 1615 5813; x_wconf 81' lang='lat' dir='ltr'><strong>Hieronymus</strong></span> <span class='ocrx_word' id='word_1_750' title='bbox 1664 5756 1793 5794; x_wconf 85' lang='lat' dir='ltr'><strong>vero</strong></span> 
     </span>
    </p>
   </div>
   <div class='ocr_carea' id='block_1_102' title="bbox 265 5833 1793 5904">
    <p class='ocr_par' dir='ltr' id='par_1_102' title="bbox 265 5833 1793 5904">
     <span class='ocr_line' id='line_1_102' title="bbox 265 5833 1793 5904; baseline -0.002 -15"><span class='ocrx_word' id='word_1_751' title='bbox 265 5836 334 5904; x_wconf 84' lang='lat' dir='ltr'><strong>qui</strong></span> <span class='ocrx_word' id='word_1_752' title='bbox 358 5841 519 5896; x_wconf 82' lang='lat' dir='ltr'><strong>nullas</strong></span> <span class='ocrx_word' id='word_1_753' title='bbox 565 5841 684 5898; x_wconf 91' lang='lat' dir='ltr'><strong>odii</strong></span> <span class='ocrx_word' id='word_1_754' title='bbox 747 5853 944 5894; x_wconf 79' lang='lat' dir='ltr'><strong>causas</strong></span> <span class='ocrx_word' id='word_1_755' title='bbox 971 5837 1233 5893; x_wconf 86' lang='lat' dir='ltr'><strong>adversus</strong></span> <span class='ocrx_word' id='word_1_756' title='bbox 1298 5834 1592 5890; x_wconf 85' lang='lat' dir='ltr'><strong>Eusebium</strong></span> <span class='ocrx_word' id='word_1_757' title='bbox 1623 5833 1793 5887; x_wconf 86' lang='lat' dir='ltr'><strong>habe-</strong></span> 
     </span>
    </p>
   </div>
   <div class='ocr_carea' id='block_1_103' title="bbox 1885 4704 3466 4791">
    <p class='ocr_par' dir='ltr' id='par_1_103' title="bbox 1885 4704 3466 4791">
     <span class='ocr_line' id='line_1_103' title="bbox 1885 4704 3466 4791; baseline -0.016 -9"><span class='ocrx_word' id='word_1_758' title='bbox 1885 4704 2057 4782; x_wconf 76' lang='lat' dir='ltr'><strong>mus:</strong></span> <span class='ocrx_word' id='word_1_759' title='bbox 2109 4737 2222 4779; x_wconf 89' lang='lat' dir='ltr'><strong>non</strong></span> <span class='ocrx_word' id='word_1_760' title='bbox 2254 4719 2401 4791; x_wconf 87' lang='lat' dir='ltr'><strong>quod</strong></span> <span class='ocrx_word' id='word_1_761' title='bbox 2433 4718 2555 4789; x_wconf 86' lang='lat' dir='ltr'><strong>ejus</strong></span> <span class='ocrx_word' id='word_1_762' title='bbox 2602 4714 2874 4786; x_wconf 88' lang='lat' dir='ltr'><strong>judicium</strong></span> <span class='ocrx_word' id='word_1_763' title='bbox 2924 4711 3027 4766; x_wconf 86' lang='lat' dir='ltr'><strong>hac</strong></span> <span class='ocrx_word' id='word_1_764' title='bbox 3083 4707 3383 4778; x_wconf 61' lang='lat' dir='ltr'><strong>praesertim</strong></span> <span class='ocrx_word' id='word_1_765' title='bbox 3408 4704 3466 4758; x_wconf 92' lang='lat' dir='ltr'><strong>in</strong></span> 
     </span>
    </p>
   </div>
   <div class='ocr_carea' id='block_1_104' title="bbox 1889 4797 3467 4892">
    <p class='ocr_par' dir='ltr' id='par_1_104' title="bbox 1889 4797 3467 4892">
     <span class='ocr_line' id='line_1_104' title="bbox 1889 4797 3467 4892; baseline -0.017 -18"><span class='ocrx_word' id='word_1_766' title='bbox 1889 4827 2047 4892; x_wconf 87' lang='lat' dir='ltr'><strong>parte</strong></span> <span class='ocrx_word' id='word_1_767' title='bbox 2105 4816 2292 4886; x_wconf 86' lang='lat' dir='ltr'><strong>magni</strong></span> <span class='ocrx_word' id='word_1_768' title='bbox 2348 4812 2652 4873; x_wconf 89' lang='lat' dir='ltr'><strong>faciamus,</strong></span> <span class='ocrx_word' id='word_1_769' title='bbox 2696 4804 2793 4863; x_wconf 89' lang='lat' dir='ltr'><strong>sed</strong></span> <span class='ocrx_word' id='word_1_770' title='bbox 2822 4819 2888 4860; x_wconf 90' lang='lat' dir='ltr'><strong>eo</strong></span> <span class='ocrx_word' id='word_1_771' title='bbox 2913 4803 3097 4874; x_wconf 87' lang='lat' dir='ltr'><strong>potius</strong></span> <span class='ocrx_word' id='word_1_772' title='bbox 3121 4797 3374 4858; x_wconf 86' lang='lat' dir='ltr'><strong>consilio,</strong></span> <span class='ocrx_word' id='word_1_773' title='bbox 3407 4805 3467 4848; x_wconf 86' lang='lat' dir='ltr'><strong>ut</strong></span> 
     </span>
    </p>
   </div>
   <div class='ocr_carea' id='block_1_105' title="bbox 1887 4888 3466 4981">
    <p class='ocr_par' dir='ltr' id='par_1_105' title="bbox 1887 4888 3466 4981">
     <span class='ocr_line' id='line_1_105' title="bbox 1887 4888 3466 4981; baseline -0.017 -14"><span class='ocrx_word' id='word_1_774' title='bbox 1887 4888 2201 4981; x_wconf 82' lang='lat' dir='ltr'><strong>importuna</strong></span> <span class='ocrx_word' id='word_1_775' title='bbox 2227 4907 2350 4977; x_wconf 89' lang='lat' dir='ltr'><strong>ejus</strong></span> <span class='ocrx_word' id='word_1_776' title='bbox 2379 4899 2761 4959; x_wconf 87' lang='lat' dir='ltr'><strong>maledicentia</strong></span> <span class='ocrx_word' id='word_1_777' title='bbox 2793 4896 3038 4951; x_wconf 90' lang='lat' dir='ltr'><strong>omnium</strong></span> <span class='ocrx_word' id='word_1_778' title='bbox 3098 4890 3270 4947; x_wconf 88' lang='lat' dir='ltr'><strong>oculis</strong></span> <span class='ocrx_word' id='word_1_779' title='bbox 3293 4888 3466 4956; x_wconf 69' lang='lat' dir='ltr'><strong>subji~</strong></span> 
     </span>
    </p>
   </div>
   <div class='ocr_carea' id='block_1_106' title="bbox 1888 4981 3468 5066">
    <p class='ocr_par' dir='ltr' id='par_1_106' title="bbox 1888 4981 3468 5066">
     <span class='ocr_line' id='line_1_106' title="bbox 1888 4981 3468 5066; baseline -0.018 -6"><span class='ocrx_word' id='word_1_780' title='bbox 1888 5013 2125 5060; x_wconf 90' lang='lat' dir='ltr'><strong>ceretur.</strong></span> <span class='ocrx_word' id='word_1_781' title='bbox 2157 4999 2262 5066; x_wconf 86' lang='lat' dir='ltr'><strong>Qui</strong></span> <span class='ocrx_word' id='word_1_782' title='bbox 2291 5011 2418 5052; x_wconf 87' lang='lat' dir='ltr'><strong>cum</strong></span> <span class='ocrx_word' id='word_1_783' title='bbox 2476 4995 2533 5051; x_wconf 89' lang='lat' dir='ltr'><strong>in</strong></span> <span class='ocrx_word' id='word_1_784' title='bbox 2563 4990 2884 5049; x_wconf 85' lang='lat' dir='ltr'><strong>Chronicum</strong></span> <span class='ocrx_word' id='word_1_785' title='bbox 2945 4983 3166 5040; x_wconf 88' lang='lat' dir='ltr'><strong>Eusebii</strong></span> <span class='ocrx_word' id='word_1_786' title='bbox 3199 4981 3468 5036; x_wconf 79' lang='lat' dir='ltr'><strong>Canonent</strong></span> 
     </span>
    </p>
   </div>
   <div class='ocr_carea' id='block_1_107' title="bbox 1888 5074 3466 5155">
    <p class='ocr_par' dir='ltr' id='par_1_107' title="bbox 1888 5074 3466 5155">
     <span class='ocr_line' id='line_1_107' title="bbox 1888 5074 3466 5155; baseline -0.017 0"><span class='ocrx_word' id='word_1_787' title='bbox 1888 5095 2326 5155; x_wconf 83' lang='lat' dir='ltr'><strong>Commentarios</strong></span> <span class='ocrx_word' id='word_1_788' title='bbox 2352 5089 2596 5147; x_wconf 89' lang='lat' dir='ltr'><strong>scribere</strong></span> <span class='ocrx_word' id='word_1_789' title='bbox 2639 5083 2990 5144; x_wconf 86' lang='lat' dir='ltr'><strong>instituisset,</strong></span> <span class='ocrx_word' id='word_1_790' title='bbox 3045 5078 3101 5132; x_wconf 89' lang='lat' dir='ltr'><strong>in</strong></span> <span class='ocrx_word' id='word_1_791' title='bbox 3139 5078 3258 5148; x_wconf 89' lang='lat' dir='ltr'><strong>ipso</strong></span> <span class='ocrx_word' id='word_1_792' title='bbox 3277 5074 3466 5144; x_wconf 87' lang='lat' dir='ltr'><strong>operis</strong></span> 
     </span>
    </p>
   </div>
   <div class='ocr_carea' id='block_1_108' title="bbox 1889 5166 3466 5259">
    <p class='ocr_par' dir='ltr' id='par_1_108' title="bbox 1889 5166 3466 5259">
     <span class='ocr_line' id='line_1_108' title="bbox 1889 5166 3466 5259; baseline -0.019 -11"><span class='ocrx_word' id='word_1_793' title='bbox 1889 5191 2116 5248; x_wconf 89' lang='lat' dir='ltr'><strong>exordio</strong></span> <span class='ocrx_word' id='word_1_794' title='bbox 2147 5183 2498 5259; x_wconf 88' lang='lat' dir='ltr'><strong>reprehendit</strong></span> <span class='ocrx_word' id='word_1_795' title='bbox 2529 5181 2947 5249; x_wconf 83' lang='lat' dir='ltr'><strong>Hieronymum,</strong></span> <span class='ocrx_word' id='word_1_796' title='bbox 2979 5171 3124 5242; x_wconf 89' lang='lat' dir='ltr'><strong>quod</strong></span> <span class='ocrx_word' id='word_1_797' title='bbox 3169 5166 3466 5223; x_wconf 77' lang='lat' dir='ltr'><strong>Eusebium</strong></span> 
     </span>
    </p>
   </div>
   <div class='ocr_carea' id='block_1_109' title="bbox 1889 5259 3468 5342">
    <p class='ocr_par' dir='ltr' id='par_1_109' title="bbox 1889 5259 3468 5342">
     <span class='ocr_line' id='line_1_109' title="bbox 1889 5259 3468 5342; baseline -0.02 -3"><span class='ocrx_word' id='word_1_798' title='bbox 1889 5284 2068 5338; x_wconf 88' lang='lat' dir='ltr'><strong>virum</strong></span> <span class='ocrx_word' id='word_1_799' title='bbox 2094 5278 2528 5337; x_wconf 90' lang='lat' dir='ltr'><strong>eruditissimum</strong></span> <span class='ocrx_word' id='word_1_800' title='bbox 2554 5266 2922 5342; x_wconf 90' lang='lat' dir='ltr'><strong>appellaverit.</strong></span> <span class='ocrx_word' id='word_1_801' title='bbox 2951 5267 3028 5317; x_wconf 81' lang='lat' dir='ltr'><strong>Ac</strong></span> <span class='ocrx_word' id='word_1_802' title='bbox 3051 5259 3318 5333; x_wconf 87' lang='lat' dir='ltr'><strong>principio</strong></span> <span class='ocrx_word' id='word_1_803' title='bbox 3344 5260 3468 5327; x_wconf 86' lang='lat' dir='ltr'><strong>qui-</strong></span> 
     </span>
    </p>
   </div>
   <div class='ocr_carea' id='block_1_110' title="bbox 1895 5624 3473 5708">
    <p class='ocr_par' dir='ltr' id='par_1_110' title="bbox 1895 5624 3473 5708">
     <span class='ocr_line' id='line_1_110' title="bbox 1895 5624 3473 5708; baseline -0.018 0"><span class='ocrx_word' id='word_1_804' title='bbox 1895 5669 1959 5708; x_wconf 91' lang='lat' dir='ltr'><strong>ac</strong></span> <span class='ocrx_word' id='word_1_805' title='bbox 2008 5653 2240 5708; x_wconf 87' lang='lat' dir='ltr'><strong>fortasse</strong></span> <span class='ocrx_word' id='word_1_806' title='bbox 2284 5646 2504 5701; x_wconf 90' lang='lat' dir='ltr'><strong>taedium</strong></span> <span class='ocrx_word' id='word_1_807' title='bbox 2558 5641 2790 5693; x_wconf 89' lang='lat' dir='ltr'><strong>allatura</strong></span> <span class='ocrx_word' id='word_1_808' title='bbox 2862 5643 3010 5690; x_wconf 87' lang='lat' dir='ltr'><strong>esset</strong></span> <span class='ocrx_word' id='word_1_809' title='bbox 3067 5629 3385 5691; x_wconf 87' lang='lat' dir='ltr'><strong>lectoribus,</strong></span> <span class='ocrx_word' id='word_1_810' title='bbox 3413 5624 3473 5680; x_wconf 80' lang='lat' dir='ltr'><strong>in</strong></span> 
     </span>
    </p>
   </div>
   <div class='ocr_carea' id='block_1_111' title="bbox 1896 5729 3005 5811">
    <p class='ocr_par' dir='ltr' id='par_1_111' title="bbox 1896 5729 3005 5811">
     <span class='ocr_line' id='line_1_111' title="bbox 1896 5729 3005 5811; baseline -0.013 -14"><span class='ocrx_word' id='word_1_811' title='bbox 1896 5744 2042 5798; x_wconf 84' lang='lat' dir='ltr'><strong>aliud</strong></span> <span class='ocrx_word' id='word_1_812' title='bbox 2072 5751 2285 5811; x_wconf 86' lang='lat' dir='ltr'><strong>tempus</strong></span> <span class='ocrx_word' id='word_1_813' title='bbox 2310 5733 2672 5808; x_wconf 88' lang='lat' dir='ltr'><strong>opportunius</strong></span> <span class='ocrx_word' id='word_1_814' title='bbox 2700 5729 3005 5786; x_wconf 70' lang='lat' dir='ltr'><strong>differetur.</strong></span> 
     </span>
    </p>
   </div>
  </div>
