4070 6392
490 507 492 510 .
513 471 3763 512 κάη-ΜΨ

951 654 1531 748 VETERUM
1609 644 2364 742 TESTIMONIA
2435 643 2676 738 PRO
2754 643 3320 738 EUSEBIO.

2120 868 2196 883 —

737 1004 821 1053 Ex
867 999 1090 1068 epistola
1119 995 1457 1052 Constantini
1497 996 1680 1066 Magni
1710 996 1780 1052 ad
1802 996 2177 1062 Antiochenos,
2211 1013 2370 1067 quam
2395 996 2554 1066 refert
2580 995 2837 1051 Eusebius
2862 995 2917 1050 in
2943 993 3059 1064 ejus
3090 993 3234 1062 Vita,
3267 1009 3388 1065 pag.
3415 992 3543 1050 516.

572 1141 775 1200 Fateor
807 1145 951 1199 enim
985 1143 1281 1214 perlegisse
1326 1157 1413 1197 me
1444 1141 1578 1195 Acta
1609 1138 1885 1209 inquibus
1917 1151 1980 1192 ex
2012 1135 2331 1192 honoriﬁcis
2373 1135 2704 1192 testimoniis
2731 1151 2795 1192 ac
2826 1139 3118 1208 praeconiis
3159 1142 3356 1199 vestris
3387 1144 3440 1198 in
3475 1141 3776 1199 Eusebium

503 1239 900 1296 Caesariensem
943 1241 1285 1310 episcopum,
1321 1253 1480 1308 quem
1512 1251 1614 1305 ego
1635 1249 1852 1304 quoque
1877 1241 1931 1289 et
1959 1232 2222 1288 doctrina:
2256 1239 2310 1288 et
2335 1231 2616 1288 modestiae
2653 1247 2819 1288 causa
2845 1232 3168 1301 jamdudum
3202 1239 3370 1307 probe
3411 1239 3558 1300 novi,
3591 1253 3688 1293 vos
3719 1238 3775 1293 in

503 1349 628 1389 eum
660 1348 960 1405 propensos
987 1348 1130 1394 esse,
1160 1346 1395 1400 eumque
1427 1329 1580 1384 vobis
1607 1329 1888 1384 vindicare
1920 1329 2059 1383 velle
2089 1327 2354 1398 comperi.
2394 1327 2462 1380 Et
2505 1329 2665 1396 paulo
2696 1336 2855 1397 post:
2897 1327 3162 1398 Equidem
3194 1331 3372 1385 virum
3406 1332 3558 1385 illum
3612 1345 3774 1401 quem

503 1443 600 1483 vos
631 1434 686 1482 et
720 1427 929 1481 honore
959 1437 1010 1481 ct
1042 1425 1417 1481 benevolentia
1443 1423 1667 1494 dignum
1694 1423 1979 1492 judicatis,
2012 1423 2311 1493 plurimum
2345 1421 2532 1478 laudo.
2563 1419 2682 1476 Non
2705 1431 2894 1480 tamen
2927 1422 3063 1476 adeo
3087 1422 3524 1495 deSpicioportet
3553 1423 3605 1478 id
3629 1425 3776 1494 quod

503 1518 646 1588 apud
683 1518 929 1587 singulos
963 1526 1140 1571 ratum
1179 1517 1504 1586 ﬁrmumque
1527 1532 1746 1572 manere
1774 1515 2060 1577 debuerat,
2096 1523 2154 1568 ut
2176 1515 2378 1585 singuli
2415 1516 2657 1570 contenti
2694 1530 2802 1569 non
2833 1515 2945 1569 sint
2975 1518 3262 1572 sententiis
3295 1518 3432 1580 suis,
3463 1524 3568 1571 etc.

502 1633 588 1688 Ea:
631 1632 867 1703 ejusdem
921 1632 1260 1688 Constantini
1305 1633 1373 1686 ad
1429 1631 1713 1687 Eusebium
1751 1631 2001 1701 epistola,
2050 1647 2173 1703 qua,
2204 1647 2323 1703 eum
2350 1630 2571 1695 laudat,
2614 1632 2753 1702 quod
2793 1632 3173 1688 Antiochenam
3212 1632 3386 1687 sedem
3436 1633 3771 1699 recusaverit,

1993 1717 2112 1771 pag.
2161 1701 2287 1757 518.

572 1821 869 1891 Epistolam
901 1829 1051 1876 tuam
1082 1822 1283 1892 smpius
1331 1820 1458 1892 legi,
1501 1828 1556 1876 et
1594 1821 1981 1877 ecclesiasticae
2009 1820 2314 1891 disciplina:
2364 1821 2613 1890 regulam
2670 1823 3091 1879 accuratissime
3145 1824 3492 1880 observatam
3526 1838 3557 1877 a
3589 1831 3640 1879 te
3671 1837 3779 1878 co-

501 1915 683 1986 gnovi.
716 1914 874 1968 Enim
904 1930 1038 1969 vero
1071 1915 1126 1968 in
1155 1930 1217 1968 ea
1244 1915 1514 1969 sententia
1538 1921 1804 1984 perstare,
1834 1929 1955 1984 quae
1987 1921 2040 1968 et
2064 1913 2175 1968 Deo
2206 1922 2452 1983 accepta,
2481 1921 2536 1968 et
2554 1915 2869 1983 apostolicae
2894 1917 3174 1971 traditioni
3203 1930 3446 1986 congrua
3464 1932 3586 1972 esse
3607 1914 3784 1969 videa-

504 2017 628 2068 1111⁵,
682 2025 910 2065 summae
936 2009 1155 2079 pietatis
1201 2020 1306 2065 est.
1349 2007 1430 2062 Tu
1459 2009 1680 2078 quidem
1716 2009 1933 2062 beatum
1968 2016 2020 2062 te
2051 2009 2104 2062 in
2159 2009 2262 2063 hoc
2306 2008 2426 2078 ipso
2454 2009 2773 2063 existimare
2805 2012 2996 2074 debes,
3029 2010 3124 2080 qui
3159 2009 3332 2064 totius
3381 2007 3776 2078 propemodum

501 2095 654 2151 orbis
685 2098 1020 2162 testimonio,
1043 2099 1240 2169 dignus
1263 2099 1532 2152 universae
1553 2097 1812 2152 Ecclesiae
1827 2099 2140 2168 cpiscOpatu
2168 2097 2448 2165 judicatus
2477 2098 2575 2154 sis.
2595 2097 2728 2152 Nam
2751 2115 2876 2154 cum
2908 2116 3100 2156 omnes
3125 2109 3176 2154 te
3204 2099 3348 2171 apud
3370 2113 3428 2153 sc
3456 2099 3776 2168 episcopum

501 2205 624 2248 esse
653 2193 916 2256 ambiant,
952 2193 1090 2246 lianc
1117 2200 1266 2246 tuam
1311 2191 1623 2246 felicitatem
1658 2191 1776 2246 sine
1813 2190 2188 2244 controversia
2221 2189 2513 2260 adaugent.
2553 2188 2751 2245 Verum
2801 2193 3110 2248 rectissime
3145 2192 3272 2247 fecit
3319 2191 3608 2262 prudentia
3658 2200 3775 2256 tua,

502 2293 704 2352 quaeet
737 2284 997 2338 mandata
1029 2281 1146 2347 Dei,
1183 2292 1236 2338 et
1263 2283 1620 2352 apostolicam
1681 2291 1847 2351 atque
1895 2279 2330 2335 ecclesiasticam
2387 2283 2632 2352 regulam
2677 2284 2957 2339 custodire
2988 2285 3179 2339 statuit
3217 2303 3231 2351 ;
3262 2286 3634 2356 episcopatum
3663 2282 3780 2338 An-

503 2375 805 2431 tiochensis
838 2374 1098 2432 Ecclesiae
1144 2374 1458 2445 repudians,
1486 2383 1540 2430 et
1561 2373 1619 2428 in
1652 2389 1718 2428 eo
1753 2375 1934 2444 potius
1957 2388 2276 2444 permanere
2305 2374 2660 2442 desiderans,
2690 2393 2853 2448 quem
2889 2377 2982 2432 Dei
3008 2378 3328 2432 mandatum
3355 2381 3425 2435 ab
3457 2378 3613 2435 initio
3647 2393 3778 2435 sus-

501 2468 762 2540 cepisset.

1111 2580 1194 2635 Ex
1217 2581 1450 2652 ejusdem
1480 2580 1824 2637 Constantini
1845 2580 2070 2650 epistola
2098 2583 2166 2634 ad
2185 2581 2443 2651 synodum
2463 2583 2869 2651 Antiochenam,
2896 2602 3021 2658 pag.
3042 2587 3168 2642 5l9.

574 2701 708 2775 Legi
724 2703 936 2758 litteras
965 2716 996 2754 a
1035 2699 1530 2776 vestrasanctitate
1553 2697 1812 2768 scriptas,
1838 2704 1891 2754 et
1926 2697 2142 2752 Eusebii
2179 2698 2398 2768 collegae
2430 2699 2601 2754 vestri
2632 2698 2875 2769 prudens
2899 2701 3238 2772 propositum
3261 2703 3498 2758 laudavi.
3531 2705 3780 2774 Cumque

509 2805 710 2854 cuncta
755 2811 877 2866 qua:
910 2800 1063 2866 gesta
1115 2802 1267 2860 sunt,
1324 2791 1522 2862 partim
1559 2806 1624 2844 ex
1657 2791 1874 2852 vestris,
1938 2789 2135 2859 partim
2178 2805 2242 2842 ex
2293 2789 2820 2858 perfectissimorum
2865 2793 3150 2859 vivorum,
3200 2781 3385 2849 Acacii
3434 2803 3489 2851 et
3520 2795 3778 2868 Strategii

515 2892 777 2949 comitum
809 2889 1005 2944 litteris
1039 2888 1442 2957 c'ognovisscm,
1477 2899 1702 2952 remque
1736 2890 1795 2936 ut
1848 2881 2074 2936 decebat
2103 2889 2361 2937 accurate
2389 2885 2775 2953 expendisscm
2797 2927 2812 2950 ,
2857 2886 3055 2956 scripsi
3085 2887 3151 2941 ad
3187 2888 3447 2957 populum
3481 2889 3778 2945 Antioche-

510 3004 666 3053 num,
693 2986 825 3056 quid
856 2983 968 3039 Deo
998 2988 1281 3052 acceptum
1318 2987 1371 3033 et
1401 2977 1659 3032 Ecclesiae
1701 2990 2000 3046 congruum
2032 2984 2197 3028 esset.
2236 2973 2367 3044 Ejus
2417 2976 2662 3044 epistola:
2709 2976 3020 3046 exemplum
3057 2977 3140 3033 his
3171 2978 3366 3034 litteris
3400 2980 3596 3049 subjici
3642 2997 3783 3052 pta:-

508 3087 648 3159 cepi,
711 3092 772 3140 ut
808 3097 908 3138 vos
943 3093 1278 3151 cognoscere
1311 3075 1558 3146 possitis,
1595 3073 1857 3144 quidnam
1890 3088 1991 3143 ego
2019 3072 2163 3142 juris
2213 3074 2425 3126 ratione
2455 3082 2783 3142 provocatus
2812 3075 3128 3144 scripserim
3176 3074 3243 3130 ad
3292 3077 3553 3147 populum
3587 3077 3782 3132 Antio-

501 3181 740 3236 chenum
775 3196 791 3233 :
829 3170 1274 3246 quandoquidem
1306 3169 1410 3222 hoc
1447 3167 1646 3221 litteris
1685 3164 1884 3219 vestris
1923 3163 2334 3228 continebatur,
2373 3170 2434 3216 ut
2481 3164 2638 3233 juxta
2687 3165 2873 3235 populi
2927 3171 2982 3218 et
3016 3163 3321 3234 prudentiae
3354 3175 3549 3222 vestrae
3581 3168 3782 3223 suﬂ‘ra-

503 3273 653 3345 gium
681 3287 747 3327 ac
779 3270 1142 3329 voluntatem,
1205 3261 1478 3318 Eusebius
1531 3259 1920 3316 sanctissimus
1953 3257 2372 3313 Ciesariensium
2409 3257 2704 3329 episcopus
2750 3259 3103 3314 Autiochenae
3132 3260 3391 3316 Ecclesiae
3442 3264 3780 3332 praesideret,

503 3364 971 3438 ejusque'curam
1024 3357 1348 3427 susciperet.
1394 3353 1710 3408 Ac-litterae
1761 3351 1982 3423 quidem
2029 3349 2250 3405 Eusebii
2337 3349 2731 3405 ecclesiasticae
2773 3351 2876 3420 legi
2922 3353 3157 3408 maxime
3208 3355 3475 3410 inhaerere
3519 3357 3783 3414 videban-

507 3467 619 3520 tur,
660 3463 770 3510 etc.

679 3568 764 3624 Ea:
786 3567 1021 3640 ejusdem
1045 3564 1387 3622 Constantini
1421 3562 1490 3617 ad
1522 3561 1811 3616 Eusebium
1863 3558 2110 3629 epistola,
2145 3559 2200 3610 in
2223 3573 2328 3629 qua
2359 3557 2551 3612 librum
2581 3559 2726 3614 illius
2755 3559 2831 3616 De
2860 3561 3073 3617 Pascha
3101 3563 3310 3632 laudat,
3332 3581 3454 3638 pag.
3481 3569 3604 3626 545.

578 3689 849 3745 Exiutiam
877 3695 1028 3743 tuam
1059 3685 1367 3742 doctrinam
1393 3692 1448 3740 et
1471 3682 1639 3739 studii
1669 3680 2077 3737 contentionem
2107 3680 2362 3750 equidem
2392 3695 2559 3750 supra
2581 3680 2805 3736 modum
2839 3681 3144 3738 admiratus
3173 3703 3316 3752 sum,
3339 3688 3551 3762 legique
3583 3691 3783 3747 librum

505 3791 667 3841 tuum
709 3783 1074 3854 perlibenter:
1137 3788 1306 3849 utque
1336 3778 1391 3832 in
1418 3777 1712 3832 multorum
1741 3774 1836 3845 qui
1865 3773 2064 3829 divina;
2112 3773 2392 3844 religionis
2415 3775 2821 3830 observantiam
2865 3779 3080 3834 sincere
3109 3777 3454 3851 proﬁtentur,
3488 3797 3685 3840 manus
3717 3799 3782 3838 ac

509 3878 759 3932 notitiam
799 3875 1133 3946 perveniret,
1163 3870 1628 3944 quemadmodum
1687 3879 1998 3939 optaveras,
2051 3869 2324 3923 mandavi.
2363 3867 2500 3923 Cum
2533 3869 2698 3939 igitur
2731 3871 3005 3942 intelligas
3033 3913 3048 3937 ,
3103 3883 3309 3944 quanta
3345 3891 3469 3930 cum
3505 3880 3786 3949 voluptate

511 3970 824 4042 hujusmodi
859 3983 1088 4025 munera
1118 3983 1149 4022 a
1181 3967 1400 4024 solertia
1435 3972 1528 4018 tua
1561 3963 1718 4019 nobis
1747 3963 1929 4018 oblata
1978 3965 2333 4034 suscipimus,
2371 3978 2503 4020 cura
2545 3972 2605 4019 ut
2645 3963 3112 4036 irequentioribus
3161 3971 3392 4039 posthac
3437 3973 3787 4030 sermonibus

509 4061 711 4133 quibus
738 4069 792 4114 te
822 4059 1148 4114 innutritum
1179 4071 1302 4112 esse
1331 4055 1604 4128 proﬁteris
1625 4093 1639 4118 ,
1667 4054 1911 4108 animum
1943 4063 2195 4110 nostrum
2224 4055 2526 4111 exhilares.

655 4173 740 4227 Ex
760 4173 988 4244 epistola
1007 4171 1244 4243 ejusdem
1270 4171 1609 4226 Constantini
1637 4169 1706 4224 ad
1732 4168 2014 4224 Eusebium
2052 4169 2115 4223 de
2156 4168 2494 4240 conﬁciendis
2517 4187 2689 4226 sacra:
2720 4169 3016 4242 Scriptura'
3040 4173 3328 4241 codicibus,
3364 4195 3482 4250 pag.
3509 4179 3636 4235 543.

587 4286 774 4344 Visum
803 4294 888 4342 est
913 4287 1059 4342 enim
1089 4287 1143 4340 id
1175 4285 1485 4356 signiﬁcare
1515 4285 1817 4355 prudentia:
1869 4291 2008 4344 ture,
2041 4291 2100 4336 ut
2139 4285 2540 4355 quinquaginta
2574 4286 2795 4342 codices
2829 4287 3140 4343 divinarum
3177 4289 3612 4362 Scripturarum,
3639 4310 3779 4366 qua-

513 4398 632 4439 rum
658 4389 979 4454 apparatum
1001 4387 1056 4435 et
1087 4394 1246 4434 usum
1276 4379 1514 4432 maxime
1543 4378 1918 4432 necessarium
1954 4375 2213 4431 Ecclesia:
2245 4392 2366 4432 esse
2403 4377 2684 4448 intelligis,
2713 4378 2770 4432 in
2809 4381 3146 4436 membranis
3175 4385 3343 4454 probe
3377 4387 3680 4456 apparatis,
3715 4388 3786 4442 ab

515 4475 823 4532 artiﬁcibus
855 4473 1184 4544 antiquariis
1211 4479 1442 4528 venuste
1474 4472 1751 4528 scribendi
1781 4469 2135 4542 peritissimis
2160 4469 2400 4527 describi
2423 4471 2612 4540 facias,
2640 4473 2734 4544 qui
2761 4481 2817 4530 et
2841 4475 2944 4547 legi
2969 4474 3160 4541 facile,
3191 4484 3247 4532 et
3287 4479 3355 4532 ad
3385 4494 3601 4535 onmem
3623 4495 3786 4536 usum

515 4573 860 4628 circumferri
892 4573 1127 4644 possint.

517 4689 606 4746 Ea:
627 4687 844 4744 Eusebii
885 4687 938 4742 Ν
945 4685 1310 4744 icomediensis
1334 4685 1560 4756 epistola
1587 4683 1655 4739 ad
1672 4683 1997 4760 __Pauli_num
2027 4685 2327 4760 episcopum
2382 4685 2532 4757 Tyri,
2563 4703 2724 4757 quam
2776 4687 2937 4758 refert
2975 4687 3324 4746 Tlteodoritus
3347 4692 3402 4745 in
3431 4690 3567 4745 libro
3609 4691 3784 4760 prima

1670 4754 1928 4810 Historiae
1973 4758 2381 4820 ecclesiasticae,
2415 4754 2530 4825 cap.
2569 4754 2620 4814 5.

591 4878 705 4936 Nec
743 4877 950 4934 domini
983 4876 1090 4934 mei
1114 4875 1334 4932 Eusebii
1357 4888 1456 4945 pro
1479 4871 1678 4928 tuenda
1713 4872 1941 4928 veritate
1968 4872 2208 4928 studium
2244 4871 2467 4927 silentio
2493 4877 2812 4927 mandatum
2842 4881 2946 4941 est,
2974 4888 3076 4930 nec
3101 4879 3220 4939 tua,
3252 4873 3496 4940 domine,
3528 4874 3584 4930 in
3597 4875 3786 4932 eadem

519 4987 582 5029 re
608 4971 973 5027 taciturnitas.
999 4970 1081 5025 Ad
1110 4986 1211 5026 nos
1243 4972 1389 5025 enim
1419 4969 1486 5025 de
1519 4977 1752 5038 utroque
1786 4967 1929 5022 lania
1962 4971 2211 5039 pervenit
2247 4989 2260 5024 :
2297 4977 2350 5026 et
2394 4968 2541 5040 quod
2572 4983 2918 5038 consequens
2970 4975 3120 5036 erat,
3163 4968 3384 5026 Eusebii
3413 4968 3622 5026 domini
3678 4971 3789 5026 inci

519 5077 692 5121 causa
718 5061 984 5126 laetitiam,
1019 5066 1114 5114 tua
1145 5074 1275 5115 vero
1307 5058 1551 5113 dolorem
1580 5059 1852 5129 cepimus.

1194 5179 1297 5236 "Ea:
1335 5179 1468 5234 libro
1491 5178 1686 5234 Basilii
1715 5176 1784 5231 ad
1817 5175 2242 5246 Amphilochium
2265 5175 2339 5233 De
2365 5175 2572 5250 Spiritu
2607 5185 2820 5244 sancto,
2844 5194 2960 5249 cap.
2996 5178 3090 5235 29.

595 5297 754 5366 Quod
774 5298 820 5354 si
841 5297 927 5352 cui
945 5296 1265 5353 Palaestinus
1281 5294 1549 5351 Eusebius
1565 5301 1785 5365 propter
1809 5295 2101 5350 multarum

2283 5295 2346 5348 Et
2386 5294 2444 5348 δέ
2476 5313 2553 5366 τῳ
2597 5296 2691 5350 καὶ
2720 5298 2748 5350 ὁ
2789 5296 3143 5362 Παλαιστινδς
3190 5297 3452 5364 Εὐσέϐιος
3481 5297 3791 5365 deiet-staec;

525 5406 712 5446 rerum
768 5390 1024 5462 peritiam
1084 5389 1314 5444 idoneus
1369 5387 1623 5452 videtur,
1682 5387 1770 5444 cui
1835 5387 2104 5443 habeatur

2209 5388 2298 5442 διὰ
2330 5386 2721 5461 πολυπειρίαν,
2759 5390 3012 5446 κάκείνου
3064 5391 3163 5456 τὰς
3209 5392 3381 5455 αὐτὰς
3443 5390 3624 5462 φωνὰς
3666 5393 3793 5446 ἑπι-

529 5479 688 5542 ﬁdes,
724 5481 874 5535 illius
924 5495 1142 5551 quoque
1183 5479 1403 5536 easdem
1441 5495 1604 5535 voces
1651 5479 1997 5536 ostendimus
2049 5483 2102 5534 in

2211 5481 2502 5553 δείκνυμεν
2533 5484 2594 5536 ὲν
2637 5485 2747 5547 τοῖς
2780 5485 3171 5558 ὲπαπορήμασι
3204 5487 3345 5556 Περὶ
3393 5485 3508 5556 τῆς
3536 5485 3657 5543 τῶν
3681 5487 3787 5560 ἁρ-

527 5573 926 5647 qutestionibus
954 5571 1032 5626 De
1050 5574 1349 5641 priscorum
1369 5573 1672 5645 polygamia
1691 5569 1788 5644 (a).

1215 5589 1349 5627 trum
1369 5573 1672 5645 polygamia
1691 5569 1788 5644 (a).
2213 5576 2401 5643 χαΙων
2428 5576 2822 5646 πολυγαμιας.

601 5753 680 5826 (α)
713 5751 886 5823 Hujus
911 5753 1032 5808 libri
1068 5754 1311 5810 meminit
1329 5752 1598 5811 Eusebius
1626 5755 1681 5811 in
1712 5755 1808 5812 lib.
1835 5771 1907 5810 vn
1947 5753 2392 5825 Prieparationis,
2415 5771 2537 5825 cap.
2565 5755 2617 5812 8.
