4070 6392
279 313 329 369 69
1213 305 1540 361 VETERUM
1579 304 1886 362 TESTIMO.

1896 306 1999 361 NIA
2043 306 2184 364 PRO
2221 307 2537 366 EUSEBlO.
3436 319 3503 374 70

394 423 471 479 Ex
499 421 634 478 libro
671 421 1044 488 Quaestionum
1076 420 1289 479 Veteris
1309 441 1377 491 ac
1401 423 1538 480 Novi
1575 423 1916 480 Testamenti
1950 427 2039 496 qui
2057 428 2195 483 inter
2233 429 2520 502 Augustini
2562 429 2735 498 Opera
2757 441 2836 485 est
2863 430 3055 498 editus,
3081 449 3198 502 cap.
3232 431 3354 488 123.

334 541 660 596 Meminimus
696 541 750 593 in
780 526 1014 607 quodam
1045 540 1229 596 libello
1263 541 1770 611 Eusebiiquondam
1793 543 1993 613 egregii
2025 544 2079 597 in
2112 545 2337 616 reliquis
2360 548 2459 601 viri
2487 547 2704 618 legisse,
2731 547 2860 618 quia
2877 563 2977 604 nec
3001 547 3238 620 Spiritus
3269 557 3500 606 sanctus

278 634 394 686 sciat
421 632 736 703 mysterium
764 628 1073 686 Nativitatis
1107 630 1322 686 Domini
1349 634 1524 687 nostri
1551 631 1680 689 Jesu
1702 632 1928 699 Christi,
1964 642 2018 690 et
2043 634 2289 692 admiror
2321 645 2487 693 tanta:
2519 639 2787 695 doctrina:
2821 639 3002 696 virum
3051 640 3192 695 hanc
3224 643 3502 696 maculam

275 723 472 793 Spiritui
506 732 697 778 sancto
724 720 1014 778 indixisse.

1004 836 1090 892 Ea:
1142 839 1365 909 epistola
1395 837 1466 895 65
1495 839 1828 912 Hieronymi,
1882 842 1951 897 ad
1981 842 2386 899 Pammachium
2413 855 2462 900 et
2495 845 2783 903 Oceanum.

327 945 664 1007 Fortissimos
707 949 878 1005 libros
907 959 1094 1005 contra
1126 950 1485 1022 Porphyrium
1514 954 1709 1008 scribit
1753 954 2146 1025 Apollinarius,
2178 957 2589 1014 ecclesiasticam
2620 961 2848 1031 pulchre
2891 962 3160 1020 Eusebius
3191 961 3493 1017 Historiam

275 1046 432 1100 texuit.
462 1046 613 1100 Alter
637 1060 827 1100 eorum
861 1045 1199 1102 dimidiatam
1221 1047 1428 1103 Christi
1465 1049 1768 1105 introduxit
1805 1055 2166 1110 mconomiam
2201 1074 2216 1123 ς
2243 1057 2380 1112 alter
2405 1057 2698 1127 impietatis
2731 1058 2848 1113 Arii
2879 1061 3265 1130 apertissimus
3288 1071 3496 1130 propu-

329 1146 432 1192 ator
449 1145 547 1193 est.

329 1150 432 1192 ator
449 1150 547 1193 eat.

275 1150 327 1205 gn
403 1261 411 1268 -
1044 1231 1128 1286 Ea:
1155 1231 1490 1303 Apologetico
1519 1234 1752 1302 ejusdem
1786 1237 2098 1310 Hieronymi
2134 1239 2386 1295 adversus
2412 1239 2684 1312 Ruﬁnum.

307 1346 409 1402 ’δεῖ
429 1347 621 1413 libros,
655 1357 714 1403 ut
745 1355 870 1404 ante
899 1349 1009 1420 jam
1040 1348 1176 1413 dixi,
1209 1347 1479 1406 Eusebius
1512 1339 1867 1410 Caesariensis
1895 1357 2188 1426 episcopus
2216 1395 2231 1419 ,
2276 1355 2493 1411 Ariona:
2531 1357 2806 1428 quondam
2831 1356 3060 1428 signifer
3090 1355 3361 1421 factionis,
3393 1371 3495 1427 pro

276 1444 470 1512 Origene
515 1445 764 1511 scripsit,
798 1445 1124 1500 latissimum
1152 1452 1205 1499 et
1237 1445 1575 1500 elaboratum
1606 1462 1742 1517 opus
1768 1467 1780 1501 :
1816 1448 2002 1503 multis
2026 1449 2355 1504 testimoniis
2413 1449 2753 1519 approbavit,
2809 1447 3088 1521 Originem
3113 1449 3271 1520 juxta
3303 1465 3363 1506 se
3387 1449 3496 1506 Ca—

272 1537 512 1601 tholicum,
559 1537 616 1590 id
642 1544 747 1602 est,
776 1536 934 1606 juxta
974 1550 1099 1601 nos,
1130 1535 1398 1590 Arianum
1433 1551 1579 1592 esse.

1609 1627 1696 1682 Ea:
1739 1629 1918 1685 eodem
1953 1631 2112 1687 libro.

318 1739 422 1808 ipse
445 1739 594 1794 enim
623 1739 911 1806 Eusebius,
939 1749 1150 1796 amator
1195 1748 1250 1796 et
1309 1755 1492 1810 praeco
1519 1748 1574 1796 et
1611 1743 2026 1798 contubernalis
2077 1743 2370 1818 Pamphili,
2415 1755 2525 1802 tres
2559 1747 2729 1802 libros
2762 1747 2986 1817 scripsit
3021 1749 3484 1820 elegantissimos,

268 1825 408 1883 Vitam
435 1829 707 1901 Pamphili
740 1832 1104 1887 continentes.
1138 1829 1195 1884 ln
1227 1830 1431 1900 quibus
1463 1845 1588 1884 cum
1610 1839 1805 1886 caetera
1839 1833 1994 1888 miris
2023 1833 2274 1890 laudibus
2302 1834 2643 1904 praedicaret,
2673 1835 3145 1905 humilitatemque
3168 1835 3288 1904 ejus
3319 1833 3492 1888 ferret

265 1922 305 1976 in
344 1927 545 1990 cmlum,
608 1927 772 1982 etiam
805 1927 910 1981 hoc
939 1928 995 1980 in
1029 1927 1193 1981 tertio
1251 1925 1392 1981 libro
1439 1925 1669 1990 addidit,
1703 1935 1810 1982 etc.
1847 1926 1915 1980 Et
1939 1938 2058 1997 post
2079 1943 2249 1996 pauca
2277 1930 2333 1983 in
2365 1929 2546 1983 eodem
2578 1929 2748 1983 libro:
2819 1928 3060 1983 Laudavi
3105 1928 3397 1985 Eusebium
3429 1928 3487 1982 in

264 2015 601 2076 Ecclesiastica
624 2021 890 2090 Historia,
915 2023 969 2077 in
998 2022 1300 2093 digestione
1321 2032 1648 2091 temporum,
1672 2022 1727 2076 in
1757 2022 2122 2092 descriptione
2157 2031 2360 2079 sanctae
2390 2033 2548 2079 terra:
2575 2044 2588 2079 :
2617 2033 2671 2079 et
2699 2025 2946 2094 haecipsa
2967 2026 3230 2095 opuscula
3253 2025 3308 2079 in
3338 2023 3490 2078 Lati-

263 2127 364 2165 num
386 2123 628 2183 vertens,
669 2129 804 2169 mea:
823 2114 1018 2185 lingua:
1039 2112 1351 2169 hominibus
1378 2111 1688 2169 dedi..-Num
1714 2128 1778 2168 ex
1802 2127 1868 2168 eo
1889 2113 2125 2194 Arianus
2149 2131 2292 2179 sum,
2321 2116 2450 2185 quia
2483 2114 2754 2174 Eusebius
2780 2117 2874 2186 qui
2905 2115 3006 2171 hos
3028 2115 3198 2170 libros
3220 2114 3484 2179 condidit,

262 2205 458 2263 Arianus
483 2213 589 2262 est.

1212 2297 1297 2352 Ea:
1324 2299 1639 2369 Hieronymi
1674 2297 1809 2354 libro
1840 2295 1884 2352 ll
1927 2298 2190 2355 adversus
2223 2297 2501 2355 Ruﬁnum.

311 2411 392 2468 Ἧι·
416 2414 772 2472 doctissimus
806 2413 1078 2471 Eusebius
1119 2413 1523 2485 (doctissimum
1556 2413 1692 2478 dixi,
1726 2430 1836 2469 non
1887 2415 2229 2469 Catholicum
2257 2458 2273 2482 ,
2305 2431 2376 2470 ne
2406 2430 2560 2469 more
2595 2414 2758 2470 solito
2798 2415 2931 2470 mihi
2962 2426 3016 2472 et
3043 2415 3098 2470 in
3132 2415 3238 2471 hoc
3268 2415 3482 2470 calum-

260 2508 371 2560 niam
411 2509 613 2580 struas)
646 2523 746 2578 per
793 2523 888 2564 sex
918 2507 1194 2563 volumina
1225 2506 1362 2561 nihil
1395 2506 1541 2561 aliud
1590 2508 1732 2577 agit,
1790 2508 1895 2561 nisi
1946 2516 2005 2561 ut
2040 2509 2306 2578 originem
2343 2523 2457 2564 suae
2508 2508 2763 2562 ostendat
2812 2507 2976 2576 ﬁdei,
3022 2508 3076 2562 id
3127 2514 3216 2564 est
3264 2508 3483 2566 Arianae

260 2599 473 2669 perﬁdiae.

1065 2709 1150 2765 Ea:
1204 2710 1462 2765 Prooemio
1491 2708 1616 2762 libri
1644 2710 1707 2766 Β.
1733 2709 2042 2781 Hieronymi
2074 2711 2149 2768 De
2171 2713 2308 2768 locis
2333 2711 2639 2772 Hebraicis.

310 2833 568 2903 Eusebius,
603 2834 758 2908 quia
792 2833 952 2888 beato
985 2831 1271 2902 Pamphilo
1309 2838 1550 2902 martyre
1581 2841 2004 2901 cognomentum
2035 2831 2263 2887 sortitus
2289 2839 2397 2897 est,
2424 2841 2549 2904 post
2579 2833 2769 2890 decem
2795 2832 3186 2890 Ecclesiastica:
3223 2835 3481 2892 Historiae

258 2930 406 2995 libros,
436 2941 554 3003 post
585 2943 884 2998 temporum
932 2925 1194 2992 Canones,
1226 2943 1365 2996 quos
1399 2942 1499 2982 nos
1543 2924 1739 2980 Latina
1797 2926 1983 2995 lingua
2012 2925 2306 2990 edidimus,
2339 2933 2464 2996 post
2491 2925 2838 2982 diversarum
2872 2929 3140 2984 vocabula
3172 2932 3479 2995 nationum,

257 3039 463 3096 quaquo
503 3024 677 3079 modo
723 3021 867 3092 apud
916 3017 1173 3074 Hebraeos
1213 3019 1342 3072 olim
1373 3019 1518 3073 dicta
1575 3019 1707 3083 sint,
1749 3025 1802 3072 ct
1833 3033 1980 3072 nunc
2035 3017 2314 3082 dicantur,
2376 3019 2633 3088 exposuit
2667 3037 2684 3087 ;
2725 3031 2848 3091 post
2880 3021 3293 3092 topographiam
3319 3030 3481 3080 terrm

254 3115 429 3184 Judzaa,
454 3129 507 3173 et
555 3117 858 3172 distinctas
890 3113 1132 3174 tribuum
1180 3119 1379 3177 sortes,
1430 3111 1606 3181 ipsius
1637 3125 1858 3181 quoque
1886 3107 2252 3174 Hierusalem,
2284 3112 2585 3182 templique
2618 3113 2672 3166 in
2703 3127 2769 3167 ea
2799 3128 2922 3167 cum
2956 3113 3282 3168 brevissima
3314 3131 3481 3185 expo-

256 3211 410 3268 sitione
433 3215 730 3284 picturam,
763 3210 831 3265 ad
854 3216 1155 3264 extremum
1186 3208 1241 3262 in
1268 3213 1370 3262 hoc
1403 3207 1668 3277 opusculo
1717 3206 2006 3269 laboravit,
2034 3212 2094 3259 ut.
2119 3214 2476 3278 congregaret
2521 3209 2680 3264 nobis
2710 3209 2778 3263 de
2819 3218 3010 3264 sancta
3040 3206 3326 3281 Scriptura
3359 3227 3479 3266 om-

254 3304 369 3357 nium
398 3318 530 3375 pene
559 3304 812 3366 urbium,
860 3300 1148 3362 montium,
1201 3297 1487 3352 ﬂuminum
1509 3339 1524 3364 ,
1574 3295 1882 3350 viculorum
1923 3305 1978 3350 et
2016 3296 2358 3352 diversorum
2395 3300 2641 3354 locorum
2673 3300 2937 3354 vocabula
2975 3318 2988 3354 :
3023 3316 3144 3372 qua:
3175 3304 3258 3357 vel
3285 3301 3476 3358 eadem

253 3406 449 3462 manent,
473 3397 556 3452 vel
592 3398 888 3451 immutata
920 3401 1050 3450 sunt
1074 3401 1286 3465 postea,
1326 3393 1412 3448 vel
1445 3392 1627 3462 aliqua
1659 3407 1727 3447 ex
1759 3399 1913 3462 parte
1942 3401 2220 3463 corrupta.
2255 3391 2409 3450 Unde
2441 3403 2496 3450 et
2533 3411 2636 3452 nos
2665 3396 3004 3452 admirabilis
3045 3399 3150 3452 viri
3187 3406 3478 3471 sequentes

252 3494 464 3561 studium,
494 3504 601 3551 etc.

1003 3605 1087 3660 Ea:
1118 3607 1253 3660 libro
1299 3607 1366 3663 B.
1399 3605 1714 3676 Hieronymi
1747 3601 1822 3658 De
1860 3603 2225 3674 scriptoribus
2258 3606 2671 3663 ecclesiasticis.

299 3717 616 3796 Hippolytus,
639 3722 932 3794 cujusdam
963 3721 1220 3780 Ecclesiae
1252 3723 1542 3794 episcopus
1565 3721 1785 3794 (nomen
1815 3721 2016 3792 quippe
2046 3723 2200 3779 urbis
2231 3722 2374 3778 scire
2400 3739 2508 3778 non
2537 3720 2713 3794 potui)
2743 3721 3012 3776 rationem
3039 3719 3288 3784 Paschaa,
3330 3727 3475 3774 tem-

249 3824 500 3887 porumque
529 3831 782 3872 canones
807 3816 1025 3885 scripsit
1048 3832 1223 3886 usque
1253 3815 1319 3869 ad
1349 3817 1584 3887 primum
1615 3829 1820 3870 annum
1850 3813 2145 3870 Alexandri
2171 3815 2304 3886 imp.
2349 3822 2404 3869 et
2435 3815 2673 3870 sedecim
2718 3828 2984 3868 annorum
3008 3812 3274 3867 circulum
3307 3828 3470 3882 quem

249 3897 379 3961 εἶηεὶ
406 3906 970 3976 ἐκκαιδεκαετηρίδα
1011 3915 1244 3972 vocant,
1300 3907 1542 3978 reperit;
1571 3911 1624 3958 et
1651 3903 1856 3958 Eusebii

1862 3904 1889 3958 o‘
1914 3905 2007 3974 qui
2027 3920 2190 3975 super
2219 3905 2409 3959 eodem
2440 3903 2651 3958 Pascha
2681 3917 2946 3959 canonem
2975 3903 3160 3959 decem
3193 3909 3248 3956 et
3273 3918 3469 3958 novem

247 4009 462 4056 annorum
491 4002 796 4066 circulum,
831 4000 886 4056 id
915 4008 1019 4067 est,
1059 3999 1626 4068 ἐννεαδεκαετηριδα
1651 4013 1854 4069 compo:

969 4008 1019 4067 .t,
1059 3999 1626 4068 ἐννεαδεκαετηριδα
1651 3999 1982 4069 composuit,
2030 3999 2378 4055 occasionem
2408 3998 2576 4054 dedit.

1574 4114 1661 4168 Ea:
1716 4112 1898 4169 eodem
1942 4113 2098 4170 libro.

295 4231 554 4300 Eusebius,
583 4235 859 4291 Caesareae
889 4231 1192 4288 Palaestinae
1220 4231 1534 4303 episcopus,
1563 4219 1946 4304 in'Scripturis
1970 4231 2169 4286 divinis
2189 4229 2653 4293 studiosissimus,
2671 4235 2725 4283 et
2745 4226 3092 4282 Bibliothecae
3115 4227 3313 4282 divinae
3335 4241 3462 4282 cum

246 4323 476 4402 Pamphilo
513 4339 769 4401 martyre
795 4329 1256 4399 diligentissimus
1298 4327 1717 4397 pervestigator,
1743 4328 1914 4382 edidit
1947 4326 2158 4381 inﬁnita
2191 4325 2487 4380 volumina.
2533 4325 2608 4379 De
2638 4323 2841 4394 quibus
2872 4323 2986 4377 hare
3043 4331 3172 4378 sunt
3207 4341 3220 4378 :
3271 4325 3465 4392 Euar-

246 4422 437 4490 γειικῆς
464 4422 839 4487 ἀποδείξεως
867 4420 988 4480 libri
1019 4418 1231 4488 viginti,
1265 4417 1659 4486 εὐαγγελικῆς
1675 4426 1853 4487 Upon.

1856 4415 2196 4487 αραονκευῆς
2224 4416 2346 4470 libri
2379 4415 2713 4485 quindecim,
2742 4414 3102 4485 Θεοφανείας
3133 4414 3258 4469 libri
3299 4415 3463 4485 quin-

245 4529 336 4580 que.
367 4513 757 4569 Ecclesiastica:
798 4512 1052 4566 Historia:
1082 4510 1204 4565 libri
1246 4510 1457 4565 decem.
1510 4509 1892 4565 Chronicorum
1929 4526 2192 4564 canonum
2233 4508 2536 4564 omnimodo
2576 4509 2829 4574 historia,
2859 4516 2912 4564 ct
2952 4523 3143 4563 eorum
3186 4505 3460 4576 ἐπιτομή.

245 4601 290 4659 Et
317 4607 382 4663 De
404 4609 822 4680 Evangeliorum
845 4603 1152 4674 diaphonia.
1187 4601 1253 4656 In
1276 4600 1481 4656 Isaiam
1515 4601 1637 4659 libri
1668 4603 1880 4669 decem,
1903 4611 1958 4658 et
1977 4612 2162 4657 contra
2182 4601 2556 4673 Porphyrium,
2577 4601 2670 4671 qui
2699 4601 2890 4657 eodem
2921 4607 3165 4670 tempore
3187 4597 3464 4653 scribebat

247 4703 287 4757 in
313 4703 498 4770 Sicilia,
527 4713 588 4760 ut
622 4703 856 4776 quidam
883 4709 1095 4772 putant,
1123 4699 1250 4754 libri
1276 4699 1538 4769 triginta;
1577 4697 1645 4753 de
1665 4700 1867 4769 quibus
1889 4699 1957 4755 ad
1987 4715 2073 4754 me
2105 4699 2298 4770 viginti
2347 4707 2558 4753 tantum
2594 4707 2979 4770 pervenerunt.
3022 4695 3286 4752 Τοπικῶν
3323 4696 3462 4751 liber

244 4815 372 4870 unus;
413 4800 770 4872 Ἀπολογίας
802 4813 902 4868 pro
931 4794 1163 4867 Origene
1191 4795 1313 4850 libri
1342 4811 1475 4861 sex;
1511 4792 1591 4848 De
1633 4796 1740 4849 vita
1774 4795 2040 4864 Pamphili
2070 4796 2196 4851 libri
2225 4805 2356 4851 tres.
2391 4795 2466 4850 De
2491 4795 2816 4874 martyribus
2856 4795 2962 4848 alia
2989 4795 3278 4866 opuscula.
3309 4791 3374 4849 Et
3393 4793 3460 4849 in

242 4906 288 4944 cr.
309 4892 529 4949 Ptulmos
585 4889 957 4948 eruditissimi
982 4886 1383 4944 Commentarii.
1423 4883 1488 4939 Et
1521 4884 1691 4940 multa
1731 4887 1858 4942 alia.
1891 4885 2103 4942 Floruit
2145 4889 2382 4942 maxime
2411 4887 2515 4942 sub
2540 4887 2904 4944 Constantino
2942 4889 3073 4958 imp.
3102 4895 3158 4944 et
3184 4887 3456 4944 Constan-

244 4984 320 5052 tio;
344 4987 482 5057 et_ob
530 4983 846 5039 amicitiam
884 4978 1150 5049 Pamphili
1180 4976 1460 5048 martyris,
1485 4977 1553 5031 ab
1588 4992 1654 5032 eo
1683 4991 2107 5048 cognomentum
2135 4978 2362 5034 sortitus
2384 4987 2485 5033 est.

1572 5088 1658 5143 Ea:
1700 5092 1877 5146 eodem
1930 5090 2084 5144 libro.

291 5188 550 5260 Eusebius,
567 5189 806 5246 natione
835 5184 1064 5247 Sardus,
1092 5192 1147 5240 et
1167 5200 1231 5240 ex
1255 5183 1462 5238 lectore
1483 5181 1637 5236 urbis
1663 5179 1943 5245 Romanae,
1975 5180 2346 5238 Vercellensis
2376 5181 2696 5252 episcopus;
2736 5183 2810 5239 ob
2836 5183 3241 5242 confessionem
3269 5184 3396 5244 ﬁdei
3433 5208 3464 5248 a

243 5275 510 5341 Constantio
535 5282 797 5355 principe
832 5277 1202 5348 Scythopolim
1229 5283 1283 5330 et
1316 5275 1443 5329 inde
1469 5272 1870 5344 Cappadociam
1894 5277 2190 5346 relegatus,
2217 5277 2322 5332 sub
2347 5274 2568 5331 Juliano
2584 5277 2717 5349 imp.
2747 5278 2816 5333 ad
2847 5277 3148 5336 Ecclesiam
3170 5295 3462 5355 reversus,

242 5375 368 5432 edidit
384 5380 436 5434 in
459 5379 723 5434 Psalmos
755 5373 1173 5431 Commentarios
1197 5370 1419 5427 Eusebii
1445 5368 1823 5435 Caesariensis,
1850 5387 1991 5442 quos
2015 5372 2082 5427 de
2110 5371 2300 5427 Graeco
2331 5375 2387 5427 in
2418 5371 2674 5427 Latinum
2699 5381 2954 5430 verterat.

868 5490 1019 5546 Idem
1042 5488 1397 5560 Hieronymus
1419 5491 1475 5544 in
1493 5489 1819 5560 Prwfatione
1839 5487 2372 5545 Commentariorum
2406 5493 2462 5544 in
2489 5489 2783 5547 Danielem.

290 5606 459 5668 Contra
479 5611 814 5685 prophetam
836 5607 1115 5663 Danielem
1148 5606 1534 5662 duodecimum
1566 5607 1764 5662 librum
1794 5605 1990 5662 scribit
2014 5605 2373 5678 Porphyrius,
2403 5607 2595 5662 nolens
2629 5622 2754 5662 eum
2792 5607 2862 5664 ab
2896 5607 3017 5679 ipso
3047 5609 3212 5679 cujus
3250 5607 3420 5668 inseri

249 5711 336 5764 μυ
360 5714 433 5760 est
466 5707 714 5770 nomine,
745 5717 870 5758 esse
896 5700 1275 5768 compositum,
1308 5705 1412 5754 etc.
1442 5716 1456 5765 ;
1494 5698 1581 5752 cui
1607 5698 1964 5753 solertissime
1993 5699 2390 5767 responderunt
2425 5695 2713 5760 Eusebius.
2745 5699 3101 5757 Caesariensis
3132 5701 3433 5772 episcopus
