4070 6392
477 394 539 450 7i
1425 374 1759 434 VETERUM
1794 367 2219 429 TESTIMONIA
2255 365 2390 422 PRO
2429 359 2741 420 EUSEBIO.
3666 347 3735 402 τε

473 511 651 570 tribus
683 505 1076 568 voluminibus,
1105 503 1160 558 id
1190 509 1296 566 est,
1324 514 1484 564 xvnt,
1519 513 1613 553 ιιι
1635 502 1690 550 et
1718 510 1809 549 xx.
1840 487 2207 560 Apollinarius
2237 500 2456 559 quoque
2489 497 2599 538 uno
2620 476 2812 552 grandi
2835 475 2994 541 libro,
3015 473 3121 528 hoc
3142 477 3248 535 est,
3269 467 3528 525 vicesimo
3555 469 3733 522 sexto,

471 618 529 663 et
563 615 688 662 ante
716 601 817 660 hos
848 619 914 658 ex
939 611 1095 674 parte
1125 596 1453 654 Methodius.

1501 730 1651 786 Idem
1680 727 2030 797 Hieronymus
2058 723 2114 778 in
2146 726 2304 789 caput
2332 730 2464 772 xxtv
2492 710 2756 768 Matthazi.

480 1045 682 1104 ricnsis
708 1043 1019 1114 episcopus,
1049 1038 1224 1095 tribus
1246 1032 1526 1106 respondit
1558 1029 1928 1087 voluminibus
1952 1038 2110 1088 xvm,
2138 1037 2236 1075 xtx
2265 1027 2320 1075 et
2342 1031 2436 1072 xx.

1608 1145 1760 1200 Idem
1789 1144 1842 1196 in
1861 1139 2087 1212 epistola
2121 1136 2212 1199 84,
2246 1135 2314 1188 ad
2340 1132 2617 1203 Magnum.

559 1271 909 1342 Scripserunt
953 1276 1144 1324 contra
1181 1281 1281 1322 nos
1310 1264 1502 1320 Celsus
1563 1270 1728 1329 atque
1769 1252 2149 1326 Porphyrius:
2204 1243 2377 1318 priori
2430 1241 2747 1311 Origenes;
2790 1233 2945 1291 alteri
2989 1228 3304 1342 idetbodius
3328 1267 3342 1290 ,
3378 1223 3734 1342 Eusebitislet

491 1319 859 1438 Apollinrarius
917 1363 1215 1418 fortissime
1262 1319 1685 1430 responderunt.
1727 1319 1974 1420 Quorum
2005 1348 2268 1417 Origenes
2312 1349 2440 1398 octo
2476 1336 2699 1438 scripsit
2728 1334 2942 1388 libros:
2989 1326 3306 1438 bietbodius'
3331 1338 3505 1424 usque
3550 1319 3748 1438 ad

484 1412 608 1515 cerm
641 1453 1094 1525 milliaprocedit
1119 1412 1426 1506 versuum:
1483 1412 1776 1501 Eusebius.
1799 1449 1856 1496 et
1900 1412 2274 1510 Apollinarius
2303 1427 2497 1502 viginti
2546 1429 2787 1502 quinque
2835 1430 2890 1480 et
2941 1421 3166 1492 triginta
3221 1415 3501 1471 volumina
3551 1412 3746 1468 condi-

487 1552 711 1607 derunt.

1361 1649 1511 1730 idem
1533 1650 1588 1704 in
1619 1646 1842 1716 epistola
1861 1644 1952 1708 65,
1980 1640 2049 1696 ad
2082 1637 2484 1693 Pammachium
2507 1644 2558 1691 et
2594 1632 2884 1691 Oceanum.

565 1771 704 1840 Quis
729 1769 1072 1841 prudentior,
1095 1767 1330 1835 doctior,
1377 1767 1722 1837 eloquentior
1754 1761 1990 1819 Eusebio
2015 1766 2070 1814 et
2098 1755 2350 1828 Didymo,
2382 1750 2748 1810 assertoribus
2774 1742 3027 1817 Origenis
3064 1739 3299 1799 inveniri
3338 1741 3521 1810 potest
3548 1732 3575 1790 2
3599 1730 3753 1803 Quae
3816 1787 3824 1791 _

495 1877 619 1919 rum
642 1866 779 1919 alter
802 1877 899 1920 sex
921 1861 1289 1918 voluminibus
1320 1863 1420 1933 τῆς
1448 1859 1794 1930 Ἀπολογίας
1822 1857 1898 1912 ita
1923 1870 2047 1912 eum
2069 1891 2084 1918 ,
2118 1857 2177 1905 ut
2205 1865 2284 1915 se,
2313 1848 2554 1905 sensisse
2575 1842 2882 1901 conﬁrmat.

1203 1995 1354 2050 Idem
1379 1993 1731 2063 Hieronymus
1761 1993 1817 2046 in
1848 1987 2172 2057 Praefatione
2197 1978 2727 2040 Commentariorum
2749 1974 2804 2028 in
2834 1969 3052 2028 isaiam.

571 2133 842 2190 Eusebius
869 2146 1087 2205 quoque
1114 2128 1405 2200 Pamphili,
1433 2127 1589 2198 juxta
1615 2123 1935 2182 historicum
1961 2118 2398 2191 explanationem
2419 2110 2730 2185 quindecim
2761 2105 2934 2164 edidit
2960 2103 3260 2160 volumina.

1211 2241 1363 2300 Idem
1386 2242 1441 2295 in
1467 2239 1797 2309 Prtefatione
1829 2235 1956 2290 libri
1981 2233 2156 2305 quinti
2183 2226 2714 2286 Commentariorum
2741 2224 2795 2277 in
2829 2220 3049 2276 Isaiam.

576 2363 884 2421 Subeamne
905 2377 1063 2434 opus,
1086 2361 1142 2415 in
1169 2359 1314 2431 quod
1346 2358 1450 2412 viri
1477 2354 1835 2414 eruditissimi
1863 2348 2240 2408 sudaverunt?
2262 2345 2551 2417 Origenem
2581 2344 2779 2413 loquor
2800 2345 2860 2395 "et
2881 2335 3177 2392 Eusebium
3199 2328 3491 2401 Pamphili.
3509 2325 3760 2434 Quorum

504 2459 653 2514 alter
696 2456 882 2512 liberis
930 2417 1204 2527 allegoria;
1245 2450 1440 2522 spatiis
1481 2455 1744 2520 evagatur
1777 2464 1791 2513 ;
1852 2450 1907 2500 et
1939 2441 2309 2513 interpretatis
2336 2437 2653 2495 nominibus
2703 2432 3065 2504 singulorum,
3095 2425 3378 2516 ingenium
3415 2436 3574 2478 suum
3625 2417 3759 2524 facit

507 2547 776 2604 Ecclesiae
811 2511 1174 2602 sacramenta.
1207 2511 1360 2598 Alier
1390 2511 1708 2598 historicam
1733 2511 2131 2610 expositionem
2157 2535 2321 2590 titulo
2354 2530 2763 2604 repromittens,
2805 2524 3080 2582 interdum
3125 2511 3468 2577 obliviscitur
3496 2511 3760 2585 popositi,

522 2651 576 2698 et
599 2644 655 2697 in
684 2639 935 2711 Origenis
964 2637 1102 2694 scita
1125 2634 1400 2692 concedit.

1385 2747 1548 2832 idem
1566 2748 1620 2802 in
1649 2746 1783 2802 libro
1810 2747 1994 2816 quinto
2021 2739 2548 2799 Commentariorum
2574 2734 2634 2791 in
2657 2733 2881 2789 lsaiam.

579 2873 852 2930 Eusebius
905 2869 1264 2928 Caesariensis
1313 2867 1636 2924 historicam
1692 2863 2198 2936 interpretationem
2229 2857 2390 2913 titulo
2437 2851 2867 2924 repromittens,
2901 2843 3134 2902 diversis
3163 2840 3420 2936 sensibus
3451 2843 3714 2936 evagatur
3744 2845 3760 2884 :

507 2923 850 3034 ςτιῖιῖᾇ
871 2923 1348 3035 ιίιὲξζιὲεέτὲηι,
1384 2923 1534 3017 aliud
1563 2960 1736 3016 multo
1775 2923 1955 3029 reperi
1990 2970 2155 3027 quam
2190 2953 2372 3008 indice
2395 2945 2769 3021 promittebat.
2804 2940 3129 3010 Ubicunque
3149 2936 3294 3035 enim
3313 2931 3558 3035 ,ιιι-δίοιδε
3606 2923 3758 2981 defe-
3793 2937 3803 2949 '

508 3063 670 3123 εει-ιι,
707 3058 908 3114 transit
940 3057 1005 3112 ad
1039 3056 1354 3127 allegoriam
1387 3073 1403 3122 ;
1433 3062 1487 3109 et
1519 3053 1596 3108 ita
1626 3059 1880 3124 separata
1924 3047 2242 3114 consociat;
2296 3050 2358 3099 ut
2387 3043 2562 3098 mirer
2594 3055 2721 3096 eum
2761 3050 2909 3092 nova
2941 3031 3212 3090 sermonis
3257 3028 3464 3083 fabrica
3499 3026 3554 3079 in
3596 3035 3766 3078 unum

509 3171 717 3227 corpus
744 3153 978 3226 lapidem
1010 3151 1329 3222 ferrumque
1357 3150 1713 3221 conjungere.

1599 3263 1630 3320 l
1636 3275 1736 3320 tem
1766 3263 2124 3337 Hieronymus
2154 3261 2208 3314 in
2233 3265 2390 3329 caput
2417 3271 2436 3312 ι
2464 3253 2726 3311 Matthxi.

591 3380 768 3450 Super
799 3378 905 3433 hoc
936 3383 992 3434 et
1035 3376 1329 3431 Africanus
1362 3382 1677 3448 temporum
1721 3374 1988 3445 scriptor;
2031 3379 2086 3426 et
2121 3367 2394 3424 Eusebius
2440 3360 2800 3420 Caesariensis
2849 3359 2905 3415 in
2951 3357 3110 3415 libris
3143 3352 3472 3425 Διαφωνίας
3508 3348 3772 3420 anm-

522 3475 674 3530 ,πίων
718 3471 935 3544 plenius
957 3470 1330 3541 disputarunt.

1427 3579 1648 3652 Ruﬁnus
1675 3583 1738 3638 in
1762 3579 1989 3652 epistola
2033 3578 2101 3633 ad
2138 3575 2504 3632 Chromatium
2535 3573 2867 3646 episcopum.

593 3699 838 3771 lnjungis
869 3697 1001 3754 mihi
1023 3703 1084 3751 ut
1119 3693 1552 3750 Ecclesiasticam
1573 3693 1876 3758 historiam,
1909 3691 2074 3764 quam
2099 3688 2180 3746 vir
2197 3686 2606 3746 eruditissimus
2625 3685 2897 3744 Eusebius
2923 3681 3280 3741 Ctesariensis
3301 3679 3492 3736 (ἔτι-ποθ
3515 3694 3777 3736 sermone

525 3792 957 3862 conscripserat,
993 3789 1048 3844 in
1075 3787 1332 3844 Latinum
1360 3791 1761 3843 converterem.

1497 3913 1824 3985 Augustinus
1843 3913 1899 3968 in
1919 3912 2060 3968 libro
2088 3911 2167 3968 De
2198 3912 2524 3978 baresibus,
2551 3925 2677 3981 cap.
2704 3910 2794 3967 83.

597 4056 733 4110 Cum
765 4051 982 4108 Eusebii
1017 4049 1314 4105 Historiam
1331 4055 1714 4121 perscrutatus
1743 4061 1941 4112 essem,
1972 4045 2061 4101 cui
2087 4043 2321 4101 Ruﬁnus
2350 4059 2380 4099 a
2399 4059 2459 4100 se
2484 4045 2539 4100 in
2567 4041 2820 4097 Latinam
2848 4041 3093 4114 linguam
3122 4039 3404 4097 translatus
3428 4040 3778 4110 subsequen-

520 4152 662 4205 tium
703 4148 864 4202 etiam
886 4152 1190 4214 temporum
1220 4144 1359 4198 duos
1387 4143 1557 4198 libros
1583 4141 1813 4208 addidit,
1831 4156 1940 4196 non
1967 4139 2150 4195 inveni
2176 4139 2413 4210 aliquam
2445 4137 2695 4192 haeresim
2721 4150 2884 4206 quam
2915 4150 3027 4189 non
3053 4135 3272 4205 legerim
3296 4134 3439 4207 apud
3465 4135 3632 4199 istos;
3668 4134 3778 4190 nisi

525 4259 690 4318 quam
711 4244 768 4298 in
784 4251 937 4299 sexto
953 4241 1095 4297 libro
1116 4240 1269 4311 ponit
1289 4239 1580 4303 Eusebius,
1594 4253 1833 4296 narrans
1853 4252 1975 4292 eam
1999 4237 2278 4293 exstitisse
2298 4235 2355 4290 in
2372 4233 2590 4290 Arabia.
2624 4232 2808 4302 itaque
2833 4231 2938 4287 hos
2959 4229 3265 4296 haereticos,
3282 4231 3538 4300 quoniam
3566 4228 3780 4286 nullum

527 4352 717 4392 eorum
737 4334 891 4406 ponit
918 4340 1223 4396 auctorem,
1255 4330 1519 4386 Arabicos
1549 4344 1843 4401 possumus
1864 4341 2205 4397 nuncupare,
2244 4323 2338 4394 qui
2371 4323 2626 4378 dixerunt
2664 4323 2875 4378 animas
2908 4336 3032 4377 cum
3083 4322 3408 4392 corporibus
3435 4323 3577 4377 mori
3612 4328 3782 4390 atque

524 4428 776 4493 dissolvi,
810 4436 867 4482 et
893 4425 950 4480 in
978 4424 1085 4480 (ine
1115 4424 1300 4481 saaculi
1327 4431 1622 4494 utrumque
1643 4437 1950 4494 resurgere.
1971 4419 2077 4475 Sed
2106 4419 2206 4475 hos
2234 4416 2605 4490 disputatione
2620 4412 2874 4488 Origenis
2897 4413 3182 4485 praesentis
3208 4423 3264 4469 et
3290 4429 3387 4471 eos
3422 4415 3775 4486 alloquentis,

527 4523 822 4581 celerrime
849 4519 981 4576 dicit
1010 4519 1179 4576 fuisse
1203 4524 1510 4574 correctos.

601 4657 897 4726 Antipater,
921 4652 1222 4708 Bostrensis
1241 4651 1604 4722 episcopus,in
1629 4648 1760 4703 libro
1787 4649 1960 4719 primo
1981 4645 2242 4719 adversus
2267 4641 2677 4713 Apologeticum
2706 4638 2927 4696 Eusebii
2945 4638 3300 4698 Caesariensis
3324 4656 3426 4712 pro
3453 4639 3706 4714 Origene.

596 4793 738 4850 Nam
764 4791 1020 4861 quoniam
1059 4789 1144 4844 vir
1178 4789 1270 4844 ille
1299 4787 1589 4860 (Eusebius
1638 4785 1870 4858 scilicet)
1931 4783 2104 4853 pluri-
2131 4788 2178 4846 Δ

532 4900 752 4942 marum
792 4899 974 4938 rerum
1021 4882 1249 4937 scientia
1295 4882 1596 4936 instructus
1623 4877 1746 4946 iuit,
1765 4878 1972 4949 quippe
2005 4878 2100 4948 qui

525 4990 727 5031 omnes
749 4982 992 5028 veterum
1027 4974 1354 5041 scriptorum
1391 4971 1561 5025 libros
1601 4983 1666 5024 ac
1693 4968 2103 5025 lucubrationes

527 5061 1023 5135 investigaverit,et
1039 5061 1280 5114 omnium
1307 5059 1420 5114 fere
1448 5058 1796 5128 antiquorum
1817 5057 2104 5126 opiniones

531 5172 598 5210 ac
620 5153 924 5210 sententias
941 5150 1255 5220 exposuerit
1283 5168 1302 5203 τ
1332 5149 1569 5220 plurima
1600 5159 1764 5202 ettam
1793 5148 1990 5218 ingenii
2019 5148 2102 5202 sui

528 5253 888 5300 trionumenta
943 5243 1178 5314 posteris
1231 5242 1535 5313 reliquerit,
1573 5255 1806 5311 quorum
1835 5241 2102 5294 nonnulla

527 5347 604 5392 ab
627 5337 885 5393 omnibus
912 5335 1035 5405 jure
1060 5336 1253 5390 merito
1282 5334 1710 5406 comprobantur
1742 5351 1756 5388 :
1787 5332 2103 5402 hujusmodi

532 5431 602 5484 de
653 5430 748 5484 illo
781 5430 900 5483 viro
949 5427 1354 5482 existimatione
1406 5428 1713 5493 abutentes,
1752 5426 2016 5498 quosdam
2049 5426 2102 5479 in

531 5534 782 5573 errorem
835 5518 1094 5572 inducere
1141 5527 1457 5586 conantur;
1493 5517 1825 5574 aliirmantes
1870 5517 2102 5581 scilicet,

535 5611 835 5667 Eusebium
897 5625 1177 5683 nunquam
1240 5610 1355 5666 haec
1415 5611 1656 5666 scribere
1714 5624 2105 5682 aggressurum

536 5703 734 5763 (uisse,
766 5703 872 5758 nisi
906 5701 1162 5771 antiquos
1198 5715 1390 5756 omnes
1436 5701 1580 5756 idem
1631 5702 1837 5756 sentire
1878 5715 2106 5754 accura-

534 5795 753 5877 tissime
800 5795 1165 5866 cognovisset.
1205 5792 1316 5861 Ego
1347 5808 1475 5849 vero
1524 5792 1822 5850 Eusebium
1881 5792 2103 5850 cuidem

2290 4779 2506 4852 Ἐπειδὴ
2535 4778 2844 4852 πολυῖστωρ
2867 4780 2896 4833 ὁ
2923 4777 3061 4850 ἀνὴρ
3092 4780 3300 4849 γέγονε,
3331 4780 3512 4846 πάσας
3545 4779 3644 4845 τὰς
3674 4781 3787 4838 τῶν

2205 4872 2576 4946 ἀρχαιοτέρων
2618 4869 2833 4942 βίϐλους
2875 4887 2935 4924 τε
2971 4872 3066 4924 καὶ
3115 4872 3521 4944 συγγράμματα
3562 4871 3782 4946 ἐξερευ-

2207 4965 2375 5034 νήσας
2410 4962 2502 5018 καὶ
2546 4961 2884 5033 ἀνιχνεύσας,
2915 4962 3134 5032 καὶτὰς
3175 4964 3390 5018 πάντων
3433 4964 3630 5036 μικροῦ
3671 4966 3784 5022 δεῖν

2207 5055 2362 5120 δόξας
2401 5053 2725 5126 ἐκθέμενος,
2756 5053 2852 5108 καὶ
2894 5053 3121 5109 πλεῖστα
3166 5058 3573 5128 συγγράμματα
3611 5073 3786 5112 κατα-

2205 5148 2394 5218 λείψας
2428 5148 2504 5220 τῷ
2537 5147 2656 5220 βίῳ,
2703 5143 2780 5203 ὧν
2823 5148 2940 5204 ἔνια
2981 5149 3078 5203 καὶ
3121 5149 3302 5221 πάσης
3346 5149 3614 5222 ἀποδοχῆς
3660 5147 3789 5217 ἄξια

2209 5242 2466 5313 τυγχάνει
2483 5258 2497 5272 ·
2528 5243 2593 5314 τῇ
2622 5241 2846 5315 τοιαύτῃ
2870 5240 2965 5296 τοῦ
2985 5241 3177 5314 ἀνδρὸς
3202 5241 3464 5312 ὑπολήψει
3490 5241 3785 5314 χρώμενοι,

2211 5331 2578 5407 συναρπάζειν
2602 5337 2970 5410 ἐπιχειροῦσιν
3001 5336 3197 5400 ἐνίους,
3225 5335 3301 5400 ὡς
3333 5337 3416 5391 ὅτι
3449 5335 3644 5406 φασίνο
3667 5333 3790 5393 Οὐκ

2210 5426 2276 5481 ἂν
2298 5427 2469 5481 εἵλετο
2497 5427 2754 5492 Εὐσέϐιος
2778 5429 3048 5484 ἐπὶτοῦτο
3075 5428 3222 5492 ἰδεῖν,
3252 5429 3298 5481 ει
3329 5429 3403 5500 μὴ
3427 5429 3608 5493 πάσας
3629 5429 3793 5501 ἀκρι-

2213 5517 2324 5582 ϐῶς
2356 5518 2622 5588 ἠπίστατο
2656 5519 2765 5576 τῶν
2797 5521 3042 5576 παλαιῶν
3081 5521 3180 5586 τὰς
3211 5519 3370 5588 δόξας
3405 5519 3562 5575 τοῦτο
3599 5519 3789 5590 βουλο-

2217 5608 2403 5682 μένας.
2441 5609 2583 5679 Ἐγὼ
2625 5611 2716 5677 δὲ,
2755 5612 2837 5666 ὅτι
2891 5612 2988 5682 μὲν
3037 5611 3345 5681 πολυῖστωρ
3388 5613 3417 5665 ὁ
3471 5611 3642 5682 ἀνὴρ,
3695 5609 3795 5662 καὶ

2211 5701 2364 5754 οὐδέν
2381 5719 2434 5755 τι
2457 5703 2566 5756 τῶν
2592 5704 2962 5775 παλαιοτέρων
2983 5703 3428 5774 συγγραμμάτων
3455 5703 3553 5772 τὴν
3576 5701 3792 5754 ἐκείνου

2211 5792 2421 5849 διέλαθε
2449 5794 2669 5868 γνῶσιν,
2695 5796 2948 5867 σύμφημι
2979 5795 3073 5849 καὶ
3099 5794 3372 5863 ὁμολογῶ·
3403 5793 3653 5864 βασιλικῆ
3678 5793 3796 5860 γὰρ
