4070 6392
268 353 313 408 75
1214 347 1553 406 VETERUM
1592 347 2010 405 TESTIMONIA
2047 349 2186 407 PRO
2224 347 2539 405 EUSEBIO.
3390 344 3464 400 Ἠν

266 469 479 542 συνεργίᾳ
503 467 805 541 χρώμενος,
830 467 1026 540 ῥᾳδίως
1047 466 1116 521 τὰ
1143 463 1415 536 πανταχοῦ
1440 463 1574 534 πρὸς
1603 463 1796 518 ἑαυτὸν

1902 464 2258 535 plurimarum
2292 477 2470 519 rerum
2500 458 2727 518 scientia
2755 460 3243 516 instructissimum
3289 458 3463 517 fuisse

265 560 472 630 συνάγειν
504 559 755 631 ἠδύνατο.
1385 548 1389 553 ’

1902 554 2096 618 fateor,
2145 569 2248 609 nec
2301 569 2369 608 ex
2406 561 2652 607 veterum
2716 552 2936 621 scriptis
2970 551 3267 623 quidquam
3316 551 3468 607 illius

265 651 621 723 subterfugisse
634 651 903 707 notitiam.
938 646 1086 705 Usus
1107 646 1254 704 enim
1278 645 1627 717 imperatoris
1654 642 1900 700 subsidio
1917 651 2079 716 atque
2100 642 2378 715 suﬁ‘ragio.
2403 649 2601 698 cuncta
2625 656 2746 710 quae
2770 644 2972 712 ubique
3000 648 3179 708 erant,
3211 640 3473 698 facillime

264 748 395 820 potuit
418 758 768 818 congregare.

881 855 967 911 Eo;
995 856 1131 911 libro
1159 859 1332 924 primo
1359 860 1724 922 excerptorum
1748 846 2003 905 Historim
2028 842 2420 901 Eeclesiastica:
2453 842 2816 915 Philostorgii.

314 979 417 1033 Ὀτι
470 976 542 1031 τά
581 992 643 1029 τε
701 975 870 1040 ἄλλα,
901 976 998 1030 καὶ
1027 976 1128 1029 ὅσα
1168 973 1305 1044 πρὸς
1341 970 1627 1039 Ἱστορίας
1669 966 1792 1037 ἥκει

265 1075 411 1146 λόγων,
432 1073 873 1144 ὀῡιλοστὸργιος,
904 1070 995 1125 τὸν
1026 1069 1316 1141 Παμφίλου
1345 1065 1604 1121 Εὑσέϐιον
1632 1064 1791 1115 ἐπαι-

266 1168 357 1230 νῶν,
381 1166 507 1238 περὶ
535 1165 635 1235 τὴν
670 1163 948 1217 εὐσέϐειαν
978 1161 1367 1234 διαμαρτάνειν
1407 1158 1569 1229 φησί’
1599 1156 1693 1209 καὶ
1728 1153 1794 1206 τὸ

266 1259 524 1330 ἁμάρτημα
555 1257 584 1308 ὁ
614 1254 880 1326 δυσσεϐὴς
907 1252 1260 1325 διηγούμενος
1282 1291 1297 1317 ,
1344 1250 1478 1303 διότι
1522 1246 1794 1316 ἄγνωστον

267 1349 310 1403 τὺ
342 1348 465 1402 θεῖον
509 1349 606 1401 καὶ
639 1345 1024 1417 ἀκατάληπτον
1069 1345 1271 1416 ἡγοῖτο.
1332 1338 1490 1393 Ἀλλὰ
1534 1338 1628 1392 καὶ
1669 1336 1802 1392 ἄλλα

265 1438 434 1495 τοιαῦτά
480 1456 648 1510 φησιν
702 1438 864 1492 αὑτὸν
912 1435 1271 1508 πλημμελεῖν.
1324 1429 1691 1486 Καταπαῦσαι
1736 1428 1795 1482 δὲ

270 1533 388 1586 αὑτὸν
408 1531 508 1595 τὰς
538 1530 766 1594 οἰκείας
806 1528 907 1600 τῆς
950 1527 1232 1595 Ἱστορίας
1268 1525 1486 1597 μνήμας
1517 1522 1677 1594 μέχρι
1695 1521 1795 1592 τῆς

265 1622 343 1675 τῶν
363 1621 559 1674 παίδων
578 1618 828 1689 διαδοχῆς
854 1614 947 1670 τοῦ
973 1615 1207 1687 μεγάλου
1237 1611 1647 1668 Κωνσταντίνου
1671 1626 1796 1662 συν-

267 1714 602 1785 επιμαρτυρεῖ.

1972 961 2368 1032 Philostorgius
2421 959 2718 1016 Eusebium
2772 961 2992 1027 quidem
3026 962 3320 1037 Pamphili,
3348 974 3468 1024 tum

1900 1054 1972 1110 ob
2012 1054 2119 1107 alia
2165 1052 2371 1117 multa,
2420 1060 2538 1107 tum
2586 1053 2657 1108 ob
2685 1052 2985 1109 Historiam
3034 1054 3473 1116 Ecclesiasticam

1900 1146 2155 1202 laudibus
2186 1142 2369 1198 alIicit.
2412 1142 2676 1199 Eumdem
2704 1151 2885 1200 tamen
2911 1146 2966 1200 in
2990 1146 3058 1202 iis
3081 1163 3203 1218 quae
3231 1150 3301 1205 ad
3338 1151 3472 1207 reli-

1900 1236 2117 1308 gionem
2171 1234 2465 1306 pertinent,
2496 1234 2711 1304 lapsum
2752 1250 2876 1292 esse
2927 1235 3104 1294 dicit:
3141 1241 3344 1314 quippe
3375 1245 3471 1315 qui

1909 1329 2079 1385 Deum
2112 1329 2371 1399 cognosci
2412 1334 2468 1383 et
2497 1329 2889 1398 comprehendi
2920 1346 3031 1386 non
3074 1347 3237 1402 posse
3281 1337 3474 1392 existi-

1900 1419 2149 1475 maverit.
2183 1418 2338 1473 Hunc
2368 1419 2514 1473 enim
2548 1418 2669 1487 ejus
2698 1435 2942 1477 errorem
2967 1422 3167 1493 impius
3196 1424 3301 1480 iste
3328 1440 3475 1482 com-

1901 1519 2188 1568 memorat.
2248 1509 2354 1566 Sed
2384 1518 2439 1566 et
2476 1510 2794 1580 huiusmodi
2834 1513 2970 1567 alios
3029 1529 3249 1574 errores
3278 1517 3347 1572 ab
3377 1518 3473 1574 illo

1901 1603 2229 1659 commissos
2286 1617 2412 1657 esse
2468 1601 2718 1658 afﬁrmat.
2777 1601 3048 1660 Caeterum
3091 1614 3148 1662 et
3189 1606 3307 1678 ipse
3346 1624 3472 1664 cum

1903 1694 2025 1751 aliis
2055 1701 2289 1751 testatur
2332 1693 2628 1751 Eusebium
2660 1693 2963 1751 Historiam
3009 1712 3162 1752 suam
3198 1714 3373 1770 usque
3404 1700 3474 1756 ad

1901 1793 2150 1857 tempora
2179 1786 2476 1841 liberorum
2501 1783 2849 1843 Constantini
2882 1788 3076 1862 Magni'
3091 1791 3435 1861 perduxisse.
3477 1832 3482 1843 ι

1104 1907 1350 1963 Socrates
1373 1906 1429 1959 in
1452 1903 1585 1959 libro
1617 1902 1787 1972 primo
1818 1899 2073 1957 Historiae
2096 1898 2517 1957 Eeclesiasticaa.

317 2029 546 2094 Εὐσέϐιος
578 2031 607 2083 ὁ
656 2027 965 2100 Παμφίλου,
1008 2026 1066 2077 ὲν
1094 2022 1235 2087 ὅλοις
1287 2021 1418 2074 δέκα
1449 2020 1674 2091 βιϐλίοις
1700 2019 1799 2090 τὴν

1976 2014 2246 2072 Eusebius
2273 2013 2542 2085 Pamphili
2572 2028 2661 2070 res
2691 2014 2748 2069 in
2780 2014 3026 2072 Ecclesia
3058 2024 3241 2088 gestas
3284 2016 3474 2074 decem

269 2116 776 2187 Ἐκκλησιαστικὴν
816 2115 1111 2185 Ἱστορίαν
1128 2112 1437 2183 ἐκθέμενος,
1456 2109 1799 2167 κατέπαυσεν

1903 2106 2057 2163 libris
2086 2106 2425 2177 complexus,
2456 2104 2765 2176 principatu
2795 2106 3139 2163 Constantini
3175 2106 3476 2163 Historiam

263 2211 322 2272 είς
337 2211 443 2275 τοὺς
468 2211 701 2282 χρόνους
737 2208 832 2264 τοῦ
876 2208 1136 2280 βασιλέως
1168 2203 1601 2270 Κωνσταντίνου,
1623 2203 1681 2256 ἐν
1715 2196 1797 2264 οἷς

258 2303 369 2358 καὶό
394 2304 541 2377 παρὰ
561 2302 659 2356 τοῦ
694 2297 1076 2372 Διοκλητιανοῦ
1106 2297 1246 2352 κατὰ
1277 2293 1618 2368 Χριστιανῶν
1642 2292 1796 2362 γενό-

259 2411 385 2465 μενος
408 2396 643 2467 πόλεμος
675 2393 1038 2448 ἀνεπαύσατο.
1072 2391 1307 2464 Γράφων
1348 2387 1405 2440 δὲ
1450 2388 1479 2440 ὁ
1508 2385 1669 2448 αὐτὸς
1692 2386 1797 2449 Eis;

257 2485 341 2539 τὸν
357 2488 488 2552 ,ϐίον
515 2485 1004 2549 Κωνσταντίνου,
1024 2482 1133 2536 τῶν
1163 2481 1286 2535 κατ’
1310 2478 1527 2549 Ἀρειον
1558 2475 1799 2548 μερικῶς

259 2580 441 2652 μνήμην
470 2579 801 2650 πεποίηται,
830 2576 940 2630 τῶν
971 2573 1210 2628 ἐπαίνων
1239 2570 1336 2625 τοῦ
1372 2569 1633 2642 βασιλέως
1654 2609 1670 2633 ,
1707 2569 1800 2623 καὶ

257 2668 334 2738 τῆς
376 2669 754 2742 πανηγυρικῆς
789 2665 1090 2738 ὑψηγορίας
1133 2663 1242 2717 τῶν
1283 2662 1458 2730 λόγων
1496 2659 1694 2731 μᾶλλον
1725 2659 1801 2722 ὡς

254 2759 298 2811 ἐν
316 2760 561 2832 ἐγκωμίῳ
585 2760 899 2833 φροντίσας,
926 2758 1069 2829 ἥπερ
1090 2754 1185 2809 τοῦ
1217 2750 1459 2825 ἀκριϐῶς
1484 2748 1798 2822 περιλαϐεῖν

253 2845 306 2899 τὰ
326 2849 603 2921 γενόμενα.
784 2846 795 2851 “

1903 2214 2059 2254 suam
2099 2200 2433 2263 terminavit,
2457 2214 2566 2269 quo
2618 2208 2861 2271 tempore
2908 2202 3219 2270 persecutio
3262 2201 3477 2257 Diocle-

1903 2291 2039 2346 tiani
2084 2291 2346 2347 adversus
2378 2291 2726 2350 Christianos
2775 2292 2936 2347 ﬁnem
2978 2294 3208 2366 accepit.
3238 2292 3384 2349 Idem
3416 2294 3475 2349 in

1902 2380 2059 2438 libris
2089 2397 2228 2452 quos
2264 2383 2337 2437 De
2365 2383 2475 2437 vita
2496 2385 2621 2453 imp.
2660 2381 2998 2439 Constantini
3027 2385 3379 2456 conscripsit,
3410 2399 3477 2440 ea

1903 2488 2027 2542 qua:
2058 2474 2129 2528 ad
2156 2473 2349 2528 Arium
2405 2475 2720 2545 pertinent,
2773 2476 3089 2547 singillatim
3140 2479 3364 2534 minime
3391 2485 3478 2534 est

1902 2572 2216 2630 exsecutus,
2260 2566 2463 2637 quippe
2495 2568 2586 2638 qui
2617 2574 2678 2622 ut
2727 2568 2782 2623 in
2837 2570 3104 2627 encomiis
3149 2569 3271 2626 ﬁeri
3314 2572 3472 2634 solet,

1904 2656 2254 2728 imperatoris
2286 2659 2475 2715 laudes
2506 2669 2561 2715 et
2591 2664 2974 2735 panegyricam
2996 2664 3304 2720 orationem
3336 2680 3472 2719 eon-

1905 2756 2088 2804 texere
2130 2750 2305 2821 magis
2334 2751 2388 2805 in
2420 2751 2603 2808 animo
2658 2754 2904 2820 haberet,
2953 2770 3118 2826 quam
3169 2771 3260 2812 res
3291 2764 3475 2827 gestas

1905 2850 2163 2898 accurate
2190 2858 2643 2900 commemorare.

252 2976 370 3035 Idem
393 2981 647 3039 Socrates
688 2982 748 3036 in
779 2980 960 3037 eodem
994 2979 1148 3049 libro,
1173 2994 1288 3049 cap.
1308 2978 1366 3044 7,
1397 2977 1462 3032 de
1486 2976 1708 3054 Sabino,
1740 2974 2247 3054 Macedonianorttm
2290 2977 2550 3048 episcopo,
2579 2977 2816 3051 loquens,
2855 2981 2946 3052 qui
2968 2978 3341 3054 .Synodorum
3371 2982 3469 3040 Hi-

1395 3047 1621 3104 storiam
1648 3047 1954 3115 scripserat,
1989 3046 2067 3101 ita
2093 3047 2222 3101 dicit
2256 3063 2275 3100 :

300 3164 396 3218 Καὶ
422 3165 642 3231 ἐπαινεῖ
676 3164 774 3234 μὲν
807 3163 898 3217 τὸν
936 3162 1222 3235 Παμφίλου
1254 3160 1513 3215 Εὐσέϐιον
1544 3161 1621 3224 ὡς
1644 3158 1792 3225 ἀξιό-

248 3266 401 3306 πιστον
428 3254 717 3326 μάρτυραο
758 3253 969 3305 ἐπαινεῖ
997 3252 1054 3305 δὲ
1091 3253 1186 3306 κοιλ⁸
1216 3253 1305 3306 τὸν
1340 3250 1591 3322 βασιλέα,
1626 3251 1702 3310 ὡς
1723 3251 1792 3306 τὰ

1967 3157 2036 3214 Et
2067 3159 2359 3218 Eusebium
2383 3165 2604 3235 quidem
2649 3166 2937 3240 Pamphili,
2977 3179 3239 3244 tanquam
3275 3180 3468 3231 testem

1898 3250 2003 3307 ﬁde
2053 3252 2432 3324 dignissimum
2484 3258 2670 3314 laudat
2722 3279 2734 3315 :
2793 3261 3177 3332 imperatorem
3239 3280 3458 3335 quoque

245 3342 552 3413 Χριστιανῶν
588 3344 940 3415 δογματίζειν
970 3344 1296 3416 δυνάμενονο
1335 3346 1608 3417 μέμφεται
1632 3343 1689 3397 δὲ
1720 3345 1787 3415 τῇ

1902 3344 2079 3414 ipsum
2107 3347 2399 3418 praeconiis
2424 3348 2611 3416 allicit,
2647 3358 2838 3422 utpote
2866 3353 2962 3423 qui
2987 3353 3317 3410 Christiana:
3346 3350 3474 3411 ﬁdei

241 3430 287 3483 ἐν
317 3433 514 3507 Νικαίᾳ
568 3434 859 3507 ὲκτεθείσῃ
907 3435 1106 3499 πίστει,
1153 3434 1229 3500 ὡς
1278 3435 1384 3487 ὑπὸ
1432 3434 1656 3489 ἰδιωτῶν
1702 3435 1797 3488 καὶ

1902 3435 2156 3510 dogmata
2185 3440 2428 3510 apprime
2460 3441 2708 3498 calleret.
2752 3441 2941 3499 Fidem
2972 3459 3103 3500 vero
3132 3444 3328 3501 Nicaeae
3375 3460 3474 3500 ex—

240 3520 366 3575 otiae»
391 3524 778 3597 ἐπισταμένων
811 3524 1160 3599 ἐκδεδομένη·
1197 3525 1294 3579 καὶ
1320 3525 1379 3578 ὃν
1409 3525 1484 3589 ὡς
1515 3525 1675 3594 σοφὸν
1702 3525 1796 3579 καὶ

1902 3529 2138 3598 positam
2168 3530 2537 3601 reprehendit,
2577 3540 2838 3603 tanquam
2878 3534 2947 3588 ab
2976 3533 3183 3606 ignaris
3208 3543 3263 3591 et
3302 3536 3476 3606 impe-

239 3611 413 3686 ἀιξευδῆ
446 3617 610 3671 καλεῖ
639 3616 923 3689 μάρτυρα,
956 3616 1145 3670 τούτου
1186 3617 1285 3681 τὰς
1316 3616 1501 3686 φωνὰς
1538 3617 1795 3681 ἑκουσίως

1902 3615 2023 3673 ritis
2048 3617 2362 3675 hominibus
2385 3621 2770 3691 conscriptam.
2794 3621 2859 3675 Et
2883 3637 3045 3691 quem
3077 3625 3374 3694 sapientem
3387 3623 3473 3677 vi-

241 3700 472 3781 ὑπερορᾷ.
1900 3722 2024 3762 rum
2053 3722 2119 3762 ae
2139 3724 2388 3766 veracem
2414 3717 2609 3767 testem
2653 3712 2917 3777 nominat,
2945 3712 3066 3785 ejus
3086 3715 3253 3769 verba
3285 3714 3467 3769 sciens

1901 3810 1965 3851 ac
1986 3797 2226 3868 prudens
2246 3815 2347 3870 pro
2369 3799 2540 3855 nihilo
2562 3800 2733 3855 ducit.

1339 3901 1491 3958 Idem
1512 3902 1757 3959 Socrates
1786 3903 1845 3958 in
1876 3903 2011 3963 libro
2037 3920 2100 3972 il,
2131 3923 2248 3978 cap.
2272 3908 2366 3966 21.

298 4012 507 4086 Ἐπειδὴ
535 4016 603 4070 δέ
647 4031 795 4078 τινες
836 4013 1194 4084 ἐπεχείρησαν
1240 4013 1334 4067 καὶ
1361 4014 1522 4067 αὑτὸν
1555 4012 1798 4084 λοιδορῆ-

1975 4014 2084 4072 Sed
2108 4017 2366 4088 quoniam
2394 4019 2543 4075 hunc
2588 4034 2827 4092 quoque,
2863 4018 3159 4077 Eusebium
3201 4020 3471 4092 Pamphili

234 4121 323 4170 σιι,
347 4112 489 4180 φημὶ
517 4110 590 4181 δὴ
609 4108 705 4163 τὸν
730 4109 1013 4180 Παμφίλου
1029 4107 1309 4171 Εὐσέϐιον,
1325 4107 1400 4170 ὡς
1423 4107 1798 4179 ἀρειανίζοντα

1902 4106 2164 4179 intelligo,
2198 4110 2446 4166 nonnulli
2479 4112 2758 4167 criminari
2807 4111 2990 4168 conati
3043 4120 3192 4177 sunt,
3245 4112 3470 4182 perinde

233 4195 279 4246 ἐν
305 4193 377 4261 οἷς
411 4200 605 4269 λόγοις
642 4200 892 4266 ἐξέδωκε,
923 4198 1092 4269 μικρὰ
1130 4199 1223 4253 καί
1262 4199 1390 4270 περὶ
1425 4198 1590 4252 αὐτοῦ
1625 4199 1797 4252 εἰπεῖν

1902 4198 2058 4268 quasi
2089 4199 2351 4255 Arianum
2372 4201 2568 4272 dogma
2602 4203 2658 4257 in
2689 4203 2845 4259 libris
2872 4204 2987 4260 suis
3016 4210 3238 4262 secutus
3267 4202 3458 4270 fuerit,

229 4288 310 4341 οὐκ
330 4292 561 4363 ἀκαιρσν
596 4291 868 4363 ἡγοῦμαι.
890 4289 1110 4361 Πρῶτον
1144 4289 1244 4360 μὲν
1274 4290 1402 4360 γάρ,
1436 4306 1489 4343 κ.
1513 4307 1563 4342 τ.
1586 4289 1636 4342 λ.

1902 4298 2265 4360 opportunum
2325 4291 2443 4348 fore
2478 4307 2678 4350 censeo
2726 4310 2901 4366 pauca
2951 4294 3020 4351 de
3049 4310 3115 4351 eo
3171 4294 3464 4351 disserere.

232 4374 445 4439 Primum
474 4387 668 4457 igitur
692 4382 931 4438 concilio
960 4380 1181 4436 Nicaeae
1211 4396 1320 4455 quo
1367 4380 1566 4435 Filium
1608 4378 1758 4434 Patri
1785 4382 2303 4438 consubstantialem
2350 4382 2521 4440 fuisse
2568 4384 2848 4442 decretum
2902 4398 3008 4455 est,
3038 4396 3094 4444 et
3137 4386 3385 4443 interfuit
3412 4394 3467 4439 et

230 4478 502 4533 coniunxit.
546 4478 621 4534 In
644 4479 810 4535 tertio
840 4493 971 4536 vero
995 4477 1139 4532 libro
1165 4490 1327 4545 quem
1360 4473 1438 4527 De
1488 4474 1597 4527 vita
1629 4472 1967 4528 Constantini
2019 4476 2263 4544 scripsit,
2314 4475 2390 4529 ita
2436 4476 2719 4546 loquitur:
2758 4497 2777 4530 ι
2824 4477 3026 4536 Omnes
3076 4480 3370 4550 imperator
3398 4478 3467 4533 ad

227 4571 565 4627 concordiam
599 4570 881 4636 incitavit,
922 4571 1099 4627 donec
1130 4568 1417 4623 universos
1472 4566 1528 4620 in
1576 4565 1645 4621 iis
1668 4565 1736 4620 de
1766 4566 1964 4634 quibus
1997 4575 2157 4620 antea
2183 4566 2604 4634 dissentiebant,
2651 4572 2952 4629 concordes
2984 4580 3148 4643 atque
3178 4570 3465 4626 unanimes

228 4665 582 4727 patuisset.
623 4664 782 4720 Adeo
818 4672 877 4718 ut
906 4663 1039 4721 ﬁdes
1060 4660 1305 4718 omnium
1334 4673 1579 4714 consona
1612 4660 1756 4731 apud
1775 4658 2013 4717 Nicaeam
2040 4659 2358 4715 obtinuerit.
2389 4680 2409 4712 ι
2427 4661 2564 4717 Cum
2592 4664 2759 4734 igitur
2780 4665 3049 4721 Eusebius
3078 4664 3221 4721 illius
3245 4665 3467 4721 concilii
3534 4678 3536 4680 '

225 4761 541 4818 mentionem
563 4761 812 4829 faciens,
836 4769 1064 4815 cunctas
1094 4758 1402 4813 animorum
1422 4755 1796 4813 dissensiones
1817 4756 2025 4827 sepitas
2057 4771 2179 4812 esse
2209 4756 2377 4824 dicat,
2409 4768 2463 4813 et
2495 4760 2784 4816 universos
2805 4762 2860 4816 in
2894 4776 3060 4816 unam
3107 4763 3466 4832 eamdemque

225 4856 559 4923 ωιιερίηεειε
599 4854 964 4919 sententiam,
989 4851 1121 4923 quid
1159 4866 1342 4907 causa:
1370 4857 1455 4906 est
1475 4865 1574 4905 cur
1593 4851 1844 4906 nonnulli
1869 4865 1994 4905 eum
2020 4850 2333 4906 existiment
2367 4852 2574 4909 Ariano
2597 4853 2834 4925 dogmati
2857 4854 3203 4910 consentire?
3240 4854 3466 4910 Fallun-

224 4946 294 4997 ιιι
308 4948 471 5003 etiam
509 4947 862 5017 Ariani,qui
885 4947 1037 5000 illum
1063 4944 1309 5016 opinioni
1351 4958 1464 4999 suae
1493 4943 1781 5014 suﬁ'ragari
1822 4943 2184 4998 arbitrantur.
2218 4942 2323 4998 Sed
2354 4943 2500 4999 dicet
2537 4944 2772 5001 fortasse
2815 4945 3037 5015 aliquis,
3068 4946 3221 5000 illum
3270 4945 3462 5000 Ariani

225 5031 468 5106 dogmatis
496 5045 862 5096 assertorem
889 5037 1085 5102 videri,
1116 5043 1406 5108 propterea
1436 5036 1580 5106 quod
1613 5036 1671 5089 in
1700 5034 1857 5089 libris
1887 5035 2004 5090 suis
2036 5035 2233 5089 crebro
2264 5035 2446 5090 dicere
2471 5036 2629 5103 solet,
2664 5053 2767 5092 pen
2798 5053 3091 5093 CHRISTUI.
3132 5038 3234 5093 Cui
3268 5053 3371 5094 nos
3404 5038 3461 5093 id

222 5129 610 5196 respondemus
633 5171 654 5197 ,
694 5135 751 5183 et
788 5127 892 5181 hac
924 5126 1180 5196 loquendi
1204 5108 1501 5181 ratione'et
1535 5124 1659 5180 aliis
1688 5123 2005 5193 huiusmodi
2056 5137 2178 5193 quae
2209 5122 2675 5192 dispensationem
2718 5125 3074 5181 humanitatis
3097 5125 3230 5182 Jesu
3251 5125 3465 5184 Chrlsri

226 5202 501 5291 designant,
533 5217 967 5277 ecclesiasticos
998 5218 1291 5287 scriptores
1318 5216 1399 5270 uti
1423 5214 1777 5271 consuevisse
1816 5212 1894 5286 (a)
1928 5233 1941 5269 :
1979 5221 2035 5269 et
2062 5222 2190 5270 ante
2240 5215 2342 5271 hos
2390 5230 2581 5270 omnes
2635 5214 2863 5269 Paulum
2908 5215 3212 5285 apostolum
3266 5215 3465 5272 iisdem

225 5313 417 5369 toribus
459 5327 650 5371 usum
711 5309 904 5372 fuisse,
934 5309 1028 5379 qui
1061 5315 1243 5363 tamen
1276 5306 1522 5379 perversi
1549 5304 1821 5376 dogmatis
1860 5305 2121 5376 magister
2164 5321 2448 5376 nunquam
2490 5311 2575 5361 est
2615 5305 2982 5363 existimatus.
3040 5306 3307 5362 Caeterum
3332 5325 3462 5365 cum

225 5398 353 5459 Atius
377 5404 592 5463 Filium
618 5404 735 5459 Dei
764 5410 1066 5458 creaturam
1104 5400 1330 5469 perinde
1352 5414 1416 5453 ac
1446 5404 1644 5454 caetera
1687 5412 1808 5468 quae
1838 5412 1868 5452 a
1899 5397 2012 5453 Deo
2047 5406 2230 5454 creata
2271 5406 2420 5463 sunt,
2458 5413 2625 5454 ausus
2654 5398 2726 5452 sit
2755 5397 2956 5469 dicere,
2987 5398 3136 5465 audi,
3169 5401 3219 5455 si
3262 5402 3462 5470 placet,

228 5507 440 5560 quanam
473 5499 551 5554 de
586 5497 717 5551 hac
741 5508 803 5548 re
830 5492 998 5547 fuerit
1023 5490 1245 5546 Eusebii
1280 5488 1552 5545 sententia
1583 5487 1640 5540 in
1690 5487 1832 5541 libro
1864 5487 2046 5557 primo
2080 5487 2157 5543 De
2180 5488 2541 5543 ecclesiastica
2574 5486 2833 5558 theologia
2862 5486 3006 5561 (cap.
3040 5488 3094 5553 9,
3131 5488 3240 5560 10).
3267 5508 3290 5542 ι
3325 5488 3462 5545 Uni-

229 5588 430 5656 βίαις,
462 5586 702 5660 inquit,
728 5581 836 5639 'Dei
880 5581 1051 5637 Filius
1078 5582 1230 5637 solus
1261 5582 1378 5651 ipse
1404 5587 1459 5636 et
1479 5594 1592 5636 non
1618 5577 1758 5633 alius
1794 5583 1853 5634 et
1883 5578 2211 5649 praedicatur
2232 5587 2285 5637 et
2317 5584 2420 5637 est.
2470 5575 2623 5634 Unde
2656 5579 2849 5635 merito
2889 5582 3014 5650 quis
3049 5582 3462 5653 reprehenderit

285 5765 352 5839 (ι)
382 5767 789 5828 Theodoritus
821 5766 880 5821 in
904 5782 1020 5835 cap.
1050 5780 1066 5819 ι
1090 5769 1276 5837 prima:
1307 5765 1561 5839 Epistola:
1588 5767 1657 5822 ad
1691 5765 1931 5825 Corinth.

522 5882 833 5948 PATBOL.
881 5876 1004 5945 GR.
1045 5877 1219 5941 XIX.
3042 5856 3084 5917 3
