4070 6392
477 377 546 435 75
1421 373 1754 433 VETERUM
1794 372 2210 430 TES'IIMONIA
2246 372 2383 428 PRO
2417 373 2730 430 EUSEBIO.
3638 383 3705 431 ’tb

469 502 566 545 eos
584 490 674 561 qui
705 501 1011 547 creaturam
1057 490 1208 544 illum
1259 487 1441 544 dicere
1494 505 1605 544 non
1638 489 1980 552 dubitarunt,
2007 505 2072 543 ex
2095 489 2268 543 nihilo
2299 489 2578 544 conditum
2609 487 2835 560 perinde
2859 502 2923 544 ac
2959 489 3199 560 reliquas
3224 496 3526 546 creaturas.
3559 489 3705 556 Quo-

469 582 630 637 modo
653 581 797 636 enim
844 580 1012 637 Filius
1046 581 1225 644 fuerit,
1261 579 1532 650 quomodo
1569 578 1905 651 Unigenitus,
1938 580 1983 635 si
2028 581 2274 636 eamdem
2323 595 2446 635 cum
2483 581 2694 634 caeteris
2725 581 2991 636 creaturis
3027 589 3274 636 naturam
3329 583 3554 637 sortitus
3598 597 3702 645 εει,

469 687 721 741 unusque
751 680 834 730 est
861 688 890 727 e
920 687 1146 727 numero
1169 687 1349 726 rerum
1377 680 1705 736 crcatarum,
1745 681 1932 742 utpote
1961 673 2052 742 qui
2085 689 2190 727 una
2216 689 2338 728 cum
2372 674 2479 728 illis
2510 683 2663 727 ortus
2698 673 2769 728 sit
2799 689 2864 728 ex
2905 674 3096 729 nihilo.
3135 672 3334 729 Verum
3370 675 3552 730 divina
3581 691 3704 730 ora-

469 767 593 820 cula
626 779 735 819 non
761 764 835 818 ita
864 761 932 817 de
967 763 1059 816 illo
1092 761 1414 831 praedicant.
1456 782 1474 815 »
1516 762 1720 818 Deinde
1743 763 1932 833 paucis
1961 762 2260 832 interjectis
2291 765 2404 818 inec
2431 765 2651 834 subjicit
2687 780 2701 816 :
2737 782 2754 815 ι
2790 763 3053 836 Quisquis
3087 768 3252 837 igitur
3291 765 3484 822 Filium
3516 770 3608 824 Dei
3637 784 3703 824 ex

476 859 649 913 nihilo
674 857 936 927 genitum.
970 863 1021 909 et
1049 862 1354 910 creaturam
1379 871 1410 910 e
1435 871 1541 909 non
1576 864 1825 911 exstante
1857 856 2182 927 productam
2215 871 2335 911 esse
2367 858 2584 921 asserit,
2609 859 2657 914 is
2686 874 2795 914 non
2817 857 3221 922 animadvertit,
3253 875 3312 915 se
3343 861 3549 915 nudum
3579 862 3704 930 qui-

474 949 597 1006 dem
638 964 837 1004 nomen
870 945 990 1000 Filii
1022 947 1071 1001 ei
1102 945 1418 1010 concedere,
1445 961 1632 1002 revera
1662 954 1841 1001 tamen
1865 963 1988 1001 eum
2021 945 2214 1001 Filium
2259 963 2574 1019 pernegare.
2601 949 2704 1016 Qui
2736 951 2880 1005 enim
2922 967 2986 1004 ex
3013 951 3182 1005 nihilo
3210 952 3428 1023 genitus
3456 966 3561 1017 est,
3581 967 3706 1008 vere

467 1043 639 1099 Filius
670 1041 764 1097 Dei
797 1055 921 1096 esse
949 1054 1055 1092 non
1081 1046 1280 1107 potest,
1313 1038 1456 1093 sicut
1481 1052 1582 1091 nec
1610 1037 1828 1108 quidvis
1860 1037 2007 1092 aliud
2039 1038 2184 1107 quod
2208 1039 2447 1108 genitum
2487 1042 2577 1094 sit.
2607 1039 2782 1096 Verus
2812 1047 2991 1093 autem
3035 1038 3208 1096 Filius
3250 1040 3366 1106 Dei,
3400 1051 3587 1113 utpote
3607 1042 3704 1113 qui

466 1155 533 1196 ex
574 1139 668 1193 illo
696 1145 958 1206 tanquam
990 1151 1058 1189 ex
1103 1133 1260 1188 Patre
1304 1134 1520 1204 genitus
1571 1140 1676 1196 est,
1716 1133 2028 1204 unigenitus
2061 1141 2114 1188 et
2144 1134 2377 1189 dilectus
2405 1133 2586 1189 Patris
2620 1135 2817 1190 merito
2841 1134 3060 1189 dicitur.
3117 1133 3200 1189 Ob
3255 1137 3503 1190 eamdem
3540 1137 3706 1192 etiam

467 1245 691 1286 causam
714 1227 857 1282 Deus
892 1226 1008 1295 ipse
1031 1235 1135 1282 est.
1175 1224 1310 1291 Quis
1339 1225 1484 1279 enim
1521 1225 1664 1278 alius
1694 1223 1788 1278 Dei
1816 1223 1958 1280 fetus
1991 1240 2114 1280 esse
2141 1226 2333 1294 possit,
2367 1239 2529 1295 quam
2557 1226 2635 1280 illi
2674 1227 2778 1296 ipsi
2815 1242 2910 1297 per
2931 1226 3115 1280 omnia
3146 1227 3490 1283 simillimus?
3506 1229 3706 1285 Condit

467 1319 682 1389 quidem
711 1319 900 1374 urbem
934 1319 1250 1388 imperator,
1287 1316 1381 1372 sed
1404 1330 1522 1371 eam
1550 1331 1661 1371 non
1689 1315 1862 1387 gignit
1889 1335 1901 1371 :
1939 1315 2109 1370 ﬁlium
2142 1326 2321 1371 autem
2355 1318 2573 1389 gignere
2588 1317 2810 1382 dicitur,
2837 1335 2947 1373 non
2977 1320 3231 1373 condere.
3268 1318 3476 1375 Artifex
3501 1331 3704 1387 autem,

468 1416 621 1472 faber
656 1415 858 1470 dicitur
884 1413 1004 1483 ejus
1029 1414 1171 1484 quod
1203 1413 1500 1468 fabricatus
1532 1418 1639 1474 est,
1667 1426 1775 1466 non
1817 1420 1988 1482 pater.
2033 1409 2156 1466 Filii
2188 1428 2317 1468 vero
2365 1414 2450 1467 sui
2500 1428 2844 1483 nequaquam
2900 1413 3055 1468 faber
3100 1414 3319 1468 dicitur.
3374 1414 3448 1468 lta
3485 1433 3705 1487 quoque

467 1522 714 1561 summus
741 1507 904 1576 hujus
940 1507 1180 1562 universi
1215 1507 1379 1566 Deus.
1417 1503 1539 1559 Filii
1569 1505 1788 1575 quidem
1819 1507 1902 1559 sui
1931 1513 2105 1576 pater,
2145 1505 2333 1560 mundi
2363 1520 2493 1560 vero
2518 1505 2667 1561 faber
2697 1513 2752 1561 et
2783 1506 3036 1560 conditor
3070 1509 3263 1561 merito
3292 1507 3513 1563 dicitur.
3549 1509 3706 1577 Quod

467 1600 516 1656 si
551 1600 717 1655 semel
746 1599 798 1654 in
828 1598 1124 1670 Scripturis
1152 1598 1458 1653 inveniatur
1487 1597 1714 1661 dictum,
1741 1597 1996 1652 Dominus
2035 1600 2228 1653 creavit
2245 1616 2324 1653 me
2348 1601 2559 1653 initium
2581 1602 2785 1654 viarum
2810 1618 3028 1655 suarum
3053 1600 3122 1654 ad
3151 1618 3307 1672 opera
3335 1619 3454 1666 sua,
3479 1617 3703 1658 sensum

467 1692 647 1762 ipsum
679 1693 969 1746 verborum
1008 1690 1277 1760 inSpicere
1323 1691 1610 1753 debemus,
1646 1704 1806 1760 quem
1839 1691 2000 1758 paulo
2034 1700 2156 1760 post
2210 1707 2518 1761 exponam:
2555 1707 2676 1757 nec,
2720 1700 2777 1746 ut
2825 1693 3113 1748 Marcellus
3158 1693 3311 1759 facit,
3361 1695 3431 1749 ob
3480 1694 3702 1748 unicum

471 1785 865 1849 testimonium,
898 1784 1230 1855 praecipuum
1274 1781 1535 1838 Ecclesia:
1562 1781 1759 1852 dogma
1802 1783 2128 1840 convellere.
2173 1802 2192 1836 ι
2227 1778 2353 1839 Haec
2385 1793 2439 1838 et
2471 1785 2574 1838 alia
2608 1786 2842 1854 plurima
2875 1786 2944 1841 ab
2984 1785 3221 1840 Eusebio
3253 1787 3522 1857 Pamphili
3555 1788 3703 1843 dicta

467 1888 597 1935 sunt
635 1879 689 1932 in
717 1879 856 1933 libro
889 1879 1132 1932 adversus
1162 1876 1501 1932 Marcellum.
1541 1876 1602 1929 In
1636 1875 1802 1932 tertio
1831 1883 2010 1929 autem
2042 1876 2284 1947 ejusdem
2310 1878 2491 1946 operis
2516 1878 2676 1942 libro,
2706 1877 2908 1933 docens
2941 1878 3215 1948 quomodo
3249 1879 3598 1949 intelligenda
3632 1880 3706 1934 sit

471 1973 589 2026 hate
617 1987 715 2025 vox
749 1970 973 2040 κτίσμα,
1007 1970 1078 2022 ita
1112 1969 1351 2041 loquitur
1384 1987 1396 2022 :
1434 1985 1452 2018 ι
1491 1965 1589 2020 liis
1624 1968 1697 2019 ita
1730 1967 2066 2031 constitutis,
2100 1983 2443 2038 consequens
2474 1978 2580 2033 est,
2613 1978 2693 2035 ut,
2725 1968 3182 2040 quemadmodum
3210 1970 3302 2025 illa
3331 1987 3450 2041 quae
3471 1988 3706 2042 praeces.

474 2071 686 2126 serunt,
720 2063 801 2116 sic
851 2062 1015 2116 etiam
1064 2062 1178 2114 haec
1206 2061 1370 2114 verba
1405 2078 1417 2112 :
1454 2058 1712 2112 Dominus
1765 2057 2002 2112 condidit
2036 2076 2114 2112 me
2158 2061 2367 2112 initium
2420 2061 2623 2114 viarum
2672 2078 2892 2116 suarum
2926 2061 2994 2114 ad
3026 2077 3180 2130 opera
3221 2080 3321 2117 sua
3351 2066 3394 2128 ί,
3423 2063 3489 2119 de
3517 2065 3706 2120 eadem

469 2173 704 2232 persona
739 2159 886 2213 dicta
920 2158 1047 2212 sint.
1086 2153 1241 2221 Quod
1268 2154 1315 2207 si
1349 2160 1593 2207 creatum
1617 2166 1675 2206 se
1715 2167 1836 2206 esse
1862 2151 2018 2216 dicit,
2055 2167 2162 2206 non
2211 2153 2286 2206 ita
2322 2153 2699 2224 accipiendum
2733 2163 2837 2219 est,
2865 2155 3020 2224 quasi
3075 2155 3241 2223 dicat,
3274 2173 3332 2213 se
3371 2156 3438 2212 de
3463 2174 3570 2212 non
3606 2174 3706 2213 ex-

470 2256 742 2314 stantibus
772 2254 838 2308 ad
858 2252 908 2307 id
942 2250 1086 2321 quod
1120 2255 1202 2304 est
1224 2248 1556 2317 pervenisse,
1590 2257 1644 2301 et
1671 2245 1899 2315 perinde
1932 2261 1996 2300 ac
2030 2247 2269 2316 reliquas
2299 2257 2581 2304 creaturas
2609 2264 2676 2304 ex
2709 2250 2884 2303 nihilo
2909 2249 3191 2305 conditus.
3223 2265 3365 2316 esse,
3401 2253 3543 2307 sicut
3569 2268 3707 2306 non-
3743 2256 3753 2264 '

469 2351 605 2409 nulli
630 2363 910 2421 perperam
943 2345 1344 2401 existimarunt.
1375 2339 1482 2395 Sed
1515 2340 1566 2394 id
1597 2339 1746 2405 dicit,
1779 2347 1966 2410 utpote
1989 2342 2081 2410 qui
2121 2341 2384 2397 subsistat
2422 2357 2485 2396 ac
2518 2343 2858 2413 praeexsistat
2883 2353 3007 2400 ante
3054 2346 3497 2402 constitutionem
3538 2347 3706 2402 totius

469 2443 690 2510 mundi;
732 2455 762 2494 a
797 2440 953 2494 Patre
974 2444 1153 2492 autem
1176 2451 1275 2492 suo
1313 2449 1378 2489 ac
1400 2431 1631 2486 Domino
1661 2430 1924 2501 Princeps
1947 2447 2011 2486 ac
2035 2431 2234 2487 Rector
2265 2433 2428 2502 hujus
2462 2435 2703 2490 universi
2734 2438 3068 2493 constitutus
3093 2438 3165 2493 sit
3191 2456 3204 2492 :
3235 2437 3371 2491 adeo
3401 2444 3461 2491 ut
3484 2439 3706 2494 verbum

471 2537 577 2593 hoc
613 2537 846 2597 ἔκτισεν,
873 2531 1111 2602 positum
1149 2531 1220 2586 sit
1242 2529 1346 2583 hoc
1368 2528 1491 2580 loco
1525 2539 1624 2594 pro
1655 2523 1952 2578 constituit.
1979 2523 2140 2578 Certe
2171 2525 2451 2594 apostolus
2479 2525 2698 2592 Petrus,
2741 2529 3020 2599 principes
3051 2537 3108 2584 et
3130 2538 3372 2586 rectores
3402 2531 3496 2600 qui
3526 2531 3707 2586 homi-

468 2633 632 2688 nibus
652 2634 910 2699 prtesunt,
946 2624 1150 2679 diserte
1176 2629 1486 2676 creaturam
1517 2618 1772 2687 appellat,
1817 2617 1903 2672 his
1949 2616 2176 2672 verbis:
2211 2615 2447 2686 Subjecti
2496 2629 2661 2674 estote
2713 2624 2857 2676 omni
2901 2623 3146 2677 humanm
3195 2633 3454 2678 creatura:
3498 2634 3710 2693 propter

466 2727 778 2783 Dominum.
805 2721 909 2775 sive
932 2719 1040 2788 regi
1071 2717 1224 2787 quasi
1246 2713 1585 2785 prwceilcnti,
1613 2712 1718 2765 sive
1761 2710 2050 2765 rectoribus
2081 2721 2327 2781 tanquam
2354 2713 2417 2765 ab
2447 2711 2542 2765 illo
2568 2713 2742 2767 missis
2763 2717 2808 2769 ¹.
2840 2713 3109 2785 Propheta
3141 2731 3358 2786 quoque
3380 2731 3500 2770 cum
3525 2715 3658 2769 dicit
3690 2733 3704 2768 :

467 2822 732 2891 Prazpara
761 2827 830 2880 te,
865 2814 1060 2876 Israel,
1093 2810 1159 2864 ad
1187 2807 1536 2865 invocantium
1567 2805 1735 2861 Deum
1773 2814 1940 2870 tuum,
1967 2806 2215 2875 quoniam
2241 2821 2355 2860 ecce
2376 2808 2464 2872 qui
2499 2807 2681 2877 ﬁrmat
2739 2811 2959 2876 tonitru,
3019 2818 3070 2862 et
3122 2811 3212 2880 qui
3255 2819 3396 2864 creat
3427 2809 3706 2879 Spiritum,

467 2914 558 2988 qui
611 2909 894 2966 annuntiat
941 2902 1236 2957 hominibus
1275 2899 1545 2956 Christum
1577 2915 1728 2953 suum
1753 2899 1795 2964 ³;
1829 2897 1932 2951 hoc
1975 2898 2197 2952 verbum
2228 2896 2449 2963 κτίζων,
2474 2914 2583 2953 non
2611 2901 2820 2970 accepit
2845 2915 2944 2970 pro
2973 2916 3040 2956 eo
3058 2901 3202 2972 quod
3239 2902 3442 2956 factum
3472 2911 3556 2958 est
3580 2918 3708 2957 cum

470 3015 632 3065 antea
661 3019 772 3059 non
801 3008 965 3056 esset.
997 2995 1183 3066 Neque
1215 2994 1360 3050 enim
1383 3005 1512 3048 tunc
1547 2993 1691 3049 Deus
1725 2992 1933 3047 creavit
1983 2990 2268 3062 Spiritum,
2301 3007 2426 3046 cum
2457 2992 2736 3049 Christum
2766 3010 2925 3050 suum
2961 3011 3058 3066 per
3092 2997 3244 3051 illum
3279 2998 3494 3051 cunctis
3523 2999 3702 3052 homi-

454 3091 636 3156 'nibus
689 3090 1052 3149 annuntiavit.
1110 3087 1254 3140 Nihil
1285 3085 1484 3156 quippe
1530 3085 1633 3139 sub
1677 3085 1792 3138 sole
1828 3098 2028 3136 novum
2079 3091 2182 3138 est.
2219 3081 2324 3138 Sed
2359 3091 2475 3137 erat
2503 3085 2719 3153 quidem
2766 3093 2926 3140 antea
2974 3084 3211 3155 Spiritus
3243 3095 3296 3142 et
3326 3088 3658 3144 subsistebat
3689 3103 3707 3142 :

469 3193 668 3249 Missus
696 3200 772 3246 est
797 3196 973 3242 autem
1003 3195 1122 3236 tunc
1167 3198 1283 3236 cum
1314 3181 1539 3249 apostoli
1560 3179 1858 3249 congregati
1884 3186 2076 3244 essent,
2112 3177 2322 3247 quando
2357 3195 2516 3233 sonus
2549 3181 2720 3234 instar
2749 3181 2968 3234 tonitrui
3007 3181 3179 3250 facins
3216 3191 3294 3237 est
3333 3182 3396 3236 de
3428 3182 3554 3236 coelo
3587 3191 3708 3235 tan-

467 3301 624 3357 quam
653 3279 948 3352 ingruentis
982 3273 1215 3343 Spiritus
1266 3272 1575 3326 vehementis
1603 3287 1619 3324 :
1643 3283 1692 3325 et
1716 3272 1900 3341 repleti
1943 3281 2064 3324 sunt
2098 3268 2300 3338 Spiritu
2333 3279 2538 3324 sancto.
2575 3270 2752 3340 Atque
2803 3271 2877 3324 ita
2923 3271 3204 3328 Christum
3257 3272 3351 3328 Dei
3393 3274 3707 3329 hominibus

466 3377 854 3448 praedicarunt,
883 3371 1037 3441 juxta
1070 3365 1408 3437 prophetiam
1440 3378 1560 3434 quae
1589 3364 1722 3418 dicit
1756 3385 1768 3418 :
1805 3364 1939 3418 Ecce
1957 3365 2003 3417 is
2023 3365 2110 3434 qui
2133 3365 2310 3433 ﬁrmat
2339 3365 2538 3416 tonitru
2564 3373 2614 3417 et
2645 3365 2735 3435 qui
2763 3375 2908 3419 creat
2934 3366 3281 3434 Spiritum,et
3303 3370 3393 3440 qui
3423 3375 3706 3428 annuntiat

467 3465 765 3520 hominibus
795 3462 1066 3519 Christum
1092 3477 1265 3514 suum.
1303 3457 1406 3512 Ubi
1433 3458 1758 3512 vocabulum
1788 3458 1920 3512 illud
1963 3474 2148 3511 creans
2176 3458 2415 3527 positum
2449 3467 2534 3513 est
2560 3473 2660 3528 pro
2699 3460 2932 3525 mittens,
2962 3462 3047 3516 vel
3094 3478 3192 3532 pro
3235 3463 3512 3532 disponens
3553 3475 3707 3536 atque

468 3563 810 3617 constituens.
850 3557 1078 3613 Touitru
1120 3571 1250 3611 vero
1299 3554 1551 3609 similiter
1582 3551 1862 3623 Evangelii
1895 3553 2338 3623 praedicationem
2390 3553 2682 3623 significat.
2740 3553 2910 3610 David
2960 3571 3179 3626 quoque
3232 3572 3356 3611 cum
3386 3557 3520 3612 dicit
3554 3578 3567 3613 :
3599 3558 3708 3614 Cor

469 3651 724 3708 mundum
750 3665 870 3704 crea
895 3650 947 3702 in
978 3663 1077 3710 me,
1113 3645 1253 3699 Deus
1275 3645 1318 3713 ‘,
1342 3660 1452 3698 non
1491 3644 1596 3698 hoc
1620 3643 1758 3698 dixit
1785 3643 1942 3713 quasi
1973 3657 2069 3696 cor
2103 3653 2258 3697 antea
2287 3659 2397 3698 non
2428 3644 2650 3701 haberet
2680 3665 2694 3700 :
2727 3647 2822 3702 sed
2861 3646 3053 3701 orabat
3081 3654 3139 3700 ut
3169 3663 3324 3703 mens
3358 3664 3493 3718 pura
3519 3650 3574 3704 in
3615 3667 3706 3706 se-

468 3750 590 3818 ipso
620 3744 994 3817 perﬁceretur.
1028 3742 1228 3795 Eadem
1255 3739 1468 3794 ratione
1491 3737 1696 3791 dictum
1729 3748 1812 3791 est
1836 3736 1990 3796 illud,
2013 3745 2070 3789 ut
2100 3735 2231 3790 duos
2262 3739 2315 3791 in
2342 3755 2504 3791 unum
2532 3755 2718 3792 novum
2739 3739 3004 3794 hominem
3028 3749 3251 3807 crearet,
3282 3740 3336 3796 id
3369 3750 3452 3796 est
3477 3743 3708 3812 conjun-

468 3845 641 3909 geret.
667 3836 801 3890 Vide
824 3845 1004 3888 autem
1033 3848 1214 3888 annon
1245 3831 1488 3900 ejusdem
1524 3829 1740 3900 generis
1770 3830 1841 3884 sit
1864 3835 1919 3883 et
1947 3829 2083 3882 illud
2115 3848 2127 3882 :
2163 3828 2470 3883 Induamini
2494 3847 2682 3884 novum
2704 3831 2963 3885 hominem
3003 3833 3090 3901 qui
3125 3842 3202 3886 est
3234 3833 3517 3887 secundum
3540 3834 3707 3888 Deum

469 3933 736 3989 creatus“.
765 3930 895 3984 Item
930 3928 1094 3983 illud:
1131 3927 1190 3981 Si
1220 3941 1323 3996 qua
1346 3925 1508 3993 igitur
1533 3924 1587 3976 in
1617 3920 1829 3976 Christo
1856 3938 1988 3976 nova
2014 3934 2296 3987 creatura;
2318 3930 2372 3976 et
2403 3939 2738 3994 quaecunque
2773 3925 2878 3978 alia
2923 3924 3191 3992 ejusmodi
3223 3927 3449 3996 reperiri
3476 3936 3706 3996 possunt

470 4025 541 4080 ab
570 4025 638 4079 iis
661 4024 755 4094 qui
795 4022 1107 4092 Scriptures
1141 4019 1404 4074 divinitus
1435 4018 1732 4089 inspiratus
1762 4016 1981 4072 curiose
2026 4026 2364 4073 scrutantur.
2396 4018 2472 4073 Ne
2519 4019 2734 4074 mireris
2771 4035 2900 4090 ergo
2933 4021 2979 4074 si
3014 4019 3068 4073 in
3109 4020 3214 4074 hoc
3255 4020 3398 4087 loco,
3445 4022 3702 4077 Dominus

467 4117 666 4174 creavit
691 4132 771 4169 me
795 4116 1006 4169 initium
1027 4114 1241 4166 viarum
1264 4127 1506 4170 suarum,
1539 4110 1766 4164 verbum
1799 4109 1993 4163 creavit
2023 4109 2344 4164 translative
2375 4109 2613 4180 positum
2642 4122 2727 4166 est
2754 4126 2853 4180 pro
2883 4113 3155 4165 constituit
3185 4121 3240 4166 et
3272 4123 3530 4166 rectorem
3559 4113 3706 4166 ordi-

470 4207 794 4263 navit.tHa3c
820 4205 1086 4261 Eusebius
1115 4204 1307 4259 scribit
1340 4204 1394 4256 in
1428 4200 1584 4255 libris
1612 4211 1796 4255 contra
1827 4199 2165 4255 Marcellum.
2209 4199 2340 4266 Qua:
2387 4217 2488 4256 nos
2541 4202 2630 4256 hic
2679 4201 3007 4258 adduximus
3052 4210 3274 4272 propter
3299 4219 3392 4259 eos
3424 4204 3516 4273 qui
3551 4204 3702 4258 illum

472 4303 677 4359 frustra
706 4300 987 4356 criminari
1017 4311 1071 4352 et
1100 4295 1388 4351 traducere
1420 4304 1713 4349 conantur.
1743 4292 1930 4364 Neque
1970 4295 2113 4350 enim
2145 4296 2378 4365 probare
2407 4305 2658 4365 possunt,
2699 4295 2996 4351 Eusebium
3028 4297 3244 4351 initium
3279 4299 3532 4354 essentize
3564 4299 3705 4354 Filio

470 4395 756 4458 tribuisse,
781 4394 995 4448 tametsi
1023 4389 1448 4460 dispensationis
1475 4387 1759 4443 vocabulis
1795 4388 1996 4457 passim
2033 4389 2087 4442 in
2125 4389 2280 4442 libris
2312 4389 2427 4443 suis
2451 4397 2636 4442 utatur
2669 4407 2683 4442 :
2719 4391 3018 4458 praesertim
3060 4403 3184 4442 cum
3216 4391 3542 4460 scriptorum
3573 4390 3699 4445 Ori-

467 4489 627 4560 genis
649 4487 890 4543 imitator
920 4493 974 4538 et
1005 4483 1304 4537 admirator
1324 4480 1617 4544 exstiterit,
1654 4480 1709 4534 in
1748 4481 1947 4550 quibus
1983 4479 2177 4534 Filium
2224 4495 2291 4534 ex
2342 4479 2503 4534 Patre
2535 4481 2775 4550 genitum
2810 4497 3025 4552 semper
3081 4481 3369 4551 praedicari
3413 4483 3705 4550 reperient,

463 4577 778 4650 quicunque
817 4576 1148 4650 reconditam
1197 4577 1448 4650 Origenis
1487 4579 1791 4636 doctrinam
1827 4577 2176 4644 int-~lligentia
2213 4576 2431 4647 assequi
2470 4585 2722 4648 possunt.
2755 4575 2931 4646 Atque
2961 4574 3078 4629 haec
3104 4573 3279 4630 obiter
3308 4573 3451 4629 dicta
3485 4573 3614 4639 sint,
3647 4579 3711 4630 ut

465 4646 700 4702 Eusebii
719 4648 1174 4702 obtrectatoribus
1205 4646 1586 4720 respondeam.

1443 4761 1762 4817 Sozomentts
1788 4763 1840 4816 in
1868 4760 2000 4816 libro
2034 4777 2052 4816 ι
2081 4761 2333 4822 Historiae
2359 4765 2766 4822 ecclesiasticae.

550 4867 727 4937 Atque
766 4865 984 4919 animus
1029 4860 1245 4932 quidem
1293 4864 1432 4920 erat,
1481 4857 1585 4910 hoc
1621 4873 1759 4927 opus
1801 4857 1868 4910 ab
1923 4856 2042 4925 ipso
2072 4871 2119 4927 Α

2107 4904 2119 4927 ι
2225 4860 2498 4932 Ὠρμήθην
2528 4860 2586 4913 δὲ
2624 4860 2684 4914 τὸ
2733 4860 2984 4933 ὰπαρχῆς
3027 4859 3228 4930 ταύτην
3264 4857 3572 4929 συγγράψαι
3613 4858 3714 4927 τὴν

474 4962 806 5017 Christiana:
839 4956 1118 5029 religionis
1151 4951 1374 5008 exordio
1426 4958 1690 5020 repetere.
1751 4949 1862 5004 Sed
1914 4964 2040 5003 cum

2148 4953 2524 5024 πραγματείαν
2549 4971 2562 4984 ·
2607 4953 2955 5024 λογισάμενος
2988 4952 3044 5005 δὲ
3088 4952 3162 5014 ὡς
3207 4951 3299 5004 καὶ
3332 4950 3480 5004 ἄλλοι
3513 4949 3715 5022 ταύτης

482 5055 968 5111 animadverterent
1019 5049 1158 5103 alios
1195 5045 1514 5116 scriptores,
1545 5043 1878 5098 Clementem
1918 5041 2042 5095 dico

2149 5047 2514 5118 ἐπειράθησαν
2551 5047 2710 5117 μέχρι
2731 5047 2838 5099 τῶν
2866 5047 2984 5099 κατ’
3013 5045 3206 5108 αὐτοὺς
3231 5043 3455 5114 χρόνων,
3485 5043 3715 5114 Κλήμης

477 5153 535 5199 et
562 5142 948 5212 Hegesippum,
985 5140 1131 5192 viros
1165 5133 1619 5206 sapientissimos,
1652 5131 1745 5202 qui
1770 5131 2046 5200 apostolo-

2147 5159 2206 5194 τε
2233 5143 2327 5194 καὶ
2373 5141 2727 5210 Ἡγήσιππος,
2771 5139 2960 5210 ἄνδρες
3003 5137 3316 5205 σοφώτατοι,
3357 5139 3420 5206 τῇ
3450 5136 3557 5188 τῶν
3586 5137 3718 5189 ἀπο-

476 5251 600 5290 rum
631 5232 968 5302 temporibus
1001 5229 1246 5300 proxime
1288 5231 1695 5284 successerunt,
1727 5222 2043 5276 Africanum

2154 5234 2349 5287 στόλων
2380 5233 2590 5304 διαδοχῇ
2633 5232 3219 5304 παρακολουθήσαντες,
3271 5230 3363 5282 καὶ
3399 5229 3718 5302 Ἀφρικανὸς

459 5334 742 5383 praeterea
795 5323 1150 5382 historicum,
1207 5327 1261 5374 et
1311 5318 1636 5379 Eusebium,
1683 5320 2045 5385 cognomento

2149 5329 2177 5380 ὸ
2218 5326 2583 5396 συγγραφεὺς,
2634 5324 2729 5377 καὶ
2777 5324 3031 5387 Εὐσέϐιος
3076 5325 3103 5376 ὁ
3143 5321 3368 5392 ἐπίκλην
3410 5321 3715 5392 Παμφίλου,

475 5415 818 5487 Pamphilum
849 5414 1047 5485 (virum
1087 5421 1198 5466 tum
1239 5412 1291 5464 in
1338 5409 1510 5466 sacris
1564 5405 1780 5470 litteris,
1831 5414 1942 5458 tum
1988 5404 2043 5458 in

2151 5417 2290 5488 ἀνὴρ
2321 5416 2428 5468 τῶν
2465 5414 2622 5468 θείων
2648 5415 2877 5484 Γραφῶν
2903 5416 2997 5467 καὶ
3026 5413 3132 5467 τῶν
3159 5415 3286 5484 παρ’
3316 5413 3541 5484 Ἕλλησι
3571 5428 3718 5484 nom-

473 5488 652 5568 :toetis
687 5507 918 5576 aliisque
958 5504 1319 5576 scriptoribus
1371 5501 1664 5572 gentilibus
1702 5495 2045 5554 exercitatis-

1892 5495 2045 5551 ιϐῑίδ·
2150 5509 2256 5560 τῶν
2282 5507 2376 5560 καὶ
2407 5506 2761 5578 συγγραφέων
2804 5506 3274 5576 πολυμαθέστατος
3313 5506 3499 5576 ἴστωρ.

477 5600 723 5669 simum),
757 5599 897 5654 idem
923 5599 1106 5668 ipsum
1139 5596 1207 5650 ad
1232 5611 1330 5651 sua
1365 5595 1607 5665 ipsorum
1632 5601 1874 5662 tempora
1904 5589 2042 5645 scri-

476 5695 605 5752 bere
631 5708 938 5765 aggressos,
961 5698 1067 5746 etc.

548 5810 568 5844 ‘
596 5809 754 5867 Prov.
794 5809 1021 5892 “9,22.
1098 5813 1116 5843 ²
1151 5808 1181 5865 1
1222 5808 1367 5865 Petr.
1413 5824 1472 5873 ll,
1516 5807 1597 5862 Η.
1644 5807 1696 5886 ,⁸³
1724 5805 1884 5858 Amos
1931 5820 2004 5869 tv,
2046 5801 2128 5857 i5.
2259 5799 2408 5854 Psa’l.
2441 5815 2492 5865 L,
2529 5792 2648 5853 1‘2.~
2691 5797 2711 5827 ⁸
2749 5793 2940 5864 Ephes.
2978 5810 3051 5860 tv,
3080 5791 3194 5861 91.-
