4070 6392
342 422 411 478 77
1305 419 1649 478 VETERUM
1687 419 2111 478 TESTIMONIA
2148 421 2285 477 PRO
2318 421 2642 483 EUSEBIO.
3521 423 3588 479 78

1513 539 1780 597 Victorias
1807 543 1860 596 in
1885 540 2111 599 Canone
2145 542 2419 599 Paschali.

407 631 718 691 Recensitis
738 635 904 707 igitur
933 635 1184 692 ﬁdelibus
1205 633 1455 691 historiis
1476 645 1743 700 veterum,
1767 635 1915 691 beati
1936 635 2145 692 scilicet
2168 635 2386 693 Eusebii
2409 635 2765 693 Caesariensis
2789 634 3090 691 Palaestina
3109 633 3347 691 civitatis
3373 633 3587 704 cpisco-

345 730 416 799 pi,
443 729 545 784 viri
578 730 634 784 in
668 730 862 799 primis
915 729 1275 786 eruditissimi
1334 740 1496 801 atque
1559 730 1887 796 doctissimi,
1934 731 2208 788 Chronicis
2256 733 2624 804 prologoque;
2674 747 2738 788 ac
2768 731 2993 804 perinde
3037 732 3123 787 his
3155 745 3278 803 qua:
3321 745 3354 785 a
3386 738 3588 786 sanctae

341 821 618 877 memoriae
649 821 982 895 Hieronymo
1010 822 1222 879 hisdem
1251 822 1529 878 Chronicis
1554 831 1683 880 sunt
1709 822 1941 892 adjecta.

345 935 700 1008 Hieronymus
741 938 795 992 in
821 935 1068 1007 Epistola
1097 935 1166 992 ad
1195 934 1564 992 Chromatium
1587 935 2040 1019 etlleli'otiorum,
2079 936 2526 1017 qutz_prteﬁgitur
2559 935 2944 1008 Martyrologio
2975 936 3114 1008 quod
3157 938 3224 994 Β.
3275 935 3589 1008 Hieronymi

1439 1034 1442 1037 '
1630 1017 1940 1075 inscriptum
1965 1018 2042 1060 881
2072 1023 2298 1062 nomine.

413 1123 644 1181 Constat
674 1123 962 1180 Dominum
991 1131 1240 1180 nostrum
1286 1123 1475 1180 Jesum
1513 1124 1794 1180 Christum
1823 1124 1970 1180 omni
2005 1125 2094 1180 die
2125 1131 2428 1196 martyrum
2461 1139 2687 1180 suorum
2715 1124 3023 1195 triumphos
3050 1127 3325 1195 excipere,
3352 1138 3588 1196 quorum

343 1218 629 1288 passiones
654 1233 684 1272 a
719 1225 914 1274 sancto
944 1217 1181 1274 Eusebio
1206 1216 1534 1274 Caesariensi
1557 1217 1818 1290 episcopo
1859 1219 2094 1289 scriptas
2136 1219 2460 1288 reperimus.
2501 1218 2636 1273 Nam
2680 1218 3078 1275 Constantinus
3129 1220 3428 1291 Augustus,
3461 1230 3588 1272 cum

344 1312 649 1368 Caesaream
678 1310 874 1367 fuisset
911 1311 1214 1382 ingressus,
1247 1318 1302 1364 et
1323 1310 1532 1365 diceret
1552 1318 1854 1365 memorato
1877 1309 2129 1376 antistiti,
2161 1319 2221 1364 ut
2242 1317 2450 1380 peteret
2472 1309 2654 1379 aliqua
2681 1309 2941 1365 beneﬁcia
2975 1309 3300 1366 Casariensi
3332 1307 3588 1366 Ecclesiae

353 1403 661 1478 profutura,
702 1403 902 1474 legitur
929 1402 1283 1474 respondisse
1307 1401 1602 1457 Eusebium
1639 1418 1652 1453 :
1686 1401 1894 1473 Opibus
1928 1403 2045 1457 suis
2073 1401 2378 1457 Ecclesiam
2401 1401 2650 1467 dilatam,
2683 1401 2832 1456 nul-la
2853 1402 3070 1472 petendi
3100 1402 3361 1458 beneﬁcia
3390 1415 3585 1460 neces-

346 1503 508 1559 sitate
538 1499 829 1568 compelli:
869 1497 974 1553 sibi
1005 1504 1187 1552 tamen
1205 1496 1538 1552 desiderium
1571 1497 1851 1553 immobile
1871 1495 2168 1561 exstitisse,
2202 1503 2261 1550 ut
2293 1495 2558 1567 quidquid
2587 1495 2642 1549 in
2676 1496 2952 1567 republica
2983 1493 3228 1551 Romana
3269 1503 3480 1567 gestum
3514 1496 3588 1553 sit

344 1603 471 1662 erga
501 1602 722 1649 sanctos
749 1590 846 1646 Dei
875 1605 974 1662 per
1014 1589 1230 1661 judices
1260 1590 1542 1660 judicibus
1571 1589 1928 1646 succedentes
1965 1588 2020 1643 in
2051 1588 2309 1644 universo
2351 1588 2484 1643 orbe
2527 1585 2796 1650 Romano,
2855 1587 3090 1645 sollicita
3141 1589 3581 1658 perscrutatione

344 1690 696 1738 monumenta
729 1683 948 1754 publica
979 1681 1324 1738 discutiendo
1355 1681 1766 1752 perquirerent;
1798 1688 1852 1735 et
1889 1679 1984 1750 qui
2038 1689 2337 1750 martyrum
2366 1693 2398 1733 a
2436 1693 2546 1750 quo
2567 1678 2772 1750 judice,
2798 1680 2853 1735 in
2883 1694 2992 1751 qua
3037 1681 3317 1752 provincia
3337 1682 3421 1737 vel
3450 1683 3589 1738 civi-

341 1781 478 1838 tate,
503 1790 609 1846 qua
639 1775 728 1831 die
751 1789 926 1845 quave
952 1773 1380 1845 perseverantia,
1411 1771 1682 1843 passionis
1725 1786 1838 1827 suae
1870 1771 2209 1826 obtinuerint
2233 1771 2492 1840 palmam,
2526 1771 2594 1828 de
2621 1772 2757 1844 ipsis
2783 1773 3021 1829 archivis
3053 1773 3289 1837 sublata,
3328 1774 3431 1845 ipsi
3474 1774 3588 1830 Eu-

342 1865 502 1920 sebio
535 1867 686 1937 regio
705 1865 866 1935 jussu
897 1866 1218 1937 dirigerent.
1248 1863 1407 1920 Unde
1454 1864 1660 1919 factum
1689 1871 1796 1930 est,
1823 1871 1883 1918 ut
1926 1860 2158 1918 idoneus
2192 1862 2396 1918 relator
2423 1863 2716 1930 exsislens,
2740 1876 2792 1921 et
2821 1864 3254 1921 Ecclesiasticam
3279 1867 3583 1924 Historiam

341 1964 582 2021 texeret,
605 1965 658 2012 et
687 1957 931 2013 omnium
969 1972 1107 2028 pene
1146 1963 1450 2029 martyrum
1492 1955 1901 2026 provinciarum
1937 1953 2183 2008 omnium
2215 1954 2584 2013 Romanarum
2614 1964 2814 2028 tropma
2841 1957 3074 2027 diligens
3107 1957 3585 2031 historiographus

344 2049 672 2106 declararet.

1300 2116 1542 2172 Celasius
1566 2133 1706 2186 papa
1732 2117 1786 2170 in
1805 2114 2011 2170 decreto
2041 2113 2105 2168 de
2144 2115 2292 2170 libris
2317 2117 2649 2187 apocryphis.

413 2235 549 2292 Item
583 2235 846 2293 Chronica
878 2233 1099 2292 Eusebii
1121 2232 1500 2298 Caesariensis,
1531 2238 1586 2286 et
1611 2229 1858 2300 ejusdem
1897 2227 2286 2283 Ecclesiastica:
2309 2227 2544 2283 historia:
2566 2229 2734 2286 libros
2753 2274 2768 2299 ,
2811 2230 3062 2300 quamvis
3081 2231 3137 2286 in
3183 2231 3361 2303 primo
3391 2244 3583 2289 narra-

337 2330 512 2386 tionis
544 2344 656 2385 sute
685 2328 824 2384 libro
850 2330 1106 2400 tepuerit,
1136 2336 1192 2383 et
1219 2333 1410 2398 postea
1443 2325 1499 2378 in
1533 2323 1790 2379 laudibus
1819 2329 1985 2393 atque
2017 2322 2370 2378 excusatione
2389 2319 2639 2392 Origenis
2672 2321 3012 2378 schismatici
3035 2339 3204 2378 unum
3235 2325 3582 2398 conscripse-

337 2421 416 2474 rit
449 2420 674 2482 lihrum,
698 2425 920 2489 propter
946 2432 1130 2473 rerum
1164 2423 1346 2471 tamen
1365 2414 1616 2471 notitiam
1641 2413 1996 2484 singularem,
2027 2427 2147 2482 quae
2179 2412 2247 2466 ad
2280 2412 2696 2469 instructionem
2724 2413 3017 2484 pertinent,
3049 2431 3441 2490 usquequaque
3471 2438 3584 2479 non

338 2512 580 2568 dicimus
615 2508 943 2566 renuendos.

1451 2595 1603 2650 Idem
1635 2596 1692 2648 in
1713 2593 1851 2648 libro
1878 2592 1954 2649 De
1983 2592 2197 2649 duabus
2231 2596 2464 2652 naturis.

413 2717 491 2775 Ut
510 2717 745 2788 idipsum
779 2715 1024 2770 dicentes
1048 2728 1158 2770 uno
1180 2713 1366 2778 corde,
1409 2725 1630 2783 unoque
1655 2724 1771 2774 ore,
1803 2715 1860 2765 et
1901 2707 2191 2764 credamus
2219 2707 2365 2778 quod
2395 2724 2426 2763 a
2452 2709 2751 2780 majoribus
2788 2713 2994 2769 nostris
3039 2715 3367 2787 accepimus,
3399 2727 3454 2774 et
3485 2720 3584 2777 do-

339 2816 515 2868 nante
536 2809 768 2863 Domino
791 2806 1076 2862 tradamus
1108 2806 1343 2878 posteris
1377 2803 1769 2865 conﬁtendum,
1799 2816 1923 2856 eum
1961 2801 2163 2872 quibus
2197 2802 2403 2858 unitam
2430 2802 2591 2859 ﬁdem
2624 2803 2736 2860 Deo
2756 2803 2991 2877 prepitio
3019 2808 3314 2878 perdurare
3342 2811 3584 2870 Catholi-

336 2915 539 2960 eorum
568 2898 815 2970 subjecta
842 2898 1150 2953 testimonia
1180 2897 1566 2968 magistrorum
1586 2895 1856 2952 recensita
1878 2900 2170 2949 testantur.
2197 2891 2268 2948 Et
2287 2895 2447 2964 paulo
2478 2895 2860 2964 post:Eusebii
2877 2899 3120 2971 episcopi
3150 2900 3583 2973 Palmstinensis,

331 2999 706 3066 cognomento
735 2989 1030 3062 Pamphili,
1063 3005 1132 3047 ex
1164 2991 1504 3063 expositione
1527 2990 1727 3062 psalmi
1773 2987 2014 3059 septimi,
2047 2998 2154 3045 etc.
2209 2989 2337 3046 Item
2383 2991 2631 3062 ejusdem
2675 3007 2743 3048 ex
2799 2991 3119 3064 Evangetica
3173 3001 3580 3068 praeparatione,

333 3088 438 3144 Ιώ.
471 3102 575 3143 vn.
725 3157 970 3229 Pelagius
987 3155 1051 3213 η
1075 3168 1213 3224 papa
1239 3155 1294 3208 ξη
1319 3152 1564 3224 Ερὶετοια
1583 3153 1638 3219 5,
1670 3151 1740 3207 ad
1761 3150 1944 3206 Eliam
1962 3147 2347 3220 Aquileiensem
2360 3159 2410 3206 et
2438 3152 2572 3208 alios
2605 3152 2872 3224 episcopos
2905 3153 3104 3213 Isti-iw.

405 3273 558 3341 Quid
579 3288 816 3344 namque
837 3275 890 3328 in
916 3271 1296 3328 haeresiarchis
1318 3270 1553 3344 Origene
1583 3273 1848 3342 deterius,
1880 3286 1937 3335 et
1967 3277 2100 3350 quid
2138 3277 2193 3330 in
2235 3273 2693 3346 bistoriographis
2737 3274 2969 3331 inveniri
3011 3276 3247 3335 Eusebio
3290 3280 3585 3339 honorabi-

329 3366 444 3423 lius
477 3364 789 3438 potest?Et
811 3367 936 3438 quis
960 3373 1210 3422 nostrum
1243 3367 1439 3431 nescit,
1467 3367 1525 3422 in
1565 3368 1722 3426 libris
1773 3372 1890 3427 suis
1922 3370 2146 3443 quantis
2182 3367 2473 3442 Origenem
2526 3369 2796 3426 Eusebius
2839 3372 3127 3440 praeconiis
3181 3376 3438 3432 attollat?
3476 3376 3582 3434 Sed

326 3461 464 3531 quia
497 3467 695 3516 sancta
726 3459 969 3516 Ecclesia
997 3474 1222 3515 suorum
1252 3459 1489 3516 ﬁdelium
1548 3461 1714 3517 corda
1745 3464 2036 3536 benignius
2066 3479 2229 3536 quam
2256 3464 2425 3519 verba
2475 3462 2780 3518 districtius
2818 3473 3030 3534 pensat,
3074 3480 3177 3522 nec
3208 3467 3265 3523 in
3315 3469 3584 3529 haereticis

323 3569 567 3612 sensum
593 3554 874 3626 proprium
901 3554 1122 3611 testatio
1146 3549 1368 3610 Eusebii
1403 3553 1688 3611 absolvere
1726 3557 1902 3627 potuit
1931 3577 1945 3613 :
1975 3572 2078 3612 nec
2110 3571 2332 3612 rursum
2359 3555 2656 3611 Eusebium
2683 3553 2893 3611 laudati
2939 3555 3192 3630 Origenis
3239 3561 3400 3632 culpa
3427 3564 3582 3619 dam-

321 3656 508 3705 nant'
977 3753 979 3755 ,
1456 3715 1739 3788 Euagrius,
1776 3718 1912 3774 lib.t
1948 3716 2222 3783 Historia,
2256 3733 2372 3787 εαρ.
2400 3718 2454 3772 1-

390 3831 660 3903 Εὑσεσίῳ
683 3830 762 3902 τῷ
788 3831 1096 3903 Παμφίλου,
1120 3832 1256 3905 ἀνὴρ
1281 3833 1338 3886 δὲ
1363 3833 1420 3897 ἐς
1456 3833 1524 3887 τὰ
1571 3833 1802 3904 μάλιστα
1830 3833 1916 3886 λό-
1939 3842 1989 3901 Α

1978 3863 1989 3901 ι
2089 3831 2362 3888 Eusebius
2389 3831 2684 3904 Pamphili,
2707 3834 2793 3888 vir
2815 3849 2942 3889 cum
2967 3834 3024 3890 in
3052 3836 3176 3892 aliis
3211 3839 3380 3896 rebus
3409 3840 3585 3899 diser-

315 3939 439 4004 γιος
465 3927 497 3978 ὁ
529 3922 825 3994 Παμφίλου
858 3923 928 3976 τά
948 3939 1008 3975 τε
1041 3922 1193 3988 ἄλλα,
1228 3922 1321 3976 καὶ
1358 3921 1496 3976 ὥστε
1521 3918 1632 3986 οἷός
1676 3939 1735 3976 τε
1775 3917 1910 3976 εἶναι

2014 3925 2282 3990 tissimus,
2305 3932 2420 3980 tum
2450 3927 2506 3980 in
2529 3927 2817 3982 scribendo
2841 3934 3052 3984 tantum
3086 3931 3294 3998 valens,
3323 3942 3383 3989 ut
3414 3939 3587 4007 possit

313 4015 538 4069 πείθειν
557 4015 640 4087 (α)
655 4015 780 4080 τοὺς
794 4014 1210 4086 ἐντυγχάνοντας
1221 4013 1541 4086 θρησκεύειν
1555 4013 1625 4068 τὰ
1647 4015 1909 4087 ἡμέτερα,

2016 4017 2250 4073 lectores
2283 4033 2434 4082 suos,
2469 4019 2516 4074 si
2549 4034 2660 4074 non
2694 4019 2932 4091 perfecte
2960 4020 3172 4078 elﬁeere
3217 4024 3581 4095 Christianos,

311 4110 364 4162 si
397 4111 500 4163 καὶ
539 4109 626 4182 μὴ
654 4107 771 4162 λίαν
797 4107 1042 4181 ἀκριϐεῖς
1067 4105 1174 4162 οἶδε
1209 4111 1398 4163 ποιεῖν.

2018 4109 2093 4164 ita
2119 4116 2302 4164 tamen
2343 4111 2638 4181 impellere,
2667 4119 2727 4166 ut
2751 4121 2936 4167 nostra
2976 4112 3208 4170 libenter
3251 4119 3585 4190 amplectan-

2019 4207 2130 4256 tur.

910 4315 1191 4385 Gregorius
1213 4313 1441 4384 Magnus
1475 4315 1530 4367 in
1561 4314 1784 4382 epistola
1817 4313 1887 4368 ad
1924 4314 2210 4387 Eulogium
2241 4318 2665 4373 Alexandrinum
2695 4322 3014 4388 episcopum.

383 4405 475 4463 Ex
499 4407 852 4464 audientium
876 4423 1106 4464 numero
1128 4421 1277 4462 nunc
1306 4405 1486 4463 lactus
1514 4421 1659 4474 sum,
1699 4408 1788 4463 cui
1820 4409 2170 4465 sanctissima
2197 4422 2381 4468 vestra
2412 4413 2696 4469 beatitudo
2726 4413 2967 4469 scribere
3002 4417 3235 4483 studuit,
3265 4428 3323 4475 ut
3354 4428 3583 4475 cuncto-

303 4518 438 4558 rum
473 4507 795 4570 martyrum
825 4511 977 4574 gesta
1015 4519 1137 4576 qum
1175 4502 1606 4575 piae'memoriae
1652 4505 1999 4561 Constantini
2047 4509 2389 4578 temporibus
2417 4511 2487 4565 ab
2537 4509 2771 4567 Eusebio
2815 4513 3138 4571 Caesariensi
3168 4515 3397 4571 collecta
3429 4525 3580 4580 sunt,

301 4595 722 4654 transmittere
747 4594 1056 4651 debeamus.
1091 4595 1198 4652 Sed
1212 4594 1326 4652 hzec
1340 4611 1517 4667 neque
1543 4596 1592 4652 si
1615 4597 1845 4653 collecta
1875 4613 1984 4653 non
2015 4601 2146 4663 sint,
2179 4619 2358 4674 neque
2384 4605 2430 4659 si
2459 4606 2590 4670 sint,
2623 4591 2748 4660 ante
2776 4616 2970 4662 vestrae
2991 4607 3345 4662 beatitudinis
3373 4609 3583 4678 scripta

297 4683 576 4760 cognovi.
603 4681 738 4753 Ago
769 4697 900 4753 ergo
933 4684 1159 4754 gratias,
1191 4685 1321 4754 quia
1361 4686 1726 4741 sanctissimae
1764 4695 1960 4742 vestrae
1990 4689 2253 4747 doctrinm
2289 4694 2512 4763 scriptis
2547 4694 2820 4756 eruditus,
2856 4698 2998 4768 coepi
3029 4699 3172 4754 scire
3197 4698 3342 4769 quod
3371 4702 3584 4755 nescie-

296 4778 452 4834 bam.
485 4775 723 4831 Prmler
755 4772 843 4826 illa
863 4774 1004 4828 enim
1037 4789 1160 4844 qua:
1189 4775 1247 4828 in
1272 4773 1521 4843 ejusdem
1551 4774 1774 4832 Eusebii
1804 4777 1961 4832 libris
1991 4777 2068 4833 De
2097 4782 2256 4852 gestis
2295 4792 2599 4838 sanctorum
2627 4795 2923 4857 martyrum
2951 4789 3324 4856 continentur,
3355 4791 3502 4847 nulla
3524 4793 3582 4849 in

301 4869 542 4926 archivo
566 4864 759 4935 hujus
783 4872 979 4919 nostra:
1009 4865 1288 4930 Ecclesiae,
1317 4868 1403 4922 vel
1449 4868 1506 4922 in
1553 4866 1815 4924 Romanae
1869 4872 2024 4928 urbis
2058 4873 2408 4932 bibliothecis
2451 4893 2574 4934 esse
2605 4881 2856 4950 cognovi,
2884 4881 2989 4937 nisi
3041 4897 3215 4953 pauca
3245 4886 3490 4957 quaedam
3521 4885 3581 4942 in

302 4964 473 5019 unius
499 4958 735 5018 codicis
769 4957 1040 5012 volumine
1071 4959 1318 5015 collecta.

1016 5073 1257 5132 Gelasius
1288 5077 1578 5149 Cyzicenus
1606 5083 1662 5138 in
1686 5083 1822 5141 libro
1847 5088 2074 5145 secundo
2097 5088 2174 5147 De
2198 5090 2408 5164 synodo
2435 5089 2677 5158 Nicaena,
2708 5108 2824 5161 cap.
2860 5094 2912 5149 l.

382 5189 762 5261 Ἀκούσωμεν
797 5185 862 5258 δὴ
897 5189 949 5242 τί
993 5191 1226 5246 ἐνταῦθα
1257 5193 1406 5264 λέγει
1451 5200 1546 5252 καὶ
1587 5200 1617 5252 ὁ
1652 5202 1856 5274 ἀροτὴρ
1885 5205 1914 5257 ὁ
1943 5213 1989 5273 Β

1977 5217 1989 5270 ι
2085 5206 2385 5262 Audiamus
2420 5222 2552 5263 sane
2598 5207 2731 5280 quid
2780 5207 2870 5262 hic
2894 5207 3043 5263 dicat
3095 5211 3584 5279 praestantissimus

299 5285 592 5350 κάλλιστος
625 5284 738 5354 τῆς
772 5280 1234 5357 ἐκύησιαστικῆς
1279 5289 1571 5360 γεωργίας,
1607 5293 1636 5345 ὁ
1676 5292 1904 5367 φιλαλη-

2013 5297 2370 5355 ecclesiastici
2408 5297 2564 5354 fundi
2611 5307 2816 5364 arator,
2864 5300 2954 5354 ille
2994 5301 3109 5356 veri
3141 5301 3581 5361 studiosissimus

298 5373 562 5442 θέστατος
611 5372 894 5436 Εὐσέϐιος
932 5375 962 5428 ὁ
1007 5374 1102 5428 τοῦ
1153 5379 1455 5450 παμφήμου
1502 5382 1805 5454 Παμφίλου.
1849 5387 1905 5441 '0

2010 5387 2304 5454 Eusebius,
2343 5388 2683 5444 celeberrimi
2717 5387 2985 5460 Pamphili
3035 5398 3396 5462 cognomento
3450 5394 3584 5450 insi-

302 5469 399 5538 μὲν
423 5465 522 5524 οὖν
541 5468 830 5529 Λικίνιος,
865 5465 1013 5536 φησὶ,
1035 5467 1133 5538 τὴν
1157 5468 1346 5540 ὁμοίαν
1366 5473 1476 5536 τοῖς
1499 5472 1680 5538 ἀθέοις
1705 5477 1902 5549 τυράν-

2009 5481 2152 5552 guis.
2185 5479 2427 5536 Licinius
2455 5479 2696 5550 quidem,
2725 5480 2921 5552 inquit,
2952 5483 3196 5536 eamdem
3226 5497 3390 5552 quam
3419 5499 3583 5557 supe-

298 5578 407 5628 νοις
434 5562 541 5634 τῆς
573 5558 858 5620 ἀσεϐείας
887 5557 1152 5627 μετελθὼν
1190 5561 1327 5628 ὁδὸν,
1351 5564 1445 5617 ἐπὶ
1464 5564 1555 5620 τὸν
1584 5567 1696 5622 ἴσον
1721 5570 1904 5634 αὐτοῖς

2009 5574 2184 5629 riores
2243 5574 2323 5628 illi
2375 5574 2518 5628 viam
2581 5572 2878 5643 impietatis
2939 5574 3234 5640 insistens,
3287 5578 3484 5634 merito
3522 5579 3580 5635 in

299 5654 522 5721 ινδικως
552 5647 932 5740 περιηνέχθῖ
949 5652 1210 5724 κρημνόν,
1245 5663 1374 5721 elc.,
1413 5673 1535 5727 qua:
1562 5659 1812 5731 leguntur
1853 5663 1904 5717 in

2013 5664 2264 5721 eumdem
2303 5678 2428 5721 cum
2469 5663 2577 5718 illis
2626 5662 2780 5718 exitii
2837 5665 3107 5735 gurgitem
3161 5673 3246 5721 est
3299 5667 3576 5740 delapsus,

303 5744 406 5805 ﬁne
438 5747 571 5804 li'bri
605 5743 826 5802 decimi
881 5737 1135 5799 Historiae
1183 5745 1575 5806 ecclesiastica.
1601 5751 1850 5807 Τοσαῦτα
1874 5756 1902 5809 6
2009 5764 2116 5813 etc.
2145 5753 2689 5811 Hactenusveterum
2733 5756 3123 5812 ecclesiasticae
3165 5757 3408 5814 historiae
3424 5737 3576 5816 scri-

281 5937 300 5970 )
370 5864 728 5942 (a)_uswatr
759 5857 939 5926 τούς.
979 5860 1070 5920 Sic
1097 5866 1400 5928 mutatione
1422 5869 1832 5932 emendavimus
1858 5889 1888 5947 q

1999 5873 2824 5963 iprius_tnale_legehaturmzobg
2865 5876 3094 5934 πείθεινι
3141 5874 3303 5935 Emr.
3331 5877 3508 5934 Pun.
3600 5901 3605 5910 -
