4070 6392
524 420 596 477 79
1488 412 1825 470 VETERUM
1865 408 2285 467 TESTIMONIA
2320 406 2459 463 PRO
2498 405 2809 464 EUSEBIO.
3693 408 3761 465 80

525 547 741 611 ptorum
791 533 896 591 ﬁde
941 534 1297 607 dignissimus
1344 529 1613 586 Eusebius
1676 530 1966 601 Pamphili,
1996 528 2090 599 qui

2200 527 2300 580 τῶν
2323 525 2562 597 ἀρχαίων
2588 524 3050 596 ὲκκλησιαστικῶν
3080 524 3437 594 συγγραφέων
3459 523 3763 590 ἀξιοπιστό-

526 625 943 701 quamplurimis
976 630 1273 695 martyrum
1323 622 1717 678 certaminibus
1769 619 2094 690 conquisitis

528 729 693 792 atque
718 718 1078 789 investigatis,
1107 731 1175 771 ex
1205 715 1274 770 iis
1303 729 1425 787 quae
1450 713 1685 785 simplici
1713 729 1777 768 ac
1800 713 1923 767 rudi
1952 712 2094 783 stylo

529 814 736 884 scripta
763 812 977 867 fuerant
1020 810 1226 881 eligens
1260 819 1423 881 atque
1469 821 1789 875 excerpens,
1826 804 2093 859 Ecclesia-

527 903 715 958 sticam
767 900 1045 954 historiam
1099 900 1286 954 decem
1346 897 1571 952 omnino
1637 893 1792 949 libris
1842 900 2095 946 accurate

526 989 892 1061 conscriptam
951 988 1107 1043 nobis
1146 987 1386 1057 reliquit,
1437 985 1703 1054 incipiens
1757 982 1973 1053 quidem
2025 981 2094 1035 ah

528 1084 762 1139 adventu
794 1080 1029 1144 Domini,
1071 1093 1396 1151 progressus
1442 1092 1570 1132 vero
1616 1076 1685 1131 ad
1728 1090 1792 1129 ea
1834 1089 1955 1145 quae
1983 1073 2094 1129 dixi

526 1182 798 1246 tenipora,
829 1188 939 1228 non
969 1172 1086 1226 sine
1134 1170 1339 1241 ingenti
1385 1169 1590 1223 labore.
1638 1165 1922 1233 Quomodo
1950 1165 2095 1219 cnim

529 1270 685 1326 aliter
711 1267 828 1324 ﬁeri
860 1266 1036 1338 potuit
1061 1264 1131 1319 ab
1160 1278 1247 1327 eo,
1278 1262 1371 1333 qui
1416 1269 1624 1315 tantam
1675 1275 1863 1314 curam
1908 1274 2097 1314 susce-

528 1364 631 1435 pit,
679 1368 740 1416 ut
787 1337 1115 1429 hujusmodi
1153 1353 1492 1409 collectionis
1541 1351 1881 1406 harmoniam
1935 1349 2095 1404 nobis

530 1458 881 1510 conservaret
896 1448 919 1500 Υ
963 1450 1072 1504 imo
1113 1462 1243 1502 vero
1269 1460 1565 1509 summum,
1588 1450 1647 1499 ut
1667 1444 1800 1507 dixi,
1833 1443 2093 1508 Studium,

529 1553 585 1603 et
605 1543 976 1602 incredibilem
1004 1538 1210 1595 laboris
1240 1537 1451 1607 copiam
1474 1537 1542 1591 ad
1572 1535 1626 1590 id
1654 1537 1903 1590 contulit.
1929 1534 2097 1591 Nemo

529 1650 694 1708 porro
720 1634 993 1691 existimet
1028 1646 1094 1685 ex
1122 1628 1191 1685 iis
1220 1642 1342 1698 qua:
1387 1627 1455 1682 de
1484 1627 1577 1680 illo
1615 1627 2092 1689 circumferuntur,

530 1729 709 1785 virum
733 1726 880 1781 hunc
910 1724 967 1778 in
994 1721 1111 1776 Arii
1153 1718 1487 1790 impietatem
1520 1732 1758 1787 unquam
1789 1717 2097 1773 concessis-

532 1836 594 1878 se
627 1838 642 1874 :
678 1818 775 1876 sed
809 1815 1015 1879 credat,
1047 1812 1095 1868 si
1145 1810 1413 1882 quaepiam
1453 1808 1681 1881 protulit
1721 1817 1817 1864 aut
1849 1809 2090 1880 scripsit,

2196 638 2356 685 τατος
2401 620 2656 685 Εὐσέϐιος
2699 621 2728 673 ό
2776 619 2871 674 τοῦ
2917 619 3224 691 Παμφίλου,
3284 618 3566 683 πλείστους
3607 621 3762 686 ὅσους

2198 712 2414 782 ἀγῶνας
2444 712 2665 784 θέμενος
2694 713 2788 766 καλ⁸
2813 712 3311 784 διερευνησάμενος,
3354 712 3420 764 ὲκ
3443 711 3549 765 τῶν
3577 712 3763 776 ἀπλῶς

2197 806 2428 877 ἐχόντων
2455 804 2554 877 τὴν
2593 804 2858 876 ἀναλογὴν
2906 805 3289 876 ποιησάμενος,
3326 804 3387 858 ὲν
3419 804 3550 858 δέκα
3579 804 3763 876 τόμοις

2197 898 2336 960 ὅλοις
2359 896 2426 950 τὰ
2440 900 2537 969 τῆς
2552 899 3009 965 Ἐκκλησιαστικ
3018 895 3090 965 ἧς
3101 896 3233 968 ἡμῖν
3246 900 3510 969 ἱστορίας
3526 896 3763 968 ἀκριϐῶς

2198 989 2619 1043 καταλέλοιπεν·
2661 985 2962 1060 ἀρξάμενος
2999 987 3096 1058 μὲν
3137 986 3246 1040 ἀπὸ
3284 986 3385 1057 τῆς
3427 987 3522 1041 τοῦ
3559 989 3762 1058 Κυρίου

2198 1082 2519 1154 παρουσίας,
2547 1080 2838 1151 πληρώσας
2863 1078 2919 1132 δὲ
2944 1081 3022 1142 είς
3048 1078 3234 1132 τούσδε
3268 1078 3395 1143 τοὺς
3417 1079 3638 1151 χρόνους
3665 1081 3764 1134 οὐκ

2197 1174 2434 1239 ἀπόνωςο
2468 1174 2586 1236 πῶς
2616 1173 2725 1244 γὰρ
2749 1168 2862 1225 οἷόν
2890 1188 2949 1224 τε
2980 1166 3046 1242 ἦν
3076 1170 3340 1244 τοσαύτην
3374 1171 3765 1243 ἀναδεξάμενον

2198 1264 2453 1334 φροντίδα
2481 1262 2574 1316 τοῦ
2601 1259 2967 1315 διασώσασθαι
2993 1260 3091 1330 τῆς
3130 1260 3341 1314 τοιᾶσδε
3373 1260 3633 1334 συλλογῆς
3669 1261 3765 1333 τὴν

2198 1355 2498 1427 ἀρμονίαν;
2536 1353 2650 1407 ἀλλ’
2685 1354 2760 1418 ὡς
2791 1354 2991 1425 ἀρτίως
3030 1352 3183 1423 ἔφην,
3225 1352 3422 1425 πολλὴν
3454 1355 3762 1423 εξσενεγκά-

2201 1463 2361 1517 μενος
2385 1446 2483 1517 τὴν
2508 1445 2742 1516 σπουδὴν
2771 1446 2865 1498 καὶ
2898 1444 3124 1497 πλοῦτον
3153 1445 3354 1513 ἄφατον
3382 1445 3563 1499 πόνου.
3605 1436 3762 1500 Ἀλλά

2199 1538 2387 1610 μηδεὶς
2401 1537 2597 1591 οἰέσθω
2620 1538 2710 1590 τὸν
2737 1537 2902 1609 ἄνδρα
2927 1537 2991 1590 ὲκ
3009 1535 3117 1590 τῶν
3142 1538 3267 1609 περὶ
3297 1538 3458 1592 αὐτοῦ
3491 1542 3762 1611 ἐπιπεφη-

2200 1630 2496 1702 μισμένων,
2542 1629 2617 1693 ὡς
2655 1630 2752 1701 τῆς
2789 1632 2994 1703 Ἀρείου
3037 1628 3378 1702 βλασφημίας
3404 1633 3530 1685 ποτέ
3562 1650 3616 1685 τι
3664 1650 3765 1685 πε-

2198 1721 2456 1793 φρονήκει
2476 1737 2489 1750 ·
2518 1720 2653 1773 ἀλλὰ
2670 1721 2964 1786 πεπείσθω,
2988 1723 3063 1786 ὡς
3077 1725 3125 1777 εί
3151 1725 3244 1778 καί
3270 1725 3369 1777 τιν’
3394 1723 3761 1797 ἂνέλάλησεν,

2198 1812 2232 1884 ἢ
2264 1810 2467 1884 ἔγραψε
2501 1811 2691 1883 μικρόν
2720 1830 2771 1865 τι
2802 1812 2870 1866 τὰ
2908 1814 3113 1886 Ἀρείου
3147 1814 3536 1886 ὐπονοούμενα,
3561 1815 3622 1869 οὐ
3659 1818 3763 1888 μὴν

530 1914 648 1969 Arii
680 1912 877 1982 dogma
904 1908 1177 1963 tantillum
1209 1875 1534 1967 subolentia,
1569 1918 1631 1957 ea
1669 1917 1780 1956 non
1809 1917 1873 1957 ex
1924 1875 2092 1972 impio

2200 1875 2345 1959 κατά
2365 1875 2462 1977 τῆν
2495 1875 2666 1976 ἀσεϐῆ
2708 1906 2912 1959 ἐκείνου
2943 1875 3167 1971 ἔννοιαν,
3198 1907 3310 1961 ἀλλ’
3349 1875 3407 1975 ἐξ
3437 1875 3762 1981 ἀπεριέριγου

531 2005 680 2060 illius
715 2018 881 2059 sensu
913 1999 1209 2072 protulisse
1241 2010 1481 2068 unquam
1520 1999 1614 2047 aut
1649 1992 1961 2062 scripsisse,
1994 1991 2091 2047 sed

529 2109 598 2151 ex
625 2093 811 2149 minus
842 2091 1061 2147 curiosa
1090 2103 1392 2161 parumque
1436 2085 1673 2140 sollicita
1720 2082 2090 2153 simplicitate,

534 2192 594 2241 ut
626 2185 744 2255 ipse
786 2184 842 2238 in
876 2182 1016 2237 libro
1059 2180 1392 2253 Apologetico
1431 2192 1591 2248 quem
1642 2174 1711 2229 ad
1756 2174 2093 2232 orthodoxos

531 2291 724 2334 omnes
746 2275 1033 2346 episcopos
1066 2271 1250 2338 misit,
1285 2271 1499 2342 plenius
1531 2266 1871 2340 approbavit.

2200 1994 2519 2066 ἁπλότητος,
2548 1995 2728 2059 καθὼς
2771 1997 2865 2049 καὶ
2906 1996 3066 2060 αὐτὸς
3101 1998 3158 2050 ὲν
3202 1996 3281 2067 τῷ
3321 1997 3761 2068 Ἁπολογητικῷ,

2199 2079 2244 2153 ᾦ
2266 2086 2599 2159 διεπέμψατο
2627 2087 2761 2160 πρὸς
2791 2088 2851 2141 τὸ
2880 2088 2985 2142 τῶν
3007 2088 3298 2159 ὀρθοδόξων
3323 2090 3632 2145 ἐπισκόπων
3654 2107 3765 2144 κοι-

2202 2178 2311 2244 νὸν,
2339 2179 2751 2252 μαρτυράμενος
2781 2178 2951 2233 ταῦτα
2975 2180 3401 2253 ὲπληροφόρησε.

1537 2401 1541 2404 ’
1570 2406 1768 2460 Auctor
1798 2402 2055 2460 Chronici
2083 2400 2455 2467 Alexandrini,
2484 2417 2605 2474 pag.
2639 2401 2763 2457 582.

603 2541 874 2599 Eusebius
898 2555 1029 2597 vero
1052 2538 1320 2610 Pamphili
1366 2547 1421 2594 et
1465 2538 1583 2609 ipse
1634 2535 2095 2607 prudentissimus

532 2634 767 2706 scriptor
792 2634 847 2688 in
888 2633 1033 2688 hunc
1086 2631 1308 2686 modum
1343 2636 1532 2684 narrat
1568 2626 1880 2695 :Quoniam
1922 2626 2093 2683 Judaei

533 2722 812 2781 Christum
862 2723 950 2779 die
1004 2720 1144 2778 festo
1194 2720 1250 2775 in
1298 2734 1516 2775 crucem
1561 2725 1820 2790 egerunt,
1853 2718 2092 2774 vicissim

535 2814 642 2888 ipsi
665 2814 854 2873 eodem
879 2814 966 2870 die
984 2808 1212 2885 periere.

2281 2533 2340 2588 Ὃ
2381 2534 2439 2587 δὲ
2476 2534 2782 2604 σοφώτατος
2816 2535 3071 2600 Εὐσέϐιος
3107 2537 3135 2590 6
3175 2536 3459 2607 Παμφίλου
3504 2540 3765 2612 συνεγρά-

2200 2626 2337 2697 ψατο
2363 2626 2536 2691 οὕτως
2554 2644 2567 2657 ο
2594 2628 2715 2680 ’Ότι
2743 2629 2801 2681 ὲν
2828 2630 2893 2698 τῇ
2927 2629 3085 2699 ἑορτῇ
3117 2627 3207 2681 τὸν
3240 2628 3473 2700 Χριστὸν
3495 2630 3769 2703 ἐσταύρω-

2200 2735 2299 2773 σαν
2346 2720 2395 2771 οί
2441 2717 2698 2783 Ἰουδαῖοι,
2742 2719 2801 2770 ὲν
2838 2720 2905 2789 τῇ
2952 2717 3130 2772 αὐτῶν
3190 2719 3348 2791 ἑορτῇ
3400 2719 3598 2783 πάντες
3659 2723 3767 2775 ἀπ-

2194 2809 2409 2865 ὤλοντο.

1526 2945 1854 3018 Nicephorus
1881 2947 1937 3001 in
1964 2944 2099 3001 libro
2129 2961 2183 3007 vt
2230 2945 2502 3015 Historiae,
2539 2964 2659 3021 cap.
2683 2948 2773 3007 57.

603 3087 806 3144 Eodem
834 3094 1098 3158 tempore,
1121 3084 1426 3142 eruditione
1440 3084 1596 3153 juxta
1624 3091 1678 3139 et
1698 3084 1823 3139 vitae
1847 3084 2098 3139 instituto

2286 3088 2400 3157 Ἐφ’
2424 3080 2484 3142 οὗ
2510 3088 2650 3159 λόγῳ
2680 3087 2774 3144 καὶ
2804 3086 3074 3161 φιλοσόφῳ
3111 3086 3211 3160 βίῳ
3248 3086 3533 3153 διαξῶντα,
3557 3089 3652 3143 καὶ
3673 3088 3768 3143 τοῦ

534 3177 920 3251 phiIOSOphum
961 3173 1356 3240 Christianum,
1386 3183 1441 3228 et
1488 3173 1793 3245 presbyteri
1834 3173 2099 3244 dignitate

2204 3178 2388 3234 αὐτόθι
2443 3179 2732 3251 πρεσϐείου
2782 3179 3103 3251 ἠξιωμένον,
3156 3180 3245 3233 τὸν
3301 3180 3441 3233 θεῖον
3487 3180 3771 3251 Πάμφιλον

538 3277 779 3332 auctum,
808 3267 1051 3323 divinum
1078 3264 1419 3336 Pamphilum
1447 3262 1695 3320 ﬂoruisse
1737 3265 1962 3321 scimus.
1992 3264 2104 3320 Cu-

532 3360 625 3431 jus
647 3362 814 3415 vitam
840 3365 895 3414 et
923 3364 1079 3413 actus
1107 3371 1316 3421 omnes,
1348 3357 1617 3411 celebrem
1641 3357 1807 3412 etiam
1836 3371 1998 3427 quam
2027 3357 2102 3412 ibi

535 3451 776 3507 instituit
811 3448 1053 3521 profanae
1093 3448 1400 3519 divinaeque
1444 3434 1800 3519 philosophia:
1834 3448 2099 3513 scholam,

536 3552 799 3614 praeterea
850 3547 1194 3595 constantem
1271 3539 1329 3595 in
1392 3539 1560 3596 variis
1626 3539 2103 3610 persecutionibus

539 3631 964 3698 confessionem,
995 3637 1049 3686 et
1082 3631 1383 3687 certamina
1411 3630 1798 3702 egregiumque
1821 3646 1921 3701 pro
1946 3631 2105 3686 Chri-

538 3726 613 3783 sti
636 3725 858 3782 nomine
885 3724 1228 3796 martyrium,
1251 3722 1522 3780 Eusebius
1548 3725 1754 3780 sororis
1781 3724 1901 3794 cjus
1936 3724 2100 3789 illius,

537 3818 826 3889 eidemque
870 3816 1008 3873 adeo
1043 3816 1247 3872 charus
1272 3823 1335 3871 ut
1356 3816 1427 3871 ab
1449 3831 1518 3872 eo
1538 3831 1843 3887 cognomen
1872 3830 2103 3887 accepe-

536 3909 634 3975 rit,
670 3906 932 3979 peculiari
980 3907 1187 3976 scripto
1233 3905 1456 3976 copiose
1492 3911 1578 3961 est
1628 3910 1956 3974 prosecutus
1989 3921 2003 3957 :
2036 3903 2105 3959 ad

537 4015 703 4074 quem
732 3998 941 4070 eosqui
973 3997 1287 4054 accuratius
1312 3998 1427 4052 haac
1450 4010 1786 4067 cognoscere
1809 3995 2101 4062 voluerint,

537 4089 843 4161 rejicimus.
894 4086 1165 4144 Eusebius
1208 4087 1314 4143 iste
1355 4086 1664 4157 disciplinis
1692 4084 1945 4141 omnibus
1979 4098 2107 4155 per-

539 4182 736 4253 ceptis,
770 4194 1050 4238 sacrarum
1094 4179 1328 4235 maxime
1356 4178 1663 4234 litterarum
1714 4177 1940 4233 scientia
1988 4176 2106 4233 eni-

539 4274 668 4340 tuit,
701 4281 756 4329 et
782 4271 852 4328 ad
879 4270 1184 4328 Constantii
1218 4285 1394 4342 usque
1423 4277 1670 4341 tempora
1700 4269 1852 4325 vixit.
1884 4268 1952 4323 Et
1980 4284 2105 4324 cum

539 4365 868 4424 Christiana:
895 4362 1257 4436 professionis
1283 4362 1724 4419 studiosissimus
1753 4370 1919 4424 esset.
1950 4376 2109 4433 egre-

432 4493 442 4509 .
539 4460 795 4531 giamque
817 4470 918 4528 pro
943 4454 1149 4511 Christi
1182 4455 1391 4511 honore
1421 4454 1818 4510 aemulationem
1846 4453 2103 4525 spiraret,

2204 3271 2476 3343 ἔγνωμεν·
2515 3265 2575 3326 οὗ
2598 3271 2687 3324 τὸν
2722 3271 2836 3343 βίον
2863 3273 2956 3325 καὶ
2991 3271 3063 3325 τὰ
3094 3271 3214 3325 καθ’
3237 3273 3465 3326 ἕκαστον
3488 3272 3637 3342 αὐτῷ
3669 3290 3769 3327 πε-

2202 3363 2511 3434 πραγμένα,
2552 3362 2631 3417 ἔτι
2667 3364 2725 3417 δὲ
2769 3365 2863 3417 καὶ
2912 3365 3040 3435 περὶ
3077 3360 3147 3436 ἦς
3191 3352 3550 3437 συνεστήσατο
3593 3366 3771 3419 ἐκεῖσε

2201 3454 2373 3524 λόγων
2405 3454 2564 3509 θείων
2599 3456 2693 3510 καὶ
2726 3455 3028 3525 φιλοσόφων
3062 3455 3365 3527 διατριϐῆς,
3392 3456 3527 3527 πρὸς
3559 3456 3624 3528 δὴ
3649 3455 3772 3510 τού-

2201 3562 2316 3611 τοις
2357 3546 2450 3600 καὶ
2505 3546 2605 3617 τὴν
2657 3546 2795 3617 ὑπὲρ
2841 3546 3119 3610 εὐσεϐείας
3169 3546 3358 3600 τούτου
3404 3549 3461 3600 ἐν
3498 3547 3774 3620 διαφόροις

2202 3638 2459 3709 διωγμοῖς
2489 3638 2803 3710 ὁμολογίαν·
2840 3637 2966 3703 τούς
3012 3656 3071 3693 τε
3114 3638 3333 3709 ἀγῶνας
3374 3640 3556 3704 αὐτοῦ,
3589 3638 3772 3693 καὶτὸ

2203 3730 2508 3785 τελευταῖον
2543 3730 2619 3795 ὡς
2649 3731 2740 3785 τὸν
2780 3730 2873 3785 τοῦ
2907 3731 3202 3804 μαρτυρίου
3244 3731 3536 3804 ἀνεδήσατο
3570 3732 3771 3800 στέφα-

2203 3837 2312 3887 νον,
2366 3820 2625 3886 Εὐσέϐιος
2668 3822 2698 3873 6
2741 3820 2930 3874 τούτου
2985 3820 3317 3890 ἀδελφιδοῦς,
3371 3822 3466 3875 καὶ
3521 3819 3771 3874 τοσοῦτον

2205 3908 2396 3980 ἐκείνῳ
2429 3907 2766 3980 φιλούμενος,
2806 3909 2882 3974 ὡς
2919 3910 3015 3965 καὶ
3049 3911 3148 3983 τὴν
3185 3910 3391 3964 ἐκείνου
3430 3911 3619 3983 κλῆσιν
3647 3910 3771 3964 ὲπί-

2206 3999 2358 4054 θετον
2379 4001 2545 4070 σχεῖν,
2574 4002 2652 4064 είς
2672 3999 2863 4054 λεπτὸν
2881 4001 2939 4055 ὲν
2967 4001 3080 4073 ἰδίῳ
3101 4003 3435 4074 συντάγματι
3459 4003 3770 4076 περιέλαϐε·

2207 4092 2300 4144 καὶ
2335 4093 2460 4156 τοὺς
2503 4092 2745 4165 ἀκριϐῶς
2785 4092 3136 4165 βουλομένους
3180 4093 3249 4148 τά
3295 4095 3502 4150 ἐκείνου
3551 4096 3772 4159 εἰδέναι,

2206 4180 2353 4252 αὐτῷ
2378 4181 2835 4254 παραπέμπομεν,
2868 4185 2962 4248 Ὃς
2986 4184 3118 4256 δῆτα
3150 4186 3405 4251 Εὐσέϐιος
3433 4186 3522 4241 διὰ
3557 4189 3774 4244 πάντων

2205 4269 2396 4337 ἐλθὼν,
2433 4271 2663 4343 μάλιστα
2692 4276 2758 4345 τῇ
2803 4274 2932 4346 περὶ
2957 4274 3024 4329 τά
3054 4275 3171 4330 θεῖα
3211 4278 3410 4349 σπουδῇ
3452 4279 3771 4351 ὲνακμάζει.

2210 4363 2372 4434 Ἀχρι
2399 4362 2458 4416 δὲ
2491 4365 2586 4419 καὶ
2613 4365 2987 4419 Κωνσταντίου
3015 4366 3108 4420 τὸν
3138 4368 3236 4439 τῆς
3263 4368 3408 4440 ζωῆς
3441 4372 3772 4442 παρείλκυσε

2209 4454 2415 4526 χρόνον.
2447 4456 2772 4527 Χριστιανὸς
2801 4457 2860 4511 δὲ
2882 4456 2950 4512 τὰ
2975 4457 3207 4529 μάλιστα
3242 4458 3339 4526 ὢν,
3372 4461 3464 4515 καὶ
3490 4463 3657 4518 πολὺν
3682 4463 3773 4517 τὸν

538 4548 851 4623 quindecim
876 4547 1039 4604 tomis
1056 4545 1427 4618 Evangelicam
1454 4545 1912 4615 prazparationem,
1932 4551 1985 4600 et
2012 4542 2100 4599 de-

2211 4541 2371 4614 ζῆλον
2404 4543 2544 4617 ὑπὲρ
2568 4544 2803 4618 Χριστοῦ
2831 4546 3026 4612 πνέων,
3057 4548 3115 4600 ἐν
3156 4547 3451 4603 δεκαπέντε
3472 4550 3656 4621 τόμοις
3673 4551 3775 4622 τὴν

539 4657 660 4698 cem
692 4641 814 4698 aliis
843 4640 1216 4713 Evangelicam
1266 4639 1768 4694 demonstrationem
1822 4645 1907 4694 est
1950 4652 2105 4692 com-

541 4733 754 4805 plexus.
783 4731 849 4786 Et
876 4732 1087 4803 primus
1116 4730 1232 4801 ipse
1258 4744 1479 4785 manum
1510 4729 1763 4800 praesenti
1787 4733 2108 4800 argumento

541 4823 800 4889 admovit,
818 4823 1136 4895 primusque
1162 4820 1332 4876 libros
1362 4836 1459 4876 eos
1487 4820 1919 4875 Ecclesiasticam
1941 4817 2109 4872 Ιιὶδιοι

540 4919 681 4971 riam
707 4915 1017 4986 appellavit,
1052 4914 1348 4983 decemque
1369 4928 1491 4968 eam
1535 4913 1699 4968 tomis
1730 4910 1983 4967 absolvit.
2011 4909 2109 4964 Est

542 5013 598 5061 et
634 5005 784 5060 aliud
820 5002 939 5075 ejus
983 5003 1259 5069 volumen,
1308 5003 1362 5057 in
1399 5018 1507 5073 quo
1550 5009 2109 5084 temporumpertam

545 5106 963 5167 accuratamque
985 5097 1253 5151 rationem
1290 5094 1538 5166 digessit,
1572 5101 1626 5149 et
1642 5108 1802 5163 quem
1841 5090 2109 5146 Canonem

544 5188 854 5259 appellavit.
886 5184 1119 5257 Scripsit
1147 5199 1366 5256 quoque
1396 5183 1473 5239 De
1526 5182 1862 5239 Constantini
1902 5187 2012 5241 vita
2042 5182 2108 5237 Ii-

542 5283 674 5341 bros
705 5283 967 5354 quinque.
1017 5280 1200 5336 Edidit
1231 5289 1286 5336 et
1319 5279 1484 5334 alium
1528 5278 1598 5333 ad
1644 5279 1894 5334 eumdem
1943 5292 2107 5347 quem

545 5374 907 5431 Triccnnalcm
936 5375 1234 5446 inscripsit.
1266 5373 1347 5429 Ad
1392 5372 1725 5443 Stephanum
1754 5372 1884 5427 item
1917 5370 2106 5439 alium,

543 5463 613 5521 de
634 5464 703 5522 iis
728 5480 848 5536 quae
878 5468 937 5523 in
977 5464 1287 5537 Evangeliis
1323 5465 1379 5520 in
1406 5464 1631 5521 dubium
1664 5478 1762 5520 seu
1782 5462 2110 5534 disputatio-

545 5571 671 5613 nem
697 5563 981 5614 vocantur.
1022 5555 1128 5613 Sed
1169 5565 1224 5614 et
1266 5557 1373 5612 alia
1424 5556 1576 5610 varia
1613 5555 1836 5625 reliquit
1884 5553 2108 5622 scripta,

545 5661 668 5716 quae
718 5646 949 5703 multum
997 5646 1255 5705 Ecclesia:
1313 5646 1548 5702 afferunt
1584 5645 1859 5700 utilitatis.
1906 5642 2108 5700 Verum

544 5739 824 5794 enimvero
846 5738 1063 5795 etiamsi
1092 5739 1218 5794 talis
1251 5738 1449 5805 fuerit,
1476 5739 1534 5793 in
1563 5737 1750 5793 multis
1783 5742 1969 5792 tamen
2009 5750 2107 5809 ap-

549 5835 721 5898 paret,
745 5845 877 5906 eum,
898 5828 1015 5886 Arii
1043 5830 1369 5889 sententiam
1395 5829 1802 5911 comprobasse,
1824 5834 1933 5884 etc.
1953 5901 1963 5910 ι

2208 4633 2619 4704 Εὐαγγελικὴν
2661 4635 2964 4707 συγγράφει
3011 4638 3542 4707 προπαρασκευθμθ,
3582 4640 3678 4693 καὶ
3712 4639 3775 4692 ἐν

2205 4724 2336 4779 δέκα
2364 4725 2523 4780 πάλιν
2560 4726 2660 4801 τὴν
2686 4728 3102 4800 Εὐαγγελικὴν
3129 4731 3456 4796 ἀπόδειξιν.
3488 4730 3595 4783 Καὶ
3624 4729 3777 4802 πρῶ-

2206 4835 2297 4882 τος
2322 4810 2477 4883 οὗτος
2516 4821 2583 4891 τῇ
2628 4821 2766 4891 μετὰ
2796 4826 2983 4895 χεῖρας
3023 4824 3275 4877 ὑποθέσει
3323 4822 3602 4887 ἐπέϐαλεν,
3646 4824 3774 4879 Ἐκ-

2207 4910 2652 4980 κλησιαστικὴν
2687 4914 2958 4983 ἱστορίαν
2989 4914 3203 4987 πρῶτος
3247 4915 3517 4986 ὀνομάσας
3550 4914 3649 4987 τὴν
3689 4914 3774 4986 βί-

2209 4999 2333 5055 ϐλον
2351 5018 2365 5033 ·
2388 5001 2520 5056 δέκα
2546 5002 2591 5056 δ’
2617 5004 2673 5056 ὲν
2695 5003 2882 5075 τὸμοις
2914 5005 3071 5059 τοῦτο
3100 5006 3160 5060 τὸ
3185 5005 3466 5075 σύνταγμα
3496 5006 3775 5079 περικλεί-

2208 5107 2344 5145 εται.
2373 5091 2483 5145 Καὶ
2518 5091 2649 5164 ἄλλη
2691 5093 2749 5147 δὲ
2795 5092 2958 5147 αὐτοῦ
2999 5093 3176 5165 βίϐλος
3212 5095 3525 5166 ἐμφέρεται,
3563 5098 3628 5167 ἢν
3656 5101 3776 5151 Κα-

2208 5183 2359 5237 νόνα
2386 5184 2685 5256 ἐπέγραψε,
2717 5184 2816 5250 τὰς
2854 5187 2962 5241 τῶν
2997 5188 3202 5260 χρόνων
3241 5186 3608 5260 άκριϐουμένη
3641 5205 3778 5262 γρα-

2211 5274 2335 5342 φάς.
2352 5276 2457 5330 Καὶ
2473 5278 2567 5339 Εἰς
2583 5271 2848 5338 τὸνβίον
2859 5274 2916 5329 δὲ
2928 5280 3385 5334 Κωνσταντίινου
3401 5279 3560 5334 πέντε
3586 5280 3777 5349 λόγους

2209 5364 2464 5430 ἐξέδωκε·
2504 5366 2597 5419 καὶ⁹
2630 5367 2815 5441 ἕτερον
2853 5368 2911 5422 δὲ
2948 5370 3084 5441 πρὸς
3119 5370 3301 5438 αὐτὸν,
3330 5370 3390 5424 ὃν
3436 5375 3780 5439 Τριακοντα-

2208 5457 2481 5525 ετηρικὸν
2511 5458 2831 5530 ἐπιγράφει·
2861 5461 2953 5515 καὶ
2989 5462 3246 5534 Στεφάνῳ
3274 5463 3403 5535 περὶ
3432 5464 3544 5517 τῶν
3576 5465 3635 5517 ὲν
3663 5467 3780 5530 τοῖς

2211 5549 2377 5619 ἱεροῖς
2422 5538 2771 5619 Εὐαγγελίοις
2801 5551 3188 5624 ἀπορουμένων
3225 5553 3411 5626 ἕτερον
3457 5553 3776 5625 ἀνατίθησι·

2208 5641 2302 5694 καὶ
2327 5640 2461 5696 ἄλλα
2487 5641 2716 5715 διάφορα
2745 5645 3146 5716 συγγράμματα
3170 5647 3545 5715 καταλέλοιπε,
3578 5646 3781 5719 πολλὴν

2207 5733 2391 5804 ὕνησιν
2431 5738 2496 5807 τῇ
2532 5737 2826 5809 Ἐκκλησία
2858 5738 3198 5810 εἰσφέροντα.
3238 5739 3384 5811 Πλὴν
3407 5739 3647 5805 τοιοῦτος
3677 5739 3778 5806 ὢν,

2086 5914 2093 5919 ι
2208 5826 2266 5881 ὲν
2293 5827 2504 5896 πολλοῖς
2528 5830 2773 5901 φαίνεται
2802 5829 2871 5886 τὰ
2911 5831 3117 5904 Ἀρείου
3145 5833 3480 5906 πρεσϐεύων,
3508 5851 3563 5892 κ.
3587 5832 3675 5889 τ.)
3700 5880 3705 5891 ,
