4070 6392
349 340 411 393 8i
1287 343 1646 411 |VETERUM
1685 343 2103 401 TESTIMONIA
2140 347 2279 405 PRO
2311 350 2618 408 EUSEBIO.

3522 346 3592 402 82

1304 440 1387 494 Ex
1412 443 1558 495 Actis
1595 444 1967 510 manuscriptis
2003 447 2174 498 sancti
2199 445 2440 502 Silvestri
2469 465 2636 518 papw.

415 587 668 653 Εὑσέδιος
693 593 720 643 ὁ
747 591 1049 662 Παμφίλου,
1076 594 1174 665 τὴν
1212 595 1754 665 Ἐκκλησιαστικὴν
1797 615 1922 666 συγ-
1951 603 1996 659 Α

349 681 575 750 γράφων
615 682 926 751 Ἱστορίαν,
947 685 1211 756 παρέλιπε
1234 689 1361 760 περὶ
1394 691 1620 744 ἑκάστου
1653 691 1821 744 ταῦτα
1845 695 1922 745 εἰ·

345 773 487 835 πεῖν,
505 772 644 844 ἆπερ
656 775 712 825 ὲν
729 774 906 838 ἄλλοις
925 776 1290 844 συντάγμασιν
1305 779 1556 847 ἔφρασεν·
1575 783 1920 854 ὲνέθεικεν(η)

349 861 458 934 γὰρ
488 864 679 918 ἕνδεκα
703 865 883 934 λόγοις
903 867 972 920 τὰ
997 869 1293 939 παθήματα
1325 871 1505 940 σχεδὸν
1524 873 1630 926 τῶν
1651 876 1706 927 ὲν
1725 876 1921 938 πάσαις

346 958 464 1018 ταῖς
494 958 781 1028 ἐπαρχίαις
821 960 1170 1032 ἀθλησὰντων
1223 965 1514 1036 μαρτύρων
1564 967 1656 1020 καὶ
1703 968 1920 1020 ἐπισκό-

347 1065 484 1109 πων,
533 1051 626 1102 καὶ
661 1051 1036 1123 ὀμολογητῶν·
1080 1056 1139 1107 οὐ
1190 1057 1292 1127 μὴν
1334 1057 1471 1110 ἀλλὰ
1514 1059 1785 1126 γυναικῶν
1827 1061 1922 1113 καὶ

344 1139 646 1209 παρθένων,
672 1144 791 1196 ὅσαι
819 1146 1047 1217 ἀνδρείῳ
1086 1149 1390 1218 φρονήματι
1418 1150 1505 1202 διὰ
1531 1151 1620 1202 τὸν
1642 1151 1920 1221 Δεσπότην

344 1231 673 1300 ἠγωνίσαντο
715 1237 971 1306 Χριστὸν,
1015 1239 1377 1311 ἀνεγράψατο.
1412 1242 1522 1294 Καὶ
1565 1234 1717 1305 οὗτος
1763 1243 1920 1312 μόνος

345 1323 452 1376 τῶν
493 1325 804 1380 ἐπισκόπων
842 1329 950 1382 ἀπὸ
982 1329 1074 1382 τοῦ
1116 1332 1410 1385 ἀποστόλου
1436 1334 1665 1404 Πέτρου,
1693 1335 1786 1387 καὶ
1814 1351 1916 1388 κα-

344 1413 518 1484 θεξῆς,
553 1417 620 1469 τὰ
661 1418 958 1491 παθήματα
997 1421 1135 1475 κατὰ
1168 1423 1318 1487 τάξιν
1356 1425 1673 1496 ἐξηγήσατο.
1703 1427 1920 1479 Τούτων

340 1503 398 1556 δὲ
424 1506 534 1558 τῶν
564 1509 769 1563 πόλεων
793 1513 887 1564 καὶ
907 1513 1275 1567 ἁποστολικῶν
1301 1515 1504 1586 Θρόνων
1531 1517 1628 1588 τὴν
1654 1518 1921 1589 ἀρχιερω-

344 1596 505 1668 σύνην
533 1602 901 1669 ἐπεσπάσατο,
924 1605 1168 1658 τουτέστι
1200 1607 1297 1678 τῆς
1321 1607 1559 1678 μεγάλης
1582 1608 1690 1661 τῶν
1713 1609 1918 1663 πόλεων

353 1688 588 1761 Ῥώμης,
629 1693 1030 1767 Ἀλεξανδρείας
1065 1714 1123 1749 τε
1157 1699 1250 1750 καὶ
1291 1699 1639 1770 Ἀντιοχείας,
1672 1700 1770 1770 τῆς
1801 1717 1917 1752 κοι-

341 1781 438 1850 νῆς
467 1781 654 1835 ἕνεκεν
683 1785 962 1854 ὠφελείας.
1001 1789 1093 1840 Ἐκ
1125 1788 1219 1842 τοῦ
1246 1788 1478 1860 ἀριθμοῦ
1512 1791 1691 1844 τοίνυν
1715 1791 1917 1844 τούτων

339 1863 416 1924 ὧν
465 1874 623 1946 μέχρι
669 1877 759 1930 τοῦ
797 1879 950 1951 δεῦρο
994 1881 1186 1951 χρόνου
1213 1883 1240 1934 ὁ
1274 1881 1602 1952 προῤῥηθεὶς
1631 1885 1695 1952 τῇ
1730 1881 1916 1953 Ἑλλη-

2096 595 2138 648 11
2149 594 2580 666 istoriograpbus
2601 600 2788 648 noster
2816 581 3084 648 Eusebius
3113 587 3465 649 Caesariensis
3492 592 3590 648 Pa-

2023 689 2247 743 lmstinae
2279 689 2429 742 urbis
2457 687 2763 756 cpiscopus,
2788 700 2912 739 cum
2953 684 3244 738 Historiam
3272 684 3592 740 ecclesiasti-

2022 796 2137 834 cam
2177 779 2458 842 scriberet,
2497 779 2839 849 prietermisit
2888 792 2952 832 ea
3003 792 3125 847 qua:
3179 784 3308 832 sunt
3365 784 3422 832 in
3471 779 3592 834 aliis

2023 872 2325 941 opusculis,
2359 871 2440 925 vel
2475 888 2597 941 qua:
2631 888 2689 926 se
2728 869 2971 925 meminit
3014 870 3292 925 retulisse.
3330 867 3465 924 Nam
3507 871 3590 926 vi-

2021 965 2156 1035 ginti
2213 965 2404 1026 libros,
2434 963 2488 1016 id
2532 970 2616 1017 est
2669 963 2806 1017 duas
2858 962 3112 1025 decadas,
3171 963 3416 1016 omnium
3450 978 3592 1033 pene

2023 1056 2428 1126 provinciarum
2458 1057 2741 1124 passiones
2764 1064 3062 1125 martyrum
3085 1093 3100 1116 ,
3130 1054 3510 1125 episcoporum
3536 1063 3592 1111 et

2021 1147 2400 1202 confessorum
2440 1154 2494 1202 et
2538 1161 2815 1201 sacrarum
2855 1145 3144 1200 mulierum
3201 1160 3266 1199 ac
3316 1145 3589 1216 virginum

2021 1240 2305 1294 continere
2337 1237 2482 1293 fecit.
2531 1237 2734 1292 Deinde
2768 1247 2991 1294 secutus
3027 1245 3081 1292 et
3114 1238 3181 1292 ab
3211 1237 3458 1307 apostolo
3484 1235 3588 1293 Pe-

2023 1339 2130 1394 tro,
2161 1329 2405 1384 omnium
2454 1328 2838 1399 episcoporum
2875 1331 3095 1384 nomina
3142 1337 3195 1382 et
3245 1335 3396 1400 gesta
3453 1343 3590 1384 con-

2021 1422 2242 1491 scripsit
2282 1441 2292 1473 :
2330 1428 2384 1475 et
2406 1435 2593 1474 earum
2627 1421 2842 1474 urbium
2871 1435 2991 1490 qua:
3029 1435 3208 1473 arcem
3240 1418 3590 1488 pontiﬁcatus

2020 1531 2116 1584 per
2138 1513 2464 1582 apostolicas
2488 1510 2642 1568 sedes
2666 1519 2848 1566 tenere
2876 1517 3200 1576 noscuntur,
3235 1509 3366 1564 urbs
3391 1507 3586 1574 Roma,

2017 1608 2329 1674 Antiochia,
2365 1605 2764 1676 Hierosolyma,
2805 1604 3074 1676 Ephesus,
3105 1603 3453 1667 Alexandria,
3491 1602 3590 1656 ha-

2019 1715 2140 1754 rum
2192 1699 2412 1752 urbium
2459 1702 2842 1768 episcoporum
2897 1697 3140 1750 omnium
3189 1694 3588 1766 prateritorum

2017 1807 2191 1862 usque
2223 1791 2292 1846 ad
2318 1801 2530 1861 tempus
2558 1805 2716 1845 suum
2739 1787 2928 1844 Graeco
2955 1803 3208 1845 sermone
3236 1785 3586 1856 conscripsit.

2018 1884 2097 1939 Ex
2118 1899 2348 1954 quorum
2367 1898 2596 1938 numero
2615 1897 2782 1937 unum
2801 1882 3182 1952 episcoporum
3203 1879 3356 1936 urbis
3379 1877 3588 1942 Roma,

340 1967 465 2034 νικῇ
495 1971 861 2040 συνεγράψατο
882 1976 1051 2044 φωνῇ,
1075 1973 1263 2026 τούτου
1284 1975 1373 2026 τὸν
1398 1974 1507 2044 βίον
1523 1974 1621 2028 οὐκ
1633 1974 1913 2044 ἐξίσχυσεν

2020 1986 2269 2032 sanctum
2329 1974 2653 2030 Silvestrum
2715 1989 2802 2030 me
2847 1973 2915 2029 de
2961 1972 3150 2028 Graeco
3217 1973 3273 2027 in
3333 1970 3588 2026 Latinum

341 2059 706 2130 μεταφράσαι,
733 2065 975 2118 τουτέστι
1021 2065 1114 2118 τοῦ
1137 2065 1288 2136 ἁγίου
1307 2066 1628 2140 Σιλϐέστρου
1647 2109 1661 2133 ,
1706 2085 1761 2122 κ.
1787 2087 1836 2122 τ.
1861 2067 1910 2123 λ.

2020 2066 2316 2122 transferre
2347 2066 2673 2137 praecepisti.

350 2166 508 2225 Vetus
549 2184 736 2230 auctor
778 2179 832 2231 in
861 2177 1125 2235 Passione
1171 2184 1348 2240 sancti
1384 2182 1682 2249 Valeriani,
1706 2199 1828 2306 qui};
1871 2192 1948 2265 est
1991 2182 2191 2265 decimo
2223 2180 2352 2236 Kal.
2400 2180 2672 2246 Januarii,
2701 2189 2758 2234 ut
2805 2179 3024 2234 habetur
3075 2182 3130 2234 in
3176 2181 3331 2235 veteri
3411 2179 3589 2236 codice

1832 2270 2141 2306 08010081181.

1832 2270 2141 2308 οεειασεηδι.

411 2331 858 2393 Beatissimorum
883 2349 1182 2414 martyrum
1209 2343 1447 2414 gloriosa
1479 2343 1801 2409 certamina,
1835 2345 1904 2398 ob
1932 2344 2194 2399 honorem
2220 2343 2422 2400 Christi
2454 2341 2668 2397 Domini
2726 2358 2790 2397 ac
2819 2341 2912 2397 Dei
2942 2341 3115 2397 nostri
3151 2340 3388 2397 assiduis
3418 2341 3586 2396 culti-

342 2419 445 2478 bus
475 2433 528 2478 et
554 2427 902 2485 solemnitate
951 2446 1132 2486 annua
1177 2435 1546 2498 celebrantur,
1581 2442 1642 2488 ut
1673 2435 1803 2490 dum
1854 2433 2012 2489 ﬁdem
2050 2442 2349 2505 martyrum
2386 2435 2541 2504 plebs
2574 2435 2770 2489 devota
2818 2435 3100 2504 cognoscit
3131 2441 3186 2488 et
3237 2433 3362 2487 illos
3392 2433 3585 2487 trium-

347 2515 543 2584 phasse
570 2520 826 2588 gaudeat,
856 2529 911 2578 et
945 2540 1004 2580 se
1036 2525 1342 2594 patrocinio
1371 2541 1560 2582 eorum
1593 2526 1983 2598 protegendam
2019 2542 2141 2581 esse
2173 2525 2434 2582 conﬁdat.
2456 2525 2684 2581 Celebre
2711 2527 2856 2582 enim
2887 2527 3137 2592 habetur,
3170 2537 3374 2582 sanctae
3399 2542 3585 2582 recor-

343 2607 578 2664 dationis
613 2610 909 2668 Eusebium
945 2616 1289 2681 historicum,
1316 2617 1674 2676 Caesariensis
1704 2619 1858 2674 urbis
1885 2620 2225 2688 episcopum,
2254 2619 2483 2688 egregiae
2521 2619 2645 2673 vitae
2680 2619 3055 2674 beatissimum
3101 2621 3459 2684 sacerdotem,
3491 2632 3584 2672 ec-

339 2699 648 2758 clesiastica
676 2707 1272 2776 quoqueiustitutione
1301 2710 1681 2768 doctissimum
1714 2719 1769 2765 et
1803 2710 2080 2780 praecipua
2104 2708 2478 2763 sollicitudine
2497 2709 2890 2774 venerandum,
2917 2724 3014 2780 per
3042 2725 3259 2765 omnem
3289 2709 3498 2776 orbem,
3518 2709 3581 2764 in

340 2802 603 2863 quantum
633 2797 820 2853 divino
850 2803 1209 2860 annuntiante
1237 2804 1468 2875 Spiritu,
1504 2813 1564 2859 ut
1584 2811 1797 2874 gestum
1829 2812 1933 2866 est,
1965 2803 2044 2857 rei
2065 2803 2267 2858 veritas
2307 2802 2539 2857 decursa
2570 2801 2741 2856 valuit
2773 2801 3021 2871 reperiri,
3050 2810 3213 2871 prout
3236 2801 3575 2876 singularum

341 2889 744 2956 provinciarum
775 2895 962 2960 urbes,
994 2897 1110 2952 loca
1150 2899 1234 2953 vel
1265 2899 1462 2969 oppida
1525 2894 1792 2953 illustrari
1824 2896 2113 2966 triumphis
2145 2905 2445 2966 martyrum
2481 2894 2798 2949 caelestibus
2847 2900 3200 2960 meruerunt,
3237 2907 3579 2964 quorumque

342 2981 649 3051 principum
676 2992 918 3056 tempore
932 2989 1183 3044 ordinata
1208 2991 1510 3046 ciliciorum
1539 2989 1800 3047 instantia
1832 2990 2132 3043 innumera:
2177 2987 2585 3057 persecutiones
2617 2985 2772 3041 factae
2804 2985 3042 3048 fuerant,
3075 2985 3408 3042 declarasse.
3443 2983 3571 3050 Qui,

337 3075 442 3130 etsi
497 3083 798 3148 martyrum
837 3081 1176 3151 singulorum
1228 3085 1470 3155 integras
1513 3099 1623 3138 non
1670 3083 1928 3151 explicuit
1956 3081 2263 3152 passiones,
2295 3088 2476 3134 tamen
2507 3079 2834 3136 Christianis
2867 3081 3076 3135 devotis
3107 3087 3271 3150 atque
3302 3080 3573 3145 ﬁdelibus,

335 3167 481 3221 unde
507 3167 745 3224 describi
769 3171 854 3225 vel
885 3173 1149 3228 celebrari
1183 3175 1416 3230 debeant
1446 3175 1714 3232 veraciter
1736 3173 2027 3229 intimavit.
2059 3172 2155 3226 Dei
2190 3173 2373 3242 itaque
2407 3173 2634 3243 gratiam
2663 3179 2776 3227 toto
2809 3173 2942 3227 orbe
2977 3171 3230 3226 diffusam
3257 3171 3432 3227 ﬁdelis
3459 3173 3578 3226 cul-

335 3267 422 3312 tor
451 3261 710 3326 excoluit,
747 3261 876 3317 dum
920 3266 1063 3319 velut
1096 3268 1293 3338 exiguo
1325 3268 1491 3322 tritici
1521 3267 1731 3324 semine
1761 3268 1999 3338 copiosae
2048 3281 2257 3321 messes
2289 3265 2404 3336 agri
2456 3263 2736 3320 fertilitate
2783 3265 3101 3334 gignuntur,
3133 3271 3187 3318 et
3215 3261 3578 3326 multiplicata

338 3350 582 3406 ubertate
604 3355 913 3422 proﬁciunt.
945 3358 1018 3412 Ita
1042 3375 1137 3430 per
1171 3361 1474 3431 supradicti
1509 3361 1611 3416 viri
1642 3362 1962 3418 relationem
1992 3362 2062 3414 ab
2100 3360 2265 3414 unius
2293 3358 2505 3414 codicis
2553 3357 2702 3416 fonte
2730 3358 3016 3425 diffusam,
3053 3357 3274 3429 scriptis
3298 3361 3575 3413 mananti-

335 3438 437 3497 bus
468 3440 726 3509 ﬁdelium,
763 3453 934 3500 totum
963 3448 1150 3503 orbem
1179 3449 1518 3505 celebrandae
1547 3449 1833 3520 passiones
1861 3458 2160 3520 martyrum
2195 3449 2526 3522 rigaveruut.
2877 3434 2884 3439 ’

1565 3571 1840 3627 Usuardus
1877 3571 1933 3626 in
1977 3569 2381 3640 Martyrologio.

405 3672 502 3730 Die
522 3675 585 3729 9.1
617 3681 822 3737 mensis
845 3681 1013 3739 Junii.
1052 3683 1370 3750 Palaestinaa,
1404 3686 1579 3740 sancti
1613 3685 1834 3740 Eusebii
1867 3684 2107 3755 episcopi
2141 3691 2195 3737 et
2241 3681 2599 3746 confessoris,
2650 3681 2754 3737 viri
2809 3680 3253 3737 excellentissimi
3283 3679 3483 3751 ingenii
3519 3683 3576 3732 et

331 3765 771 3844 bistoriographi.

1562 3849 1824 3904 Notkerus
1849 3851 1902 3902 in
1936 3847 2342 3919 Martyrologio.

405 3931 498 3986 Die
519 3933 580 3986 2st
615 3936 817 3992 mensis
841 3936 1011 3994 Junii.
1046 3939 1102 3994 In
1125 3939 1369 3996 Caesarea
1403 3941 1669 4011 depositio
1695 3941 1868 3996 sancti
1890 3939 2110 3995 Eusebii
2143 3938 2403 4009 episcopi.

339 4039 709 4100 Hanecharius
738 4048 793 4101 in
822 4050 1044 4117 epistola
1084 4051 1151 4106 ad
1172 4051 1491 4108 Ceraunium
1523 4054 1887 4124 Parisiensem
1929 4055 2250 4124 episcopum,
2286 4069 2442 4124 quam
2486 4051 2715 4124 prta/imit
2743 4049 2994 4105 Passioni
3016 4059 3327 4105 sanctorum
3370 4050 3575 4115 marty‘

1353 4140 1472 4178 rum
1500 4123 1808 4194 Speusippi,
1850 4121 2172 4194 Elasippi'et
2211 4121 2546 4191 Mcleusippi.

404 4201 697 4274 Praecipuis
717 4208 1157 4267 beatissimorum
1181 4216 1558 4285 episcoporum
1578 4217 1826 4286 personis
1849 4209 2068 4272 assidue
2097 4215 2369 4286 cozequari
2393 4214 2601 4269 meritis
2633 4229 2740 4267 non
2778 4211 3072 4276 desistens,
3100 4212 3155 4266 in
3174 4210 3320 4267 omni
3343 4223 3572 4264 conver-

334 4296 543 4351 satione
569 4300 882 4365 sacerdotii,
931 4313 1119 4358 sancta
1165 4306 1408 4376 quotidie
1433 4309 1686 4363 exornari
1716 4309 1976 4379 religione
2033 4309 2326 4372 festinans,
2358 4305 2666 4360 divinarum
2699 4303 3108 4372 Scripturarum
3145 4299 3354 4372 legendi
3388 4297 3572 4354 studio

335 4389 589 4445 universa
627 4391 878 4462 dogmata
908 4399 1228 4470 peragrasti.
1261 4397 1417 4453 Nunc
1456 4406 1768 4455 sanctorum
1793 4410 2091 4471 martyrum
2121 4407 2273 4470 gesta
2305 4398 2372 4452 ad
2405 4396 2584 4450 laudis
2615 4402 2722 4449 tua:
2766 4393 3044 4449 cumulum
3072 4407 3171 4462 pro
3218 4405 3403 4446 amore
3436 4389 3568 4443 reli-

335 4481 512 4548 gionis
535 4498 864 4556 congregare
896 4488 949 4542 in
983 4491 1117 4544 urbe
1156 4489 1434 4547 Parisiaca
1474 4493 1704 4549 devotus
1732 4494 1990 4549 intendis.
2033 4492 2188 4548 Unde
2223 4497 2415 4547 sancto
2455 4488 2691 4543 Eusebio
2748 4485 3072 4544 Caesariensi
3115 4486 3170 4539 in
3205 4481 3568 4538 aemulationis

334 4574 517 4629 atudio
547 4581 912 4648 coaequaudus
948 4597 1032 4647 es,
1067 4590 1121 4637 et
1168 4584 1285 4652 pari
1319 4585 1503 4654 gloriae
1550 4586 1694 4640 dono
1722 4587 2110 4656 perpetualiter
2136 4582 2542 4640 memorandus.

1081 4695 1164 4746 Ex
1202 4697 1357 4749 reteri
1388 4696 1657 4751 Breviario
1693 4701 2050 4768 manuscripto
2085 4697 2339 4752 Ecclesia:
2388 4690 2790 4749 Lemovicensis.

1406 4788 1590 4842 Sancti
1612 4788 1828 4845 Eusebii
1856 4791 2097 4862 episcopi
2131 4788 2482 4846 confessoris.

401 4870 605 4927 chno
630 4873 679 4926 l.
710 4872 980 4931 Eusebius
1011 4875 1274 4933 Caesarea:
1295 4878 1594 4937 Palaestinae
1622 4884 1910 4955 episcopus
1939 4885 2010 4940 ob
2040 4882 2579 4955 Pamphilimartyris
2619 4879 2912 4934 amicitiam
2947 4872 3214 4943 Pamphili
3242 4887 3441 4927 nomen
3469 4885 3564 4926 ac-

332 4964 495 5031 cepit,
527 4981 594 5019 eo
627 4966 774 5035 quod
803 4982 928 5021 cum
951 4970 1139 5025 eodem
1173 4971 1456 5042 Pamphilo
1485 4974 1680 5030 divinae
1703 4975 2054 5032 Bibliotheca;
2072 4978 2426 5049 investigator
2449 4974 2903 5048 diligentissimus
2923 4969 3213 5026 exstiterit.
3238 4964 3330 5020 Vir
3343 4963 3562 5035 quidem

330 5060 449 5106 erat
477 5065 779 5109 memoratu
807 5056 1162 5126 dignissimus
1196 5077 1290 5130 per
1318 5063 1432 5116 haec
1465 5071 1729 5134 tempora,
1769 5074 1880 5120 tum
1907 5056 2201 5121 multaan
2233 5084 2416 5122 rerum
2445 5068 2662 5138 peritia,
2693 5074 2806 5118 tum
2826 5062 3044 5132 ingenio
3068 5057 3389 5114 mirabili.ct
3417 5054 3563 5124 apud

327 5147 555 5214 gentiles
575 5158 629 5203 et
662 5149 802 5218 apud
819 5150 1182 5215 Christianos,
1220 5156 1358 5211 inter
1386 5157 1740 5228 philosophos
1764 5161 2070 5230 praecipuus
2105 5168 2160 5215 et
2192 5161 2569 5216 nobilissimus
2597 5144 2818 5213 habitus
2850 5167 2950 5210 est.
2978 5153 3077 5207 Hic
3115 5165 3241 5204 cum
3268 5144 3564 5215 aliquando

329 5234 533 5291 Ariana
561 5239 754 5295 haeresi
794 5242 1117 5308 laborasset,
1151 5244 1218 5297 ad
1263 5247 1529 5316 synodum
1583 5248 1856 5304 Niczenam
1909 5251 2195 5317 accedens,
2240 5251 2446 5321 Spiritu
2475 5259 2667 5306 sancto
2703 5248 3030 5316 inspiratus,
3066 5243 3290 5297 Patrum
3342 5253 3560 5295 semen-

329 5329 462 5385 tiam
514 5343 737 5388 secutus
764 5343 868 5400 est,
902 5352 965 5390 ac
993 5338 1252 5410 deinceps
1285 5357 1454 5412 usque
1494 5343 1562 5397 ad
1600 5353 1828 5399 mortem
1865 5346 2214 5400 sanctissime
2246 5360 2370 5398 cum
2416 5344 2716 5400 orthodoxa
2743 5342 2849 5397 ﬁde
2878 5340 3032 5394 vixit.

401 5422 606 5480 LECTIO
631 5427 685 5480 2.
716 5425 840 5481 Fuit
869 5438 1048 5483 autem
1083 5431 1137 5484 in
1180 5431 1380 5488 divinis
1436 5433 1735 5504 Scripturis
1789 5435 2228 5516 studiosissimus
2257 5474 2272 5499 ,
2339 5449 2404 5489 ac
2456 5433 2802 5488 Bibliotheca:
2851 5429 3045 5484 divinm
3098 5443 3223 5480 cum
3274 5425 3561 5497 Pamphilo

326 5525 565 5587 martyre
597 5519 1046 5591 diligentissimus
1080 5525 1456 5598 investigator.
1495 5525 1663 5581 Multa
1712 5525 1918 5582 eisdem
1941 5528 2280 5597 temporibus
2303 5526 2546 5596 scripsit,
2577 5524 2812 5578 maxime
2841 5536 2968 5577 vero
2997 5521 3166 5576 libros
3228 5518 3557 5592 Evangelica:

386 5730 462 5801 (α)
499 5729 847 5786 Ἑνέθεικεν.
880 5727 1187 5802 Legendum
1224 5731 1438 5789 videtur
1470 5729 1724 5801 ἐνέθηκεν
1753 5732 1836 5789 vel
1862 5733 1924 5787 ἐν

2024 5752 2188 5791 εικεν.
2233 5737 2391 5793 Enn.
2419 5737 2592 5793 Pun.

3644 259 3669 272 ς
