4070 6392
499 371 569 428 83
1326 372 1660 430 VETERUM
1697 371 2106 429 TESTIMONIA

2107 393 2122 427 ι
2160 370 2441 428 CONTRA
2477 352 2850 430 nusnntun.
3644 368 3714 424 st

481 483 909 552 prwparationis,
941 483 1328 539 Ecclesiasticaz
1385 484 1683 549 Historite;
1719 483 1787 538 In
1852 484 2225 554 Porphyrium,
2279 485 2711 542 Christianorum
2752 487 2966 543 hostem
3021 483 3350 540 acerrimum
3383 502 3396 537 :
3431 482 3714 553 Apologia:

485 577 612 631 item
639 591 732 630 sea:
761 592 856 645 pro
887 576 1112 647 Origene
1143 578 1484 648 composuit;
1520 579 1593 632 De
1614 579 1722 632 vita
1755 577 2028 647 Pamphili
2053 582 2327 650 martyris,
2359 596 2504 650 aquo
2520 582 2590 637 ob
2603 585 3279 652 amoremcognomentum
3296 585 3528 644 accepit,
3547 575 3716 631 libros

466 687 595 734 tres
621 691 634 727 :
659 671 788 727 Item
822 672 1238 728 Commentarios
1265 672 1667 728 eruditissimos
1728 673 1784 727 in
1814 681 2020 726 centum
2047 673 2496 744 etquinquaginta
2535 672 2802 728 Psalmos.

553 762 753 818 LECTlO
782 763 836 818 ’5.
861 761 1156 827 Praeterea,
1185 771 1245 816 ut
1276 763 1493 832 legitur,
1536 761 1780 816 omnium
1814 761 2220 830 provinciarum
2254 777 2380 817 cum
2413 763 2708 817 multorum
2733 769 3046 816 sanctorum
3079 766 3379 831 martyrum
3433 761 3716 830 passiones

478 861 534 908 et
565 854 942 910 cunfessorum
972 854 1138 907 vitam
1190 869 1254 908 ac
1280 853 1550 923 virginum
1583 854 1948 923 cognovisset,
1981 853 2171 924 viginti
2196 855 2368 910 libros
2398 854 2466 910 de
2497 853 2702 911 eisdem
2727 854 2931 909 sanctis
2956 853 3316 923 scriptitavit;
3347 853 3419 908 ob
3441 855 3539 909 bos
3593 855 3715 909 ideo

477 956 534 1004 et
561 949 832 1019 praecipue
862 947 1227 1018 Evangelicam
1253 949 1715 1016 prtcparationem,
1744 962 1869 1000 cum
1903 947 2046 1017 apud
2080 955 2268 1019 gentes
2292 949 2596 1019 praecipuus
2638 947 2949 1013 haberetur,
2983 956 3264 1018 paternam
3324 947 3546 1002 deorum
3587 949 3717 1005 reli-

479 1041 697 1112 gionem
722 1042 792 1098 ob
817 1042 1063 1098 veritatis
1092 1057 1331 1097 amorem
1357 1043 1704 1111 contempsit.
1735 1039 1966 1112 Scripsit
1995 1059 2211 1114 quoque
2238 1043 2612 1098 Chronicorum
2639 1041 2916 1096 historiam
2945 1055 2974 1093 a
3006 1041 3179 1113 primo
3209 1057 3352 1097 anno
3375 1042 3606 1098 Abrahae
3622 1057 3718 1098 us-

479 1149 586 1204 que
621 1135 688 1189 ad
727 1150 927 1190 annum
953 1135 1390 1190 trecentesimum
1416 1173 1432 1198 ,
1465 1120 1628 1204 quam
1656 1131 1720 1186 D.
1749 1130 2113 1206 Hieronymus
2142 1143 2467 1206 prosecutus
2513 1143 2617 1191 est.
2675 1135 2800 1190 Fuit
2840 1136 3072 1205 denique
3124 1134 3390 1193 Eusebius
3436 1137 3528 1194 hic
3588 1126 3709 1210 post

479 1227 887 1283 conversionem
913 1227 1259 1284 Constantini
1295 1225 1494 1297 Magni,
1527 1227 1704 1282 eidem
1733 1228 1911 1296 quoad
1939 1229 2094 1293 visit,
2130 1231 2299 1285 multa
2327 1229 2707 1286 benevolentia
2739 1229 3088 1298 conjunctus.

479 1341 546 1397 In
593 1340 865 1395 Breviario
903 1341 1287 1395 Lemovicensis
1324 1339 1597 1404 Ecclesiw,
1630 1341 1769 1395 edito
1797 1359 1958 1464 αηηὲ
1981 1343 2147 1468 1
2181 1361 2272 1426 per
2307 1342 2577 1414 Hugonem
2608 1342 2843 1408 Barbou,
2883 1343 3102 1397 habetur
3122 1344 3232 1398 [nec
3269 1342 3510 1412 collecta,
3534 1347 3714 1404 eodem

1941 1430 1987 1466 te
2157 1431 2288 1468 unn.

1941 1430 1987 1466 le
2019 1430 2079 1468 ΖΙ
2115 1430 2144 1467 J
2157 1431 2288 1468 umt.

548 1503 930 1575 Omnipotens,
963 1498 1291 1573 sempiterno
1323 1500 1486 1564 Deus,
1530 1499 1624 1570 qui
1651 1517 1751 1555 nos
1781 1501 2039 1556 concedis
2070 1501 2244 1556 sancti
2273 1499 2491 1556 Eusebii
2515 1500 2850 1567 confessoris
2906 1503 2980 1557 tui
3017 1511 3180 1573 atque
3236 1503 3509 1574 pontiﬁcis
3555 1521 3716 1578 agere

480 1596 848 1661 festivitatem,
879 1597 1056 1651 deduc
1086 1613 1207 1660 nos,
1241 1611 1574 1666 qutesumus,
1607 1597 1726 1666 ejus
1752 1596 2009 1666 precibus
2045 1595 2113 1649 ad
2146 1594 2450 1650 caelestium
2474 1594 2790 1664 gaudiorum
2823 1595 3155 1652 societatem.
3182 1596 3283 1654 Per
3300 1597 3584 1654 Dominum
3616 1613 3711 1653 no-

480 1700 654 1744 strum
685 1686 871 1745 Jesum
901 1687 1199 1749 Christum.
1231 1696 1338 1744 etc.

551 1779 620 1834 In
643 1782 857 1851 antiquo
885 1779 1099 1834 Missali
1128 1779 1359 1850 ejusdem
1391 1777 1661 1845 Ecclesiae,
1689 1779 1829 1834 edito
1860 1796 1998 1833 anno
2039 1777 2198 1840 MSS,
2233 1776 2484 1841 Parisiis,
2514 1779 2589 1832 sic
2619 1778 2839 1832 habetur
2873 1795 2890 1832 :
2921 1776 3035 1833 Sub
3065 1778 3254 1834 eodem
3283 1779 3371 1834 die
3403 1780 3573 1835 sancti
3604 1777 3714 1834 Eu-
3810 1839 3824 1852 ,

479 1874 615 1929 sebii
644 1874 887 1945 episcopi
917 1872 1168 1928 officium.
1207 1870 1403 1925 Statuit
1427 1870 1499 1936 ei,
1525 1881 1624 1924 etc.
1664 1870 1873 1927 Oratio.
1913 1870 2018 1935 Da,
2050 1885 2386 1940 quaesumus.
2423 1870 2686 1942 Epistola.
2714 1870 3002 1926 Testiflcor
3057 1885 3241 1926 coram
3296 1871 3428 1928 Deo.
3474 1872 3712 1944 Evange-

472 1977 624 2032 lium.
659 1974 909 2046 Vigilate.
947 1973 1079 2036 Qua:
1108 1971 1286 2024 omnia
1312 1969 1369 2022 in
1398 1967 1664 2022 communi
1695 1965 2010 2038 confessoris
2037 1968 2284 2035 episcopi.
2314 1963 2384 2020 Et
2417 1963 2630 2020 dicatur
2678 1968 2966 2035 residuum,
2996 1979 3054 2022 ut
3080 1974 3236 2026 unius
3258 1975 3505 2046 episcopi.

946 2080 1012 2134 In
1050 2081 1206 2134 veteri
1231 2077 1557 2135 Kalendario
1586 2083 1944 2151 manuscripto
1971 2081 2203 2151 ejusdem
2227 2080 2476 2138 Ecclesiae
2508 2083 2726 2138 habetur
2749 2085 2804 2138 in
2828 2101 3004 2140 mense
3027 2084 3216 2141 Iunio.

543 2212 595 2250 XI
629 2194 854 2250 Kalend.
897 2193 1048 2250 Julii.
1073 2193 1292 2249 Eusebii
1327 2194 1749 2266 archiepiscopi.

469 2287 646 2344 Codex
671 2306 772 2344 nts.
804 2288 1120 2344 Parisiensis
1149 2286 1396 2345 Ecclesia:
1424 2299 1545 2344 ante
1574 2290 1901 2366 octingentos
1917 2306 2080 2344 annos
2109 2302 2380 2366 exoratus,
2403 2292 2672 2366 continens
2692 2289 2904 2349 Eusebii
2929 2294 3224 2352 Historiam
3255 2297 3701 2366 ecclesiasticam,

1666 2357 1858 2428 Ruﬁno
1882 2362 2179 2429 interprete,
2212 2364 2288 2416 sic
2307 2363 2527 2431 incipit:

535 2458 596 2512 ln
627 2457 847 2514 nomine
875 2457 969 2513 Dei
995 2459 1216 2522 summi,
1240 2457 1430 2528 incipit
1465 2456 1705 2512 Historia
1733 2459 1905 2513 sancti
1942 2457 2162 2514 Eusebii
2189 2459 2544 2517 Cmsariensis
2574 2461 2838 2532 episcopi,
2880 2459 2934 2514 id
2962 2468 3046 2516 est
3075 2461 3197 2516 libri
3229 2477 3461 2517 numero
3486 2479 3560 2518 χι.

540 2577 627 2634 Ea:
683 2577 818 2632 libro
850 2576 926 2633 De
977 2576 1344 2632 luminaribus
1405 2577 1686 2643 Ecclesiae,
1743 2577 1834 2646 qui
1887 2576 2106 2698 lugetur
2143 2576 2198 2628 in
2228 2575 2560 2657 collectaneis
2611 2576 2790 2644 Bedat,
2838 2587 2886 2632 et
2945 2579 3084 2632 inter
3127 2593 3286 2648 opera
3325 2579 3508 2648 spuria
3564 2579 3631 2633 Β,

1989 2661 2263 2698 ieronumt.

1989 2661 2263 2716 teronymt.

533 2738 806 2796 Eusebius
830 2736 1210 2808 Caesariensis,
1243 2739 1412 2795 clavis
1437 2737 1869 2811 Scripturarum,
1901 2747 2196 2810 custosque
2225 2737 2360 2793 Novi
2387 2738 2745 2806 Testamenti,
2775 2740 2961 2796 multis
3019 2741 3194 2812 major
3247 2745 3302 2801 in
3352 2742 3708 2813 conscriptio-

463 2830 630 2887 nibus
661 2846 784 2886 esse
813 2831 1222 2901 comprobatur.
1268 2830 1397 2885 Tria
1436 2840 1565 2888 sunt
1593 2832 1876 2904 praclara,
1899 2848 2020 2903 quae
2043 2832 2147 2886 hoc
2169 2831 2224 2885 in
2259 2831 2516 2901 operibus
2547 2830 2667 2902 ejus
2694 2847 2820 2887 vere
2843 2840 3118 2887 testantur
3147 2853 3159 2888 :
3193 2831 3428 2888 (.‘anones
3481 2844 3706 2903 quatuor

465 2919 898 2992 Euangeliorum,
927 2922 1018 2991 qui
1058 2920 1267 2976 Novum
1300 2921 1705 2977 Testamentum
1736 2930 1960 2977 narrant
1991 2931 2154 2992 atque
2192 2922 2528 2985 custodiunt,
2571 2922 2758 2978 decem
2791 2923 2916 2978 libri
2982 2921 3237 2978 Historia:
3294 2925 3702 2991 tt'ccle-siastica',

463 3024 521 3069 ct
547 3011 866 3078 Chronicon,
913 3011 967 3066 id
999 3019 1104 3077 est,
1139 3022 1446 3084 temporum
1481 3015 1829 3071 breviarium.
1860 3012 1925 3066 Et
1947 3028 2048 3069 nos
2078 3013 2264 3068 omnia
2283 3013 2402 3083 ejus
2434 3014 2662 3084 vestigia
2703 3012 2798 3084 qui
2831 3013 3034 3069 imitari
3093 3015 3378 3085 potuisset,
3424 3031 3705 3086 nunquam

463 3103 791 3173 reperimus.

464 3214 550 3269 Ea;
596 3215 954 3272 Miscellaneis
998 3233 1098 3272 ms.
1137 3215 1393 3292 Theodori
1437 3213 1758 3292 Metocltitte,
1806 3232 1872 3270 ea:
1931 3217 2071 3292 capit

2098 3235 2102 3264 τ
2141 3217 2324 3292 cujus_
2352 3217 2536 3292 titulus
2589 3227 2670 3292 est
2716 3237 2732 3273 :
2779 3220 2899 3272 Ὀτι
2943 3218 3144 3281 πάντες
3192 3218 3304 3272 ὅσοι
3345 3219 3402 3272 ὲν
3448 3219 3705 3292 Αἰγύπτῳ

1375 3286 1848 3356 ὲνεπαιδεύθησαν,
1881 3287 2214 3358 τραχύτερον
2257 3286 2335 3357 τῷ
2360 3288 2536 3356 λέγειν
2564 3288 2823 3359 χρῶνται.

537 3381 806 3437 Eusebius
835 3381 964 3436 item
1015 3379 1306 3450 Pamphili,
1360 3395 1425 3435 ex
1480 3378 1769 3436 Palaestina
1828 3382 2043 3452 quidem
2072 3390 2120 3446 Α

2099 3393 2120 3445 ι
2217 3383 2327 3435 Καὶ
2356 3383 2384 3434 ὁ
2403 3381 2494 3435 τοῦ
2526 3382 2810 3454 Παμφίλου
2840 3380 3097 3450 Εὐσέϐιος
3123 3383 3187 3436 ὲκ
3215 3382 3576 3454 Παλαιστίνης
3608 3385 3706 3455 μὲν

463 3473 733 3530 oriundus
763 3472 883 3538 fuit,
910 3471 1006 3528 sed
1037 3472 1092 3525 in
1128 3471 1387 3543 Egypto,
1415 3481 1474 3526 ut
1511 3471 1627 3542 ipse
1659 3472 1868 3538 scribit,
1913 3473 2036 3528 diu-

2139 3474 2201 3528 τὸ
2253 3475 2428 3542 γένος,
2464 3474 2578 3529 ἀλλ’
2624 3477 2699 3539 ὡς
2748 3475 2910 3540 αὐτός
2967 3491 3121 3546 φησι,
3162 3478 3273 3538 τοῖς
3313 3475 3399 3528 ἐπ’
3430 3474 3705 3544 Αἰγύπτου

465 3565 679 3622 tissime
716 3573 963 3620 versatus
1026 3581 1042 3618 :
1093 3563 1179 3617 vir
1227 3563 1589 3633 undecunque
1657 3563 2032 3630 doctissimus,

2141 3565 2282 3620 πάνυ
2314 3584 2364 3620 τι
2392 3567 2619 3638 χρονίως
2654 3566 3006 3638 συνεφοίτησε
3025 3583 3038 3597 ’
3080 3565 3396 3638 πολυμαθὴς
3421 3565 3579 3640 ἀνὴρ,
3612 3566 3707 3620 καὶ

463 3654 920 3727 quemadmodum
982 3661 1206 3727 apparet
1257 3670 1325 3711 ex
1366 3655 1619 3726 plurimis
1675 3672 1814 3728 quos
1865 3657 2036 3714 edidit

2137 3655 2297 3726 δῆλός
2335 3674 2398 3726 γε
2426 3655 2623 3721 πολλὰς
2649 3656 2884 3721 ἐκδόσεις
2910 3655 3278 3731 προενεγκὼν,
3309 3656 3400 3711 καὶ
3429 3655 3706 3730 χρώμενος

465 3749 643 3814 libris,
689 3747 928 3805 dictione
978 3754 1162 3803 tamen
1204 3755 1385 3815 utens,
1430 3757 1490 3803 ut
1552 3748 1688 3815 dixi,
1733 3749 1924 3806 scabra
1981 3755 2038 3807 et

1039 3763 1162 3803 men
1204 3755 1385 3815 utens,
1430 3757 1490 3803 ut
1552 3748 1688 3815 dixi,
1733 3749 1924 3806 scabra
1981 3755 2038 3807 et
2141 3752 2282 3805 οὕτω
2311 3754 2377 3823 τῇ
2407 3751 2642 3827 γλώττῃ.

465 3852 678 3912 aSpera.

746 4200 1322 4294 VETERUM
1399 4200 2142 4296 TESTIMONIA
2213 4201 2684 4296 CONTRA
2753 4171 3408 4294 EUSEBIUM.

1432 4466 1520 4522 Ea:
1550 4468 1686 4524 libro
1717 4468 1960 4525 Marcelli
1998 4473 2266 4544 Ancyrani
2293 4478 2478 4526 contra
2497 4469 2752 4524 Arianos.

533 4583 704 4639 Incidi
729 4582 1020 4654 aliquando
1045 4583 1102 4637 in
1123 4582 1404 4653 epistolam
1430 4600 1460 4639 a
1479 4584 1736 4642 Narcisso
1751 4587 2031 4658 scriptam,

2223 4582 2488 4655 Ἐντυχὼν
2519 4582 2829 4654 Ναρκίσσου
2858 4578 2951 4633 τοῦ
2998 4578 3334 4651 Νερωνιάδος
3368 4576 3709 4648 προεστῶτος

463 4673 790 4733 Neroniadis
812 4678 1090 4747 episcopo,
1113 4691 1274 4747 quam
1307 4677 1374 4732 ad
1402 4677 1696 4734 Chrestum
1743 4679 2032 4749 quemdam
2063 4679 2070 4733 l

2100 4685 2108 4730 ι
2139 4677 2415 4749 ἐπιστολῇ,
2454 4675 2523 4746 ἣν
2550 4675 2796 4746 γέγραφε
2835 4673 2971 4745 πρὸς
3015 4673 3262 4744 Χρηστόν
3298 4689 3438 4736 τινα,
3474 4672 3566 4725 καὶ
3602 4672 3707 4724 Εὐ-

461 4774 519 4822 et
545 4766 918 4838 Euphronium
939 4777 992 4824 et
1011 4767 1305 4824 Eusebium
1329 4769 1547 4834 direxit,
1572 4770 1730 4840 quasi
1753 4771 2032 4840 proposita

2143 4770 2378 4842 φρόνιον,
2435 4768 2528 4821 καὶ
2572 4766 2850 4830 Εὐσέϐιον,
2905 4767 2981 4830 ὡς
3039 4765 3216 4818 ὐσίου
3265 4764 3360 4818 τοῦ
3407 4763 3704 4818 ἐπισκόπου

463 4857 652 4929 ipsiab
668 4858 834 4915 Hosio
859 4861 1118 4931 episcopo
1143 4862 1463 4931 quaestione,
1497 4869 1679 4915 utrum
1711 4861 1847 4932 ipse,
1866 4862 2033 4916 veluti

2140 4863 2515 4932 ἐρωτήσαντος
2561 4859 2744 4922 αὐτὸν,
2797 4861 2866 4922 εἰ,
2897 4858 3084 4928 ὥσπερ
3124 4857 3381 4920 Εὐσέϐιος
3409 4858 3436 4910 ὁ
3472 4855 3570 4925 τῆς
3595 4856 3707 4908 [Ια-

462 4949 734 5007 Eusebius
777 4950 1122 5016 Palaestinus,
1174 4952 1312 5008 duas
1366 4951 1701 5008 substantias
1746 4951 2028 5008 fateretur.

2139 4951 2434 5023 λαιστίνης,
2463 4950 2556 5005 δύο
2589 4950 2772 5014 οὐσίας
2827 4945 2968 5002 εἷναί
3025 4966 3207 5020 φησιν,
3237 4947 3378 5000 οὐτω
3423 4946 3518 5000 καὶ
3547 4944 3709 5009 αὐτὸς

461 5041 615 5098 Hanc
644 5042 741 5099 ubi
781 5044 1056 5116 legissem,
1091 5042 1450 5099 animadverti
1490 5050 1546 5098 et
1596 5044 1773 5114 ipsum
1824 5045 2031 5117 scripto

2138 5045 2318 5114 λέγοι·
2351 5045 2519 5113 ἔγνων
2574 5042 2733 5096 αὐτὸν
2761 5041 2866 5095 ἀπὸ
2893 5041 2999 5094 τῶν
3034 5041 3371 5113 γραφέντων,
3397 5039 3543 5109 τρεῖς
3571 5032 3708 5091 εἶναι

461 5131 558 5190 illo
593 5150 695 5190 suo
719 5143 831 5192 tres
865 5135 1199 5192 substantias
1228 5137 1451 5190 omnino
1481 5135 1748 5192 conﬁteri.

1490 5135 1748 5192 conﬁteri.
2142 5135 2417 5190 πιστεύειν
2441 5133 2626 5198 οὐσίας
2653 5131 3097 5204 ἀποκρινόμενον.

463 5249 551 5306 Ex
587 5252 811 5320 epistola
837 5251 1089 5323 synodica
1110 5253 1468 5320 episcoporum
1503 5249 1719 5324 Egypti
1741 5261 2174 5324 congregatarum
2195 5253 2254 5324 in
2286 5250 2412 5324 urbe
2434 5248 2788 5324 Alexandria,
2822 5247 2889 5302 ad
2926 5265 3100 5324 omnes
3141 5247 3395 5302 Ecclesia:
3438 5243 3711 5298 catholica:

917 5319 1208 5392 episcopos,
1245 5319 1401 5394 quam
1435 5319 1950 5390 referi'Atltanasius
1983 5324 2038 5376 in
2072 5323 2424 5393 Apologetico
2450 5319 2692 5376 secundo
2724 5321 2986 5374 adversus
3008 5319 3260 5374 Arianos.

523 5431 682 5500 Quod
709 5432 854 5487 enim
893 5433 1183 5488 concilium
1206 5432 1612 5504 episcoporum,
1646 5441 1741 5488 aut
1773 5434 1864 5504 qui
1899 5449 2030 5488 con-

2209 5433 2348 5486 Ποία
2389 5432 2497 5503 γὰρ
2533 5430 2627 5486 καὶ
2667 5433 2882 5496 σύνοδος
2923 5431 3235 5486 ἐπισκόπων
3270 5426 3339 5504 ἦν
3371 5431 3524 5496 τότε;
3559 5432 3711 5486 ποῖον

452 5541 636 5581 εεεςυθ
673 5527 788 5580 veri
828 5527 1108 5583 studiosus
1131 5527 1243 5581 illic
1272 5527 1411 5581 fuit?
1443 5527 1633 5584 Nonne
1677 5529 1923 5598 plerique
1965 5528 2032 5580 il-

2139 5525 2410 5597 συνέδριον
2447 5524 2701 5596 ἀληθείας
2748 5525 3038 5596 ὲχόμενον;
3073 5525 3170 5590 Τίς
3211 5525 3318 5578 τῶν
3357 5525 3616 5578 πλειόνων
3649 5525 3707 5578 ὲν

459 5621 634 5674 lmatm
672 5610 880 5674 inimici
913 5619 1074 5674 nobis
1126 5619 1382 5675 fuerunt?
1428 5619 1623 5676 Nonne
1663 5619 1933 5674 Eusebius
1958 5617 2029 5674 ob

2139 5620 2322 5681 αὐτοῖς
2352 5618 2452 5670 οὐκ
2482 5615 2672 5688 ἐχθρὸς
2702 5615 2972 5688 ἡμέτερος
3010 5611 3110 5686 ἦνς
3135 5615 3210 5670 Οὐ
3243 5615 3330 5669 διὰ
3357 5613 3456 5686 τὴν
3499 5615 3707 5685 Ἀρείου

459 5710 576 5764 Arii
603 5709 871 5765 insaniam
926 5711 1189 5766 adversus
1219 5727 1317 5768 nos
1372 5713 1553 5775 irruit,
1588 5719 1641 5766 et
1690 5710 1827 5766 alios
1886 5709 2028 5769 idem

2140 5726 2334 5780 μανιαν
2359 5711 2408 5764 οἱ
2444 5709 2571 5781 περὶ
2625 5708 2897 5762 Ἐυσέόιον
2946 5707 3068 5762 καθ’
3109 5707 3268 5765 ἡμῶν
3308 5707 3610 5780 ὥρμησαν;
3646 5705 3707 5760 οὐ

465 5821 588 5862 cum
614 5802 736 5875 ipso
781 5803 1080 5865 sentientes
1113 5803 1376 5862 adduxit?
1407 5804 1595 5861 Nonne
1646 5802 1865 5862 assidue
1897 5819 2028 5860 con-

2135 5802 2260 5867 τοὺς
2317 5801 2507 5867 ἄλλους
2555 5798 2998 5873 συμφρονοῦντας
3037 5801 3219 5864 αὐτοῖς
3260 5802 3560 5872 ὲπήγοντος
3596 5798 3710 5854 Οὐκ
